3882 6230
139 464 204 522 ες,
1230 451 1361 512 LIB.
1402 450 1493 514 nn
1531 447 1964 520 NUMERORUM
2001 447 2364 516 DWISIONE.
3385 456 3459 520 90

144 585 387 644 ferentia
443 581 724 640 divisoris
779 598 813 638 a
879 577 1157 653 singulari
1209 577 1284 635 ad
1327 579 1658 635 decenum:
1703 578 1836 648 οιΑ

144 676 290 750 quod
329 673 724 747 superaverit,
759 688 863 744 per
911 668 1443 728 denominationem
1476 666 1753 741 propositi

143 764 360 820 centeni
390 761 814 834 multiplicabis
844 777 856 813 :
891 763 949 815 et
990 758 1032 813 si
1075 757 1384 828 singularis
1431 759 1677 810 centeno
1714 764 1757 798 η

141 853 209 908 ad
237 850 729 923 compositionem
764 848 993 902 additur
1028 863 1039 900 :
1081 849 1177 900 aut
1209 847 1459 900 decenus
1487 861 1618 899 cum
1641 844 1756 900 sin-

141 941 338 1012 gulari,
370 938 677 994 diminnes
717 938 802 991 vel
860 933 1201 1006 aggregabis
1231 933 1755 1006 (quemadmodum

141 1029 393 1103 superius
424 1028 656 1082 dictum
683 1025 790 1097 est)
818 1025 878 1080 in
905 1024 1138 1080 decenis
1169 1026 1226 1078 et
1255 1022 1639 1096 singularibus
1663 1038 1675 1076 :
1702 1025 1760 1077 et

142 1117 306 1190 primi
336 1116 578 1188 quidem
619 1113 843 1171 articuli
883 1114 1015 1167 sunt
1054 1111 1113 1165 in
1169 1126 1399 1165 summa
1439 1107 1758 1164 dividendis

141 1206 395 1280 proxima
425 1221 492 1258 ac
521 1203 759 1258 minore
793 1222 805 1257 :
842 1198 1205 1272 augmentati
1232 1215 1365 1253 vero
1397 1198 1456 1254 in
1488 1197 1758 1253 articulos

139 1295 294 1363 alios,
325 1293 786 1349 dividendorum
819 1290 1090 1347 obtinent
1118 1287 1300 1344 sedes.

823 1396 950 1452 CAP.
993 1396 1078 1450 ΧΙ.

148 1487 407 1556 Quomodo
437 1487 635 1543 ἀει-εῖιί
659 1493 701 1528 ιτ
723 1486 901 1554 juncti
919 1486 1171 1556 centenis,
1201 1481 1286 1536 vel
1299 1480 1515 1556 centeni
1529 1480 1757 1535 millenis

239 1562 532 1614 metiantur
559 1553 811 1612 centenos
841 1563 937 1609 aut
959 1555 1200 1610 millenos
1229 1560 1327 1606 aut
1357 1553 1645 1606 ulteriores.

207 1665 263 1721 Si
287 1664 544 1721 volueris
567 1679 680 1734 per
723 1661 1110 1733 compositum
1148 1663 1460 1714 centenum
1501 1675 1631 1712 cum
1664 1657 1757 1731 de-

148 1770 297 1816 ceno,
317 1754 403 1806 vel
437 1751 842 1822 compositum
873 1749 1174 1803 millenum
1206 1764 1337 1801 cum
1387 1749 1633 1800 centeno
1667 1745 1756 1799 di-

148 1841 344 1906 videre,
378 1843 480 1894 aut
522 1843 873 1903 centenum,
920 1839 1018 1893 aut
1055 1836 1358 1892 millenum
1390 1851 1404 1892 :
1453 1833 1757 1891 considera

147 1933 367 2001 quotam
399 1931 640 2001 partem
675 1927 935 1982 divisoris
958 1928 1157 1980 teneat
1185 1925 1453 1991 decenus,
1492 1924 1579 1978 vel
1621 1939 1758 1978 cen-

148 2021 296 2072 tenus
327 2025 392 2085 ιε,
426 2017 520 2071 vel
552 2016 851 2083 millenus,
881 2018 942 2074 et
971 2029 1077 2092 per
1106 2011 1642 2072 denominationem
1656 2027 1756 2072 ea.

147 2126 260 2163 rum
290 2108 550 2179 partium
579 2105 906 2177 multiplica
937 2103 1325 2160 differentiam
1370 2102 1649 2168 divisoris,
1682 2102 1754 2156 si-

146 2200 230 2251 cut
251 2197 503 2252 faciebas
530 2196 593 2251 in
646 2193 1040 2266 singularibus
1062 2192 1278 2264 junctis
1324 2207 1456 2246 cum
1503 2191 1751 2246 decenis.

810 2300 937 2355 CAP.
977 2299 1090 2354 XII.

149 2391 267 2447 Item
292 2391 399 2446 alia
429 2392 632 2446 divisio
665 2391 873 2446 centeni
903 2389 986 2443 vel
1031 2388 1258 2454 milleni,
1313 2394 1362 2441 et
1398 2387 1636 2458 deinceps
1660 2403 1757 2458 per

275 2463 480 2518 eosdem
510 2464 834 2533 compositos
859 2460 1107 2515 divisores
1136 2461 1218 2513 vel
1263 2459 1520 2530 simplices
1547 2467 1611 2511 ιο.

209 2569 263 2623 Si
291 2570 544 2625 volueris
578 2568 837 2624 dividere
860 2569 1170 2622 centenum
1206 2566 1292 2619 vel
1326 2565 1628 2620 millenum
1659 2579 1762 2636 per

151 2659 443 2725 decenum,
479 2663 585 2714 aut
617 2658 922 2714 millenum
942 2672 1044 2726 per
1067 2659 1403 2722 centenum,
1431 2670 1624 2710 sumes
1651 2653 1760 2710 dif.

150 2747 452 2802 ferentium
505 2745 799 2812 divisoris,
843 2745 1160 2800 secundum
1194 2742 1482 2798 rationem
1515 2741 1765 2814 singula-

152 2835 290 2890 rinm
320 2835 395 2891 ad
428 2836 752 2900 decenum,
780 2837 837 2887 et
864 2832 1292 2906 multiplicabis.
1317 2834 1427 2886 Aut
1453 2847 1556 2904 per
1580 2834 1764 2886 totam

156 2923 698 2980 denominationem
747 2921 1061 2984 dividendi,
1111 2921 1157 2976 si
1206 2920 1447 2994 simplex
1493 2921 1762 2988 decenns,

2515 580 2644 647 Cap.
2676 581 2808 638 XIV.

1863 665 2142 732 Quomodo
2182 675 2431 726 centenus
2459 685 2577 724 cum
2600 670 2870 739 singulari
2892 671 3144 726 metiatur
3182 669 3458 738 milleﬂum

1932 743 1980 793 et
2010 739 2304 801 ulteriores,
2337 741 2421 794 vel
2445 740 2687 796 millenus
2717 759 2838 795 cum
2857 740 3059 796 decenis
3095 741 3308 805 decenas
3335 746 3458 800 mil-

1930 809 2069 864 lenos
2097 819 2146 864 et
2179 811 2471 866 ulteriores.

1935 915 1991 970 Si
2013 916 2260 970 volueris
2288 917 2542 973 dividere
2569 918 2871 974 millenum
2897 920 2983 976 vel
3014 920 3316 980 ulteriores
3355 937 3458 1000 per

1859 1007 2172 1060 centenum
2191 1022 2321 1062 cum
2351 1007 2622 1079 singulari
2644 1008 3050 1081 compositum,
3071 1027 3252 1066 unum
3272 1009 3458 1074 mille-

1859 1110 2001 1147 num
2034 1093 2092 1148 in
2127 1097 2402 1150 centenos
2431 1095 2752 1169 dissipabis.
2791 1097 2857 1150 Et
2889 1113 3082 1152 rursus
3113 1114 3292 1158 unum
3322 1115 3457 1156 cen-

1861 1184 2060 1236 tenum
2094 1183 2167 1237 ad
2198 1183 2424 1238 minuta
2451 1185 2861 1256 componenda
2889 1186 3164 1250 secludes,
3189 1190 3247 1244 et
3276 1185 3459 1242 maxi-

1858 1286 2019 1324 mum
2061 1269 2369 1326 divisorem
2418 1272 2654 1344 reliquie
2696 1272 2847 1344 parti
2889 1274 3271 1348 comparabis.
3321 1275 3390 1330 Et
3417 1273 3463 1336 si

1858 1357 1996 1431 quid
2025 1358 2368 1427 secludetur,
2422 1361 2818 1435 relinquendis
2868 1378 3132 1440 repones.
3182 1363 3464 1428 Minutum

1859 1450 2078 1514 autem,
2109 1451 2174 1502 ut
2203 1448 2259 1503 in
2283 1449 2564 1521 superiori
2587 1452 2837 1522 capitulo
2869 1451 3294 1524 multiplicabis,
3324 1451 3459 1508 reli-

1859 1552 2086 1607 quaque
2131 1537 2332 1591 omnia
2354 1540 2437 1592 vel
2477 1555 2603 1610 quae
2629 1539 3022 1608 secluduntur,
3064 1541 3150 1596 vel
3195 1557 3323 1613 qua:
3354 1557 3460 1614 pro

1860 1624 2202 1684 differentiis
2230 1625 2598 1694 adhibentur,
2633 1628 2948 1685 ordinabis.
2983 1630 3308 1703 Rursusque
3333 1645 3464 1686 eas.

1782 1701 1834 1760 Β
1859 1713 1990 1766 dem
2025 1713 2407 1781 ditl‘erentias,
2434 1732 2498 1770 ac
2526 1716 2570 1770 si
2617 1716 2713 1789 qui
2748 1717 2896 1772 forte
2937 1717 3137 1773 seclusi
3178 1701 3330 1786 sunt,
3363 1734 3468 1792 per

1857 1801 2406 1860 denominationem
2434 1804 2713 1880 propositi
2730 1805 3019 1862 dividendi
3043 1806 3464 1879 multiplicabis.

1857 1891 1934 1944 Ac
1967 1891 2182 1945 iterum
2217 1892 2423 1947 eadem
2451 1895 2655 1965 regula
2693 1895 2938 1950 deduces
2966 1912 3144 1962 usque
3175 1896 3249 1950 ad
3274 1898 3465 1952 extre-

1858 1995 1984 2034 mas
2019 1979 2392 2055 diiierentias,
2449 1985 2507 2036 et
2545 1981 2603 2036 in
2656 1983 2906 2038 millenis
2956 1983 3290 2039 divisoribus
3327 2001 3459 2041 cum

1859 2067 2110 2134 decenis,
2157 2067 2231 2128 ad
2278 2069 2531 2131 decanos
2559 2069 2826 2130 millenos
2867 2074 2926 2126 et
2954 2071 3276 2140 ulteriores,
3303 2072 3464 2146 quasi

1857 2156 2126 2211 eamdem
2159 2156 2343 2229 ipsam
2377 2156 2667 2214 rationem
2695 2159 2964 2214 servabis.

2045 2349 2186 2417 Quot
2221 2350 2476 2407 divisores
2505 2263 2960 2426 inxzuolibet
2985 2353 3285 2410 dividendo.

1933 2456 1991 2511 Si
2020 2457 2268 2513 volueris
2302 2474 2469 2513 nosse
2495 2461 2637 2531 quot
2662 2459 2936 2515 divisores
2964 2459 3077 2515 sint
3115 2459 3177 2515 in
3207 2460 3466 2534 quolibet

1865 2545 2194 2612 dividendo,
2229 2545 2495 2602 articulos
2513 2564 2546 2601 a
2571 2547 2777 2619 quibus
2805 2547 3470 2612 denominationesﬂunt

1865 2634 2366 2709 multiplicationis
2390 2637 2729 2692 secundabis
2759 2637 2832 2694 ad
2871 2637 3102 2712 digitos,
3148 2642 3207 2702 et
3243 2638 3289 2694 si
3324 2655 3470 2711 aug-

1865 2727 2066 2780 mento
2105 2740 2304 2779 eorum
2335 2724 2560 2780 articuli
2593 2726 2954 2796 proveniant,
2985 2727 3248 2783 reﬂectes
3273 2727 3347 2784 ad
3375 2745 3466 2784 ar-

1865 2810 2100 2880 ticulos;
2135 2816 2194 2867 et
2217 2811 2262 2866 si
2293 2813 2351 2868 in
2377 2813 2763 2885 singularibus
2791 2831 2958 2886 pares
2981 2815 3319 2872 divisoribus
3342 2831 3473 2888 pro-

1867 2899 2150 2967 venerint,
2187 2900 2431 2957 totidem
2457 2902 2705 2959 unitates
2728 2902 3162 2962 collectionibus
3191 2921 3470 2979 aggrega-

157 3014 233 3072 vel
264 3016 549 3075 centenus
582 3011 798 3068 divisor
817 3014 924 3077 est,
954 2980 1055 3064 vel:
1071 3026 1176 3081 per
1215 2980 1516 3071 secundas,
1545 3009 1632 3064 vel
1663 2980 1768 3080 per
1800 2980 1848 3042 ο
1870 2987 1978 3081 bis-
2011 2987 2197 3064 Ιείῑιιτ
2227 2992 2285 3046 et
2313 2990 2372 3045 ίη
2401 2991 2972 3050 “nominationibus
2999 3009 3035 3050 ⁸
3061 2995 3184 3052 ιοῑο
3210 2997 3268 3054 θί
3287 3009 3472 3081 Hm?"

157 3102 360 3168 tertias,
393 3104 484 3157 vel
519 3118 636 3176 per
673 3103 926 3172 quartas,
959 3100 1045 3154 vel
1098 3115 1203 3170 per
1253 3098 1502 3171 quintas,
1535 3097 1579 3153 si
1614 3114 1769 3153 com-

159 3189 362 3267 positus
392 3193 510 3257 est;
545 3188 753 3246 habita
781 3187 1046 3242 videlicet
1065 3187 1314 3255 ratione,
1348 3203 1524 3259 quam
1540 3190 1766 3258 partem

158 3279 450 3352 compositi
484 3277 755 3335 divisoris
802 3280 1000 3332 teneat
1048 3276 1296 3332 decenus
1339 3275 1426 3332 vel
1470 3278 1764 3331 centenus.

810 3401 940 3456 CAP.
987 3401 1119 3454 Xlll.

164 3489 450 3557 Quomodo,
484 3507 601 3545 uno
648 3489 818 3544 medio
848 3504 1190 3544 numerorum
1242 3490 1556 3556 intermisso,
1585 3488 1771 3560 juncti

479 3563 598 3618 duo
638 3563 860 3615 extremi
883 3568 1093 3615 caeteros
1123 3561 1432 3618 metiantur.

221 3667 280 3724 Si
303 3668 564 3725 volueris
581 3662 842 3722 dividere
866 3669 1177 3721 centenum
1203 3667 1291 3720 vel
1337 3665 1638 3720 millenum
1666 3681 1770 3738 per

161 3757 548 3830 compositum
580 3758 892 3810 centenum
944 3754 1031 3809 vel
1067 3752 1398 3819 millenum,
1441 3770 1556 3808 uno
1588 3754 1766 3809 inter-

161 3845 346 3914 misso,
368 3859 563 3901 unum
581 3843 1027 3899 dividendorum
1052 3857 1246 3896 sumes
1263 3841 1338 3897 ad
1363 3841 1590 3898 minuta
1609 3858 1770 3898 com-

161 3934 443 4003 ponenda,
491 3934 560 3988 et
600 3931 922 3987 maximum
968 3929 1278 3986 divisorem
1328 3930 1568 4002 reliquae
1620 3931 1770 4002 parti

161 4023 547 4095 comparabis.
581 4021 649 4074 Et
683 4021 726 4073 si
759 4019 900 4091 quid
937 4019 1342 4083 abundaverit,
1370 4019 1770 4091 relinquendis

159 4126 413 4181 repones.
470 4109 758 4164 Minutum
813 4110 1008 4161 autem
1053 4123 1160 4179 per
1228 4107 1764 4163 denominationem

161 4198 274 4269 ejus
302 4215 408 4270 per
434 4213 618 4271 quem
649 4195 862 4250 divisor
893 4197 1250 4266 coaequatur,
1286 4195 1595 4252 dividendo
1623 4197 1770 4251 mul-

161 4286 455 4356 tiplicabis.
494 4287 566 4340 Et
590 4285 650 4339 in
701 4283 897 4355 digitis
936 4283 1174 4355 quidem
1225 4284 1482 4354 perfecta
1519 4288 1766 4353 ponetur

160 4374 503 4431 differentia.
537 4376 685 4427 Ante
721 4372 990 4427 articulos
1009 4387 1169 4438 vero,
1204 4373 1385 4426 altera
1417 4372 1762 4442 differentia,
1787 4356 1841 4415 D

161 4479 265 4517 uno
287 4463 509 4528 minus,
543 4460 706 4532 quasi
722 4459 1011 4514 rationem
1027 4459 1246 4514 habens
1263 4459 1336 4516 ad
1343 4459 1507 4531 juxta
1523 4460 1758 4532 positos,

161 4565 280 4605 cum
312 4555 448 4606 sunt
480 4548 649 4620 digiti
678 4550 736 4602 et
760 4547 1004 4603 articuli.
1031 4548 1175 4602 Nam
1197 4549 1352 4602 solus
1388 4546 1660 4602 articulus
1682 4548 1762 4619 [id

161 4642 238 4692 est
262 4639 385 4694 sine
409 4638 612 4710 digitis
627 4646 695 4709 ²ο]
726 4635 1015 4709 integram
1047 4635 1322 4709 preponit
1355 4635 1463 4690 sibi
1493 4635 1762 4690 differen-

162 4724 292 4780 tiam
319 4725 490 4799 digiti
521 4726 637 4779 sive
661 4725 812 4778 solus
854 4725 926 4778 sit
951 4724 1240 4797 integram
1283 4723 1559 4798 supponit
1583 4732 1626 4765 ﬂ
1661 4740 1675 4778 :
1709 4724 1767 4776 et

163 4814 274 4866 tum
305 4830 441 4868 cum
467 4813 624 4868 solus
649 4813 736 4866 est
767 4810 1000 4883 digitus,
1019 4812 1251 4866 velcum
1279 4811 1519 4866 articulo
1538 4826 1767 4882 semper

165 4898 209 4952 ei
235 4900 328 4972 qui
369 4901 448 4956 ad
492 4899 722 4954 minuta
751 4899 1159 4970 componenda
1195 4900 1444 4954 seclusus
1469 4901 1575 4962 est,
1602 4897 1764 4954 diffe-

166 4988 341 5043 rentia
364 4988 605 5060 integra
630 4987 1061 5046 secundabitur.
1095 4987 1164 5042 Et
1200 4988 1292 5043 hae
1331 4987 1567 5059 quidem
1597 4987 1764 5042 diffe-

167 5077 377 5145 rentiae,
413 5081 474 5133 et
504 5076 551 5131 si
606 5076 736 5148 quis
775 5077 922 5130 forte
953 5094 987 5131 a
1031 5077 1286 5132 maximo
1315 5076 1559 5132 divisore
1584 5078 1766 5132 seclu-

168 5179 250 5218 sus
270 5169 372 5232 est,
389 5163 808 5237 signiﬁcabunt
824 5165 977 5234 quod
991 5165 1414 5239 relinquiturex
1427 5164 1765 5222 dividendis.

235 5312 276 5346 ιι
306 5307 480 5373 Edit.,
512 5303 864 5376 singulariter
885 5313 1116 5360 centeno.

237 5384 276 5417 ¹⁷
309 5378 482 5444 Edit.,
514 5377 719 5431 decem.

236 5454 277 5488 η
309 5448 479 5520 Edit.,
513 5449 821 5520 quingentis
847 5447 929 5502 vel
952 5456 1214 5505 centenus.

235 5524 276 5558 ιο
309 5519 483 5591 iEdit.,
523 5519 786 5591 divisores
810 5525 858 5571 et
886 5520 1162 5591 simplices.

234 5595 277 5628 ³ο
305 5590 469 5645 Deest
503 5591 560 5645 in
604 5587 740 5642 cod.

235 5660 473 5742 unum”
501 5660 893 5730 diierentium.
930 5659 1088 5717 Solus
1123 5661 1325 5732 digitus
1354 5663 1618 5732 integram
1639 5677 1764 5731 mp-

1869 3077 2020 3134 tibus
2046 3095 2174 3151 quae
2197 3082 2330 3134 sunt
2373 3096 2407 3134 a
2439 3081 2705 3137 secundis
2739 3083 2802 3136 et
2830 3081 3016 3137 tertiis
3044 3084 3102 3138 et
3130 3080 3370 3154 quartis,
3413 3087 3474 3140 et

1871 3167 2140 3240 deinceps
2152 3168 2466 3222 secundum
2488 3169 2759 3224 eamdem
2783 3170 3069 3225 rationem
3083 3186 3188 3243 pro
3209 3173 3469 3226 extremo

1871 3256 2116 3312 divisore
2148 3255 2431 3311 unitatem
2461 3257 2792 3315 constitues.
2825 3259 2893 3314 Et
2923 3257 3066 3313 sicut
3109 3257 3169 3314 in
3214 3258 3471 3320 centenis

1869 3348 1927 3400 et
1951 3344 2222 3410 millenis,
2265 3344 2420 3418 quod
2464 3345 2536 3400 ab
2582 3363 2695 3404 uno
2727 3349 3051 3420 exsuperat,
3083 3364 3188 3420 per
3210 3346 3473 3410 denomi-

1869 3433 2169 3491 nationem
2199 3432 2376 3489 totius
2411 3449 2656 3489 summae
2682 3434 3116 3506 multiplicatur,
3147 3435 3226 3491 sic
3257 3451 3272 3489 :
3305 3444 3353 3484 ιι
3379 3435 3468 3492 di-

1869 3523 2104 3587 visores,
2136 3536 2240 3594 per
2265 3520 2806 3576 denominationem
2821 3521 2997 3576 totius
3011 3521 3303 3577 dividendi
3319 3525 3470 3588 mul-

1870 3609 2310 3682 tiplicabuntur.
2345 3609 2456 3664 Sed
2487 3625 2602 3663 non
2634 3607 2770 3682 ipsis
2799 3609 3478 3672 tantummodocentenis

1870 3702 1929 3756 et
1963 3695 2236 3765 millenis,
2262 3696 2504 3769 simplex
2534 3696 2782 3758 decenns
2806 3704 2852 3738 ﬂ
2890 3695 3100 3760 divisor
3125 3696 3356 3758 centeni
3383 3698 3471 3758 vel

1872 3785 2117 3852 milleni,
2165 3789 2224 3840 et
2274 3785 2423 3839 ultra
2467 3783 2924 3856 compositorum
2967 3783 3474 3843 denominationes

1869 3875 2047 3930 mittit
2077 3873 2149 3929 ad
2176 3873 2394 3940 tertias,
2429 3872 2487 3927 id
2517 3875 2604 3928 est
2633 3881 2680 3915 ﬂ
2711 3872 2785 3927 ad
2812 3871 3048 3927 tertium
3079 3873 3268 3928 locum
3303 3871 3375 3927 ab
3399 3889 3468 3928 eo

1870 3981 2044 4035 quem
2077 3961 2301 4029 dividit,
2349 3961 2563 4017 scilicet
2610 3961 2670 4016 in
2723 3960 3062 4033 colligendis
3106 3960 3468 4021 divisoribus.

1871 4052 2162 4107 Centenus
2187 4059 2234 4092 33
2264 4049 2486 4108 milleni
2527 4048 2741 4108 divisor
2784 4049 2858 4108 ad
2902 4053 3156 4122 quartas,
3199 4048 3469 4114 millenus

1869 4140 1941 4195 ad
1966 4139 2216 4211 quintus,
2246 4142 2524 4195 centenus
2547 4139 2634 4195 vel
2665 4139 2930 4195 millenus
2976 4137 3248 4197 divisores
3275 4137 3383 4206 sui,
3414 4139 3474 4196 et

1867 4227 2192 4299 compositi,
2215 4243 2333 4282 uno
2368 4226 2592 4296 relicto,
2627 4226 3137 4283 denominationes
3176 4240 3306 4282 suas
3335 4225 3469 4281 mit-

1865 4319 1996 4372 tunt
2025 4317 2098 4372 ad
2131 4319 2424 4371 extremos
2453 4315 2682 4388 digitos.

2636 4479 2648 4493 .
2679 4439 2809 4495 XVI.

2636 4479 2648 4493 .
2721 4439 2765 4491 V
2795 4480 2809 4495 .

1969 4526 2052 4582 De
2064 4527 2408 4600 protensione
2427 4438 2789 4602 qui-fmilia):
2796 4543 3166 4583 mensurarum
3185 4532 3358 4584 terras.

1937 4633 2161 4706 Digitus
2189 4634 2273 4688 est
2299 4633 2544 4688 minima
2561 4649 2696 4707 pars
2709 4634 3023 4707 agrestium
3038 4650 3470 4692 mensurarum.

1939 4723 2117 4780 Uncia
2144 4723 2320 4778 habet
2341 4722 2554 4796 digitos
2582 4726 2718 4782 tres.

1937 4813 2170 4868 Palmus
2198 4811 2254 4867 in
2281 4816 2532 4886 quatuor
2554 4811 2920 4886 protenditur
2951 4811 3181 4886 digitos.

1939 4901 2152 4956 Pedem
2179 4900 2429 4955 sedecim
2459 4901 2779 4956 metiuntur
2803 4898 2988 4972 digiti.

1940 4992 2141 5045 Passus
2171 4988 2427 5061 quinque
2453 4989 2666 5060 pedum
2701 5003 3033 5043 mensuram
3071 4985 3326 5042 sortitur.

1938 5079 2162 5135 Pertica
2199 5079 2347 5134 duos
2374 5095 2592 5152 passus,
2625 5076 2884 5132 videlicet
2923 5075 3125 5129 decem
3167 5074 3342 5145 pedes
3372 5091 3468 5129 ex-

1868 5167 2041 5246 plicat
2067 5175 2134 5222 ³ο.

1937 5317 1984 5351 η
2008 5306 2182 5375 Edit.,
2212 5305 2642 5376 multiplicatur:
2664 5302 2758 5355 sic.

1938 5388 1986 5429 si
2018 5373 2176 5434 Edit.
2194 5377 2306 5434 Sed
2330 5373 2440 5431 non
2469 5375 2594 5445 ipsis
2621 5373 2984 5430 tantummodo
3021 5377 3249 5438 centenis
3275 5380 3325 5430 et
3342 5375 3466 5429 mil-

1869 5449 1998 5513 ιεηὶε
2027 5447 2510 5519 δέγηριεπγάεεεηαε.

1939 5531 1986 5566 ﬂ
2017 5518 2160 5575 Edit.
2173 5559 2188 5586 ,
2215 5518 2373 5572 idem.

1938 5600 1986 5634 ﬂ
2011 5583 2183 5655 Edit.,
2215 5586 2526 5642 divisoribus
2553 5592 2798 5644 centenus
2819 5587 2902 5643 vel
2924 5586 3188 5651 millenus,
3219 5583 3468 5641 divisores

1867 5678 1972 5718 Νι.

1940 5740 1990 5782 an
2019 5728 2192 5796 ﬁdit...
2213 5728 2445 5802 eplieit.
