3882 6230
215 499 277 551 93
1609 498 1701 552 DE
1751 496 2164 556 oneramus.
3477 508 3547 566 94

218 619 607 694 quantitatem
629 619 817 693 agelli
843 616 1439 677 faciliusacontinenti
1460 623 1841 690 possetsecer-
1857 628 1911 688 Α
1950 623 2305 679 amatoribus
2334 640 2510 698 quam
2557 624 2812 681 maxima
2840 628 2943 683 est.
2976 627 3118 684 Nam
3146 630 3205 684 et
3241 629 3314 685 ad
3365 629 3547 687 animi

220 710 500 766 nere.Sed
531 709 803 782 quamvis
835 710 911 764 ad
942 708 1316 764 dimensionis
1341 711 1509 763 terrae
1529 707 1837 764 utilitatem

220 799 492 872 primitus
542 799 790 853 inventa
822 797 1280 868 vocabulumque
1312 797 1447 852 inde
1474 796 1676 851 sortita
1707 796 1840 863 sit,a

219 887 636 961 posterioribus
665 885 1193 953 tamcn,rationem
1230 886 1353 956 ejus
1381 883 1713 954 diligentius
1743 884 1838 938 in-

219 976 660 1048 vestigantibus,
697 974 767 1028 ad
794 973 908 1027 alia
925 990 1152 1046 quoque
1173 973 1609 1044 nonnulla,qua3
1641 973 1726 1026 vel
1749 988 1840 1026 co-

221 1065 386 1136 gnitu
411 1064 596 1126 utilia,
623 1063 714 1118 vel
745 1061 1014 1118 exercitio
1045 1062 1296 1131 iocunda
1319 1062 1684 1127 videbantur,
1708 1077 1836 1133 spe-

220 1155 432 1208 culatio
463 1153 590 1221 ejus
623 1151 1001 1206 accomodata
1029 1153 1132 1204 est.
1164 1149 1263 1204 Cui
1295 1149 1470 1204 etiam
1503 1150 1677 1204 talem
1706 1147 1834 1221 qui-

220 1241 356 1295 dam
393 1240 762 1294 diffinitionis
808 1238 1122 1293 terminum
1169 1241 1435 1308 aptavere
1466 1253 1480 1292 :
1509 1236 1838 1292 Geometria

220 1333 303 1383 est
335 1328 643 1400 disciplina
686 1327 1100 1398 magnitudinis
1132 1331 1188 1381 ct
1220 1328 1696 1398 formarum,quzc
1745 1343 1833 1379 se-

219 1417 476 1471 cundum
503 1415 970 1488 magnitudinem
993 1417 1681 1488 contemplantur.Potest
1699 1430 1837 1486 quo-

220 1522 330 1576 que
361 1506 420 1557 et
453 1504 555 1569 ita,
592 1503 652 1557 ni
677 1504 867 1566 fallor,
887 1504 1076 1574 aliquo
1100 1505 1273 1558 modo
1298 1503 1536 1558 difﬁniri
1558 1521 1570 1558 :
1589 1503 1831 1558 Geome-

222 1593 327 1647 tria
359 1591 933 1663 estmagnitudinum
948 1592 1378 1646 rationabilium
1406 1592 1834 1664 propositarum

219 1681 448 1736 ratione
490 1681 774 1753 vestigata
815 1681 1129 1753 probabilis
1159 1681 1536 1738 dimensionis
1574 1682 1832 1738 scientia.

292 1770 519 1824 Utilitas
548 1785 684 1825 vero
717 1768 1027 1840 disciplina:
1056 1770 1223 1841 hujus
1242 1770 1510 1827 omnibus
1536 1771 1832 1842 sapientiae

1942 711 2282 785 ingeniique
2296 713 2847 770 viresexercitandas
2867 715 3260 790 intuitumque
3273 733 3548 776 exacuen-

1944 802 2082 856 dum
2111 803 2498 868 subtilissima,
2529 806 2587 858 et
2618 804 2690 859 ad
2711 804 2963 876 plurima
2993 809 3150 861 certa
3179 822 3426 878 veraque
3454 825 3543 864 ra-

1938 889 2097 944 tione
2123 889 2481 960 vestiganda,
2517 907 2644 962 quae
2666 891 2862 946 multis
2894 891 3161 947 miranda
3202 895 3260 947 et
3279 892 3548 965 inopina-

1937 977 2075 1032 bilia
2104 978 2393 1044 videntur,
2420 979 2855 1047 jocundissima,
2883 979 3141 1052 atquead
3158 981 3367 1036 miram
3385 987 3546 1039 natu-

1936 1081 2014 1120 rae
2041 1065 2178 1132 vim,
2215 1065 2498 1121 Creatoris
2526 1066 2723 1122 omnia
2754 1067 2813 1122 in
2840 1084 3086 1122 numero
3117 1071 3175 1123 et
3195 1085 3467 1125 mensura
3489 1074 3546 1126 et

1935 1154 2194 1225 pondere
2222 1154 2583 1226 disponentis
2603 1155 2762 1226 (Sap.
2789 1172 2864 1221 χι,
2881 1157 3303 1227 inpotentiam
3321 1161 3380 1212 et
3398 1158 3545 1215 inef-

1933 1241 2170 1298 fabilem
2195 1243 2538 1314 sapientiam
2555 1245 3090 1317 contemplandam,
3113 1246 3542 1317 admirandam,

1935 1334 1993 1386 et
2023 1330 2703 1398 laudandam,subtilium
2723 1333 3179 1403 speculationum
3210 1334 3544 1404 plenissima

1935 1422 2040 1475 est.
2073 1420 2153 1474 De
2180 1420 2338 1490 cujus
2365 1420 2591 1474 ratione
2615 1423 2672 1474 et
2696 1421 2910 1492 regulis
2924 1421 3117 1493 aliqua
3133 1437 3236 1493 pro
3264 1421 3543 1493 iugenioli

1937 1507 2118 1562 nostri
2146 1508 2482 1562 facultatula
2497 1509 2880 1582 undecunque
2894 1510 3211 1577 collecturi,
3227 1513 3290 1565 ut
3311 1511 3545 1566 ordina-

1935 1595 2046 1650 tius
2077 1595 2457 1666 ingredientis
2490 1597 2749 1652 animum
2772 1599 2846 1652 ad
2864 1599 3162 1654 subtiliora
3192 1599 3545 1656 deducamus

1934 1685 2006 1738 ab
2030 1685 2204 1755 ipsius
2243 1684 2379 1738 artis
2405 1685 2729 1753 elementis,
2765 1702 2942 1758 quem
2972 1687 3292 1742 terminum
3323 1687 3542 1752 dicunt,

1933 1771 2232 1826 exordium
2261 1788 2576 1828 sumamus.

1547 1891 1851 1970 Eaplicit
1882 1897 2228 1972 Prologus

1677 2202 2101 2292 INCIPIT

629 2416 1904 2581 GEOMETRIA
2010 2415 3164 2584 GEBBERTI.

756 2800 980 2856 CAPUT
1018 2802 1302 2859 PRIMUM.

223 2890 367 2957 Quid
396 2892 483 2964 sit,
531 2889 1183 2964 corpussolidumfouid
1228 2893 1386 2958 linea,
1408 2897 1693 2964 punctum,
1746 2910 1836 2948 su-

284 2963 537 3034 perﬁcies
557 2962 585 3014 ?
623 2959 770 3026 Quid
788 2978 876 3031 pes
901 2960 1119 3028 solidus,
1147 2959 1462 3030 constratu-5,
1519 2965 1668 3019 etc.?

291 3067 448 3122 Artis
473 3067 647 3137 hujus
689 3065 853 3120 initia
906 3071 964 3122 et
1015 3068 1176 3140 quasi
1235 3071 1523 3126 elementa
1573 3070 1840 3126 videntur

226 3161 531 3228 punctum,
589 3154 762 3221 linea,
793 3157 1139 3226 superficies.
1209 3161 1380 3230 atque
1424 3158 1700 3214 soliditas.
1758 3160 1840 3213 De

227 3246 437 3318 quibus
462 3261 598 3299 cum
657 3261 809 3315 saepe
840 3245 1064 3300 Boetius
1121 3246 1332 3318 aliique
1383 3251 1502 3303 tam
1550 3247 1841 3303 saacularis

229 3351 406 3406 quam
439 3332 652 3388 divina:
681 3335 1025 3388 tractatores
1069 3335 1407 3389 litteraturae
1471 3336 1529 3390 in
1578 3336 1840 3408 plurimis

229 3422 581 3494 scriptorum
610 3437 846 3476 suorum
881 3421 1016 3476 locis
1047 3423 1182 3477 satis
1211 3439 1494 3494 superque
1525 3424 1836 3496 disputent,

229 3514 350 3565 tum
378 3511 586 3565 beatus
615 3512 674 3564 et
690 3510 1201 3581 eloquentissimus
1228 3511 1486 3566 Ecclesim
1505 3512 1840 3578 doc'tor,Au-

229 3599 514 3669 gustinus,
535 3597 595 3651 in
625 3596 918 3652 nonnullis
944 3597 1103 3652 libris
1121 3598 1256 3664 suis,
1299 3601 1356 3653 et
1373 3599 1658 3671 praecipue
1679 3599 1739 3654 in
1769 3615 1837 3655 eo

232 3686 327 3758 qui
358 3687 440 3740 De
471 3685 796 3757 quantitate
820 3683 1032 3739 animae
1050 3685 1640 3758 inscribitur,c0piose
1663 3687 1837 3742 disse-

234 3776 308 3830 rit
338 3790 353 3829 :
382 3774 491 3831 Ubi
518 3774 696 3828 etiam
719 3773 894 3827 tantis
922 3775 1151 3828 oculum
1181 3790 1594 3846 corporearum
1642 3791 1839 3830 rerum

236 3863 751 3936 imaginationibus
769 3863 1035 3918 obtusum
1056 3880 1161 3934 per
1184 3864 1386 3918 talium
1403 3865 1614 3919 artium
1631 3864 1840 3919 exerci-

231 3953 310 4008 tia
321 3953 395 4008 ad
407 3952 687 4026 spiritalia
699 3967 949 4021 veraque
963 3954 1250 4023 utcunque
1268 3956 1496 4007 contem
1505 3953 1841 4024 plandanon

230 4041 524 4097 modicum
557 4039 798 4110 purgari
829 4043 885 4092 et
907 4040 1100 4094 exacui
1125 4041 1511 4095 ostendit.Sed
1542 4041 1844 4112 prudenti-

234 4131 358 4195 bus,
390 4129 437 4183 si
467 4129 567 4200 qui
585 4129 696 4182 hoc
734 4130 888 4182 forte
920 4129 1004 4182 vel
1039 4129 1294 4200 aspicere
1344 4129 1574 4198 dignati
1605 4131 1841 4198 fuerint,

237 4217 539 4272 taediosum
570 4232 688 4270 non
722 4215 817 4280 sit,
849 4215 891 4268 si
923 4232 955 4268 a
983 4217 1163 4271 solido
1196 4233 1460 4288 corpore,
1489 4218 1645 4289 quod
1683 4233 1842 4272 com-

237 4307 397 4361 muni
418 4305 726 4360 hominum
751 4305 943 4358 sensui
973 4305 1160 4360 notius
1187 4309 1294 4367 est,
1327 4310 1676 4376 praepostero
1709 4307 1846 4361 inci-

235 4393 396 4466 piens
420 4392 627 4448 ordine
655 4391 1124 4463 simplicioribus,
1154 4393 1296 4464 quid
1324 4394 1448 4448 haec
1479 4393 1706 4466 singula
1733 4394 1847 4450 sint

234 4483 426 4553 paucis
456 4481 695 4537 tentabo
722 4483 1069 4534 monstrare.

301 4569 548 4626 Solidum
576 4585 767 4640 corpus
788 4572 874 4622 est
903 4568 1183 4641 quidquid
1205 4569 1386 4625 tribus
1411 4569 1728 4626 intervallis
1746 4589 1845 4628 seu

233 4658 690 4715 dimensionibus
716 4655 1121 4728 porrigitur,id
1155 4661 1259 4724 est,
1291 4657 1571 4732 quidquid
1592 4660 1844 4731 longitu-

233 4748 385 4816 dine,
411 4746 719 4803 latitudine
747 4745 1167 4818 altitudineque
1196 4747 1730 4816 distenditur,sicuti
1762 4753 1848 4804 est

235 4835 515 4909 quidquid
538 4835 664 4890 visu
683 4837 908 4889 tactuve
939 4835 1358 4907 comprehendi
1387 4839 1595 4907 potest,
1627 4840 1691 4892 ut
1723 4837 1846 4892 haec

231 4941 504 4997 praesens,
526 4923 590 4978 in
623 4938 742 4994 qua
771 4922 981 4990 scribo,
1007 4923 1239 4982 tabella.
1282 4923 1398 4978 Hoc
1427 4927 1624 4980 autem
1653 4925 1844 4981 Grece

227 5021 426 5070 διενεοη
480 5012 713 5068 dicitur.
769 5010 946 5081 Hujus
992 5014 1188 5067 autem
1241 5012 1477 5068 termini
1531 5029 1632 5068 seu
1675 5029 1844 5085 super

226 5101 477 5157 obducta
490 5099 770 5174 planities
784 5099 1085 5170 superﬁciei
1103 5101 1258 5171 apud
1270 5117 1377 5156 nos
1392 5117 1608 5158 nomen
1626 5102 1845 5174 accepit

225 5190 413 5247 Graece
425 5193 561 5245 aute
571 5206 628 5244 m
643 5187 992 5260 epiphaniaz.
1002 5188 1138 5252 Quae
1156 5188 1237 5244 ita
1255 5189 1547 5245 intellectu
1565 5189 1844 5261 capienda

227 5283 327 5348 est,
358 5283 422 5335 ut
465 5277 616 5334 nihil
665 5275 779 5331 sibi
819 5274 1152 5344 altitudinis,
1184 5277 1245 5332 id
1301 5281 1407 5346 est,
1458 5278 1843 5334 crassitudinis

227 5371 477 5442 usurpet,
493 5367 598 5424 sed
629 5368 870 5421 tantum
891 5364 1252 5436 longitudine
1272 5366 1688 5439 latitudineque
1705 5383 1841 5422 con-

224 5460 381 5513 tenta
409 5474 471 5513 se
503 5457 719 5512 dilatat
747 5453 896 5505 Nam
925 5450 971 5504 si
996 5452 1083 5507 his
1108 5453 1476 5510 altitudinem
1491 5454 1839 5526 adjicis,jam

221 5563 335 5602 non
358 5543 720 5620 superﬁcies,
751 5539 854 5594 sed
888 5543 1140 5611 corporis
1169 5547 1503 5617 pars,atquo
1553 5543 1683 5599 ideo
1706 5544 1837 5599 soli-

223 5635 356 5691 dum
382 5651 598 5708 corpus
632 5631 770 5686 erit.

289 5720 628 5796 Superﬂciei
658 5735 806 5775 vero
839 5718 1165 5776 extremitas
1207 5721 1323 5778 sive
1347 5721 1624 5778 terminus
1670 5719 1835 5776 linem

1863 2808 1914 2866 B
1939 2821 2038 2860 seu
2065 2805 2258 2860 Graece
2281 2820 2530 2874 gramma
2559 2801 2860 2867 est.Quam
2903 2801 2985 2858 ita
3032 2805 3230 2858 mente
3264 2801 3545 2875 percipias

1939 2894 2189 2964 oportet,
2209 2895 2270 2947 ut
2298 2891 2616 2947 latitudinis
2645 2907 2846 2964 expers
2876 2890 3052 2946 solius
3080 2889 3458 2963 longitudinis
3485 2907 3545 2946 se

1939 2980 2134 3052 rigore
2147 2981 2526 3053 producat,ne
2548 2979 2849 3035 latitudine
2871 2979 3066 3034 addita
3078 2980 3204 3052 jam
3221 2995 3339 3035 non
3368 2978 3544 3057 linea,

1940 3078 2041 3133 sed
2069 3079 2394 3150 superficies
2413 3078 2694 3134 sit.Linea°
2710 3081 2903 3132 autem
2928 3076 3276 3150 principium
3291 3080 3350 3132 et
3364 3080 3546 3132 extre'

1939 3168 2204 3222 mitatem
2225 3175 2490 3240 punctum
2525 3166 3065 3238 determinat,quod
3094 3165 3242 3221 itase
3273 3163 3549 3236 intelligi-

1938 3256 2034 3311 bili
2061 3256 2286 3311 ratione
2317 3259 2590 3323 coarctat,
2619 3257 2843 3311 utlinea
2861 3254 3271 3310 tantummodo
3294 3253 3425 3309 ﬁnis
3437 3253 3550 3308 exi-

1939 3350 2092 3401 stens
2120 3347 2339 3399 nullam
2353 3345 2411 3398 in
2425 3360 2493 3399 eo
2517 3345 2698 3414 partis
2714 3347 2812 3397 aut
2824 3343 3064 3413 alicujus
3091 3343 3332 3398 omnino
3346 3341 3549 3412 magni

1938 3432 2154 3488 tudinis
2167 3432 2552 3503 quantitatem
2571 3432 3048 3502 obtineat.ltaque
3065 3433 3128 3485 ut
3147 3430 3374 3502 singula
3382 3430 3548 3500 juxta

1939 3521 2275 3594 praedictam
2292 3518 2580 3574 rationem
2603 3518 2889 3572 difﬁniam
2908 3531 2922 3575 :
2941 3518 3217 3576 Punctum
3236 3521 3320 3572 est
3330 3518 3545 3590 parvis-

1939 3607 2151 3662 simum
2183 3610 2242 3660 et
2272 3606 2612 3661 indivisibile
2651 3605 3078 3676 signum.Quod
3127 3606 3318 3660 Graece
3355 3607 3547 3660 simion

1941 3697 2169 3752 dicitur.
2206 3697 2322 3751 Hoc
2375 3694 2494 3750 vice
2548 3692 2804 3760 unitatis,
2861 3710 2988 3765 quae
3036 3696 3122 3747 est
3163 3708 3544 3748 numerorum

1940 3785 2204 3841 omnium
2259 3782 2627 3856 principium,
2681 3797 2786 3836 nec
2825 3784 3022 3836 tamen
3080 3781 3203 3853 ipsa
3251 3797 3544 3849 numerus,

1940 3874 2206 3930 omnium
2245 3872 2408 3942 origo
2437 3875 2521 3926 est
2565 3885 2966 3925 mensurarum
3002 3887 3016 3938 ;
3091 3869 3278 3940 ipsum
3349 3872 3546 3924 tamen

1941 3962 2153 4016 nullius
2191 3976 2480 4016 mensurae
2514 3963 2614 4014 aut
2661 3957 3083 4030 magnitudinis
3123 3975 3320 4031 capax.
3374 3957 3544 4011 Linea

1942 4054 2027 4105 est
2057 4050 2360 4121 longitudo
2384 4049 2505 4103 sine
2532 4047 3098 4120 latitudine,ha:.cque
3127 4048 3312 4102 solum
3345 4046 3401 4101 in
3425 4049 3552 4102 lon-

1943 4139 2204 4210 gitudine
2225 4137 2309 4192 sui
2341 4137 2660 4192 sectionem
2689 4136 2964 4191 admittit.
2993 4135 3308 4208 Superﬁcies
3346 4139 3432 4192 est
3462 4139 3550 4192 la-

1945 4235 2128 4290 titudo
2160 4234 2282 4289 sine
2314 4233 2637 4288 altitudine.
2672 4234 2799 4288 Hinc
2821 4236 2880 4288 et
2908 4234 3236 4306 superﬁcies
3266 4234 3324 4288 in
3351 4251 3549 4289 rerum

1947 4328 2157 4379 natura
2194 4322 2497 4378 subsistere
2522 4326 2819 4395 nequeunt
2844 4327 3056 4396 praeter
3080 4325 3549 4394 corpora,mente

1947 4416 2151 4467 tamen
2181 4412 2585 4484 intelliguntur
2627 4411 3033 4482 incorporalia,
3064 4415 3124 4467 et
3149 4412 3308 4485 quasi
3340 4415 3568 4491 praeter.

1946 4516 2193 4572 corpora
2241 4517 2360 4556 esse
2392 4517 2560 4554 suum
2586 4498 2881 4555 habentia.
2911 4498 3174 4556 Soliditas
3203 4516 3337 4555 vero
3380 4516 3552 4572 supra

1947 4589 2193 4645 difﬁnita
2206 4589 2263 4644 in
2275 4588 2468 4644 solidis
2487 4604 2729 4644 manens
2743 4585 3364 4660 corporibus,sensibus
3374 4588 3552 4645 etiam

1946 4678 2362 4750 comprehendi
2391 4678 2563 4745 valet,
2581 4694 2762 4750 eaque
2795 4677 3117 4734 omnifariis
3143 4677 3272 4734 etin
3296 4678 3550 4750 longitu-

1947 4767 2082 4822 dine
2095 4784 2160 4822 ac
2174 4767 2610 4835 latitudine,nec
2633 4783 2753 4823 non
2770 4767 2947 4824 etiam
2965 4770 3021 4823 et
3033 4767 3334 4823 altitudine
3351 4765 3551 4821 sectio-

1945 4856 2113 4912 nibus
2139 4856 2414 4926 subjacet.
2446 4857 2633 4929 Atque
2664 4857 2788 4912 haec
2818 4855 3051 4911 interim
3107 4852 3548 4925 simplicioribus

1945 4945 2016 5001 de
2039 4945 2295 5016 praefatis
2318 4946 2822 5001 rebusratiuncula
2833 4945 2968 4999 data
2986 4940 3549 4998 sufﬂciet.Doctiores

1942 5033 2228 5105 siquidem
2257 5033 2328 5088 de
2379 5033 2589 5090 talibus
2640 5030 3013 5088 sufficientius
3054 5028 3193 5083 alias
3240 5026 3550 5086 instructos

1944 5121 2152 5178 diutius
2182 5121 2241 5176 in
2271 5121 2359 5177 his
2389 5122 2635 5178 detineri
2657 5137 2774 5178 non
2797 5119 3048 5191 oportet.

2011 5212 2209 5282 Itaque
2237 5227 2343 5282 per
2370 5211 2673 5282 praedictas
2703 5212 2820 5262 tres
2845 5204 3011 5260 solidi
3039 5203 3295 5276 corporis
3315 5205 3545 5264 dimen-

1940 5297 2130 5355 siones
2158 5315 2516 5371 quaacunque
2564 5292 2988 5351 rationabiliter
3013 5293 3309 5351 metienda
3326 5312 3540 5368 propo-

1941 5393 2178 5450 nuntur,
2207 5383 2602 5456 geometricali
2633 5384 2994 5438 theoremata
3024 5383 3263 5440 ducatus
3299 5385 3541 5440 rationis

1941 5477 2370 5531 mensurantur.
2397 5472 2678 5527 Autenim
2695 5470 3097 5542 longituda,aut
3138 5471 3383 5539 latitudo,
3444 5475 3543 5530 aut

1939 5568 2093 5619 certe
2123 5561 2442 5629 crassitudo,
2492 5577 2622 5633 quae
2661 5563 2934 5617 consueto
2973 5559 3213 5617 nomine
3243 5560 3476 5617 altitudo
3505 5577 3541 5615 a

1940 5649 2307 5722 geometricis
2329 5649 2886 5717 vocatur,metiendo
2903 5648 3538 5722 indagatur.Longitudo

1941 5743 2000 5793 ut
2021 5740 2080 5794 in
2106 5737 2270 5794 lineis
2294 5737 2549 5810 aliquam
2581 5739 2783 5811 ﬁguras
2809 5735 2999 5806 agrive
3013 5752 3210 5792 aream
3232 5735 3542 5790 includen-
