3882 6230
202 404 267 461 9‘7
1598 402 1688 460 DE
1739 402 1826 460 ΟΕ

1996 399 2156 462 mu.
3479 406 3544 469 88

279 520 585 582 Μέρη-νινε
611 537 735 580 non
768 523 830 581 in
850 526 974 580 sola
993 521 1454 597 longitudine,ut
1482 524 1823 598 superiores,
1852 529 1906 590 Α
1929 526 2401 600 computabatur.
2429 519 2526 582 llas
2547 528 2768 592 tamen,
2802 533 2930 598 quae
2954 535 3227 598 agrorum
3258 529 3547 603 quantita-

206 615 384 686 accipi
415 617 629 688 potest,
664 614 767 669 sed
807 614 861 669 ei
889 613 1126 668 latitudo
1149 613 1326 670 etiam
1351 617 1456 682 est,
1491 618 1552 669 ut
1573 619 1826 670 constra-

204 707 298 759 tus
321 705 446 766 ﬂat,
498 701 800 775 habetque
846 703 906 757 in
941 702 1241 758 latitudine
1277 703 1486 775 pedem
1518 715 1718 770 unum,
1768 703 1828 757 in

203 792 574 865 longitudine
602 805 842 864 quoque
873 791 1081 863 pedem
1112 806 1295 848 unum
1314 797 1370 848 et
1386 793 1669 848 deuncem
1686 793 1828 864 ejus,

204 881 265 936 in
289 882 408 936 lato
435 880 636 936 uncias
667 880 998 946 duodecim,
1031 879 1089 935 in
1114 881 1292 953 longo
1317 881 1520 954 viginti
1546 885 1689 950 tres;
1719 881 1835 935 hic-

206 984 318 1039 que
349 968 411 1022 in
439 971 564 1023 tota
591 983 727 1023 area
757 984 863 1023 sua
915 967 1093 1023 habet
1137 969 1336 1024 uncias
1362 972 1682 1025 constratas
1706 969 1834 1028 I76.

206 1055 404 1111 Dictus
430 1060 629 1111 autem
670 1056 980 1111 laterculus
1011 1055 1350 1112 diminutire
1381 1073 1415 1112 a
1436 1057 1619 1125 latere,
1657 1056 1714 1112 id
1754 1062 1838 1112 est

206 1147 427 1216 tegula,
459 1145 599 1217 quia
645 1145 817 1214 hujus
871 1155 1160 1200 mensura
1189 1145 1262 1200 ad
1288 1146 1541 1218 tegenda
1570 1163 1669 1202 seu
1699 1163 1835 1201 con-

200 1233 521 1289 sternenda
540 1233 788 1288 ediﬁcia
819 1233 942 1287 ﬁeri
972 1233 1214 1288 solebat.

275 1321 504 1377 Cubitus
534 1321 740 1394 recipit
776 1321 986 1393 pedem
1018 1339 1200 1376 unum
1224 1326 1281 1376 et
1301 1323 1624 1391 semissem,
1657 1327 1840 1379 sextae

202 1410 367 1478 duas,
402 1411 634 1483 palmas
660 1425 776 1476 sex,
811 1409 1010 1465 uncias
1051 1414 1134 1476 18,
1169 1411 1381 1482 digitos
1410 1416 1499 1466 It.
1530 1411 1631 1467 Hic
1662 1412 1838 1467 etiam

201 1495 260 1551 in
291 1497 644 1569 quibusdam
675 1497 814 1552 locis
845 1513 949 1568 pro
1011 1499 1236 1552 statura
1288 1498 1598 1554 hominum
1632 1499 1842 1574 recipi-

202 1591 319 1643 tur.

271 1674 493 1730 Gradus
519 1673 724 1747 recipit
749 1673 970 1730 cubitos
1001 1678 1054 1743 2,
1108 1674 1287 1747 pedes
1325 1677 1376 1744 3,
1415 1679 1602 1731 sextas
1631 1680 1684 1744 ι,
1715 1679 1839 1748 pal-

202 1778 328 1818 mas
359 1765 452 1830 t3,
490 1763 690 1818 uncias
715 1766 806 1830 30,
839 1761 1050 1834 digitos
1113 1767 1204 1818 48.
1251 1761 1466 1831 Dictus,
1508 1764 1663 1836 quod
1703 1781 1840 1836 gra-

1933 620 2053 672 tem
2088 614 2420 687 designant,
2435 625 2747 679 mensuras,
2775 613 2963 684 magis
2979 613 3038 669 in
3059 616 3379 687 quantitate
3397 631 3548 675 area

1930 702 2286 775 planitieque
2353 702 2520 758 lineis
2551 701 3004 773 circumscripta,
3063 719 3237 774 quam
3268 704 3549 776 ipsarum,

1934 791 2142 862 quibus
2166 790 2676 857 circumscribitur,
2694 791 2980 846 linearum
3008 791 3391 862 longitudine,
3412 808 3550 852 con-

1934 878 2259 934 siderando:
2320 882 2474 934 sunt.
2536 879 2704 948 Cujus
2751 878 2906 933 enim
2959 876 3338 950 longitudinis
3386 877 3552 939 linea:

1936 983 2136 1023 aream
2168 968 2484 1031 includant,
2518 968 2660 1022 nihil
2687 967 2954 1035 interest,
2987 959 3030 1022 si
3051 971 3252 1024 tamen
3286 969 3408 1040 ipsa
3432 981 3561 1043 pro-

1937 1057 2124 1128 priam
2157 1056 2548 1128 quantitatem
2579 1073 2715 1111 area
2736 1071 2851 1111 non
2887 1056 3142 1123 amittat,
3162 1059 3225 1110 ut
3255 1057 3310 1111 in
3328 1059 3557 1130 jugera.

1939 1145 2141 1200 Utrum
2175 1145 2330 1199 enim
2363 1145 2421 1199 in
2475 1145 2650 1215 longo
2682 1143 2747 1197 It
2781 1145 3046 1214 perticas,
3075 1143 3133 1198 in
3167 1145 3286 1200 lata
3305 1154 3438 1202 Vero
3473 1153 3559 1218 12,

1939 1235 2002 1286 ut
2031 1249 2206 1305 supra
2233 1233 2451 1287 dictum
2475 1236 2582 1299 est,
2619 1232 2853 1297 habeat,
2884 1249 2956 1286 an
2994 1232 3050 1286 in
3082 1234 3258 1306 longo
3288 1236 3445 1302 18,ἰο
3472 1238 3557 1293 la-

1940 1325 2000 1376 to
2033 1326 2132 1389 to;
2163 1338 2237 1376 an
2269 1321 2328 1376 in
2360 1322 2536 1394 longo
2570 1326 2663 1389 3!,
2691 1321 2748 1375 in
2780 1322 2896 1376 lato
2917 1327 3222 1388 veronan
3249 1323 3363 1378 alio
3383 1328 3556 1398 atque

1941 1409 2052 1465 alio
2091 1410 2266 1465 modo
2311 1409 2613 1481 longitudo
2656 1409 3015 1481 latitudoque
3057 1415 3481 1482 permutentur,
3512 1415 3557 1472 si

1938 1501 2138 1554 tamen
2163 1503 2367 1554 mutua
2397 1493 2883 1569 multiplicatione
2917 1501 3019 1552 288
3038 1502 3357 1555 constratas
3381 1503 3557 1574 perti-

1940 1601 2034 1643 cas
2065 1583 2292 1643 efficere
2335 1591 2595 1660 possunt,
2636 1586 2909 1658 jugerum
2943 1581 3319 1644 nihilominus
3349 1591 3561 1663 imple-

1939 1677 2102 1732 bunt.
2126 1677 2402 1748 Idemque
2451 1678 2510 1731 in
2541 1675 2865 1748 agripenno
2924 1679 2982 1732 ct
3033 1677 3253 1733 ceteris
3281 1687 3559 1750 agrorum

1939 1765 2224 1822 mensuris
2247 1766 2615 1822 sentiendum
2655 1767 2758 1821 est.

213 1851 446 1945 dientes
473 1851 740 1907 homines
769 1850 975 1922 saapius
1027 1854 1258 1906 tantum
1308 1851 1477 1924 spatii
1508 1853 1837 1910 alternatim
1863 1848 1912 1908 Β
2017 1871 2270 1929 Stadium
2303 1871 2520 1940 autem,
2549 1869 2705 1945 quod
2736 1871 2925 1945 magis
2955 1872 3013 1928 in
3045 1873 3317 1929 itinerum
3337 1869 3561 1932 dimem

208 1940 554 1996 metiantur.

179 2069 182 2072 η
272 2031 482 2083 Passus
541 2028 803 2084 continet
845 2029 1091 2100 gradum
1135 2043 1314 2082 unum
1364 2029 1423 2081 et
1644 2027 1840 2089 (Vetus

205 2131 392 2190 Glassa
425 2138 484 2189 in
507 2131 861 2227 codzexponit
884 2134 1129 2205 bissem;
1172 2136 1309 2190 alia:
1327 2121 1432 2227 ςς
1454 2140 1540 2191 est
1557 2135 1836 2207 dodrans)

203 2240 434 2297 cubitos
460 2243 492 2295 3
520 2217 704 2330 etgs
765 2235 998 2330 (Eadem
1049 2239 1256 2311 Glossa,
1310 2217 1614 2317 trientem)
1661 2244 1839 2316 pedes

203 2347 488 2420 quinque,
511 2328 698 2405 sextas
714 2353 746 2404 8
778 2352 836 2404 et
871 2328 994 2439 ἓξ,
1013 2349 1240 2420 palmos
1253 2355 1342 2419 20,
1363 2351 1564 2407 uncias
1583 2350 1674 2418 60,
1695 2349 1840 2422 digi-

201 2457 291 2509 tos
326 2458 423 2510 80.
461 2455 640 2526 Hujus
669 2455 730 2510 in
761 2455 1036 2512 itinerum
1055 2456 1254 2528 spatiis
1281 2457 1569 2513 maximus
1601 2471 1732 2512 usus
1755 2459 1841 2512 est

201 2543 544 2601 metiendis.
577 2544 768 2600 Dictus
796 2561 994 2618 passus
1025 2563 1058 2601 a
1077 2545 1315 2617 petendo
1352 2545 1602 2612 videtur,
1631 2561 1740 2617 pro
1769 2561 1838 2600 eo

203 2632 361 2704 quod
379 2632 718 2703 patentibus
738 2633 1176 2706 intercapedine
1198 2633 1453 2705 quinque
1473 2633 1688 2705 pedum
1710 2645 1836 2687 cru-

205 2720 366 2775 ribus
394 2720 716 2792 Iiguratur:
753 2721 906 2776 unde
935 2725 993 2776 et
1015 2723 1162 2791 passi
1190 2724 1362 2776 crines
1383 2722 1677 2777 dicuntur.

274 2809 525 2875 Pertica,
545 2824 672 2879 qua:
701 2811 759 2862 et
785 2809 1117 2880 decempeda,
1137 2810 1407 2866 continet
1417 2825 1614 2882 passus
1644 2812 1698 2877 2,
1715 2825 1842 2880 gra-

208 2899 312 2953 dus
343 2902 376 2952 3
409 2899 472 2952 et
503 2896 801 2969 trientem,
861 2897 1083 2953 cubitos
1112 2896 1149 2951 6
1194 2902 1251 2952 et
1279 2897 1513 2964 bissem,
1548 2898 1722 2969 pedes
1755 2901 1838 2965 10,

207 2991 397 3041 sextos
433 2987 496 3038 l3
522 2989 581 3038 et
611 2967 729 3080 3.5,
752 2989 977 3058 palmas
994 2991 1089 3053 to,
1116 2987 1314 3040 uncias
1339 2990 1460 3054 120,
1484 2967 1697 3056 digitos
1721 2988 1840 3044 100.

209 3075 373 3130 Dicta
401 3067 1031 3152 pertica'qBasiporlica
1054 3092 1088 3130 a
1109 3074 1400 3147 portando
1421 3074 1654 3134 scilicet.
1677 3074 1842 3130 Manu

212 3181 471 3238 namque
530 3169 818 3224 mensoris
873 3166 947 3221 ad
1003 3181 1174 3236 agros
1245 3163 1627 3219 dimetiendos
1685 3136 1910 3235 virga‘3

215 3255 568 3310 mensuralis
601 3260 888 3329 portatur.

283 3343 461 3398 Actus
492 3347 752 3399 minimus
780 3344 840 3399 in
871 3342 1193 3416 quantitate
1246 3343 1477 3396 tantum
1521 3341 1844 3413 superﬁciei

217 3443 498 3503 agrorum
534 3434 954 3501 consideratur,
1014 3431 1303 3502 habetque
1356 3430 1415 3485 in
1445 3429 1561 3485 lato
1585 3429 1760 3503 pedes
1788 3434 1842 3499 ι,

217 3519 275 3574 in
305 3521 489 3594 longo
524 3523 647 3578 ito.
681 3523 788 3587 Qui
821 3521 1068 3576 invicem
1126 3518 1306 3586 ducti,
1361 3519 1420 3573 id
1481 3522 1587 3586 est,
1642 3523 1847 3591 quater

221 3613 341 3676 140,
371 3610 430 3664 in
458 3613 585 3666 tota
616 3612 740 3683 agri
760 3609 1059 3682 superficie
1086 3611 1412 3663 constratas
1433 3607 1615 3680 pedes
1632 3604 1734 3662 880
1754 3621 1843 3663 os-

219 3697 485 3754 tendunt.
496 3701 707 3754 Ductus
718 3703 914 3754 autem
929 3699 1000 3752 ab
1013 3695 1214 3767 agendo
1229 3695 1406 3750 rurali
1429 3711 1605 3766 opere
1619 3695 1847 3750 videtur

289 3785 491 3856 Clima,
523 3788 732 3843 eodem
753 3786 928 3842 modo
944 3785 1070 3857 agri
1088 3783 1476 3856 quantitatem
1508 3783 1842 3855 designans,

219 3875 391 3931 habet
421 3879 482 3931 et
511 3876 566 3932 in
599 3877 776 3949 longo
803 3879 861 3931 et
890 3876 948 3930 in
977 3875 1096 3930 lato
1128 3873 1304 3945 pedes
1334 3873 1428 3931 60.
1458 3871 1566 3937 Qui
1597 3872 1845 3930 invicem

221 3965 370 4019 ducti
406 3966 547 4021 1600
574 3965 752 4038 pedes
783 3965 1102 4019 constratas
1135 3962 1450 4032 complent.

286 4051 484 4120 Porta,
547 4052 969 4108 nihilhominus
1015 4049 1140 4121 agri
1167 4065 1505 4104 mensuram
1560 4049 1842 4119 indicans,

224 4140 279 4195 in
309 4141 676 4214 longitudine
735 4143 826 4210 80,
874 4139 934 4194 in
967 4137 1273 4194 latitudine
1319 4141 1388 4193 30
1432 4137 1616 4208 pedes
1649 4137 1845 4196 habet.

225 4227 327 4294 Qui
351 4230 598 4285 invicem
633 4228 791 4284 ducti
822 4231 965 4282 2400
987 4227 1246 4282 indicant
1271 4229 1617 4281 constratos.

293 4318 469 4417 dctus
498 4317 820 4421 quadratus,
853 4316 958 4421 qui
988 4319 1047 4371 et
1074 4317 1396 4421 agripennus
1424 4323 1530 4370 seu
1560 4316 1850 4418 an'pcnnus
1869 4397 1920 4421 ἢ
1949 4349 2160 4421 digitos
2185 4349 2246 4404 in
2281 4347 2562 4420 subjecta,

227 4406 450 4474 dicitur,
476 4407 634 4479 quod
667 4405 792 4477 agri
823 4403 1064 4460 modum
1091 4403 1580 4470 discriminamus,
1605 4416 1710 4474 per
1731 4405 1846 4459 sin-
1868 4397 1920 4457 D

227 4495 359 4565 gula
385 4500 637 4567 quatuor
662 4494 845 4549 latera
870 4492 1116 4566 perticas
1177 4495 1261 4558 ﬂ,
1313 4491 1374 4546 id
1404 4494 1510 4558 est,
1538 4492 1716 4563 pedes
1747 4497 1850 4547 no

227 4583 450 4656 recipit.
489 4581 597 4648 Qui
638 4582 698 4637 in
741 4597 801 4637 se
859 4581 1014 4637 ducti
1060 4584 1162 4636 tu
1216 4580 1460 4654 perticas
1507 4583 1844 4649 constratas,

226 4672 514 4744 pedesque
547 4669 837 4743 ejusmodi
869 4673 1192 4728 constratas
1225 4673 1401 4725 “£00
1427 4669 1485 4724 in
1521 4669 1845 4742 agripenuo

228 4759 655 4818 demonstrant.

292 4849 567 4919 Jugerum
596 4865 698 4904 seu
715 4849 901 4920 juger,
933 4866 1034 4905 seu
1057 4849 1250 4919 jugus,
1281 4847 1438 4920 quod
1460 4847 1678 4919 junctis
1703 4843 1846 4903 dua-

228 4935 330 4991 bus
357 4936 656 5008 aripennis
698 4937 893 5005 conﬁt,
945 4936 1194 5009 indeque
1227 4935 1299 4992 ab
1312 4935 1593 5006 jungendo
1629 4951 1847 4992 nomen

231 5024 452 5096 accipit,
483 5025 874 5097 quantitatem
903 5024 1113 5080 itidem
1144 5024 1338 5096 agri...
1369 5023 1555 5095 niens,
1583 5024 1759 5078 habet
1788 5024 1848 5079 in

231 5112 592 5184 longitudine
620 5112 867 5184 perticas
889 5112 982 5179 24,
1009 5112 1069 5167 id
1093 5115 1178 5167 est
1204 5111 1380 5184 pedes
1405 5115 1536 5180 sto;
1574 5111 1632 5166 in
1654 5111 1847 5166 latitu-

232 5200 361 5256 dine
394 5202 646 5273 perticas
678 5205 763 5269 12,
822 5201 883 5255 id
923 5204 1008 5256 est
1036 5205 1138 5256 4:0
1165 5200 1363 5273 pedes.
1398 5199 1522 5264 Qua
1547 5199 1848 5256 latitudine

233 5303 331 5360 per
355 5289 788 5362 longitudinem
810 5290 1049 5345 ductain
1074 5288 1580 5361 superﬁciejugeri
1605 5287 1851 5362 perticas

234 5382 549 5435 constratas
609 5383 734 5447 288,
787 5379 968 5451 pedes
990 5393 1127 5434 vero
1162 5381 1336 5433 18800
1363 5375 1642 5432 invenies.
1676 5377 1851 5448 Hujus

236 5472 498 5539 quartam
522 5471 756 5540 partem
801 5467 1048 5525 tabulam
1090 5467 1412 5538 appellant,
1450 5464 1849 5522 continentem

243 5555 484 5627 perticas
521 5558 847 5612 constratas
875 5559 964 5612 72.

298 5659 558 5718 Casu-ia
600 5664 690 5720 est
740 5676 880 5734 ager
926 5665 1030 5718 200
1071 5661 1375 5719 continens
1398 5661 1634 5735 jugera,
1671 5658 1848 5728 dicta,

233 5749 380 5824 quod
403 5751 562 5827 apud
584 5750 943 5824 antiquiores
970 5750 1230 5810 centenis
1255 5754 1486 5812 tantum
1527 5747 1842 5825 jugeribus

1942 1957 2196 2016 sionibus
2222 1959 2416 2016 usuale
2444 1964 2547 2030 est,
2580 1961 2840 2017 continet
2861 1979 3058 2033 passus
3090 1963 3435 2034 l25,gradus
3454 1963 3558 2018 208

1943 2070 2001 2122 et
2034 2065 2306 2122 trientem
2338 2066 2560 2122 cubitos
2589 2071 2692 2122 tto
2733 2070 2790 2122 et
2821 2065 2949 2139 ςς,
2986 2067 3161 2139 pedes
3211 2071 3336 2135 625,
3374 2071 3559 2124 sextae

1943 2161 2045 2212 933
2079 2159 2136 2210 et
2166 2155 2465 2224 trientem,
2491 2157 2715 2227 palmas
2748 2155 2912 2226 2500',
2935 2157 3132 2213 uncias
3156 2160 3317 2225 7500,
3349 2157 3558 2229 digitos

1943 2249 2101 2302 1000.
2131 2244 2354 2301 Dictum
2389 2249 2583 2300 autem
2615 2246 2865 2302 stadium
2923 2246 3130 2302 dicitur
3159 2263 3194 2302 a
3220 2246 3429 2315 stando,
3462 2263 3561 2302 seu

1941 2335 2097 2408 quod
2116 2335 2358 2406 juvenes
2383 2338 2679 2390 currentes
2703 2352 2942 2392 emenso
2980 2336 3092 2392 hoc
3121 2336 3305 2408 spatio
3331 2335 3405 2391 ad
3437 2352 3559 2390 rne-

1939 2428 2060 2478 tam
2096 2427 2345 2492 starent;
2395 2441 2495 2479 seu
2548 2423 2704 2497 quod
2751 2417 3017 2482 Hercules
3041 2425 3265 2497 primus
3292 2425 3402 2480 hoc
3429 2441 3562 2498 spa-

1939 2514 2084 2568 tium
2105 2530 2222 2569 uno
2268 2512 2524 2568 anhelitu
2551 2515 2943 2570 transcursum
2978 2513 3184 2570 stando
3216 2513 3563 2584 signaverat.

2019 2618 2351 2676 Milh'arium
2373 2619 2552 2676 habet
2580 2608 2765 2677 stadia
2791 2626 2844 2690 8,
2877 2638 3074 2694 passus
3100 2619 3244 2694 mjlle
3289 2619 3467 2692 (unde
3507 2622 3566 2674 et

1940 2726 2159 2765 nomen
2217 2709 2484 2798 accepit),
2537 2710 2752 2782 gradus
2807 2683 2967 2781 tet-)0,
3026 2715 3089 2766 6t
3126 2683 3558 2798 S—S,‘cubitos

1942 2819 2104 2886 που,
2155 2819 2220 2871 es
2373 2853 2390 2881 ,
2440 2817 2617 2888 pedes
2677 2820 2840 2885 sooo,
2884 2820 3074 2872 sertas
3121 2785 3282 2884 ἶοδο,
3326 2818 3395 2870 co

1943 2907 2168 2978 palmas
2195 2906 2392 2977 20000,
2421 2908 2620 2962 uncias
2669 2909 2872 2975 00000,
2931 2906 3144 2978 digitos
3191 2909 3390 2963 80000.
3445 2907 3561 2964 Hoc

1944 2996 2227 3066 permissu
2268 2996 2468 3070 prisca:
2494 2997 2638 3067 legis
2658 2996 2769 3051 iter
2797 2995 3032 3051 Sabbati
3063 2995 3192 3052 fuit.

2013 3102 2194 3161 Leuce
2224 3103 2432 3176 recipit
2458 3102 2795 3158 milliarium
2809 3112 2989 3158 unum
3003 3106 3061 3158 et
3087 3102 3424 3171 dimidium,
3455 3106 3565 3159 sta-

1945 3192 2040 3248 dia
2081 3200 2166 3260 12,
2199 3205 2398 3265 passus
2427 3193 2585 3249 mille
2598 3191 3202 3265 quingentos,gradus
3232 3194 3391 3260 1000,
3411 3191 3563 3248 cubi-

1944 3282 2202 3338 tos.8000
2231 3281 2410 3354 pedes
2450 3283 2612 3352 7500,
2646 3285 2832 3337 sextae
2863 3283 3056 3347 l0000,
3086 3283 3312 3353 palmas
3336 3284 3558 3351 30,000,

1945 3371 2141 3426 uncias
2170 3371 2368 3435 90000,
2395 3368 2606 3442 digitos
2640 3372 2871 3426 120000.
2894 3370 3056 3426 Dicta
3080 3371 3242 3425 leuca
3269 3370 3558 3437 alevando,

1945 3458 2004 3514 id
2031 3463 2136 3526 est,
2167 3459 2474 3515 relevando
2503 3462 2634 3530 post
2654 3461 2880 3514 tantum
2909 3459 3020 3514 iter
3039 3471 3304 3531 corpore,
3328 3453 3488 3514 Unde
3501 3461 3561 3513 et

1947 3545 2098 3618 apud
2121 3544 2476 3602 Teutonicos
2521 3545 2689 3601 Rasta
2721 3565 2754 3601 a
2777 3546 3191 3618 requiescendo
3215 3547 3554 3618 appellatur.

2582 3703 2810 3760 CAPUT
2850 3705 2942 3760 Ill.

1943 3796 2036 3855 De
2080 3796 2422 3868 descriptione
2471 3795 2790 3936 quant‘itqfis
2811 3790 3141 3876 earumdem
3187 3809 3558 3851 mensurath

2649 3883 2694 3919 η
2727 3880 2873 3922 arta.

2628 3873 2873 3922 trifaria.

2017 3989 2131 4049 Sed
2152 3992 2288 4065 quia
2314 3991 2438 4048 haec
2470 3983 2541 4046 de
2569 3988 2906 4056 linearibus,
2955 3979 3014 4044 id
3041 3991 3126 4044 est
3157 3988 3338 4045 solam
3370 3990 3563 4063 longi-

1948 4080 2210 4138 tudinem
2242 4080 2679 4155 designantibus
2719 4079 3007 4135 mensuris
3065 4083 3377 4152 utcumque
3407 4079 3562 4136 dicta

1947 4173 2101 4240 sunt,
2153 4183 2304 4227 nunc
2363 4181 2594 4244 quoque
2646 4168 2988 4225 earumdem
3042 4169 3449 4241 quantitatem,
3519 4171 3565 4226 si

1949 4263 2254 4316 constrata!
2303 4263 2402 4315 aut
2449 4258 2645 4316 solidae
2675 4258 2838 4326 ﬁant,
2870 4271 2975 4330 per
2998 4263 3215 4329 passus,
3281 4259 3457 4330 pedes
3508 4263 3567 4314 et

2589 4347 2636 4402 si
2679 4348 2889 4419 placet,
2919 4347 3192 4419 paginuia
3223 4357 3397 4419 quam
3432 4347 3563 4403 bre-

1949 4437 2176 4493 vissime
2201 4437 2596 4504 subnotemus,
2652 4447 2748 4490 eas
2796 4434 3065 4490 videlicet
3114 4435 3565 4491 intermittentes

1949 4543 2110 4600 quas,
2169 4525 2521 4600 quantitates
2577 4527 2809 4580 tantum
2868 4523 3193 4596 superficiei
3260 4535 3558 4598 agrorum,

1949 4617 2350 4672 demonstrare
2376 4612 2771 4688 praediximus.

2015 4721 2189 4778 Leuca
2206 4721 2384 4778 habet
2411 4721 2660 4779 lineares
2689 4737 2886 4794 passus
2937 4723 3093 4788 1500,
3126 4717 3447 4777 constratas
3477 4720 3564 4778 bis

1949 4813 2158 4833 chon-bl

1945 4813 2245 4910 meat,
2266 4839 2478 4897 solidos
2505 4846 2594 4899 ter
2620 4812 2792 4908 iiii",
2822 4853 2881 4896 et
2911 4843 3000 4895 ter
3025 4811 3188 4904 cﬁ,
3221 4837 3282 4891 et
3309 4835 3456 4923 _Lxx,
3491 4851 3552 4890 es

1943 4953 2547 5128 mgisiiaﬁsnilhahet
2562 5043 2808 5128 lineares
2825 5051 3020 5111 passus
3043 5033 3224 5104 mille,
3238 5033 3563 5088 constratas

1944 5135 2041 5232 ﬁl,
2072 5162 2281 5219 solides
2307 5125 2433 5232 lit-il,
2465 5125 2645 5215 millia
2667 5135 2768 5211 Μ’Ῑί
2803 5150 3008 5209 millia.

2018 5268 2233 5324 Pertica
2264 5267 2442 5323 habet
2494 5264 2741 5318 lineares
2789 5273 2994 5330 passus
3050 5251 3214 5324 duos,
3245 5257 3566 5311 constratas

1944 5361 2218 5434 quatuor,
2235 5354 2450 5410 solidos
2480 5353 2631 5406 octo.

2017 5463 2216 5518 Passus
2233 5459 2408 5515 habet
2435 5457 2682 5512 lineares
2712 5452 2890 5525 pedes
2915 5452 3203 5526 quinque,
3235 5451 3568 5505 constratas

1951 5555 2041 5618 25,
2068 5549 2283 5605 solidos
2306 5550 2435 5602 128.

2025 5653 2238 5711 Gradus
2262 5651 2441 5711 habet
2474 5651 2722 5710 lineares
2739 5645 2920 5724 pedes
2943 5650 3002 5719 ὃν
3031 5643 3357 5701 constratas
3389 5645 3450 5712 9,
3478 5657 3573 5698 so-

1958 5742 2109 5800 lidos
2133 5745 2223 5805 27.
