3882 6230
357 371 432 427 99
957 372 1300 430 SILXESTRI
1348 375 1393 430 ιι
1431 375 1635 431 ΡΑΡλΕ
1672 375 1826 434 ΟΡΡ.
1871 377 1949 433 ΡΑ

2108 380 2150 438 l.
2189 409 2258 420 —
2304 378 2395 435 DE
2439 379 2730 438 DlSCIPL.
2768 382 3076 438 ΜΑΤΗΕΜ.

3575 389 3673 441 100

425 486 654 544 Cubitus
672 488 848 544 habet
863 489 1140 547 linearem
1171 493 1382 563 pedem
1412 496 1453 561 Ι,
1479 511 1660 550 unum
1687 497 1743 552 S.
1778 497 1971 567 (8-10),
1998 502 2054 562 Α
2082 500 2201 553 tem
2216 498 2416 569 planus
2443 501 2670 570 angulus
2691 501 2936 556 duarum
2977 503 3262 558 linearum
3293 503 3352 558 in
3379 503 3619 574 planitie
3645 523 3672 560 e

351 579 678 649 constratos
709 578 874 642 duos,
904 594 1086 634 unum
1120 580 1421 652 trientem,
1455 583 1666 640 solidos
1695 589 1832 653 tres,

467 666 579 722 1U.

467 667 579 722 Ηὶ.

364 667 528 810 Lfl’es
557 754 735 810 habet
762 755 1012 813 lineares
1058 757 1274 831 digitos
1331 765 1413 827 16,
1466 763 1786 818 constratos
1851 767 1974 830 256,

359 840 569 896 solidus
592 842 759 899 4096.
1839 861 1841 863 ’

417 929 583 985 Sexta
612 931 788 988 habet
833 933 1080 991 lineares
1110 937 1324 1008 digitos
1359 940 1446 1006 12,
1479 943 1800 996 constratos
1840 947 1959 1010 us,

350 1016 564 1074 solidos
594 1023 753 1076 i728.

414 1105 638 1250 lPglmus
669 1109 844 1166 habet
872 1111 1121 1167 lineares
1167 1113 1373 1185 digitos
1401 1121 1457 1185 4,
1493 1121 1814 1174 constratos
1877 1128 1963 1190 16,

439 1195 455 1250 i
499 1212 562 1250 os
590 1201 680 1250 64.

348 1195 562 1252 solidos
590 1201 680 1256 64.

424 1301 598 1361 Uneia
609 1304 1076 1364 babetlinearem
1104 1309 1351 1382 digitum
1372 1330 1575 1383 unum,
1591 1295 1696 1406 gs
1717 1323 1968 1375 constra-

347 1435 439 1496 tos
458 1405 770 1517 unumss
796 1428 854 1479 et
929 1425 1140 1481 solidos
1171 1426 1334 1496 duos,
1499 1431 1550 1515 ξ
1577 1439 1679 1505 φχ
1722 1408 1808 1529 οδ
1829 1436 1966 1505 (12).

414 1533 639 1604 .Digitus
664 1537 838 1593 habet
867 1539 1111 1595 linearia
1141 1540 1345 1596 hordei
1365 1557 1550 1613 grana
1581 1544 1642 1609 4,
1673 1544 1966 1596 constrata

351 1623 436 1690 16,
469 1621 652 1679 solida
681 1627 770 1679 δι.

416 1711 485 1764 Et
504 1711 780 1768 hactenus
809 1715 880 1769 de
914 1717 1220 1784 mensuris,
1255 1734 1382 1789 qua:
1413 1734 1447 1771 a
1476 1716 1767 1789 prioribus
1794 1717 1962 1772 nobis

345 1804 546 1864 relicta
574 1807 728 1870 sunt,
753 1803 886 1858 satis
908 1807 966 1859 et
994 1821 1110 1860 nen
1142 1807 1452 1878 superﬂue,
1476 1810 1538 1860 ut
1559 1823 1712 1873 reor,
1737 1808 1956 1860 dictum
1982 1829 2033 1887 Β

345 1900 452 1952 est.
503 1893 668 1958 Quod
715 1892 759 1946 si
810 1893 1098 1964 prioribus
1145 1894 1202 1948 in
1250 1896 1644 1950 mensurando
1693 1895 1958 1966 partibus

343 1983 584 2054 indiget,
623 1981 866 2052 diligens
888 1982 1130 2054 quisque
1156 2000 1628 2055 unamquamque
1658 2000 1956 2038 mensura-

343 2087 474 2128 rum
489 2070 996 2142 praadietarummt
1023 2087 1250 2126 necesse
1279 2073 1472 2138 fuerit,
1499 2090 1597 2127 seu
1629 2088 1732 2142 per
1769 2073 1956 2126 minu-

342 2160 452 2214 tias
511 2158 744 2213 usitatas
800 2157 914 2213 sive
965 2175 1068 2230 per
1121 2159 1540 2215 intellectuales
1595 2160 1958 2216 multimodis

344 2248 559 2304 habere
589 2245 820 2319 poterit.

979 2355 1202 2409 CAPUT
1241 2355 1330 2411 IV.

887 2443 970 2498 De
997 2444 1174 2513 planis
1210 2445 1424 2515 ﬁguris.

417 2536 578 2590 Nunc
604 2549 740 2588 vero
785 2532 855 2586 de
897 2532 1116 2604 figuris,
1175 2549 1303 2603 quas
1354 2532 1608 2603 prmfatis
1648 2531 1956 2587 linearibus

346 2623 721 2680 includuntur
766 2621 1070 2686 mensuris,
1128 2622 1543 2690 speculandum
1596 2625 1700 2675 est.
1730 2620 1956 2691 Figura,

346 2729 476 2786 quae
505 2712 696 2766 Grazec
723 2711 929 2765 schema
960 2713 1214 2776 vocatur,
1252 2712 1335 2764 est
1363 2710 1609 2782 spatium
1643 2710 1810 2764 certis
1839 2713 1956 2764 ter-

347 2801 521 2858 minis
537 2800 842 2858 inclusum.
871 2799 1049 2869 Hujus
1074 2797 1293 2869 species
1324 2798 1451 2853 dua:
1481 2803 1632 2853 sunt.
1664 2801 1775 2852 Aut
1801 2799 1956 2852 enim

340 2889 521 2961 planae
550 2891 649 2943 aut
675 2887 856 2943 solidae
883 2891 1036 2941 sunt.
1071 2886 1177 2941 Sed
1216 2887 1286 2940 de
1309 2887 1501 2942 solidis
1531 2887 1588 2941 in
1626 2887 1959 2958 posteriori-

349 2978 484 3046 bus;
512 2993 667 3031 nune
706 2975 777 3030 de
801 2974 985 3048 planis
1012 2973 1327 3028 videamus.

418 3066 616 3123 Planae
642 3064 910 3118 dicuntur
938 3062 1158 3135 figurae,
1182 3079 1309 3134 quae
1332 3062 1746 3134 profunditate,
1770 3063 1828 3117 id
1851 3067 1956 3130 est,

349 3153 654 3210 altitudine
683 3154 965 3219 carentes,
1009 3152 1064 3205 in
1103 3150 1466 3222 longitudine
1505 3155 1730 3205 tantum
1762 3152 1955 3206 latitu-

350 3243 487 3298 dine
511 3257 621 3314 que
673 3239 1130 3295 considerantur.
1162 3240 1256 3293 Ha:
1296 3256 1430 3294 vero
1464 3239 1508 3293 si
1534 3239 1957 3294 rationabiliter

349 3332 775 3404 proponuntur,
809 3331 906 3383 aut
933 3327 1114 3383 curvis
1173 3345 1293 3396 seu,
1346 3345 1473 3399 quae
1508 3329 1699 3383 Graece
1724 3329 1953 3398 eullzyae,

350 3417 834 3485 determinantur,
865 3420 922 3470 et
950 3417 1237 3488 angulata:
1278 3419 1436 3482 sunt,
1478 3418 1956 3488 appellanturque

348 3509 802 3577 eulhygrammw;
850 3508 949 3559 aut
997 3504 1164 3558 rectis
1194 3504 1378 3571 lineis,
1414 3505 1955 3560 circumferentibus

347 3595 535 3661 lineis,
567 3612 708 3668 quas
735 3593 911 3648 Graeci
937 3594 1163 3662 cyclicas
1194 3594 1308 3648 sive
1336 3593 1619 3664 cycloides
1649 3592 1834 3662 (Cod.,
1884 3593 1957 3647 li-

348 3683 564 3751 eoides)
588 3683 704 3737 sive
732 3681 957 3754 capellas
989 3685 1214 3750 vocant,
1236 3681 1630 3749 includuntur,
1661 3684 1720 3735 et
1751 3685 1956 3738 rotun-

347 3772 436 3828 da:
470 3771 583 3830 sive
610 3771 876 3842 oblongas
923 3773 1077 3838 sunt,
1119 3775 1177 3825 ct
1221 3770 1724 3842 campylogrammze
1765 3770 1957 3825 nomi-

349 3865 592 3917 nantur:
633 3861 720 3914 vel
746 3863 900 3915 certe
933 3861 1208 3932 utrisque,
1230 3860 1288 3914 id
1302 3863 1386 3914 est
1413 3859 1583 3914 rectis
1609 3863 1666 3914 et
1690 3860 1958 3930 curvatis,

344 3952 798 4023 componuntur,
829 3951 887 4002 et
914 3949 1125 4020 partim
1156 3950 1467 4020 angulatm,
1500 3947 1714 4020 partim
1741 3949 1958 4004 lunata:

343 4056 450 4096 seu
476 4038 740 4093 rotunda:
769 4042 922 4108 sunt,
953 4038 1110 4110 quod
1139 4054 1321 4108 genus
1351 4039 1546 4091 mz'eton
1577 4054 1610 4092 a
1639 4037 1846 4092 Graecis
1873 4038 1958 4093 di-

349 4128 520 4183 citur.
552 4127 687 4191 Quae
715 4126 976 4199 singulae,
995 4131 1165 4200 prout
1182 4125 1556 4181 commodum
1570 4129 1627 4179 et
1646 4127 1781 4180 utile
1804 4127 1958 4182 vide-

348 4217 524 4282 bitur,
576 4215 634 4269 in
703 4215 1188 4287 consequentibus
1231 4213 1485 4286 apertius
1543 4213 1957 4270 deseribentur.

350 4303 616 4377 Spatium
645 4307 838 4359 autem
871 4305 984 4358 sive
1010 4302 1274 4376 planities
1307 4302 1614 4372 planarum
1641 4303 1960 4374 ﬁgurarum

2083 585 2302 641 diverso
2345 587 2628 642 dietarum
2667 589 2741 642 ad
2784 606 2962 644 unum
3005 595 3281 661 punctum
3305 591 3669 651 coadunatio.

2079 671 2207 728 Sive
2237 674 2429 729 aliter:
2461 676 2718 746 Angulus
2738 679 2823 730 est
2869 678 3116 748 spatium
3148 679 3302 749 quod
3327 678 3428 732 sub
3459 679 3673 734 duabus

2076 761 2242 817 lineis
2271 764 2600 818 continetur
2624 781 2683 819 se
2700 764 2944 820 invicem
2968 767 3476 837 tangentibus.Qui
3502 769 3671 823 nimi-

2076 868 2227 922 rum,
2262 851 2523 906 trimodis
2550 852 2846 924 speciebus
2901 853 3195 923 discretus,
3230 859 3328 911 aut
3355 864 3530 911 rectus
3569 863 3670 925 est,

2073 942 2171 995 aut
2207 941 2382 1008 hebes,
2422 944 2522 995 aut
2547 947 2752 994 acutus.

2139 1029 2354 1092 περι-αδ,
2394 1029 2491 1100 qui
2535 1032 2594 1083 et
2617 1029 2869 1084 norm-alis
2901 1030 3128 1095 dicitur,
3165 1034 3272 1087 hoc
3304 1037 3479 1091 modo
3510 1037 3598 1105 fit,
3626 1039 3669 1093 si

2067 1120 2284 1171 rectam
2305 1118 2520 1171 lineam
2545 1117 2841 1187 jacentem
2863 1118 3044 1173 altera
3073 1123 3227 1175 stans
3254 1128 3410 1178 recta
3448 1128 3669 1181 contin-

2067 1210 2186 1277 gat,
2217 1209 2276 1260 et
2325 1222 2388 1260 ex
2438 1210 2680 1278 utraque
2727 1205 2812 1260 sui
2851 1210 3014 1277 parte
3067 1225 3262 1282 ecquos
3313 1216 3560 1284 angulos
3596 1217 3671 1272 ita

2065 1293 2234 1349 facit:

2857 1454 2877 1508 Ῐ

2560 1509 3168 1936 __L

2135 2090 2245 2145 Hic
2277 2094 2494 2156 autem,
2519 2086 2679 2161 quasi
2703 2085 2802 2142 vite
2825 2085 3045 2142 virtutis
3071 2088 3328 2143 medium
3352 2093 3578 2160 tenens,
3601 2092 3668 2148 si-

2060 2179 2232 2252 bique
2259 2180 2364 2250 ipsi
2394 2197 2621 2252 semper
2655 2183 2713 2233 et
2755 2179 3124 2234 uniformiter
3166 2181 3420 2251 aequalis,
3459 2198 3565 2236 nec
3610 2199 3665 2237 se

2060 2269 2186 2339 plus
2211 2285 2375 2341 inquo
2401 2268 2622 2336 dilatat,
2657 2284 2758 2322 nec
2783 2268 2973 2322 minus
2995 2269 3150 2340 justo
3178 2273 3449 2323 coarctat.

2129 2357 2304 2411 Hebes
2345 2361 2562 2424 autem,
2613 2357 2708 2428 qui
2750 2361 2807 2411 et
2859 2359 2985 2426 plus
3034 2357 3281 2412 uormali
3321 2358 3406 2410 vel
3454 2357 3663 2414 obtusus

2060 2445 2268 2500 dicitur
2293 2447 2556 2516 angulus,
2589 2446 2708 2516 qui,
2739 2446 2900 2516 quasi
2920 2446 3225 2516 pleonasiua
3260 2462 3444 2512 more,
3485 2449 3663 2501 semel

2057 2539 2279 2588 rectum
2318 2533 3276 2605 execdens,incertaindefinitaque
3309 2536 3661 2604 quantitate,

2059 2623 2242 2676 donec
2272 2623 2331 2676 in
2362 2623 2573 2676 lineam
2629 2621 2880 2689 deficiat,
2926 2622 3151 2676 dilatari
3196 2626 3254 2675 et
3283 2623 3530 2692 expandi
3560 2640 3666 2694 po-

2061 2715 2189 2764 test.
2217 2711 2302 2765 Fit
2331 2715 2524 2765 autcm
2551 2710 2595 2764 si
2621 2710 2840 2780 jacenti
2886 2710 3052 2765 lineae
3093 2710 3271 2764 altera
3303 2711 3373 2764 ab
3405 2727 3474 2765 ea
3497 2712 3661 2766 ineli-

2059 2805 2197 2855 nata
2217 2800 2499 2870 jungatur
2523 2799 2628 2853 ita:

3031 2978 3089 3003 ν

2638 3008 3056 3119 .____/

2131 3206 2344 3262 Acutus
2371 3211 2478 3276 est,
2507 3208 2628 3280 qui,
2661 3207 3018 3263 neomesiam
3038 3208 3291 3275 imitans,
3323 3209 3381 3262 et
3404 3206 3558 3262 infra
3573 3224 3667 3264 re-

2061 3297 2220 3350 ctum
2249 3297 2582 3364 subsistens,
2627 3297 2945 3351 identidem
2989 3297 3308 3368 quantitate
3363 3295 3668 3351 indeﬁnita

2060 3401 2238 3455 usque
2269 3384 2328 3439 in
2357 3385 2570 3440 lineam
2603 3386 2880 3440 directam
2913 3386 3190 3439 coarctari
3223 3386 3390 3440 valet.
3418 3385 3503 3438 Fit
3533 3402 3666 3440 vero

2060 3473 2418 3543 sijaccntcm
2452 3475 2667 3529 lineam
2700 3477 2918 3528 rectam
2960 3475 3140 3529 altera
3169 3474 3242 3529 ad
3282 3490 3411 3528 eam
3443 3473 3668 3528 inclinis

2059 3565 2282 3632 tangat,
2312 3563 2421 3617 ita:

2134 4106 2204 4160 Et
2224 4105 2282 4160 hi
2307 4104 2541 4177 quidem
2559 4103 2777 4174 anguli,
2793 4120 2859 4157 ex
2876 4101 3043 4158 rectis
3071 4101 3282 4155 scilicet
3303 4099 3459 4168 facti,
3481 4099 3674 4167 euthy-

2058 4197 2295 4265 grammi
2320 4195 2530 4260 Greece,
2562 4193 2829 4250 rectilinei
2859 4193 3098 4262 possunt
3146 4188 3343 4242 Latine
3375 4187 3674 4259 appellari.

2062 4285 2304 4339 Possunt
2335 4287 2534 4338 tamen
2567 4283 2789 4337 eaedem
2822 4284 2938 4334 tres
2969 4279 3316 4349 angulorum
3340 4275 3553 4347 species
3580 4274 3679 4328 ali-

348 4365 518 4450 liheis
549 4393 1002 4466 circumscripta,
1031 4389 1312 4446 embadum
1335 4390 1590 4444 aGraacis
1617 4394 1960 4464 appellatur,
1989 4405 2041 4464 Ῑ)
2063 4373 2358 4466 (1υοΨοἀο
2389 4389 2460 4466 ΡΧ
2492 4372 2658 4466 Fe‘C‘tiS
2681 4373 2738 4425 et
2759 4365 3297 4466 CiF'CUIPfCFBDtlh‘tlS
3328 4365 3511 4466 lineis,
3536 4367 3677 4416 item

351 4483 508 4557 quod
529 4499 564 4537 a
589 4483 795 4538 nostris
832 4483 1284 4552 interpretatum
1317 4496 1442 4533 area
1472 4485 1858 4552 nuncupatur,
1893 4483 1964 4538 ad

351 4573 512 4644 cujus
539 4572 802 4628 videlicet
818 4574 876 4625 et
911 4584 1060 4624 area:
1084 4565 1476 4639 quantitatem
1507 4567 1965 4641 investigandam

350 4661 542 4729 variae,
570 4677 675 4732 pro
717 4658 1046 4716 diversitate
1075 4657 1401 4726 figurarum
1428 4659 1485 4711 et
1515 4657 1963 4728 theorematum,

349 4749 566 4821 regulae
596 4749 807 4820 passim
855 4746 1126 4817 dispersae
1169 4743 1457 4812 feruntur,
1503 4763 1570 4800 ex
1611 4746 1815 4818 quibus
1863 4749 1968 4803 ali-

351 4853 514 4910 quas,
542 4853 682 4909 quas
733 4834 911 4891 nostri
941 4831 1231 4902 attingere
1256 4833 1448 4903 potuit
1488 4834 1809 4906 diligentia,
1839 4854 1966 4909 quae

347 4927 604 4982 utiliores
623 4920 1302 4992 videbantur,aliquantis
1321 4937 1424 4993 per
1439 4923 1756 4980 ordinatius
1775 4925 1967 4997 diges-

347 5018 439 5072 tas
467 5015 706 5088 aggredi
732 5010 1106 5078 tentabimus,
1137 5010 1184 5065 si
1209 5010 1365 5083 prius
1409 5030 1591 5086 pauca
1625 5014 1697 5070 de
1737 5016 1964 5084 angulo-

350 5121 475 5162 rum
513 5103 830 5177 speciebus,
883 5102 942 5155 et
1006 5099 1117 5154 alia
1187 5101 1459 5173 quaedam
1503 5103 1964 5176 ingredientibus

352 5192 674 5252 necessaria
725 5187 1180 5263 probaverimus.

422 5287 620 5355 Itaque
650 5281 837 5352 planta
867 5279 1066 5352 figuras
1097 5297 1237 5354 quas
1261 5281 1434 5338 rectis
1483 5281 1651 5336 lineis
1682 5282 1963 5336 determi-

351 5372 480 5430 nari
509 5371 925 5442 angulatasque
956 5386 1075 5425 esse
1125 5369 1391 5438 diximus,
1439 5370 1605 5424 trinis
1645 5369 1964 5424 necessario

351 5463 662 5537 planorum
691 5461 1037 5531 angulorum
1062 5459 1396 5514 formantur
1415 5456 1734 5528 speciebus.
1757 5457 1852 5512 Est
1869 5471 1966 5513 au-

422 5566 594 5634 (8-10)
632 5568 826 5624 Glossa
855 5572 1037 5634 vetus,
1063 5567 1352 5621 semissem.

419 5639 528 5713 (Η)
554 5634 767 5699 Eadem
788 5641 1111 5699 semunciam
1129 5651 1230 5691 seu
1255 5634 1638 5694 seminarium.

2065 4479 2132 4517 ex
2163 4460 2699 4516 circumferentibus
2751 4456 2883 4511 solis
2923 4453 3179 4524 ﬁgurari.
3214 4453 3288 4505 Ex
3313 4451 3482 4504 rectis
3510 4467 3678 4506 nam-

2065 4569 2176 4624 que
2207 4554 2264 4606 et
2289 4547 2830 4605 circumferentibus
2854 4543 3022 4598 lineis
3046 4540 3187 4595 recti
3209 4539 3402 4608 anguli
3431 4539 3682 4610 ﬁgurau-

2065 4644 2180 4707 tur,
2203 4639 2248 4694 si
2271 4638 2513 4692 circulus
2540 4633 2840 4709 aequaliter
2855 4649 2889 4685 a
2910 4632 3121 4700 puncto
3149 4626 3569 4682 circumductus
3587 4646 3679 4684 re-

2067 4732 2221 4783 ctam
2252 4727 2466 4781 lineam
2489 4743 2592 4797 per
2620 4726 2810 4796 ipsum
2843 4722 3124 4792 punctum
3156 4714 3216 4768 in
3249 4714 3360 4769 duo
3391 4733 3557 4788 {aqua
3591 4736 3678 4774 se-

2067 4821 2160 4874 cat
2187 4817 2303 4872 ita:

2466 5037 3248 5431 ί

2132 5541 2242 5617 (l2)
2271 5543 2484 5603 Eadem
2514 5549 2708 5605 Glossa
2737 5552 2978 5622 exponit
3008 5554 3113 5608 has
3143 5557 3314 5610 notas
3331 5551 3442 5606 hoe
3466 5545 3675 5608 modo:

2057 5627 2108 5712 ε
2141 5634 2367 5692 duella:
2390 5638 2787 5710 epsemiuntia:
2813 5637 2873 5709 Ι
2906 5641 3110 5699 obolus
3144 5625 3316 5715 ζῶ
3331 5638 3562 5712 siliqua.
