3882 6230
167 364 246 418 l0l
1543 356 1635 417 DE
1672 359 2085 419 GEOHETRIA.
3378 370 3477 426 t02

221 477 439 536 Hebetes
468 481 698 547 autem,
731 477 828 551 qui
877 480 934 533 et
978 473 1170 532 obtusi
1209 476 1435 550 anguli,
1474 479 1519 536 si
1567 480 1833 553 majorA

160 568 381 625 dimidio
406 567 613 624 circuli
640 583 778 640 pars
805 567 916 623 hoc
945 565 1118 622 modo
1147 565 1468 626 formetur:

701 1096 886 1147 HEBES
920 764 1270 1185 ΛΜΞῐῇ
2325 764 2859 1185 ἃ

658 1169 1244 1216 L———___—l

221 1279 376 1335 Acuti
405 1295 542 1335 vero
575 1282 750 1353 ﬁunt,
781 1286 827 1341 si
855 1287 1049 1344 minor
1079 1285 1394 1344 medietate
1424 1280 1618 1337 circuli
1640 1296 1773 1352 pars
2433 1251 2449 1404 ‹
2912 1248 2918 1342 1

223 1367 488 1423 scribitur
522 1386 536 1424 :
2697 1345 2918 1564 λ

223 1367 488 1423 scribitur
522 1386 536 1424 :

224 1856 293 1910 Ex
319 1857 456 1911 solis
481 1862 689 1914 autem
721 1857 1263 1914 circumferentibus
1293 1857 1480 1924 lineis,
1503 1857 1547 1911 si
1575 1873 1690 1923 eas,
1709 1856 1769 1912 id

158 1948 253 2012 est,
293 1948 407 2000 tres
447 1949 809 2018 angulorum
848 1947 1085 2018 species,
1131 1946 1268 2000 velis
1302 1947 1578 2018 ﬁgurare,
1627 1946 1770 2000 duos

157 2035 388 2104 aequales
419 2035 674 2090 circulos
711 2037 792 2090 ita
820 2037 926 2091 sibi
969 2035 1214 2090 invicem
1247 2035 1489 2090 innexos
1521 2035 1765 2089 circum-

157 2122 353 2190 ducito,
381 2127 445 2176 ut
490 2128 746 2196 uterque
783 2123 1271 2179 circumductione
1301 2140 1404 2178 sua
1443 2126 1595 2178 secet
1625 2124 1766 2178 alte-

156 2209 260 2265 rius
287 2214 610 2281 punctum;
643 2212 838 2284 sicque
865 2216 922 2266 et
963 2213 1020 2266 in
1049 2211 1260 2279 media,
1296 2211 1354 2266 ni
1381 2212 1573 2274 fallor,
1607 2228 1762 2278 area,

156 2304 207 2352 et
245 2299 300 2353 in
344 2300 599 2372 singulis
646 2300 904 2371 partibus
937 2300 1272 2355 altrinsecus
1331 2300 1529 2371 positis
1578 2302 1765 2355 rectos

158 2402 345 2442 omnes
375 2388 449 2442 ad
480 2387 576 2443 sui
607 2388 852 2443 modum
881 2389 1123 2460 angulos
1152 2388 1486 2460 pernotabis
1511 2388 1592 2443 ita
1619 2405 1632 2442 :

2434 526 2908 949 {7%

1940 1725 2250 1782 Sciendum
2283 1739 2513 1798 quoque
2551 1723 2638 1778 est
2673 1718 2828 1794 quod
2851 1718 3002 1775 acuti
3031 1720 3228 1794 anguli
3250 1723 3466 1777 interio-

1799 1797 1850 1859 Β
1869 1829 1968 1881 res,
1993 1815 2227 1870 hebetes
2255 1797 2388 1870 vero
2417 1797 2702 1871 exteriores
2725 1810 2800 1864 ad
2829 1810 3331 1881 comparationem
3355 1811 3468 1866 sci-

1869 1901 2002 1956 licet
2033 1903 2172 1958 recti
2205 1902 2401 1974 anguli
2430 1903 2618 1956 solent
2663 1897 2961 1970 appellari.
3013 1899 3218 1952 Rectus
3252 1900 3466 1972 quippe

1869 1992 2112 2062 angulus
2137 1992 2207 2046 ab
2237 1993 2466 2058 hebete,
2492 1992 2689 2061 utpote
2711 1987 3012 2052 exteriore,
3045 1986 3362 2058 latioreque
3386 1989 3471 2042 in-

1869 2080 2147 2149 cluditur;
2175 2081 2275 2135 sed
2304 2080 2422 2153 ipse
2453 2095 2648 2133 rursus
2676 2069 2929 2142 acutum,
2958 2078 3019 2128 ut
3049 2074 3312 2128 videlicet
3341 2091 3470 2130 am-

1867 2169 2037 2240 plior,
2088 2168 2430 2224 interiorem
2462 2165 2738 2232 includit;
2781 2162 2937 2236 quod
2969 2161 3028 2216 in
3060 2163 3317 2232 subjecta
3345 2162 3463 2217 for-

1868 2259 2026 2313 mula
2048 2259 2368 2325 rectilinea,
2399 2257 2496 2312 ubi
2532 2269 2738 2310 omnes
2762 2252 3110 2322 angulorum
3141 2251 3358 2322 species
3395 2252 3464 2308 ad

1868 2364 2050 2402 unum
2089 2364 2156 2402 eo
2191 2347 2459 2403 adunatm
2491 2346 2625 2400 sunt
2655 2344 2955 2415 punctum,
2988 2338 3331 2394 describitur
3355 2340 3462 2396 hoc

1868 2436 2064 2492 modo.

2447 2580 2581 2638 REC

2136 2863 2354 2924 HEBES
2402 2667 2770 2925 JZACU'IUS
2995 2897 3009 2925 ,

1938 3027 2284 3082 Intuendum
2313 3023 2491 3080 etiam
2532 3025 2619 3078 est
2657 3023 2812 3096 quod
2856 3028 3028 3082 rectm
3055 3028 3226 3085 linem
3243 3029 3466 3102 jacenti

1869 3116 1914 3172 si
1939 3119 2095 3172 recta
2124 3133 2260 3184 una,
2313 3130 2440 3188 qum
2482 3113 2973 3186 perpendicularis
3003 3115 3232 3187 dicitur,
3279 3126 3470 3178 erecta

1869 3208 2170 3277 superstet,
2217 3203 2315 3259 ubi
2362 3203 2660 3274 jacentem
2717 3203 2924 3274 tangit,
2978 3221 3046 3260 ex
3097 3211 3340 3282 utraque
3384 3211 3470 3266 sui

1869 3297 2032 3366 parte
2052 3296 2274 3348 rectum
2305 3291 2591 3363 angulum
2620 3291 2833 3347 efﬁciet
2861 3292 2971 3348 hoc
2997 3295 3172 3351 modo
3207 3313 3222 3352 :

2435 3583 2931 3848 __l__

1944 3942 2002 3999 Si
2031 3959 2164 3999 vero
2198 3943 2273 3998 ad
2311 3944 2657 4004 alterutram
2700 3952 2928 4020 partem
2969 3949 3123 4008 linea
3150 3956 3480 4024 superstans

1872 4031 2200 4097 inclinetur,
2222 4033 2282 4088 in
2310 4033 2429 4103 illa,
2461 4036 2536 4091 ad
2565 4054 2742 4110 quam
2772 4039 3098 4110 inclinetur,
3135 4046 3299 4114 parte
3328 4043 3477 4100 inte-

1873 4120 2112 4188 riorem,
2144 4120 2204 4176 id
2233 4125 2340 4192 est,
2378 4127 2610 4182 acutum
2651 4129 2932 4200 angulum
2970 4129 3164 4199 efﬁcit,
3199 4130 3259 4187 in
3298 4133 3480 4190 altera

1873 4225 2008 4264 vero
2040 4211 2415 4280 exteriorem,
2447 4213 2507 4268 id
2537 4219 2625 4271 est
2654 4217 2949 4287 hebetem,
2989 4218 3070 4276 ita
3100 4223 3299 4276 tamen
3327 4225 3390 4276 ut
3418 4223 3478 4277 hi

235 4335 329 4390 Sin
363 4337 566 4390 autem
620 4329 702 4384 ita
740 4325 864 4382 bini
889 4324 997 4380 sibi
1031 4327 1358 4395 nectantur,
1387 4331 1450 4382 ut
1495 4332 1770 4398 punctum
1798 4363 1852 4423 D
1875 4299 2818 4423 ἐξὲξἶεδξξξξίίξέωξῗξξξίῗήξθὲίξξί
2863 4311 2922 4363 et
2963 4309 3212 4366 θπίθτίοτ
3258 4310 3482 4367 (imbus

167 4424 489 4479 alterutrius
521 4420 598 4475 ab
616 4419 801 4472 altero
827 4414 1091 4468 immune
1113 4414 1355 4469 omnino
1387 4417 1770 4490 relinquatur,
1799 4389 1852 4423 υ
1874 4389 2043 4442 recns
2067 4390 2182 4442 smt
2210 4390 2483 4461 ωίῖυδίθδν
2507 4392 2617 4448 hoc
2646 4395 2824 4451 mOdO
2860 4414 2873 4451 ε

165 4513 223 4567 in
251 4513 439 4568 media
462 4508 752 4564 nimirum
787 4504 980 4558 areola
1009 4501 1160 4556 acuti
1186 4501 1245 4556 in
1272 4505 1544 4561 extremis
1588 4507 1774 4562 utrin-

167 4618 272 4673 que
295 4598 517 4656 hebetis
553 4592 755 4667 anguli
801 4590 1015 4664 species
1063 4589 1409 4662 figurantur,
1450 4597 1512 4649 ut
1561 4597 1770 4654 cernis.

1791 3080 1841 3142 C

227 3167 388 3232 Quod
428 3168 477 3222 si
521 3168 669 3223 duos
699 3167 841 3223 alios
877 3165 1279 3231 eonnexueris,
1312 3164 1391 3222 ita
1433 3168 1496 3222 ut
1525 3168 1768 3240 uterque

160 3273 254 3312 suo
283 3257 509 3313 ambitu
544 3260 830 3330 punctum
859 3257 1114 3312 includat
1163 3258 1221 3313 in
1273 3257 1468 3312 media
1515 3257 1766 3314 embado

161 3344 294 3401 duos
333 3347 600 3413 hebetes,
632 3345 695 3400 in
734 3349 982 3418 quatuor
1027 3347 1361 3401 altrinsecus
1399 3362 1536 3401 vero
1569 3347 1768 3420 positis

163 3437 345 3489 acutos
370 3433 758 3490 nihilominus
786 3434 1032 3505 angulos
1054 3433 1333 3490 formabis
1363 3433 1443 3487 ita
1470 3451 1483 3488 :

2350 4723 2767 4768 "3/—
2827 4723 3085 4768 ACUTUS

1149 4793 1266 4859 \

588 4797 1076 5254 (“of
1221 4860 1340 5222 )
1941 5011 2234 5076 Quantum
2280 5011 2441 5067 enim
2490 5009 2734 5065 interior
2777 5025 2812 5064 a
2861 5009 3018 5063 recto
3059 5005 3251 5060 minus
3275 5004 3475 5073 habet,

885 5107 900 5132 ‘
1868 5103 2098 5158 tantum
2123 5100 2372 5157 exterior
2401 5101 2626 5154 rectum
2650 5094 2999 5169 supervadit.
3030 5092 3195 5157 Quod
3225 5092 3270 5148 si
3304 5097 3475 5149 rectm

1063 5219 1216 5254 __./
1864 5190 2081 5254 jacenti
2117 5189 2285 5245 linem
2316 5189 2446 5243 dum
2491 5185 2742 5240 adversis
2777 5181 3041 5254 partibus
3072 5179 3362 5237 inclinatm
3398 5181 3475 5238 ita

885 5092 932 5169 Χ
997 5092 1056 5169 /
1274 5092 1328 5169 /
1868 5103 2098 5158 tantum
2123 5100 2372 5157 exterior
2401 5101 2626 5154 rectum
2650 5094 2999 5169 supervadit.
3030 5092 3195 5157 Quod
3225 5092 3270 5148 si
3304 5097 3476 5149 rectm

1864 5190 2081 5262 jacenti
2117 5189 2285 5245 linem
2316 5189 2446 5243 dum
2491 5185 2742 5240 adversis
2777 5181 3041 5254 partibus
3072 5179 3362 5237 inclinatm
3398 5181 3480 5238 ita

1063 5219 1216 5258 ...κ

1868 5281 2216 5351 superstent,
2254 5282 2316 5332 ut
2355 5279 2412 5330 et
2450 5274 2611 5327 illam
2658 5277 2716 5328 et
2755 5288 2814 5326 se
2869 5269 3114 5326 invicem
3176 5271 3250 5328 ad
3293 5289 3475 5328 unum

1869 5372 2148 5442 punctum
2185 5365 2448 5436 tangant,
2481 5364 2598 5415 tres
2629 5360 2908 5416 nimirum
2956 5360 3262 5416 interiores
3293 5378 3476 5434 angu-

171 5459 196 5520 ἷ
240 5461 306 5517 Ut
328 5468 524 5518 autem
573 5480 779 5523 omnes
807 5471 1160 5542 angulorum
1189 5471 1406 5547 species
1434 5470 1492 5526 in
1526 5479 1638 5522 una
1669 5479 1772 5535 pa—
1870 5459 1956 5514 los
1985 5457 2263 5547 formant,
2296 5453 2623 5547 italam‘en,
2650 5452 2714 5547 ut
2749 5449 2810 5547 hi
2851 5453 2969 5547 tres
3017 5450 3219 5547 anguli
3235 5449 3477 5547 duobus

174 5547 307 5605 riter
351 5552 757 5628 inspiciantur,
813 5535 939 5617 talis
1004 5535 1353 5620 circulorum
1399 5553 1773 5632 componitur
1872 5545 2041 5601 rectis
2071 5541 2318 5632 83(10319?
2347 5538 2480 5592 Sim"
2507 5535 3053 5632 Νδῖηλίθηιυῖηξίθω
3101 5538 3271 5612 spatii
3301 5553 3481 5613 (1⁸³³·

176 5626 494 5701 connexio:
610 5700 612 5703 ,
1535 5626 1555 5632 ⁷
1875 5636 2003 5692 tum
2021 5631 2136 5688 duo
2165 5626 2306 5688 recti
2326 5629 2635 5699 occupant,
2657 5628 2767 5686 hoc
2795 5626 2972 5682 modo
3005 5644 3022 5685 :
