  <div class='ocr_page' id='page_1' title='image "/cluster/home/n/w/nwhite01/storage/ocr_20150623/139/uva.x000829787/057.png"; bbox 0 0 3882 6230; ppageno 0'>
   <div class='ocr_carea' id='block_1_1' title="bbox 427 406 526 470">
    <p class='ocr_par' dir='ltr' id='par_1_1' title="bbox 427 406 526 470">
     <span class='ocr_line' id='line_1_1' title="bbox 427 406 526 470; baseline -0.01 0"><span class='ocrx_word' id='word_1_1' title='bbox 427 406 526 470; x_wconf 70' lang='grc'>103</span> 
     </span>
    </p>
   </div>
   <div class='ocr_carea' id='block_1_2' title="bbox 502 819 2037 894">
    <p class='ocr_par' dir='ltr' id='par_1_2' title="bbox 502 819 2037 894">
     <span class='ocr_line' id='line_1_2' title="bbox 502 819 2037 894; baseline 0.003 -19"><span class='ocrx_word' id='word_1_2' title='bbox 502 819 560 875; x_wconf 91' lang='lat' dir='ltr'>Si</span> <span class='ocrx_word' id='word_1_3' title='bbox 591 820 720 876; x_wconf 67' lang='lat' dir='ltr'>dum</span> <span class='ocrx_word' id='word_1_4' title='bbox 749 823 918 877; x_wconf 76' lang='lat' dir='ltr'>recta:</span> <span class='ocrx_word' id='word_1_5' title='bbox 959 838 1080 877; x_wconf 89' lang='lat' dir='ltr'>sese</span> <span class='ocrx_word' id='word_1_6' title='bbox 1129 821 1372 876; x_wconf 84' lang='lat' dir='ltr'>invicem</span> <span class='ocrx_word' id='word_1_7' title='bbox 1411 823 1594 878; x_wconf 90' lang='lat' dir='ltr'>altera</span> <span class='ocrx_word' id='word_1_8' title='bbox 1635 838 1740 894; x_wconf 92' lang='lat' dir='ltr'>per</span> <span class='ocrx_word' id='word_1_9' title='bbox 1781 823 2037 879; x_wconf 82' lang='lat' dir='ltr'>alteram</span> 
     </span>
    </p>
   </div>
   <div class='ocr_carea' id='block_1_3' title="bbox 429 909 2031 982">
    <p class='ocr_par' dir='ltr' id='par_1_3' title="bbox 429 909 2031 982">
     <span class='ocr_line' id='line_1_3' title="bbox 429 909 2031 982; baseline 0.001 -18"><span class='ocrx_word' id='word_1_10' title='bbox 429 909 612 964; x_wconf 61' lang='lat' dir='ltr'>ductas</span> <span class='ocrx_word' id='word_1_11' title='bbox 641 913 856 977; x_wconf 87' lang='lat' dir='ltr'>secent,</span> <span class='ocrx_word' id='word_1_12' title='bbox 888 912 988 965; x_wconf 88' lang='lat' dir='ltr'>aut</span> <span class='ocrx_word' id='word_1_13' title='bbox 1005 913 1252 982; x_wconf 82' lang='lat' dir='ltr'>quatuor</span> <span class='ocrx_word' id='word_1_14' title='bbox 1277 913 1462 966; x_wconf 89' lang='lat' dir='ltr'>rectos</span> <span class='ocrx_word' id='word_1_15' title='bbox 1483 910 1742 965; x_wconf 83' lang='lat' dir='ltr'>efﬁciunt</span> <span class='ocrx_word' id='word_1_16' title='bbox 1761 912 2031 982; x_wconf 80' lang='lat' dir='ltr'>angulos,</span> 
     </span>
    </p>
   </div>
   <div class='ocr_carea' id='block_1_4' title="bbox 427 996 2037 1070">
    <p class='ocr_par' dir='ltr' id='par_1_4' title="bbox 427 996 2037 1070">
     <span class='ocr_line' id='line_1_4' title="bbox 427 996 2037 1070; baseline 0.003 -20"><span class='ocrx_word' id='word_1_17' title='bbox 427 1000 527 1051; x_wconf 85' lang='lat' dir='ltr'>aut</span> <span class='ocrx_word' id='word_1_18' title='bbox 553 996 696 1052; x_wconf 92' lang='lat' dir='ltr'>duos</span> <span class='ocrx_word' id='word_1_19' title='bbox 724 996 1053 1064; x_wconf 81' lang='lat' dir='ltr'>exteriores,</span> <span class='ocrx_word' id='word_1_20' title='bbox 1082 997 1442 1070; x_wconf 78' lang='lat' dir='ltr'>totidemque</span> <span class='ocrx_word' id='word_1_21' title='bbox 1489 997 1792 1052; x_wconf 88' lang='lat' dir='ltr'>interiores</span> <span class='ocrx_word' id='word_1_22' title='bbox 1827 1015 1899 1053; x_wconf 85' lang='lat' dir='ltr'>ex</span> <span class='ocrx_word' id='word_1_23' title='bbox 1931 1000 2037 1055; x_wconf 91' lang='lat' dir='ltr'>ad-</span> 
     </span>
    </p>
   </div>
   <div class='ocr_carea' id='block_1_5' title="bbox 425 1085 2030 1159">
    <p class='ocr_par' dir='ltr' id='par_1_5' title="bbox 425 1085 2030 1159">
     <span class='ocr_line' id='line_1_5' title="bbox 425 1085 2030 1159; baseline 0.002 -20"><span class='ocrx_word' id='word_1_24' title='bbox 425 1100 586 1139; x_wconf 90' lang='lat' dir='ltr'>verso</span> <span class='ocrx_word' id='word_1_25' title='bbox 619 1085 724 1140; x_wconf 84' lang='lat' dir='ltr'>sibi</span> <span class='ocrx_word' id='word_1_26' title='bbox 743 1085 988 1140; x_wconf 90' lang='lat' dir='ltr'>invicem</span> <span class='ocrx_word' id='word_1_27' title='bbox 1016 1101 1212 1158; x_wconf 65' lang='lat' dir='ltr'>aequos</span> <span class='ocrx_word' id='word_1_28' title='bbox 1240 1086 1513 1150; x_wconf 90' lang='lat' dir='ltr'>reddunt,</span> <span class='ocrx_word' id='word_1_29' title='bbox 1536 1087 1634 1157; x_wconf 87' lang='lat' dir='ltr'>qui</span> <span class='ocrx_word' id='word_1_30' title='bbox 1664 1091 1864 1142; x_wconf 90' lang='lat' dir='ltr'>tamen</span> <span class='ocrx_word' id='word_1_31' title='bbox 1889 1105 2030 1159; x_wconf 87' lang='lat' dir='ltr'>qua-</span> 
     </span>
    </p>
   </div>
   <div class='ocr_carea' id='block_1_6' title="bbox 428 1173 1860 1246">
    <p class='ocr_par' dir='ltr' id='par_1_6' title="bbox 428 1173 1860 1246">
     <span class='ocr_line' id='line_1_6' title="bbox 428 1173 1860 1246; baseline 0.002 -18"><span class='ocrx_word' id='word_1_32' title='bbox 428 1176 562 1229; x_wconf 90' lang='lat' dir='ltr'>tuor</span> <span class='ocrx_word' id='word_1_33' title='bbox 583 1173 754 1229; x_wconf 90' lang='lat' dir='ltr'>rectis</span> <span class='ocrx_word' id='word_1_34' title='bbox 781 1174 1004 1246; x_wconf 81' lang='lat' dir='ltr'>angulis</span> <span class='ocrx_word' id='word_1_35' title='bbox 1033 1178 1166 1229; x_wconf 90' lang='lat' dir='ltr'>sunt</span> <span class='ocrx_word' id='word_1_36' title='bbox 1193 1175 1462 1246; x_wconf 86' lang='lat' dir='ltr'>aequales,</span> <span class='ocrx_word' id='word_1_37' title='bbox 1497 1175 1606 1229; x_wconf 92' lang='lat' dir='ltr'>hoc</span> <span class='ocrx_word' id='word_1_38' title='bbox 1633 1175 1809 1232; x_wconf 90' lang='lat' dir='ltr'>modo</span> <span class='ocrx_word' id='word_1_39' title='bbox 1848 1193 1860 1231; x_wconf 92' lang='lat'>:</span> 
     </span>
    </p>
   </div>
   <div class='ocr_carea' id='block_1_7' title="bbox 1321 1337 1998 1807">
    <p class='ocr_par' dir='ltr' id='par_1_7' title="bbox 1325 1341 1994 1803">
     <span class='ocr_line' id='line_1_7' title="bbox 1325 1341 1994 1803; baseline 0.057 -183"><span class='ocrx_word' id='word_1_40' title='bbox 1325 1341 1994 1803; x_wconf 65' lang='lat'><em>&gt;&lt;</em></span> 
     </span>
     <span class='ocr_line' id='line_1_8' title="bbox 1396 1544 1823 1623; baseline -0.012 0"><span class='ocrx_word' id='word_1_41' title='bbox 1396 1607 1423 1623; x_wconf 83' lang='lat'>..</span> <span class='ocrx_word' id='word_1_42' title='bbox 1491 1544 1589 1620; x_wconf 44' lang='lat' dir='ltr'>ita</span> <span class='ocrx_word' id='word_1_43' title='bbox 1723 1545 1823 1613; x_wconf 58' lang='grc' dir='ltr'><strong>Α.</strong></span> 
     </span>
     <span class='ocr_line' id='line_1_9' title="bbox 1459 1615 1699 1698; baseline 0.013 -18"><span class='ocrx_word' id='word_1_44' title='bbox 1569 1625 1699 1698; x_wconf 49' lang='grc' dir='ltr'>,περ</span> 
     </span>
    </p>
   </div>
   <div class='ocr_carea' id='block_1_8' title="bbox 512 1944 2036 2025">
    <p class='ocr_par' dir='ltr' id='par_1_8' title="bbox 512 1944 2036 2025">
     <span class='ocr_line' id='line_1_10' title="bbox 512 1944 2036 2025; baseline -0.008 -15"><span class='ocrx_word' id='word_1_45' title='bbox 512 1953 650 2010; x_wconf 58' lang='lat' dir='ltr'>Duas</span> <span class='ocrx_word' id='word_1_46' title='bbox 675 1955 845 2007; x_wconf 72' lang='lat' dir='ltr'>rectae</span> <span class='ocrx_word' id='word_1_47' title='bbox 875 1951 1043 2009; x_wconf 61' lang='lat' dir='ltr'>linere</span> <span class='ocrx_word' id='word_1_48' title='bbox 1075 1951 1281 2025; x_wconf 67' lang='lat' dir='ltr'>xequali</span> <span class='ocrx_word' id='word_1_49' title='bbox 1311 1968 1345 2006; x_wconf 91' lang='lat' dir='ltr'>a</span> <span class='ocrx_word' id='word_1_50' title='bbox 1369 1967 1427 2005; x_wconf 91' lang='lat' dir='ltr'>se</span> <span class='ocrx_word' id='word_1_51' title='bbox 1455 1947 1697 2003; x_wconf 88' lang='lat' dir='ltr'>invicem</span> <span class='ocrx_word' id='word_1_52' title='bbox 1729 1945 1912 2018; x_wconf 87' lang='lat' dir='ltr'>spatio</span> <span class='ocrx_word' id='word_1_53' title='bbox 1948 1944 2036 1998; x_wconf 92' lang='lat' dir='ltr'>in-</span> 
     </span>
    </p>
   </div>
   <div class='ocr_carea' id='block_1_9' title="bbox 432 2034 2035 2102">
    <p class='ocr_par' dir='ltr' id='par_1_9' title="bbox 432 2034 2035 2102">
     <span class='ocr_line' id='line_1_11' title="bbox 432 2034 2035 2102; baseline -0.006 -6"><span class='ocrx_word' id='word_1_54' title='bbox 432 2036 702 2096; x_wconf 80' lang='lat' dir='ltr'>ductione</span> <span class='ocrx_word' id='word_1_55' title='bbox 727 2057 830 2095; x_wconf 90' lang='lat' dir='ltr'>sua</span> <span class='ocrx_word' id='word_1_56' title='bbox 859 2034 1136 2096; x_wconf 82' lang='lat' dir='ltr'>distantes</span> <span class='ocrx_word' id='word_1_57' title='bbox 1165 2043 1222 2094; x_wconf 93' lang='lat' dir='ltr'>et</span> <span class='ocrx_word' id='word_1_58' title='bbox 1251 2040 1308 2094; x_wconf 90' lang='lat' dir='ltr'>in</span> <span class='ocrx_word' id='word_1_59' title='bbox 1327 2037 1620 2092; x_wconf 78' lang='lat' dir='ltr'>infinitum</span> <span class='ocrx_word' id='word_1_60' title='bbox 1650 2036 1856 2102; x_wconf 61' lang='lat' dir='ltr'>ducta},</span> <span class='ocrx_word' id='word_1_61' title='bbox 1888 2049 2035 2088; x_wconf 90' lang='lat' dir='ltr'>nun-</span> 
     </span>
    </p>
   </div>
   <div class='ocr_carea' id='block_1_10' title="bbox 432 2124 2037 2203">
    <p class='ocr_par' dir='ltr' id='par_1_10' title="bbox 432 2124 2037 2203">
     <span class='ocr_line' id='line_1_12' title="bbox 432 2124 2037 2203; baseline -0.004 -18"><span class='ocrx_word' id='word_1_62' title='bbox 432 2146 604 2203; x_wconf 90' lang='lat' dir='ltr'>quam</span> <span class='ocrx_word' id='word_1_63' title='bbox 633 2128 876 2183; x_wconf 87' lang='lat' dir='ltr'>invicem</span> <span class='ocrx_word' id='word_1_64' title='bbox 907 2132 1314 2184; x_wconf 87' lang='lat' dir='ltr'>concurrentes</span> <span class='ocrx_word' id='word_1_65' title='bbox 1333 2126 1628 2200; x_wconf 65' lang='lat' dir='ltr'>paralellae,</span> <span class='ocrx_word' id='word_1_66' title='bbox 1663 2124 1721 2179; x_wconf 90' lang='lat' dir='ltr'>id</span> <span class='ocrx_word' id='word_1_67' title='bbox 1762 2125 1847 2179; x_wconf 88' lang='lat' dir='ltr'>est</span> <span class='ocrx_word' id='word_1_68' title='bbox 1874 2137 2037 2197; x_wconf 79' lang='lat' dir='ltr'>aeque</span> 
     </span>
    </p>
   </div>
   <div class='ocr_carea' id='block_1_11' title="bbox 431 2214 1187 2286">
    <p class='ocr_par' dir='ltr' id='par_1_11' title="bbox 431 2214 1187 2286">
     <span class='ocr_line' id='line_1_13' title="bbox 431 2214 1187 2286; baseline 0 -14"><span class='ocrx_word' id='word_1_69' title='bbox 431 2217 712 2272; x_wconf 87' lang='lat' dir='ltr'>distantes</span> <span class='ocrx_word' id='word_1_70' title='bbox 742 2214 1032 2286; x_wconf 89' lang='lat' dir='ltr'>dicuntur,</span> <span class='ocrx_word' id='word_1_71' title='bbox 1063 2217 1144 2272; x_wconf 87' lang='lat' dir='ltr'>ita</span> <span class='ocrx_word' id='word_1_72' title='bbox 1173 2233 1187 2272; x_wconf 88' lang='lat'><strong>:</strong></span> 
     </span>
    </p>
   </div>
   <div class='ocr_carea' id='block_1_12' title="bbox 503 2685 2034 2761">
    <p class='ocr_par' dir='ltr' id='par_1_12' title="bbox 503 2685 2034 2761">
     <span class='ocr_line' id='line_1_14' title="bbox 503 2685 2034 2761; baseline -0.008 -10"><span class='ocrx_word' id='word_1_73' title='bbox 503 2695 668 2761; x_wconf 86' lang='lat' dir='ltr'>Quod</span> <span class='ocrx_word' id='word_1_74' title='bbox 704 2694 750 2749; x_wconf 89' lang='lat' dir='ltr'>si</span> <span class='ocrx_word' id='word_1_75' title='bbox 779 2697 938 2750; x_wconf 88' lang='lat' dir='ltr'>recta</span> <span class='ocrx_word' id='word_1_76' title='bbox 966 2693 1121 2748; x_wconf 91' lang='lat' dir='ltr'>linea</span> <span class='ocrx_word' id='word_1_77' title='bbox 1148 2692 1220 2748; x_wconf 93' lang='lat' dir='ltr'>ab</span> <span class='ocrx_word' id='word_1_78' title='bbox 1255 2707 1370 2746; x_wconf 89' lang='lat' dir='ltr'>una</span> <span class='ocrx_word' id='word_1_79' title='bbox 1400 2690 1472 2744; x_wconf 90' lang='lat' dir='ltr'>ad</span> <span class='ocrx_word' id='word_1_80' title='bbox 1508 2689 1680 2744; x_wconf 90' lang='lat' dir='ltr'>aliam</span> <span class='ocrx_word' id='word_1_81' title='bbox 1710 2688 1881 2742; x_wconf 88' lang='lat' dir='ltr'>ducta</span> <span class='ocrx_word' id='word_1_82' title='bbox 1911 2685 2034 2740; x_wconf 81' lang='lat' dir='ltr'>fue-</span> 
     </span>
    </p>
   </div>
   <div class='ocr_carea' id='block_1_13' title="bbox 432 2772 2039 2854">
    <p class='ocr_par' dir='ltr' id='par_1_13' title="bbox 432 2772 2039 2854">
     <span class='ocr_line' id='line_1_15' title="bbox 432 2772 2039 2854; baseline -0.008 -14"><span class='ocrx_word' id='word_1_83' title='bbox 432 2783 531 2852; x_wconf 85' lang='lat' dir='ltr'>rit,</span> <span class='ocrx_word' id='word_1_84' title='bbox 555 2788 654 2840; x_wconf 88' lang='lat' dir='ltr'>aut</span> <span class='ocrx_word' id='word_1_85' title='bbox 676 2787 864 2839; x_wconf 91' lang='lat' dir='ltr'>rectos</span> <span class='ocrx_word' id='word_1_86' title='bbox 893 2783 1136 2853; x_wconf 85' lang='lat' dir='ltr'>angulos</span> <span class='ocrx_word' id='word_1_87' title='bbox 1161 2783 1429 2854; x_wconf 86' lang='lat' dir='ltr'>quatuor,</span> <span class='ocrx_word' id='word_1_88' title='bbox 1461 2778 1561 2832; x_wconf 92' lang='lat' dir='ltr'>ubi</span> <span class='ocrx_word' id='word_1_89' title='bbox 1587 2775 1775 2848; x_wconf 88' lang='lat' dir='ltr'>tangit</span> <span class='ocrx_word' id='word_1_90' title='bbox 1816 2791 1932 2842; x_wconf 88' lang='lat' dir='ltr'>eas,</span> <span class='ocrx_word' id='word_1_91' title='bbox 1961 2772 2039 2827; x_wconf 84' lang='lat' dir='ltr'>ef-</span> 
     </span>
    </p>
   </div>
   <div class='ocr_carea' id='block_1_14' title="bbox 433 2860 2039 2940">
    <p class='ocr_par' dir='ltr' id='par_1_14' title="bbox 433 2860 2039 2940">
     <span class='ocr_line' id='line_1_16' title="bbox 433 2860 2039 2940; baseline -0.009 -12"><span class='ocrx_word' id='word_1_92' title='bbox 433 2872 607 2939; x_wconf 74' lang='lat' dir='ltr'>ficiet,</span> <span class='ocrx_word' id='word_1_93' title='bbox 634 2875 734 2926; x_wconf 91' lang='lat' dir='ltr'>aut</span> <span class='ocrx_word' id='word_1_94' title='bbox 761 2870 1004 2926; x_wconf 89' lang='lat' dir='ltr'>totidem</span> <span class='ocrx_word' id='word_1_95' title='bbox 1033 2869 1204 2924; x_wconf 92' lang='lat' dir='ltr'>rectis</span> <span class='ocrx_word' id='word_1_96' title='bbox 1249 2883 1464 2940; x_wconf 75' lang='lat' dir='ltr'>aequos,</span> <span class='ocrx_word' id='word_1_97' title='bbox 1500 2866 1666 2920; x_wconf 88' lang='lat' dir='ltr'>binos</span> <span class='ocrx_word' id='word_1_98' title='bbox 1703 2862 1918 2918; x_wconf 84' lang='lat' dir='ltr'>scilicet</span> <span class='ocrx_word' id='word_1_99' title='bbox 1946 2860 2039 2914; x_wconf 86' lang='lat' dir='ltr'>in-</span> 
     </span>
    </p>
   </div>
   <div class='ocr_carea' id='block_1_15' title="bbox 433 2948 2036 3030">
    <p class='ocr_par' dir='ltr' id='par_1_15' title="bbox 433 2948 2036 3030">
     <span class='ocr_line' id='line_1_17' title="bbox 433 2948 2036 3030; baseline -0.009 -14"><span class='ocrx_word' id='word_1_100' title='bbox 433 2960 693 3028; x_wconf 88' lang='lat' dir='ltr'>teriores,</span> <span class='ocrx_word' id='word_1_101' title='bbox 740 2958 1023 3030; x_wconf 88' lang='lat' dir='ltr'>binosque</span> <span class='ocrx_word' id='word_1_102' title='bbox 1054 2955 1374 3012; x_wconf 82' lang='lat' dir='ltr'>exteriores</span> <span class='ocrx_word' id='word_1_103' title='bbox 1403 2953 1508 3009; x_wconf 90' lang='lat' dir='ltr'>sibi</span> <span class='ocrx_word' id='word_1_104' title='bbox 1557 2969 1624 3008; x_wconf 82' lang='lat' dir='ltr'>ex</span> <span class='ocrx_word' id='word_1_105' title='bbox 1656 2950 1916 3025; x_wconf 92' lang='lat' dir='ltr'>opposito</span> <span class='ocrx_word' id='word_1_106' title='bbox 1949 2948 2036 3002; x_wconf 90' lang='lat' dir='ltr'>in-</span> 
     </span>
    </p>
   </div>
   <div class='ocr_carea' id='block_1_16' title="bbox 433 3039 1157 3122">
    <p class='ocr_par' dir='ltr' id='par_1_16' title="bbox 433 3039 1157 3122">
     <span class='ocr_line' id='line_1_18' title="bbox 433 3039 1157 3122; baseline -0.006 -18"><span class='ocrx_word' id='word_1_107' title='bbox 433 3049 617 3105; x_wconf 84' lang='lat' dir='ltr'>vicem</span> <span class='ocrx_word' id='word_1_108' title='bbox 649 3039 900 3122; x_wconf 66' lang='lat' dir='ltr'>aequales</span> <span class='ocrx_word' id='word_1_109' title='bbox 927 3045 1118 3101; x_wconf 77' lang='lat' dir='ltr'>taliter</span> <span class='ocrx_word' id='word_1_110' title='bbox 1144 3061 1157 3100; x_wconf 93' lang='lat'>:</span> 
     </span>
    </p>
   </div>
   <div class='ocr_carea' id='block_1_17' title="bbox 509 3412 2038 3494">
    <p class='ocr_par' dir='ltr' id='par_1_17' title="bbox 509 3412 2038 3494">
     <span class='ocr_line' id='line_1_19' title="bbox 509 3412 2038 3494; baseline -0.009 -16"><span class='ocrx_word' id='word_1_111' title='bbox 509 3423 745 3480; x_wconf 88' lang='lat' dir='ltr'>Possent</span> <span class='ocrx_word' id='word_1_112' title='bbox 767 3420 1003 3494; x_wconf 88' lang='lat' dir='ltr'>quidem</span> <span class='ocrx_word' id='word_1_113' title='bbox 1027 3422 1085 3475; x_wconf 91' lang='lat' dir='ltr'>et</span> <span class='ocrx_word' id='word_1_114' title='bbox 1113 3419 1224 3474; x_wconf 89' lang='lat' dir='ltr'>alia</span> <span class='ocrx_word' id='word_1_115' title='bbox 1254 3417 1535 3473; x_wconf 88' lang='lat' dir='ltr'>nonnulla</span> <span class='ocrx_word' id='word_1_116' title='bbox 1564 3415 1634 3469; x_wconf 91' lang='lat' dir='ltr'>de</span> <span class='ocrx_word' id='word_1_117' title='bbox 1663 3412 1828 3468; x_wconf 90' lang='lat' dir='ltr'>lineis</span> <span class='ocrx_word' id='word_1_118' title='bbox 1859 3414 1915 3466; x_wconf 90' lang='lat' dir='ltr'>et</span> <span class='ocrx_word' id='word_1_119' title='bbox 1936 3427 2038 3466; x_wconf 90' lang='lat' dir='ltr'>an-</span> 
     </span>
    </p>
   </div>
   <div class='ocr_carea' id='block_1_18' title="bbox 435 3499 2040 3585">
    <p class='ocr_par' dir='ltr' id='par_1_18' title="bbox 435 3499 2040 3585">
     <span class='ocr_line' id='line_1_20' title="bbox 435 3499 2040 3585; baseline -0.009 -17"><span class='ocrx_word' id='word_1_120' title='bbox 435 3512 585 3585; x_wconf 87' lang='lat' dir='ltr'>gulis</span> <span class='ocrx_word' id='word_1_121' title='bbox 612 3508 856 3566; x_wconf 88' lang='lat' dir='ltr'>inveniri</span> <span class='ocrx_word' id='word_1_122' title='bbox 887 3512 946 3564; x_wconf 92' lang='lat' dir='ltr'>et</span> <span class='ocrx_word' id='word_1_123' title='bbox 975 3506 1104 3564; x_wconf 89' lang='lat' dir='ltr'>dici.</span> <span class='ocrx_word' id='word_1_124' title='bbox 1142 3507 1255 3563; x_wconf 90' lang='lat' dir='ltr'>Sed</span> <span class='ocrx_word' id='word_1_125' title='bbox 1279 3507 1402 3562; x_wconf 68' lang='lat' dir='ltr'>haec</span> <span class='ocrx_word' id='word_1_126' title='bbox 1429 3501 1892 3577; x_wconf 88' lang='lat' dir='ltr'>ingredientibus</span> <span class='ocrx_word' id='word_1_127' title='bbox 1919 3499 2040 3556; x_wconf 87' lang='lat' dir='ltr'>suf-</span> 
     </span>
    </p>
   </div>
   <div class='ocr_carea' id='block_1_19' title="bbox 434 3598 846 3672">
    <p class='ocr_par' dir='ltr' id='par_1_19' title="bbox 434 3598 846 3672">
     <span class='ocr_line' id='line_1_21' title="bbox 434 3598 846 3672; baseline -0.005 -16"><span class='ocrx_word' id='word_1_128' title='bbox 434 3602 603 3656; x_wconf 78' lang='lat' dir='ltr'>ficere</span> <span class='ocrx_word' id='word_1_129' title='bbox 631 3598 846 3672; x_wconf 91' lang='lat' dir='ltr'>putavi.</span> 
     </span>
    </p>
   </div>
   <div class='ocr_carea' id='block_1_20' title="bbox 431 3785 2035 3864">
    <p class='ocr_par' dir='ltr' id='par_1_20' title="bbox 431 3785 2035 3864">
     <span class='ocr_line' id='line_1_22' title="bbox 431 3785 2035 3864; baseline -0.007 -12"><span class='ocrx_word' id='word_1_130' title='bbox 431 3793 539 3852; x_wconf 85' lang='lat' dir='ltr'>His</span> <span class='ocrx_word' id='word_1_131' title='bbox 570 3793 734 3851; x_wconf 78' lang='lat' dir='ltr'>tribus</span> <span class='ocrx_word' id='word_1_132' title='bbox 758 3791 946 3864; x_wconf 81' lang='lat' dir='ltr'>anguli</span> <span class='ocrx_word' id='word_1_133' title='bbox 967 3791 1228 3864; x_wconf 75' lang='lat' dir='ltr'>speciebus</span> <span class='ocrx_word' id='word_1_134' title='bbox 1259 3789 1430 3844; x_wconf 89' lang='lat' dir='ltr'>omnis</span> <span class='ocrx_word' id='word_1_135' title='bbox 1466 3785 1754 3858; x_wconf 80' lang='lat' dir='ltr'>coagulata</span> <span class='ocrx_word' id='word_1_136' title='bbox 1795 3786 2035 3843; x_wconf 73' lang='lat' dir='ltr'>consistit</span> 
     </span>
    </p>
   </div>
   <div class='ocr_carea' id='block_1_21' title="bbox 1139 3880 1338 3950">
    <p class='ocr_par' dir='ltr' id='par_1_21' title="bbox 1139 3880 1338 3950">
     <span class='ocr_line' id='line_1_23' title="bbox 1139 3880 1338 3950; baseline 0.005 -18"><span class='ocrx_word' id='word_1_137' title='bbox 1139 3880 1338 3950; x_wconf 78' lang='lat' dir='ltr'>ﬁgura.</span> 
     </span>
    </p>
   </div>
   <div class='ocr_carea' id='block_1_22' title="bbox 504 3964 2031 4044">
    <p class='ocr_par' dir='ltr' id='par_1_22' title="bbox 504 3964 2031 4044">
     <span class='ocr_line' id='line_1_24' title="bbox 504 3964 2031 4044; baseline -0.005 -16"><span class='ocrx_word' id='word_1_138' title='bbox 504 3969 569 4030; x_wconf 81' lang='lat' dir='ltr'>in</span> <span class='ocrx_word' id='word_1_139' title='bbox 597 3971 866 4029; x_wconf 88' lang='lat' dir='ltr'>omnibus</span> <span class='ocrx_word' id='word_1_140' title='bbox 895 3987 1056 4044; x_wconf 88' lang='lat' dir='ltr'>ergo,</span> <span class='ocrx_word' id='word_1_141' title='bbox 1088 3973 1152 4025; x_wconf 90' lang='lat' dir='ltr'>ut</span> <span class='ocrx_word' id='word_1_142' title='bbox 1183 3969 1401 4024; x_wconf 88' lang='lat' dir='ltr'>dictum</span> <span class='ocrx_word' id='word_1_143' title='bbox 1439 3971 1545 4036; x_wconf 88' lang='lat' dir='ltr'>est,</span> <span class='ocrx_word' id='word_1_144' title='bbox 1587 3968 1774 4042; x_wconf 88' lang='lat' dir='ltr'>planis</span> <span class='ocrx_word' id='word_1_145' title='bbox 1811 3964 2031 4038; x_wconf 85' lang='lat' dir='ltr'>ﬁguris,</span> 
     </span>
    </p>
   </div>
   <div class='ocr_carea' id='block_1_23' title="bbox 435 4055 2033 4137">
    <p class='ocr_par' dir='ltr' id='par_1_23' title="bbox 435 4055 2033 4137">
     <span class='ocr_line' id='line_1_25' title="bbox 435 4055 2033 4137; baseline -0.006 -19"><span class='ocrx_word' id='word_1_146' title='bbox 435 4079 565 4137; x_wconf 68' lang='lat' dir='ltr'>quas</span> <span class='ocrx_word' id='word_1_147' title='bbox 594 4062 831 4134; x_wconf 88' lang='lat' dir='ltr'>quidem</span> <span class='ocrx_word' id='word_1_148' title='bbox 857 4062 1144 4133; x_wconf 65' lang='lat' dir='ltr'>angulatas</span> <span class='ocrx_word' id='word_1_149' title='bbox 1184 4061 1338 4127; x_wconf 88' lang='lat' dir='ltr'>sunt,</span> <span class='ocrx_word' id='word_1_150' title='bbox 1373 4074 1550 4113; x_wconf 90' lang='lat' dir='ltr'>unam</span> <span class='ocrx_word' id='word_1_151' title='bbox 1606 4059 1695 4112; x_wconf 89' lang='lat' dir='ltr'>vel</span> <span class='ocrx_word' id='word_1_152' title='bbox 1741 4057 1902 4124; x_wconf 88' lang='lat' dir='ltr'>duas,</span> <span class='ocrx_word' id='word_1_153' title='bbox 1947 4055 2033 4110; x_wconf 85' lang='lat' dir='ltr'>vel</span> 
     </span>
    </p>
   </div>
   <div class='ocr_carea' id='block_1_24' title="bbox 433 4146 2031 4223">
    <p class='ocr_par' dir='ltr' id='par_1_24' title="bbox 433 4146 2031 4223">
     <span class='ocr_line' id='line_1_26' title="bbox 433 4146 2031 4223; baseline -0.004 -15"><span class='ocrx_word' id='word_1_154' title='bbox 433 4154 590 4209; x_wconf 87' lang='lat' dir='ltr'>certe</span> <span class='ocrx_word' id='word_1_155' title='bbox 621 4164 821 4208; x_wconf 86' lang='lat' dir='ltr'>omnes</span> <span class='ocrx_word' id='word_1_156' title='bbox 846 4152 949 4207; x_wconf 89' lang='lat' dir='ltr'>has</span> <span class='ocrx_word' id='word_1_157' title='bbox 969 4151 1318 4223; x_wconf 85' lang='lat' dir='ltr'>angulorum</span> <span class='ocrx_word' id='word_1_158' title='bbox 1340 4148 1556 4222; x_wconf 83' lang='lat' dir='ltr'>species</span> <span class='ocrx_word' id='word_1_159' title='bbox 1585 4147 1909 4203; x_wconf 87' lang='lat' dir='ltr'>necessario</span> <span class='ocrx_word' id='word_1_160' title='bbox 1941 4146 2031 4201; x_wconf 89' lang='lat' dir='ltr'>in-</span> 
     </span>
    </p>
   </div>
   <div class='ocr_carea' id='block_1_25' title="bbox 435 4237 2038 4311">
    <p class='ocr_par' dir='ltr' id='par_1_25' title="bbox 435 4237 2038 4311">
     <span class='ocr_line' id='line_1_27' title="bbox 435 4237 2038 4311; baseline -0.006 -13"><span class='ocrx_word' id='word_1_161' title='bbox 435 4241 596 4298; x_wconf 81' lang='lat' dir='ltr'>venis</span> <span class='ocrx_word' id='word_1_162' title='bbox 620 4260 635 4311; x_wconf 90' lang='lat'><strong>;</strong></span> <span class='ocrx_word' id='word_1_163' title='bbox 658 4253 856 4309; x_wconf 87' lang='lat' dir='ltr'>unam,</span> <span class='ocrx_word' id='word_1_164' title='bbox 884 4244 948 4296; x_wconf 89' lang='lat' dir='ltr'>ut</span> <span class='ocrx_word' id='word_1_165' title='bbox 977 4255 1180 4296; x_wconf 90' lang='lat' dir='ltr'>omnes</span> <span class='ocrx_word' id='word_1_166' title='bbox 1200 4239 1441 4310; x_wconf 89' lang='lat' dir='ltr'>angulos</span> <span class='ocrx_word' id='word_1_167' title='bbox 1462 4239 1650 4292; x_wconf 89' lang='lat' dir='ltr'>rectos</span> <span class='ocrx_word' id='word_1_168' title='bbox 1664 4237 1917 4292; x_wconf 86' lang='lat' dir='ltr'>habeant</span> <span class='ocrx_word' id='word_1_169' title='bbox 1939 4239 2038 4290; x_wconf 88' lang='lat' dir='ltr'>aut</span> 
     </span>
    </p>
   </div>
   <div class='ocr_carea' id='block_1_26' title="bbox 434 4324 2035 4398">
    <p class='ocr_par' dir='ltr' id='par_1_26' title="bbox 434 4324 2035 4398">
     <span class='ocr_line' id='line_1_28' title="bbox 434 4324 2035 4398; baseline -0.005 -12"><span class='ocrx_word' id='word_1_170' title='bbox 434 4331 669 4388; x_wconf 86' lang='lat' dir='ltr'>hebetes</span> <span class='ocrx_word' id='word_1_171' title='bbox 697 4343 925 4398; x_wconf 74' lang='lat' dir='ltr'>omnes,</span> <span class='ocrx_word' id='word_1_172' title='bbox 958 4329 1046 4384; x_wconf 90' lang='lat' dir='ltr'>vel</span> <span class='ocrx_word' id='word_1_173' title='bbox 1085 4342 1289 4383; x_wconf 91' lang='lat' dir='ltr'>omnes</span> <span class='ocrx_word' id='word_1_174' title='bbox 1332 4329 1555 4395; x_wconf 88' lang='lat' dir='ltr'>acutos;</span> <span class='ocrx_word' id='word_1_175' title='bbox 1591 4325 1753 4392; x_wconf 89' lang='lat' dir='ltr'>duas,</span> <span class='ocrx_word' id='word_1_176' title='bbox 1800 4327 1862 4379; x_wconf 92' lang='lat' dir='ltr'>ut</span> <span class='ocrx_word' id='word_1_177' title='bbox 1893 4324 2035 4379; x_wconf 89' lang='lat' dir='ltr'>alios</span> 
     </span>
    </p>
   </div>
   <div class='ocr_carea' id='block_1_27' title="bbox 437 4413 2039 4492">
    <p class='ocr_par' dir='ltr' id='par_1_27' title="bbox 437 4413 2039 4492">
     <span class='ocr_line' id='line_1_29' title="bbox 437 4413 2039 4492; baseline -0.006 -16"><span class='ocrx_word' id='word_1_178' title='bbox 437 4421 678 4492; x_wconf 91' lang='lat' dir='ltr'>angulos</span> <span class='ocrx_word' id='word_1_179' title='bbox 705 4422 891 4475; x_wconf 91' lang='lat' dir='ltr'>rectos</span> <span class='ocrx_word' id='word_1_180' title='bbox 909 4418 1183 4484; x_wconf 86' lang='lat' dir='ltr'>habeant,</span> <span class='ocrx_word' id='word_1_181' title='bbox 1212 4415 1354 4469; x_wconf 86' lang='lat' dir='ltr'>alios</span> <span class='ocrx_word' id='word_1_182' title='bbox 1387 4418 1602 4481; x_wconf 85' lang='lat' dir='ltr'>acutos,</span> <span class='ocrx_word' id='word_1_183' title='bbox 1636 4415 1736 4469; x_wconf 86' lang='lat' dir='ltr'>aut</span> <span class='ocrx_word' id='word_1_184' title='bbox 1765 4413 1906 4468; x_wconf 87' lang='lat' dir='ltr'>alios</span> <span class='ocrx_word' id='word_1_185' title='bbox 1934 4413 2039 4467; x_wconf 92' lang='lat' dir='ltr'>he-</span> 
     </span>
    </p>
   </div>
   <div class='ocr_carea' id='block_1_28' title="bbox 431 4503 2034 4579">
    <p class='ocr_par' dir='ltr' id='par_1_28' title="bbox 431 4503 2034 4579">
     <span class='ocr_line' id='line_1_30' title="bbox 431 4503 2034 4579; baseline -0.006 -14"><span class='ocrx_word' id='word_1_186' title='bbox 431 4509 614 4579; x_wconf 85' lang='lat' dir='ltr'>betes,</span> <span class='ocrx_word' id='word_1_187' title='bbox 637 4509 778 4564; x_wconf 87' lang='lat' dir='ltr'>alios</span> <span class='ocrx_word' id='word_1_188' title='bbox 806 4510 1020 4573; x_wconf 89' lang='lat' dir='ltr'>acutos,</span> <span class='ocrx_word' id='word_1_189' title='bbox 1051 4508 1149 4559; x_wconf 89' lang='lat' dir='ltr'>aut</span> <span class='ocrx_word' id='word_1_190' title='bbox 1179 4505 1318 4558; x_wconf 90' lang='lat' dir='ltr'>alios</span> <span class='ocrx_word' id='word_1_191' title='bbox 1344 4507 1548 4569; x_wconf 87' lang='lat' dir='ltr'>rectes,</span> <span class='ocrx_word' id='word_1_192' title='bbox 1579 4503 1719 4558; x_wconf 90' lang='lat' dir='ltr'>alios</span> <span class='ocrx_word' id='word_1_193' title='bbox 1749 4503 1988 4558; x_wconf 87' lang='lat' dir='ltr'>hebetes</span> <span class='ocrx_word' id='word_1_194' title='bbox 2020 4521 2034 4571; x_wconf 88' lang='lat'><strong>;</strong></span> 
     </span>
    </p>
   </div>
   <div class='ocr_carea' id='block_1_29' title="bbox 435 4591 2047 4669">
    <p class='ocr_par' dir='ltr' id='par_1_29' title="bbox 435 4591 2047 4669">
     <span class='ocr_line' id='line_1_31' title="bbox 435 4591 2047 4669; baseline -0.006 -14"><span class='ocrx_word' id='word_1_195' title='bbox 435 4614 661 4669; x_wconf 91' lang='lat' dir='ltr'>omnes,</span> <span class='ocrx_word' id='word_1_196' title='bbox 690 4600 754 4653; x_wconf 90' lang='lat' dir='ltr'>ut</span> <span class='ocrx_word' id='word_1_197' title='bbox 783 4599 841 4652; x_wconf 92' lang='lat' dir='ltr'>et</span> <span class='ocrx_word' id='word_1_198' title='bbox 868 4598 1076 4658; x_wconf 90' lang='lat' dir='ltr'>rectus,</span> <span class='ocrx_word' id='word_1_199' title='bbox 1109 4597 1166 4648; x_wconf 93' lang='lat' dir='ltr'>et</span> <span class='ocrx_word' id='word_1_200' title='bbox 1198 4592 1373 4647; x_wconf 90' lang='lat' dir='ltr'>hebes</span> <span class='ocrx_word' id='word_1_201' title='bbox 1401 4595 1459 4647; x_wconf 94' lang='lat' dir='ltr'>et</span> <span class='ocrx_word' id='word_1_202' title='bbox 1500 4595 1719 4660; x_wconf 89' lang='lat' dir='ltr'>acutus,</span> <span class='ocrx_word' id='word_1_203' title='bbox 1759 4591 1914 4664; x_wconf 92' lang='lat' dir='ltr'>quod</span> <span class='ocrx_word' id='word_1_204' title='bbox 1963 4595 2047 4647; x_wconf 90' lang='lat' dir='ltr'>ta-</span> 
     </span>
    </p>
   </div>
   <div class='ocr_carea' id='block_1_30' title="bbox 432 4679 2042 4754">
    <p class='ocr_par' dir='ltr' id='par_1_30' title="bbox 432 4679 2042 4754">
     <span class='ocr_line' id='line_1_32' title="bbox 432 4679 2042 4754; baseline -0.006 -9"><span class='ocrx_word' id='word_1_205' title='bbox 432 4703 569 4744; x_wconf 88' lang='lat' dir='ltr'>men</span> <span class='ocrx_word' id='word_1_206' title='bbox 599 4688 783 4743; x_wconf 90' lang='lat' dir='ltr'>rarius</span> <span class='ocrx_word' id='word_1_207' title='bbox 810 4683 1020 4750; x_wconf 88' lang='lat' dir='ltr'>evenit,</span> <span class='ocrx_word' id='word_1_208' title='bbox 1062 4685 1125 4737; x_wconf 92' lang='lat' dir='ltr'>ut</span> <span class='ocrx_word' id='word_1_209' title='bbox 1152 4681 1214 4735; x_wconf 91' lang='lat' dir='ltr'>in</span> <span class='ocrx_word' id='word_1_210' title='bbox 1242 4696 1357 4735; x_wconf 88' lang='lat' dir='ltr'>una</span> <span class='ocrx_word' id='word_1_211' title='bbox 1398 4679 1590 4754; x_wconf 91' lang='lat' dir='ltr'>aliqua</span> <span class='ocrx_word' id='word_1_212' title='bbox 1622 4680 1948 4736; x_wconf 88' lang='lat' dir='ltr'>inveniatur</span> <span class='ocrx_word' id='word_1_213' title='bbox 1979 4681 2042 4735; x_wconf 84' lang='lat' dir='ltr'>fi-</span> 
     </span>
    </p>
   </div>
   <div class='ocr_carea' id='block_1_31' title="bbox 432 4769 2040 4849">
    <p class='ocr_par' dir='ltr' id='par_1_31' title="bbox 432 4769 2040 4849">
     <span class='ocr_line' id='line_1_33' title="bbox 432 4769 2040 4849; baseline -0.006 -16"><span class='ocrx_word' id='word_1_214' title='bbox 432 4793 596 4849; x_wconf 85' lang='lat' dir='ltr'>gura.</span> <span class='ocrx_word' id='word_1_215' title='bbox 623 4775 790 4841; x_wconf 86' lang='lat' dir='ltr'>Quod</span> <span class='ocrx_word' id='word_1_216' title='bbox 813 4776 1002 4828; x_wconf 89' lang='lat' dir='ltr'>totum</span> <span class='ocrx_word' id='word_1_217' title='bbox 1023 4769 1306 4841; x_wconf 88' lang='lat' dir='ltr'>posterius</span> <span class='ocrx_word' id='word_1_218' title='bbox 1336 4769 1396 4824; x_wconf 90' lang='lat' dir='ltr'>in</span> <span class='ocrx_word' id='word_1_219' title='bbox 1423 4785 1625 4824; x_wconf 89' lang='lat' dir='ltr'>earum</span> <span class='ocrx_word' id='word_1_220' title='bbox 1654 4769 1788 4824; x_wconf 83' lang='lat' dir='ltr'>satis</span> <span class='ocrx_word' id='word_1_221' title='bbox 1825 4770 2040 4825; x_wconf 85' lang='lat' dir='ltr'>forma-</span> 
     </span>
    </p>
   </div>
   <div class='ocr_carea' id='block_1_32' title="bbox 429 4857 2037 4930">
    <p class='ocr_par' dir='ltr' id='par_1_32' title="bbox 429 4857 2037 4930">
     <span class='ocr_line' id='line_1_34' title="bbox 429 4857 2037 4930; baseline -0.003 -11"><span class='ocrx_word' id='word_1_222' title='bbox 429 4865 686 4921; x_wconf 88' lang='lat' dir='ltr'>tionibus</span> <span class='ocrx_word' id='word_1_223' title='bbox 728 4859 983 4916; x_wconf 90' lang='lat' dir='ltr'>clarebit.</span> <span class='ocrx_word' id='word_1_224' title='bbox 1021 4859 1181 4913; x_wconf 87' lang='lat' dir='ltr'>Nunc</span> <span class='ocrx_word' id='word_1_225' title='bbox 1201 4858 1329 4929; x_wconf 88' lang='lat' dir='ltr'>jam</span> <span class='ocrx_word' id='word_1_226' title='bbox 1380 4858 1450 4914; x_wconf 93' lang='lat' dir='ltr'>de</span> <span class='ocrx_word' id='word_1_227' title='bbox 1498 4857 1796 4930; x_wconf 77' lang='lat' dir='ltr'>triangula,</span> <span class='ocrx_word' id='word_1_228' title='bbox 1842 4859 1940 4930; x_wconf 90' lang='lat' dir='ltr'>qui</span> <span class='ocrx_word' id='word_1_229' title='bbox 1977 4859 2037 4914; x_wconf 93' lang='lat' dir='ltr'>in</span> 
     </span>
    </p>
   </div>
   <div class='ocr_carea' id='block_1_33' title="bbox 431 4946 2039 5027">
    <p class='ocr_par' dir='ltr' id='par_1_33' title="bbox 431 4946 2039 5027">
     <span class='ocr_line' id='line_1_35' title="bbox 431 4946 2039 5027; baseline -0.004 -18"><span class='ocrx_word' id='word_1_230' title='bbox 431 4953 618 5027; x_wconf 88' lang='lat' dir='ltr'>planis</span> <span class='ocrx_word' id='word_1_231' title='bbox 641 4948 840 5022; x_wconf 80' lang='lat' dir='ltr'>figuris</span> <span class='ocrx_word' id='word_1_232' title='bbox 860 4946 1200 5002; x_wconf 84' lang='lat' dir='ltr'>naturaliter</span> <span class='ocrx_word' id='word_1_233' title='bbox 1217 4947 1438 5018; x_wconf 90' lang='lat' dir='ltr'>primus</span> <span class='ocrx_word' id='word_1_234' title='bbox 1469 4947 1736 5017; x_wconf 91' lang='lat' dir='ltr'>occurrit,</span> <span class='ocrx_word' id='word_1_235' title='bbox 1785 4963 2039 5022; x_wconf 89' lang='lat' dir='ltr'>sequens</span> 
     </span>
    </p>
   </div>
   <div class='ocr_carea' id='block_1_34' title="bbox 430 5034 1678 5112">
    <p class='ocr_par' dir='ltr' id='par_1_34' title="bbox 430 5034 1678 5112">
     <span class='ocr_line' id='line_1_36' title="bbox 430 5034 1678 5112; baseline -0.004 -13"><span class='ocrx_word' id='word_1_236' title='bbox 430 5042 580 5099; x_wconf 77' lang='lat' dir='ltr'>ratio</span> <span class='ocrx_word' id='word_1_237' title='bbox 606 5047 734 5112; x_wconf 65' lang='lat' dir='ltr'>quin</span> <span class='ocrx_word' id='word_1_238' title='bbox 759 5034 1103 5092; x_wconf 87' lang='lat' dir='ltr'>videbuntur</span> <span class='ocrx_word' id='word_1_239' title='bbox 1131 5035 1368 5107; x_wconf 88' lang='lat' dir='ltr'>aggredi</span> <span class='ocrx_word' id='word_1_240' title='bbox 1399 5036 1678 5094; x_wconf 89' lang='lat' dir='ltr'>tentabit.</span> 
     </span>
    </p>
   </div>
   <div class='ocr_carea' id='block_1_35' title="bbox 1056 5133 1404 5198">
    <p class='ocr_par' dir='ltr' id='par_1_35' title="bbox 1056 5133 1404 5198">
     <span class='ocr_line' id='line_1_37' title="bbox 1056 5133 1404 5198; baseline -0.003 0"><span class='ocrx_word' id='word_1_241' title='bbox 1056 5133 1279 5198; x_wconf 75' lang='lat' dir='ltr'>CAPUT</span> <span class='ocrx_word' id='word_1_242' title='bbox 1315 5141 1383 5196; x_wconf 85' lang='lat' dir='ltr'>VI</span> <span class='ocrx_word' id='word_1_243' title='bbox 1393 5181 1404 5197; x_wconf 92' lang='lat'>.</span> 
     </span>
    </p>
   </div>
   <div class='ocr_carea' id='block_1_36' title="bbox 825 5231 1647 5306">
    <p class='ocr_par' dir='ltr' id='par_1_36' title="bbox 825 5231 1647 5306">
     <span class='ocr_line' id='line_1_38' title="bbox 825 5231 1647 5306; baseline 0.001 -19"><span class='ocrx_word' id='word_1_244' title='bbox 825 5231 908 5288; x_wconf 85' lang='lat' dir='ltr'>De</span> <span class='ocrx_word' id='word_1_245' title='bbox 927 5232 1327 5306; x_wconf 74' lang='lat' dir='ltr'>principalitate</span> <span class='ocrx_word' id='word_1_246' title='bbox 1366 5231 1647 5305; x_wconf 75' lang='lat' dir='ltr'>trianguli.</span> 
     </span>
    </p>
   </div>
   <div class='ocr_carea' id='block_1_37' title="bbox 509 5315 2043 5392">
    <p class='ocr_par' dir='ltr' id='par_1_37' title="bbox 509 5315 2043 5392">
     <span class='ocr_line' id='line_1_39' title="bbox 509 5315 2043 5392; baseline -0.003 -14"><span class='ocrx_word' id='word_1_247' title='bbox 509 5315 854 5392; x_wconf 82' lang='lat' dir='ltr'>Triangulus,</span> <span class='ocrx_word' id='word_1_248' title='bbox 883 5323 947 5376; x_wconf 90' lang='lat' dir='ltr'>ut</span> <span class='ocrx_word' id='word_1_249' title='bbox 968 5321 1029 5376; x_wconf 91' lang='lat' dir='ltr'>in</span> <span class='ocrx_word' id='word_1_250' title='bbox 1064 5321 1446 5377; x_wconf 90' lang='lat' dir='ltr'>arithmeticis</span> <span class='ocrx_word' id='word_1_251' title='bbox 1471 5321 1605 5376; x_wconf 89' lang='lat' dir='ltr'>satis</span> <span class='ocrx_word' id='word_1_252' title='bbox 1644 5335 1679 5375; x_wconf 85' lang='lat' dir='ltr'>a</span> <span class='ocrx_word' id='word_1_253' title='bbox 1715 5319 1915 5376; x_wconf 90' lang='lat' dir='ltr'>Boetio</span> <span class='ocrx_word' id='word_1_254' title='bbox 1947 5319 2043 5375; x_wconf 87' lang='lat' dir='ltr'>de-</span> 
     </span>
    </p>
   </div>
   <div class='ocr_carea' id='block_1_38' title="bbox 437 5408 2038 5485">
    <p class='ocr_par' dir='ltr' id='par_1_38' title="bbox 437 5408 2038 5485">
     <span class='ocr_line' id='line_1_40' title="bbox 437 5408 2038 5485; baseline -0.006 -14"><span class='ocrx_word' id='word_1_255' title='bbox 437 5414 720 5471; x_wconf 88' lang='lat' dir='ltr'>claratum</span> <span class='ocrx_word' id='word_1_256' title='bbox 751 5414 856 5474; x_wconf 85' lang='lat' dir='ltr'>est,</span> <span class='ocrx_word' id='word_1_257' title='bbox 881 5411 1009 5467; x_wconf 91' lang='lat' dir='ltr'>ideo</span> <span class='ocrx_word' id='word_1_258' title='bbox 1035 5412 1342 5485; x_wconf 80' lang='lat' dir='ltr'>plenarum</span> <span class='ocrx_word' id='word_1_259' title='bbox 1373 5410 1721 5484; x_wconf 87' lang='lat' dir='ltr'>principium</span> <span class='ocrx_word' id='word_1_260' title='bbox 1751 5408 1943 5462; x_wconf 89' lang='lat' dir='ltr'>existit</span> <span class='ocrx_word' id='word_1_261' title='bbox 1971 5409 2038 5461; x_wconf 83' lang='lat' dir='ltr'>fl-</span> 
     </span>
    </p>
   </div>
   <div class='ocr_carea' id='block_1_39' title="bbox 437 5497 2036 5577">
    <p class='ocr_par' dir='ltr' id='par_1_39' title="bbox 437 5497 2036 5577">
     <span class='ocr_line' id='line_1_41' title="bbox 437 5497 2036 5577; baseline -0.004 -19"><span class='ocrx_word' id='word_1_262' title='bbox 437 5501 874 5577; x_wconf 88' lang='lat' dir='ltr'>gurarum,quia</span> <span class='ocrx_word' id='word_1_263' title='bbox 893 5502 1000 5557; x_wconf 90' lang='lat' dir='ltr'>tria</span> <span class='ocrx_word' id='word_1_264' title='bbox 1018 5502 1274 5576; x_wconf 90' lang='lat' dir='ltr'>primum</span> <span class='ocrx_word' id='word_1_265' title='bbox 1285 5505 1456 5556; x_wconf 79' lang='lat' dir='ltr'>rectae</span> <span class='ocrx_word' id='word_1_266' title='bbox 1474 5501 1644 5556; x_wconf 72' lang='lat' dir='ltr'>linea:</span> <span class='ocrx_word' id='word_1_267' title='bbox 1670 5497 2036 5569; x_wconf 83' lang='lat' dir='ltr'>superficiem</span> 
     </span>
    </p>
   </div>
   <div class='ocr_carea' id='block_1_40' title="bbox 437 5585 2033 5665">
    <p class='ocr_par' dir='ltr' id='par_1_40' title="bbox 437 5585 2033 5665">
     <span class='ocr_line' id='line_1_42' title="bbox 437 5585 2033 5665; baseline -0.003 -17"><span class='ocrx_word' id='word_1_268' title='bbox 437 5608 540 5648; x_wconf 88' lang='lat' dir='ltr'>seu</span> <span class='ocrx_word' id='word_1_269' title='bbox 571 5590 932 5647; x_wconf 86' lang='lat' dir='ltr'>latitudinem</span> <span class='ocrx_word' id='word_1_270' title='bbox 969 5592 1223 5665; x_wconf 87' lang='lat' dir='ltr'>aliquam</span> <span class='ocrx_word' id='word_1_271' title='bbox 1258 5592 1498 5662; x_wconf 88' lang='lat' dir='ltr'>possunt</span> <span class='ocrx_word' id='word_1_272' title='bbox 1533 5585 1852 5644; x_wconf 86' lang='lat' dir='ltr'>includere.</span> <span class='ocrx_word' id='word_1_273' title='bbox 1896 5587 2033 5643; x_wconf 71' lang='lat' dir='ltr'>Due:</span> 
     </span>
    </p>
   </div>
   <div class='ocr_carea' id='block_1_41' title="bbox 438 5673 2029 5759">
    <p class='ocr_par' dir='ltr' id='par_1_41' title="bbox 438 5673 2029 5759">
     <span class='ocr_line' id='line_1_43' title="bbox 438 5673 2029 5759; baseline -0.003 -22"><span class='ocrx_word' id='word_1_274' title='bbox 438 5679 652 5759; x_wconf 86' lang='lat' dir='ltr'>quippe</span> <span class='ocrx_word' id='word_1_275' title='bbox 670 5683 841 5739; x_wconf 69' lang='lat' dir='ltr'>rectas</span> <span class='ocrx_word' id='word_1_276' title='bbox 869 5681 1012 5739; x_wconf 87' lang='lat' dir='ltr'>nihil</span> <span class='ocrx_word' id='word_1_277' title='bbox 1038 5682 1280 5756; x_wconf 86' lang='lat' dir='ltr'>possunt</span> <span class='ocrx_word' id='word_1_278' title='bbox 1308 5676 1477 5751; x_wconf 82' lang='lat' dir='ltr'>spatii</span> <span class='ocrx_word' id='word_1_279' title='bbox 1517 5673 1900 5746; x_wconf 83' lang='lat' dir='ltr'>circumdare,</span> <span class='ocrx_word' id='word_1_280' title='bbox 1937 5678 2029 5733; x_wconf 82' lang='lat' dir='ltr'>at-</span> 
     </span>
    </p>
   </div>
   <div class='ocr_carea' id='block_1_42' title="bbox 1019 379 3126 476">
    <p class='ocr_par' dir='ltr' id='par_1_42' title="bbox 1019 379 3126 476">
     <span class='ocr_line' id='line_1_44' title="bbox 1019 379 3126 476; baseline 0.003 -8"><span class='ocrx_word' id='word_1_281' title='bbox 1019 409 1371 469; x_wconf 74' lang='lat' dir='ltr'>snvnsm</span> <span class='ocrx_word' id='word_1_282' title='bbox 1403 413 1451 470; x_wconf 81' lang='grc' dir='ltr'>ιι</span> <span class='ocrx_word' id='word_1_283' title='bbox 1489 411 1696 472; x_wconf 54' lang='lat' dir='ltr'>Plaisz</span> <span class='ocrx_word' id='word_1_284' title='bbox 1733 379 1890 476; x_wconf 63' lang='lat' dir='ltr'>our.</span> <span class='ocrx_word' id='word_1_285' title='bbox 1946 404 2123 471; x_wconf 73' lang='lat' dir='ltr'>PARS</span> <span class='ocrx_word' id='word_1_286' title='bbox 2166 413 2207 470; x_wconf 79' lang='grc' dir='ltr'><strong>ι.</strong></span> <span class='ocrx_word' id='word_1_287' title='bbox 2251 446 2319 456; x_wconf 90' lang='grc'><strong>-</strong></span> <span class='ocrx_word' id='word_1_288' title='bbox 2356 414 2453 472; x_wconf 92' lang='lat' dir='ltr'><strong>DE</strong></span> <span class='ocrx_word' id='word_1_289' title='bbox 2488 413 2780 474; x_wconf 85' lang='lat' dir='ltr'>DISCIPL.</span> <span class='ocrx_word' id='word_1_290' title='bbox 2819 416 3126 475; x_wconf 68' lang='lat' dir='ltr'>munem.</span> 
     </span>
    </p>
   </div>
   <div class='ocr_carea' id='block_1_43' title="bbox 3648 423 3742 478">
    <p class='ocr_par' dir='ltr' id='par_1_43' title="bbox 3648 423 3742 478">
     <span class='ocr_line' id='line_1_45' title="bbox 3648 423 3742 478; baseline 0.043 -4"><span class='ocrx_word' id='word_1_291' title='bbox 3648 423 3742 478; x_wconf 75' lang='grc'>104</span> 
     </span>
    </p>
   </div>
   <div class='ocr_carea' id='block_1_44' title="bbox 2061 537 3744 616">
    <p class='ocr_par' dir='ltr' id='par_1_44' title="bbox 2061 537 3744 616">
     <span class='ocr_line' id='line_1_46' title="bbox 2061 537 3744 616; baseline 0.003 -22"><span class='ocrx_word' id='word_1_292' title='bbox 2061 545 2115 605; x_wconf 80' lang='grc' dir='ltr'><strong>Α</strong></span> <span class='ocrx_word' id='word_1_293' title='bbox 2140 555 2251 612; x_wconf 91' lang='lat' dir='ltr'>que</span> <span class='ocrx_word' id='word_1_294' title='bbox 2290 539 2384 594; x_wconf 92' lang='lat' dir='ltr'>ille</span> <span class='ocrx_word' id='word_1_295' title='bbox 2423 537 2575 608; x_wconf 91' lang='lat' dir='ltr'>ideo,</span> <span class='ocrx_word' id='word_1_296' title='bbox 2613 540 2750 612; x_wconf 87' lang='lat' dir='ltr'>quia</span> <span class='ocrx_word' id='word_1_297' title='bbox 2788 541 2969 596; x_wconf 88' lang='lat' dir='ltr'>tribus</span> <span class='ocrx_word' id='word_1_298' title='bbox 3010 541 3179 597; x_wconf 88' lang='lat' dir='ltr'>lineis</span> <span class='ocrx_word' id='word_1_299' title='bbox 3220 541 3502 598; x_wconf 86' lang='lat' dir='ltr'>distensus</span> <span class='ocrx_word' id='word_1_300' title='bbox 3534 544 3744 616; x_wconf 74' lang='lat' dir='ltr'>figuras</span> 
     </span>
    </p>
   </div>
   <div class='ocr_carea' id='block_1_45' title="bbox 2139 629 3745 701">
    <p class='ocr_par' dir='ltr' id='par_1_45' title="bbox 2139 629 3745 701">
     <span class='ocr_line' id='line_1_47' title="bbox 2139 629 3745 701; baseline 0.003 -19"><span class='ocrx_word' id='word_1_301' title='bbox 2139 630 2439 699; x_wconf 90' lang='lat' dir='ltr'>angulatas</span> <span class='ocrx_word' id='word_1_302' title='bbox 2467 629 2780 700; x_wconf 80' lang='lat' dir='ltr'>plenasque</span> <span class='ocrx_word' id='word_1_303' title='bbox 2812 629 3036 699; x_wconf 90' lang='lat' dir='ltr'>primus</span> <span class='ocrx_word' id='word_1_304' title='bbox 3061 629 3255 698; x_wconf 75' lang='lat' dir='ltr'>efficit,</span> <span class='ocrx_word' id='word_1_305' title='bbox 3278 630 3412 701; x_wconf 86' lang='lat' dir='ltr'>jure</span> <span class='ocrx_word' id='word_1_306' title='bbox 3439 631 3498 686; x_wconf 88' lang='lat' dir='ltr'>in</span> <span class='ocrx_word' id='word_1_307' title='bbox 3531 631 3745 687; x_wconf 88' lang='lat' dir='ltr'>eisdem</span> 
     </span>
    </p>
   </div>
   <div class='ocr_carea' id='block_1_46' title="bbox 2141 716 3744 788">
    <p class='ocr_par' dir='ltr' id='par_1_46' title="bbox 2141 716 3744 788">
     <span class='ocr_line' id='line_1_48' title="bbox 2141 716 3744 788; baseline 0.003 -18"><span class='ocrx_word' id='word_1_308' title='bbox 2141 717 2338 788; x_wconf 87' lang='lat' dir='ltr'>figuris</span> <span class='ocrx_word' id='word_1_309' title='bbox 2365 716 2721 788; x_wconf 90' lang='lat' dir='ltr'>principatus</span> <span class='ocrx_word' id='word_1_310' title='bbox 2768 719 2957 772; x_wconf 90' lang='lat' dir='ltr'>locum</span> <span class='ocrx_word' id='word_1_311' title='bbox 3005 719 3308 774; x_wconf 88' lang='lat' dir='ltr'>obtinebit.</span> <span class='ocrx_word' id='word_1_312' title='bbox 3360 719 3465 783; x_wconf 86' lang='lat' dir='ltr'>Qui</span> <span class='ocrx_word' id='word_1_313' title='bbox 3512 723 3572 774; x_wconf 89' lang='lat' dir='ltr'>et</span> <span class='ocrx_word' id='word_1_314' title='bbox 3621 721 3744 776; x_wconf 91' lang='lat' dir='ltr'>ideo</span> 
     </span>
    </p>
   </div>
   <div class='ocr_carea' id='block_1_47' title="bbox 2141 805 3744 879">
    <p class='ocr_par' dir='ltr' id='par_1_47' title="bbox 2141 805 3744 879">
     <span class='ocr_line' id='line_1_49' title="bbox 2141 805 3744 879; baseline 0.003 -21"><span class='ocrx_word' id='word_1_315' title='bbox 2141 805 2486 876; x_wconf 90' lang='lat' dir='ltr'>principium</span> <span class='ocrx_word' id='word_1_316' title='bbox 2523 808 2580 859; x_wconf 89' lang='lat' dir='ltr'>et</span> <span class='ocrx_word' id='word_1_317' title='bbox 2614 805 2772 876; x_wconf 89' lang='lat' dir='ltr'>quasi</span> <span class='ocrx_word' id='word_1_318' title='bbox 2797 807 3149 862; x_wconf 87' lang='lat' dir='ltr'>elementum</span> <span class='ocrx_word' id='word_1_319' title='bbox 3174 811 3354 862; x_wconf 88' lang='lat' dir='ltr'>exstat</span> <span class='ocrx_word' id='word_1_320' title='bbox 3377 807 3433 862; x_wconf 92' lang='lat' dir='ltr'>in</span> <span class='ocrx_word' id='word_1_321' title='bbox 3463 810 3744 879; x_wconf 75' lang='lat' dir='ltr'>ungulatis</span> 
     </span>
    </p>
   </div>
   <div class='ocr_carea' id='block_1_48' title="bbox 2138 893 3744 969">
    <p class='ocr_par' dir='ltr' id='par_1_48' title="bbox 2138 893 3744 969">
     <span class='ocr_line' id='line_1_50' title="bbox 2138 893 3744 969; baseline 0.003 -22"><span class='ocrx_word' id='word_1_322' title='bbox 2138 893 2357 965; x_wconf 84' lang='lat' dir='ltr'>figuris,</span> <span class='ocrx_word' id='word_1_323' title='bbox 2395 894 2550 967; x_wconf 92' lang='lat' dir='ltr'>quod</span> <span class='ocrx_word' id='word_1_324' title='bbox 2589 910 2950 966; x_wconf 68' lang='lat' dir='ltr'>unaquaaque</span> <span class='ocrx_word' id='word_1_325' title='bbox 2986 913 3185 950; x_wconf 90' lang='lat' dir='ltr'>earum</span> <span class='ocrx_word' id='word_1_326' title='bbox 3223 913 3289 951; x_wconf 84' lang='lat' dir='ltr'><strong>ex</strong></span> <span class='ocrx_word' id='word_1_327' title='bbox 3321 913 3389 951; x_wconf 91' lang='lat' dir='ltr'>eo</span> <span class='ocrx_word' id='word_1_328' title='bbox 3428 913 3744 969; x_wconf 88' lang='lat' dir='ltr'>compona-</span> 
     </span>
    </p>
   </div>
   <div class='ocr_carea' id='block_1_49' title="bbox 2138 981 3745 1056">
    <p class='ocr_par' dir='ltr' id='par_1_49' title="bbox 2138 981 3745 1056">
     <span class='ocr_line' id='line_1_51' title="bbox 2138 981 3745 1056; baseline 0.003 -21"><span class='ocrx_word' id='word_1_329' title='bbox 2138 985 2251 1044; x_wconf 88' lang='lat' dir='ltr'>tur,</span> <span class='ocrx_word' id='word_1_330' title='bbox 2284 981 2424 1036; x_wconf 92' lang='lat' dir='ltr'>etin</span> <span class='ocrx_word' id='word_1_331' title='bbox 2458 983 2728 1036; x_wconf 91' lang='lat' dir='ltr'>eumdem</span> <span class='ocrx_word' id='word_1_332' title='bbox 2761 984 3100 1037; x_wconf 88' lang='lat' dir='ltr'>resolvatur.</span> <span class='ocrx_word' id='word_1_333' title='bbox 3134 985 3192 1038; x_wconf 92' lang='lat' dir='ltr'>Si</span> <span class='ocrx_word' id='word_1_334' title='bbox 3225 985 3382 1038; x_wconf 88' lang='lat' dir='ltr'>enim</span> <span class='ocrx_word' id='word_1_335' title='bbox 3432 985 3608 1056; x_wconf 89' lang='lat' dir='ltr'>ipsius</span> <span class='ocrx_word' id='word_1_336' title='bbox 3650 987 3745 1040; x_wconf 89' lang='lat' dir='ltr'>tri-</span> 
     </span>
    </p>
   </div>
   <div class='ocr_carea' id='block_1_50' title="bbox 2137 1070 3746 1144">
    <p class='ocr_par' dir='ltr' id='par_1_50' title="bbox 2137 1070 3746 1144">
     <span class='ocr_line' id='line_1_52' title="bbox 2137 1070 3746 1144; baseline 0.002 -20"><span class='ocrx_word' id='word_1_337' title='bbox 2137 1071 2335 1141; x_wconf 90' lang='lat' dir='ltr'>anguli</span> <span class='ocrx_word' id='word_1_338' title='bbox 2382 1070 2496 1124; x_wconf 91' lang='lat' dir='ltr'>sive</span> <span class='ocrx_word' id='word_1_339' title='bbox 2527 1070 2817 1140; x_wconf 87' lang='lat' dir='ltr'>tetragoni</span> <span class='ocrx_word' id='word_1_340' title='bbox 2863 1072 2950 1124; x_wconf 91' lang='lat' dir='ltr'>vel</span> <span class='ocrx_word' id='word_1_341' title='bbox 2998 1073 3336 1143; x_wconf 87' lang='lat' dir='ltr'>pentagoni,</span> <span class='ocrx_word' id='word_1_342' title='bbox 3391 1073 3746 1144; x_wconf 86' lang='lat' dir='ltr'>hexagonive</span> 
     </span>
    </p>
   </div>
   <div class='ocr_carea' id='block_1_51' title="bbox 2135 1158 3748 1232">
    <p class='ocr_par' dir='ltr' id='par_1_51' title="bbox 2135 1158 3748 1232">
     <span class='ocr_line' id='line_1_53' title="bbox 2135 1158 3748 1232; baseline 0.003 -21"><span class='ocrx_word' id='word_1_343' title='bbox 2135 1174 2241 1212; x_wconf 93' lang='lat' dir='ltr'>ceu</span> <span class='ocrx_word' id='word_1_344' title='bbox 2281 1162 2624 1213; x_wconf 71' lang='lat' dir='ltr'>caeterorum</span> <span class='ocrx_word' id='word_1_345' title='bbox 2669 1158 3035 1230; x_wconf 88' lang='lat' dir='ltr'>sequentium</span> <span class='ocrx_word' id='word_1_346' title='bbox 3082 1161 3600 1232; x_wconf 88' lang='lat' dir='ltr'>multiangulorum</span> <span class='ocrx_word' id='word_1_347' title='bbox 3658 1179 3748 1216; x_wconf 86' lang='lat' dir='ltr'>su-</span> 
     </span>
    </p>
   </div>
   <div class='ocr_carea' id='block_1_52' title="bbox 2137 1246 3748 1322">
    <p class='ocr_par' dir='ltr' id='par_1_52' title="bbox 2137 1246 3748 1322">
     <span class='ocr_line' id='line_1_54' title="bbox 2137 1246 3748 1322; baseline 0.003 -23"><span class='ocrx_word' id='word_1_348' title='bbox 2137 1246 2453 1317; x_wconf 83' lang='lat' dir='ltr'>perﬁciem,</span> <span class='ocrx_word' id='word_1_349' title='bbox 2493 1246 2550 1301; x_wconf 92' lang='lat' dir='ltr'>id</span> <span class='ocrx_word' id='word_1_350' title='bbox 2578 1251 2664 1301; x_wconf 89' lang='lat' dir='ltr'>est</span> <span class='ocrx_word' id='word_1_351' title='bbox 2693 1263 2891 1302; x_wconf 90' lang='lat' dir='ltr'>aream</span> <span class='ocrx_word' id='word_1_352' title='bbox 2940 1249 3200 1303; x_wconf 89' lang='lat' dir='ltr'>mediam</span> <span class='ocrx_word' id='word_1_353' title='bbox 3247 1254 3460 1320; x_wconf 88' lang='lat' dir='ltr'>puncto</span> <span class='ocrx_word' id='word_1_354' title='bbox 3489 1250 3748 1322; x_wconf 83' lang='lat' dir='ltr'>designa-</span> 
     </span>
    </p>
   </div>
   <div class='ocr_carea' id='block_1_53' title="bbox 2139 1333 3746 1408">
    <p class='ocr_par' dir='ltr' id='par_1_53' title="bbox 2139 1333 3746 1408">
     <span class='ocr_line' id='line_1_55' title="bbox 2139 1333 3746 1408; baseline 0.003 -20"><span class='ocrx_word' id='word_1_355' title='bbox 2139 1333 2302 1402; x_wconf 91' lang='lat' dir='ltr'>veris,</span> <span class='ocrx_word' id='word_1_356' title='bbox 2333 1335 2389 1389; x_wconf 89' lang='lat' dir='ltr'>et</span> <span class='ocrx_word' id='word_1_357' title='bbox 2416 1333 2487 1389; x_wconf 90' lang='lat' dir='ltr'>ab</span> <span class='ocrx_word' id='word_1_358' title='bbox 2519 1335 2728 1390; x_wconf 92' lang='lat' dir='ltr'>eodem</span> <span class='ocrx_word' id='word_1_359' title='bbox 2760 1338 2974 1406; x_wconf 89' lang='lat' dir='ltr'>puncto</span> <span class='ocrx_word' id='word_1_360' title='bbox 3005 1338 3080 1391; x_wconf 91' lang='lat' dir='ltr'>ad</span> <span class='ocrx_word' id='word_1_361' title='bbox 3107 1339 3350 1408; x_wconf 87' lang='lat' dir='ltr'>angulos</span> <span class='ocrx_word' id='word_1_362' title='bbox 3364 1342 3548 1393; x_wconf 86' lang='lat' dir='ltr'>rectas</span> <span class='ocrx_word' id='word_1_363' title='bbox 3567 1337 3746 1393; x_wconf 88' lang='lat' dir='ltr'>lineas</span> 
     </span>
    </p>
   </div>
   <div class='ocr_carea' id='block_1_54' title="bbox 2137 1422 3746 1498">
    <p class='ocr_par' dir='ltr' id='par_1_54' title="bbox 2137 1422 3746 1498">
     <span class='ocr_line' id='line_1_56' title="bbox 2137 1422 3746 1498; baseline 0.003 -23"><span class='ocrx_word' id='word_1_364' title='bbox 2137 1422 2460 1488; x_wconf 86' lang='lat' dir='ltr'>deduxeris,</span> <span class='ocrx_word' id='word_1_365' title='bbox 2494 1440 2968 1496; x_wconf 91' lang='lat' dir='ltr'>unumquemque</span> <span class='ocrx_word' id='word_1_366' title='bbox 3004 1442 3207 1480; x_wconf 91' lang='lat' dir='ltr'>eorum</span> <span class='ocrx_word' id='word_1_367' title='bbox 3239 1444 3304 1480; x_wconf 87' lang='lat' dir='ltr'>ex</span> <span class='ocrx_word' id='word_1_368' title='bbox 3331 1429 3418 1481; x_wconf 91' lang='lat' dir='ltr'>tot</span> <span class='ocrx_word' id='word_1_369' title='bbox 3457 1427 3746 1498; x_wconf 85' lang='lat' dir='ltr'>composi-</span> 
     </span>
    </p>
   </div>
   <div class='ocr_carea' id='block_1_55' title="bbox 2137 1511 3759 1590">
    <p class='ocr_par' dir='ltr' id='par_1_55' title="bbox 2137 1511 3759 1590">
     <span class='ocr_line' id='line_1_57' title="bbox 2137 1511 3759 1590; baseline 0.004 -28"><span class='ocrx_word' id='word_1_370' title='bbox 2137 1512 2261 1563; x_wconf 92' lang='lat' dir='ltr'>tum</span> <span class='ocrx_word' id='word_1_371' title='bbox 2288 1514 2345 1564; x_wconf 92' lang='lat' dir='ltr'>et</span> <span class='ocrx_word' id='word_1_372' title='bbox 2380 1511 2438 1564; x_wconf 91' lang='lat' dir='ltr'>in</span> <span class='ocrx_word' id='word_1_373' title='bbox 2467 1513 2553 1565; x_wconf 88' lang='lat' dir='ltr'>tot</span> <span class='ocrx_word' id='word_1_374' title='bbox 2582 1511 2902 1582; x_wconf 89' lang='lat' dir='ltr'>triangulos</span> <span class='ocrx_word' id='word_1_375' title='bbox 2933 1512 3176 1567; x_wconf 87' lang='lat' dir='ltr'>divisum</span> <span class='ocrx_word' id='word_1_376' title='bbox 3208 1513 3565 1584; x_wconf 89' lang='lat' dir='ltr'>pernotabis,</span> <span class='ocrx_word' id='word_1_377' title='bbox 3613 1519 3759 1590; x_wconf 80' lang='lat' dir='ltr'>quot</span> 
     </span>
    </p>
   </div>
   <div class='ocr_carea' id='block_1_56' title="bbox 2139 1599 3746 1674">
    <p class='ocr_par' dir='ltr' id='par_1_56' title="bbox 2139 1599 3746 1674">
     <span class='ocr_line' id='line_1_58' title="bbox 2139 1599 3746 1674; baseline 0.002 -21"><span class='ocrx_word' id='word_1_378' title='bbox 2139 1599 2258 1670; x_wconf 89' lang='lat' dir='ltr'>ipse</span> <span class='ocrx_word' id='word_1_379' title='bbox 2305 1600 2528 1652; x_wconf 87' lang='lat' dir='ltr'>constat</span> <span class='ocrx_word' id='word_1_380' title='bbox 2569 1615 2635 1653; x_wconf 85' lang='lat' dir='ltr'>ex</span> <span class='ocrx_word' id='word_1_381' title='bbox 2684 1599 2926 1672; x_wconf 85' lang='lat' dir='ltr'>angulis.</span> <span class='ocrx_word' id='word_1_382' title='bbox 2980 1601 3122 1654; x_wconf 84' lang='lat' dir='ltr'>Nam</span> <span class='ocrx_word' id='word_1_383' title='bbox 3156 1601 3364 1656; x_wconf 90' lang='lat' dir='ltr'>eodem</span> <span class='ocrx_word' id='word_1_384' title='bbox 3401 1602 3578 1656; x_wconf 91' lang='lat' dir='ltr'>modo</span> <span class='ocrx_word' id='word_1_385' title='bbox 3631 1602 3746 1674; x_wconf 88' lang='lat' dir='ltr'>ipse</span> 
     </span>
    </p>
   </div>
   <div class='ocr_carea' id='block_1_57' title="bbox 2138 1686 3744 1761">
    <p class='ocr_par' dir='ltr' id='par_1_57' title="bbox 2138 1686 3744 1761">
     <span class='ocr_line' id='line_1_59' title="bbox 2138 1686 3744 1761; baseline 0.004 -22"><span class='ocrx_word' id='word_1_386' title='bbox 2138 1686 2454 1757; x_wconf 88' lang='lat' dir='ltr'>triangulus</span> <span class='ocrx_word' id='word_1_387' title='bbox 2482 1686 2541 1740; x_wconf 92' lang='lat' dir='ltr'>in</span> <span class='ocrx_word' id='word_1_388' title='bbox 2580 1689 2698 1741; x_wconf 91' lang='lat' dir='ltr'>tres</span> <span class='ocrx_word' id='word_1_389' title='bbox 2742 1687 2881 1743; x_wconf 87' lang='lat' dir='ltr'>alios</span> <span class='ocrx_word' id='word_1_390' title='bbox 2921 1689 3281 1760; x_wconf 89' lang='lat' dir='ltr'>triangulos;</span> <span class='ocrx_word' id='word_1_391' title='bbox 3315 1693 3657 1761; x_wconf 87' lang='lat' dir='ltr'>tetragonus</span> <span class='ocrx_word' id='word_1_392' title='bbox 3693 1691 3744 1745; x_wconf 89' lang='lat' dir='ltr'>in</span> 
     </span>
    </p>
   </div>
   <div class='ocr_carea' id='block_1_58' title="bbox 2136 1775 3745 1848">
    <p class='ocr_par' dir='ltr' id='par_1_58' title="bbox 2136 1775 3745 1848">
     <span class='ocr_line' id='line_1_60' title="bbox 2136 1775 3745 1848; baseline 0.002 -19"><span class='ocrx_word' id='word_1_393' title='bbox 2136 1775 2205 1843; x_wconf 72' lang='lat'><strong>4;</strong></span> <span class='ocrx_word' id='word_1_394' title='bbox 2238 1778 2601 1846; x_wconf 89' lang='lat' dir='ltr'>pentagonus</span> <span class='ocrx_word' id='word_1_395' title='bbox 2633 1775 2692 1829; x_wconf 91' lang='lat' dir='ltr'>in</span> <span class='ocrx_word' id='word_1_396' title='bbox 2737 1779 2794 1842; x_wconf 82' lang='lat'><strong>5;</strong></span> <span class='ocrx_word' id='word_1_397' title='bbox 2839 1775 3047 1848; x_wconf 90' lang='lat' dir='ltr'>aliique</span> <span class='ocrx_word' id='word_1_398' title='bbox 3091 1781 3399 1844; x_wconf 88' lang='lat' dir='ltr'>sequentes</span> <span class='ocrx_word' id='word_1_399' title='bbox 3444 1779 3609 1848; x_wconf 84' lang='lat' dir='ltr'>juxta</span> <span class='ocrx_word' id='word_1_400' title='bbox 3646 1797 3745 1833; x_wconf 87' lang='lat' dir='ltr'>nu-</span> 
     </span>
    </p>
   </div>
   <div class='ocr_carea' id='block_1_59' title="bbox 2065 1847 3746 1936">
    <p class='ocr_par' dir='ltr' id='par_1_59' title="bbox 2065 1847 3746 1936">
     <span class='ocr_line' id='line_1_61' title="bbox 2065 1847 3746 1936; baseline 0.004 -22"><span class='ocrx_word' id='word_1_401' title='bbox 2065 1847 2117 1914; x_wconf 84' lang='grc' dir='ltr'>Β</span> <span class='ocrx_word' id='word_1_402' title='bbox 2137 1880 2363 1920; x_wconf 88' lang='lat' dir='ltr'>merum</span> <span class='ocrx_word' id='word_1_403' title='bbox 2389 1865 2736 1934; x_wconf 89' lang='lat' dir='ltr'>angulorum</span> <span class='ocrx_word' id='word_1_404' title='bbox 2758 1877 2995 1919; x_wconf 89' lang='lat' dir='ltr'>suorum</span> <span class='ocrx_word' id='word_1_405' title='bbox 3022 1865 3080 1919; x_wconf 89' lang='lat' dir='ltr'>in</span> <span class='ocrx_word' id='word_1_406' title='bbox 3131 1865 3452 1936; x_wconf 89' lang='lat' dir='ltr'>triangulos</span> <span class='ocrx_word' id='word_1_407' title='bbox 3487 1867 3746 1922; x_wconf 89' lang='lat' dir='ltr'>dividun-</span> 
     </span>
    </p>
   </div>
   <div class='ocr_carea' id='block_1_60' title="bbox 2139 1951 3746 2024">
    <p class='ocr_par' dir='ltr' id='par_1_60' title="bbox 2139 1951 3746 2024">
     <span class='ocr_line' id='line_1_62' title="bbox 2139 1951 3746 2024; baseline 0.001 -17"><span class='ocrx_word' id='word_1_408' title='bbox 2139 1957 2251 2007; x_wconf 90' lang='lat' dir='ltr'>tur.</span> <span class='ocrx_word' id='word_1_409' title='bbox 2285 1953 2390 2007; x_wconf 92' lang='lat' dir='ltr'>Ubi</span> <span class='ocrx_word' id='word_1_410' title='bbox 2411 1951 2695 2006; x_wconf 82' lang='lat' dir='ltr'>subtiliter</span> <span class='ocrx_word' id='word_1_411' title='bbox 2724 1951 2783 2005; x_wconf 92' lang='lat' dir='ltr'>id</span> <span class='ocrx_word' id='word_1_412' title='bbox 2814 1952 2988 2006; x_wconf 87' lang='lat' dir='ltr'>etiam</span> <span class='ocrx_word' id='word_1_413' title='bbox 3017 1953 3304 2020; x_wconf 87' lang='lat' dir='ltr'>evenitut,</span> <span class='ocrx_word' id='word_1_414' title='bbox 3331 1955 3466 2024; x_wconf 90' lang='lat' dir='ltr'>quia</span> <span class='ocrx_word' id='word_1_415' title='bbox 3494 1953 3552 2009; x_wconf 90' lang='lat' dir='ltr'>in</span> <span class='ocrx_word' id='word_1_416' title='bbox 3577 1955 3746 2010; x_wconf 87' lang='lat' dir='ltr'>trian-</span> 
     </span>
    </p>
   </div>
   <div class='ocr_carea' id='block_1_61' title="bbox 2137 2041 3744 2114">
    <p class='ocr_par' dir='ltr' id='par_1_61' title="bbox 2137 2041 3744 2114">
     <span class='ocr_line' id='line_1_63' title="bbox 2137 2041 3744 2114; baseline 0.002 -18"><span class='ocrx_word' id='word_1_417' title='bbox 2137 2043 2304 2114; x_wconf 90' lang='lat' dir='ltr'>gulos</span> <span class='ocrx_word' id='word_1_418' title='bbox 2325 2041 2598 2111; x_wconf 90' lang='lat' dir='ltr'>cujusque</span> <span class='ocrx_word' id='word_1_419' title='bbox 2631 2056 2833 2094; x_wconf 91' lang='lat' dir='ltr'>eorum</span> <span class='ocrx_word' id='word_1_420' title='bbox 2861 2041 3057 2096; x_wconf 87' lang='lat' dir='ltr'>divisio</span> <span class='ocrx_word' id='word_1_421' title='bbox 3081 2042 3165 2110; x_wconf 86' lang='lat' dir='ltr'>ﬁt,</span> <span class='ocrx_word' id='word_1_422' title='bbox 3194 2058 3297 2113; x_wconf 93' lang='lat' dir='ltr'>per</span> <span class='ocrx_word' id='word_1_423' title='bbox 3323 2043 3744 2114; x_wconf 86' lang='lat' dir='ltr'>triangulorum</span> 
     </span>
    </p>
   </div>
   <div class='ocr_carea' id='block_1_62' title="bbox 2138 2129 3747 2204">
    <p class='ocr_par' dir='ltr' id='par_1_62' title="bbox 2138 2129 3747 2204">
     <span class='ocr_line' id='line_1_64' title="bbox 2138 2129 3747 2204; baseline 0.001 -19"><span class='ocrx_word' id='word_1_424' title='bbox 2138 2146 2368 2203; x_wconf 88' lang='lat' dir='ltr'>quoque</span> <span class='ocrx_word' id='word_1_425' title='bbox 2397 2130 2625 2200; x_wconf 91' lang='lat' dir='ltr'>regulas</span> <span class='ocrx_word' id='word_1_426' title='bbox 2672 2129 3115 2202; x_wconf 89' lang='lat' dir='ltr'>uniuscujusque</span> <span class='ocrx_word' id='word_1_427' title='bbox 3159 2147 3363 2186; x_wconf 90' lang='lat' dir='ltr'>eorum</span> <span class='ocrx_word' id='word_1_428' title='bbox 3395 2149 3430 2186; x_wconf 88' lang='lat' dir='ltr'>a</span> <span class='ocrx_word' id='word_1_429' title='bbox 3461 2133 3747 2204; x_wconf 87' lang='lat' dir='ltr'>diligenti-</span> 
     </span>
    </p>
   </div>
   <div class='ocr_carea' id='block_1_63' title="bbox 2138 2217 3739 2294">
    <p class='ocr_par' dir='ltr' id='par_1_63' title="bbox 2138 2217 3739 2294">
     <span class='ocr_line' id='line_1_65' title="bbox 2138 2217 3739 2294; baseline 0.002 -19"><span class='ocrx_word' id='word_1_430' title='bbox 2138 2221 2244 2276; x_wconf 90' lang='lat' dir='ltr'>bus</span> <span class='ocrx_word' id='word_1_431' title='bbox 2273 2218 2585 2274; x_wconf 88' lang='lat' dir='ltr'>embadum</span> <span class='ocrx_word' id='word_1_432' title='bbox 2611 2217 2854 2273; x_wconf 89' lang='lat' dir='ltr'>inveniri</span> <span class='ocrx_word' id='word_1_433' title='bbox 2887 2220 3080 2289; x_wconf 89' lang='lat' dir='ltr'>possit.</span> <span class='ocrx_word' id='word_1_434' title='bbox 3107 2221 3294 2285; x_wconf 89' lang='lat' dir='ltr'>Quare</span> <span class='ocrx_word' id='word_1_435' title='bbox 3325 2222 3461 2277; x_wconf 88' lang='lat' dir='ltr'>satis</span> <span class='ocrx_word' id='word_1_436' title='bbox 3493 2223 3739 2294; x_wconf 84' lang='lat' dir='ltr'>cuipiam</span> 
     </span>
    </p>
   </div>
   <div class='ocr_carea' id='block_1_64' title="bbox 2137 2306 3741 2383">
    <p class='ocr_par' dir='ltr' id='par_1_64' title="bbox 2137 2306 3741 2383">
     <span class='ocr_line' id='line_1_66' title="bbox 2137 2306 3741 2383; baseline 0.002 -20"><span class='ocrx_word' id='word_1_437' title='bbox 2137 2312 2327 2380; x_wconf 88' lang='lat' dir='ltr'>potest</span> <span class='ocrx_word' id='word_1_438' title='bbox 2398 2306 2675 2362; x_wconf 89' lang='lat' dir='ltr'>declarari</span> <span class='ocrx_word' id='word_1_439' title='bbox 2743 2307 3008 2362; x_wconf 89' lang='lat' dir='ltr'>omnium</span> <span class='ocrx_word' id='word_1_440' title='bbox 3070 2311 3375 2381; x_wconf 78' lang='lat' dir='ltr'>plenarum</span> <span class='ocrx_word' id='word_1_441' title='bbox 3427 2312 3741 2383; x_wconf 82' lang='lat' dir='ltr'>ﬁgurarum</span> 
     </span>
    </p>
   </div>
   <div class='ocr_carea' id='block_1_65' title="bbox 2138 2394 3044 2468">
    <p class='ocr_par' dir='ltr' id='par_1_65' title="bbox 2138 2394 3044 2468">
     <span class='ocr_line' id='line_1_67' title="bbox 2138 2394 3044 2468; baseline -0.001 -16"><span class='ocrx_word' id='word_1_442' title='bbox 2138 2397 2495 2468; x_wconf 88' lang='lat' dir='ltr'>triangulum</span> <span class='ocrx_word' id='word_1_443' title='bbox 2528 2394 2878 2467; x_wconf 89' lang='lat' dir='ltr'>principium</span> <span class='ocrx_word' id='word_1_444' title='bbox 2904 2412 3044 2451; x_wconf 89' lang='lat' dir='ltr'>esse.</span> 
     </span>
    </p>
   </div>
   <div class='ocr_carea' id='block_1_66' title="bbox 2691 2544 3166 2932">
    <p class='ocr_par' dir='ltr' id='par_1_66' title="bbox 2691 2544 3166 2932">
     <span class='ocr_line' id='line_1_68' title="bbox 2691 2544 3166 2932; baseline 0 0"><span class='ocrx_word' id='word_1_445' title='bbox 2691 2544 3166 2932; x_wconf 50' lang='grc' dir='ltr'><strong>Δ</strong></span> 
     </span>
    </p>
   </div>
   <div class='ocr_carea' id='block_1_67' title="bbox 2757 2982 3131 3039">
    <p class='ocr_par' dir='ltr' id='par_1_67' title="bbox 2757 2982 3131 3039">
     <span class='ocr_line' id='line_1_69' title="bbox 2757 2982 3131 3039; baseline -0.005 0"><span class='ocrx_word' id='word_1_446' title='bbox 2757 2983 2981 3039; x_wconf 85' lang='lat' dir='ltr'>CAPUT</span> <span class='ocrx_word' id='word_1_447' title='bbox 3019 2982 3131 3037; x_wconf 83' lang='lat' dir='ltr'><strong>VII.</strong></span> 
     </span>
    </p>
   </div>
   <div class='ocr_carea' id='block_1_68' title="bbox 2603 3071 3284 3144">
    <p class='ocr_par' dir='ltr' id='par_1_68' title="bbox 2603 3071 3284 3144">
     <span class='ocr_line' id='line_1_70' title="bbox 2603 3071 3284 3144; baseline -0.001 -17"><span class='ocrx_word' id='word_1_448' title='bbox 2603 3073 2682 3127; x_wconf 85' lang='lat' dir='ltr'>De</span> <span class='ocrx_word' id='word_1_449' title='bbox 2711 3071 2972 3144; x_wconf 70' lang='lat' dir='ltr'>speciebus</span> <span class='ocrx_word' id='word_1_450' title='bbox 3001 3071 3284 3142; x_wconf 80' lang='lat' dir='ltr'>trianguli.</span> 
     </span>
    </p>
   </div>
   <div class='ocr_carea' id='block_1_69' title="bbox 2064 3137 3746 3237">
    <p class='ocr_par' dir='ltr' id='par_1_69' title="bbox 2064 3137 3746 3237">
     <span class='ocr_line' id='line_1_71' title="bbox 2064 3137 3746 3237; baseline 0.002 -18"><span class='ocrx_word' id='word_1_451' title='bbox 2064 3137 2111 3198; x_wconf 67' lang='grc' dir='ltr'>Ο</span> <span class='ocrx_word' id='word_1_452' title='bbox 2211 3166 2306 3219; x_wconf 89' lang='lat' dir='ltr'>Est</span> <span class='ocrx_word' id='word_1_453' title='bbox 2333 3167 2529 3218; x_wconf 90' lang='lat' dir='ltr'>autem</span> <span class='ocrx_word' id='word_1_454' title='bbox 2561 3137 2884 3231; x_wconf 75' lang='lat' dir='ltr'>triangulus,</span> <span class='ocrx_word' id='word_1_455' title='bbox 2918 3158 3017 3230; x_wconf 91' lang='lat' dir='ltr'>qui</span> <span class='ocrx_word' id='word_1_456' title='bbox 3045 3162 3102 3212; x_wconf 88' lang='lat' dir='ltr'>et</span> <span class='ocrx_word' id='word_1_457' title='bbox 3122 3137 3368 3228; x_wconf 63' lang='lat' dir='ltr'>trigonus</span> <span class='ocrx_word' id='word_1_458' title='bbox 3397 3161 3512 3219; x_wconf 91' lang='lat' dir='ltr'>sive</span> <span class='ocrx_word' id='word_1_459' title='bbox 3531 3167 3746 3237; x_wconf 85' lang='lat' dir='ltr'>tripleu-</span> 
     </span>
    </p>
   </div>
   <div class='ocr_carea' id='block_1_70' title="bbox 2139 3247 3740 3324">
    <p class='ocr_par' dir='ltr' id='par_1_70' title="bbox 2139 3247 3740 3324">
     <span class='ocr_line' id='line_1_72' title="bbox 2139 3247 3740 3324; baseline 0.001 -15"><span class='ocrx_word' id='word_1_460' title='bbox 2139 3272 2228 3308; x_wconf 79' lang='lat' dir='ltr'>rus</span> <span class='ocrx_word' id='word_1_461' title='bbox 2258 3253 2488 3319; x_wconf 91' lang='lat' dir='ltr'>dicitur,</span> <span class='ocrx_word' id='word_1_462' title='bbox 2519 3253 2692 3324; x_wconf 88' lang='lat' dir='ltr'>plane</span> <span class='ocrx_word' id='word_1_463' title='bbox 2709 3251 2894 3320; x_wconf 83' lang='lat' dir='ltr'>figura</span> <span class='ocrx_word' id='word_1_464' title='bbox 2914 3247 3095 3302; x_wconf 91' lang='lat' dir='ltr'>tribus</span> <span class='ocrx_word' id='word_1_465' title='bbox 3121 3249 3292 3302; x_wconf 89' lang='lat' dir='ltr'>rectis</span> <span class='ocrx_word' id='word_1_466' title='bbox 3317 3250 3482 3307; x_wconf 86' lang='lat' dir='ltr'>lineis</span> <span class='ocrx_word' id='word_1_467' title='bbox 3513 3254 3630 3310; x_wconf 88' lang='lat' dir='ltr'>sive</span> <span class='ocrx_word' id='word_1_468' title='bbox 3659 3259 3740 3312; x_wconf 90' lang='lat' dir='ltr'>la-</span> 
     </span>
    </p>
   </div>
   <div class='ocr_carea' id='block_1_71' title="bbox 2141 3336 3743 3415">
    <p class='ocr_par' dir='ltr' id='par_1_71' title="bbox 2141 3336 3743 3415">
     <span class='ocr_line' id='line_1_73' title="bbox 2141 3336 3743 3415; baseline 0.002 -17"><span class='ocrx_word' id='word_1_469' title='bbox 2141 3342 2356 3398; x_wconf 86' lang='lat' dir='ltr'>teribus</span> <span class='ocrx_word' id='word_1_470' title='bbox 2385 3345 2444 3396; x_wconf 92' lang='lat' dir='ltr'>et</span> <span class='ocrx_word' id='word_1_471' title='bbox 2464 3341 2705 3396; x_wconf 82' lang='lat' dir='ltr'>totidem</span> <span class='ocrx_word' id='word_1_472' title='bbox 2729 3337 2952 3409; x_wconf 86' lang='lat' dir='ltr'>angulis</span> <span class='ocrx_word' id='word_1_473' title='bbox 2977 3336 3306 3394; x_wconf 87' lang='lat' dir='ltr'>terminata.</span> <span class='ocrx_word' id='word_1_474' title='bbox 3330 3339 3518 3412; x_wconf 90' lang='lat' dir='ltr'>Hujus</span> <span class='ocrx_word' id='word_1_475' title='bbox 3529 3345 3743 3415; x_wconf 90' lang='lat' dir='ltr'>species</span> 
     </span>
    </p>
   </div>
   <div class='ocr_carea' id='block_1_72' title="bbox 2141 3425 3744 3502">
    <p class='ocr_par' dir='ltr' id='par_1_72' title="bbox 2141 3425 3744 3502">
     <span class='ocr_line' id='line_1_74' title="bbox 2141 3425 3744 3502; baseline 0.002 -15"><span class='ocrx_word' id='word_1_476' title='bbox 2141 3435 2256 3487; x_wconf 92' lang='lat' dir='ltr'>tres</span> <span class='ocrx_word' id='word_1_477' title='bbox 2287 3434 2441 3497; x_wconf 88' lang='lat' dir='ltr'>sunt,</span> <span class='ocrx_word' id='word_1_478' title='bbox 2492 3429 2841 3499; x_wconf 81' lang='lat' dir='ltr'>orthogonius</span> <span class='ocrx_word' id='word_1_479' title='bbox 2887 3425 3118 3494; x_wconf 87' lang='lat' dir='ltr'>scilicet,</span> <span class='ocrx_word' id='word_1_480' title='bbox 3168 3429 3225 3480; x_wconf 92' lang='lat' dir='ltr'>et</span> <span class='ocrx_word' id='word_1_481' title='bbox 3261 3429 3637 3502; x_wconf 85' lang='lat' dir='ltr'>ampligonius,</span> <span class='ocrx_word' id='word_1_482' title='bbox 3664 3440 3744 3490; x_wconf 83' lang='lat' dir='ltr'>at-</span> 
     </span>
    </p>
   </div>
   <div class='ocr_carea' id='block_1_73' title="bbox 2141 3520 2600 3595">
    <p class='ocr_par' dir='ltr' id='par_1_73' title="bbox 2141 3520 2600 3595">
     <span class='ocr_line' id='line_1_75' title="bbox 2141 3520 2600 3595; baseline -0.013 -18"><span class='ocrx_word' id='word_1_483' title='bbox 2141 3538 2252 3595; x_wconf 94' lang='lat' dir='ltr'>que</span> <span class='ocrx_word' id='word_1_484' title='bbox 2284 3520 2600 3590; x_wconf 75' lang='lat' dir='ltr'>oxygonius.</span> 
     </span>
    </p>
   </div>
   <div class='ocr_carea' id='block_1_74' title="bbox 2213 3603 3745 3683">
    <p class='ocr_par' dir='ltr' id='par_1_74' title="bbox 2213 3603 3745 3683">
     <span class='ocr_line' id='line_1_76' title="bbox 2213 3603 3745 3683; baseline 0.003 -20"><span class='ocrx_word' id='word_1_485' title='bbox 2213 3608 2582 3679; x_wconf 74' lang='lat' dir='ltr'>Ortliygonius</span> <span class='ocrx_word' id='word_1_486' title='bbox 2616 3607 2702 3659; x_wconf 88' lang='lat' dir='ltr'>est</span> <span class='ocrx_word' id='word_1_487' title='bbox 2733 3603 3052 3674; x_wconf 72' lang='lat' dir='ltr'>triangulus</span> <span class='ocrx_word' id='word_1_488' title='bbox 3083 3619 3264 3658; x_wconf 90' lang='lat' dir='ltr'>unum</span> <span class='ocrx_word' id='word_1_489' title='bbox 3303 3609 3527 3664; x_wconf 87' lang='lat' dir='ltr'>rectum</span> <span class='ocrx_word' id='word_1_490' title='bbox 3561 3627 3745 3683; x_wconf 91' lang='lat' dir='ltr'>angu-</span> 
     </span>
    </p>
   </div>
   <div class='ocr_carea' id='block_1_75' title="bbox 2139 3691 3266 3760">
    <p class='ocr_par' dir='ltr' id='par_1_75' title="bbox 2139 3691 3266 3760">
     <span class='ocr_line' id='line_1_77' title="bbox 2139 3691 3266 3760; baseline -0.006 -6"><span class='ocrx_word' id='word_1_491' title='bbox 2139 3701 2258 3754; x_wconf 90' lang='lat' dir='ltr'>lum</span> <span class='ocrx_word' id='word_1_492' title='bbox 2279 3697 2500 3753; x_wconf 87' lang='lat' dir='ltr'>habens</span> <span class='ocrx_word' id='word_1_493' title='bbox 2525 3697 2584 3750; x_wconf 88' lang='lat' dir='ltr'>et</span> <span class='ocrx_word' id='word_1_494' title='bbox 2611 3693 2754 3750; x_wconf 91' lang='lat' dir='ltr'>duos</span> <span class='ocrx_word' id='word_1_495' title='bbox 2785 3695 3002 3760; x_wconf 89' lang='lat' dir='ltr'>acutos,</span> <span class='ocrx_word' id='word_1_496' title='bbox 3035 3691 3224 3746; x_wconf 87' lang='lat' dir='ltr'>taliter</span> <span class='ocrx_word' id='word_1_497' title='bbox 3253 3707 3266 3747; x_wconf 92' lang='lat'>:</span> 
     </span>
    </p>
   </div>
   <div class='ocr_carea' id='block_1_76' title="bbox 2668 3826 3133 3978">
    <p class='ocr_par' dir='ltr' id='par_1_76' title="bbox 2668 3826 3133 3978">
     <span class='ocr_line' id='line_1_78' title="bbox 2668 3826 3133 3978; baseline 0 -2"><span class='ocrx_word' id='word_1_498' title='bbox 2668 3826 3133 3978; x_wconf 43' lang='lat'>1.:</span> 
     </span>
    </p>
   </div>
   <div class='ocr_carea' id='block_1_77' title="bbox 2204 4055 3738 4131">
    <p class='ocr_par' dir='ltr' id='par_1_77' title="bbox 2204 4055 3738 4131">
     <span class='ocr_line' id='line_1_79' title="bbox 2204 4055 3738 4131; baseline 0.002 -22"><span class='ocrx_word' id='word_1_499' title='bbox 2204 4057 2250 4110; x_wconf 83' lang='lat' dir='ltr'><strong>A</strong></span> <span class='ocrx_word' id='word_1_500' title='bbox 2273 4058 2430 4112; x_wconf 90' lang='lat' dir='ltr'>recto</span> <span class='ocrx_word' id='word_1_501' title='bbox 2456 4059 2653 4113; x_wconf 86' lang='lat' dir='ltr'>autem</span> <span class='ocrx_word' id='word_1_502' title='bbox 2681 4058 2916 4131; x_wconf 91' lang='lat' dir='ltr'>angulo,</span> <span class='ocrx_word' id='word_1_503' title='bbox 2946 4074 3120 4130; x_wconf 90' lang='lat' dir='ltr'>quem</span> <span class='ocrx_word' id='word_1_504' title='bbox 3146 4055 3341 4123; x_wconf 89' lang='lat' dir='ltr'>habet,</span> <span class='ocrx_word' id='word_1_505' title='bbox 3370 4073 3581 4113; x_wconf 91' lang='lat' dir='ltr'>nomen</span> <span class='ocrx_word' id='word_1_506' title='bbox 3606 4073 3738 4130; x_wconf 88' lang='lat' dir='ltr'>pos-</span> 
     </span>
    </p>
   </div>
   <div class='ocr_carea' id='block_1_78' title="bbox 2134 4143 3734 4220">
    <p class='ocr_par' dir='ltr' id='par_1_78' title="bbox 2134 4143 3734 4220">
     <span class='ocr_line' id='line_1_80' title="bbox 2134 4143 3734 4220; baseline 0.001 -22"><span class='ocrx_word' id='word_1_507' title='bbox 2134 4143 2298 4200; x_wconf 88' lang='lat' dir='ltr'>sidet.</span> <span class='ocrx_word' id='word_1_508' title='bbox 2331 4144 2535 4202; x_wconf 82' lang='grc' dir='ltr'>ΟνιΙιοη</span> <span class='ocrx_word' id='word_1_509' title='bbox 2567 4148 2778 4220; x_wconf 90' lang='lat' dir='ltr'>quippe</span> <span class='ocrx_word' id='word_1_510' title='bbox 2809 4147 2999 4202; x_wconf 65' lang='lat' dir='ltr'>Graece</span> <span class='ocrx_word' id='word_1_511' title='bbox 3026 4150 3429 4215; x_wconf 79' lang='lat' dir='ltr'>rectungone</span> <span class='ocrx_word' id='word_1_512' title='bbox 3455 4148 3734 4218; x_wconf 89' lang='lat' dir='ltr'>angulum</span> 
     </span>
    </p>
   </div>
   <div class='ocr_carea' id='block_1_79' title="bbox 2135 4234 3730 4308">
    <p class='ocr_par' dir='ltr' id='par_1_79' title="bbox 2135 4234 3730 4308">
     <span class='ocr_line' id='line_1_81' title="bbox 2135 4234 3730 4308; baseline 0.001 -21"><span class='ocrx_word' id='word_1_513' title='bbox 2135 4237 2320 4290; x_wconf 89' lang='lat' dir='ltr'>sonat.</span> <span class='ocrx_word' id='word_1_514' title='bbox 2350 4234 2488 4290; x_wconf 92' lang='lat' dir='ltr'>Inde</span> <span class='ocrx_word' id='word_1_515' title='bbox 2527 4234 2883 4306; x_wconf 85' lang='lat' dir='ltr'>Orthogonius</span> <span class='ocrx_word' id='word_1_516' title='bbox 2919 4235 3080 4308; x_wconf 89' lang='lat' dir='ltr'>quasi</span> <span class='ocrx_word' id='word_1_517' title='bbox 3118 4234 3475 4304; x_wconf 76' lang='lat' dir='ltr'>rectiangulus</span> <span class='ocrx_word' id='word_1_518' title='bbox 3505 4235 3730 4289; x_wconf 91' lang='lat' dir='ltr'>dicitur.</span> 
     </span>
    </p>
   </div>
   <div class='ocr_carea' id='block_1_80' title="bbox 2205 4324 3737 4397">
    <p class='ocr_par' dir='ltr' id='par_1_80' title="bbox 2205 4324 3737 4397">
     <span class='ocr_line' id='line_1_82' title="bbox 2205 4324 3737 4397; baseline 0.001 -19"><span class='ocrx_word' id='word_1_519' title='bbox 2205 4324 2589 4397; x_wconf 83' lang='lat' dir='ltr'>Ampligonius</span> <span class='ocrx_word' id='word_1_520' title='bbox 2637 4328 2723 4380; x_wconf 90' lang='lat' dir='ltr'>est</span> <span class='ocrx_word' id='word_1_521' title='bbox 2763 4325 3082 4396; x_wconf 87' lang='lat' dir='ltr'>triangulus</span> <span class='ocrx_word' id='word_1_522' title='bbox 3126 4339 3308 4379; x_wconf 90' lang='lat' dir='ltr'>unum</span> <span class='ocrx_word' id='word_1_523' title='bbox 3355 4325 3626 4380; x_wconf 88' lang='lat' dir='ltr'>hebetem</span> <span class='ocrx_word' id='word_1_524' title='bbox 3681 4331 3737 4379; x_wconf 81' lang='lat' dir='ltr'>et</span> 
     </span>
    </p>
   </div>
   <div class='ocr_carea' id='block_1_81' title="bbox 2139 4411 3190 4486">
    <p class='ocr_par' dir='ltr' id='par_1_81' title="bbox 2139 4411 3190 4486">
     <span class='ocr_line' id='line_1_83' title="bbox 2139 4411 3190 4486; baseline -0.002 -19"><span class='ocrx_word' id='word_1_525' title='bbox 2139 4411 2281 4468; x_wconf 92' lang='lat' dir='ltr'>duos</span> <span class='ocrx_word' id='word_1_526' title='bbox 2307 4418 2499 4469; x_wconf 86' lang='lat' dir='ltr'>acutos</span> <span class='ocrx_word' id='word_1_527' title='bbox 2529 4413 2746 4469; x_wconf 89' lang='lat' dir='ltr'>habens</span> <span class='ocrx_word' id='word_1_528' title='bbox 2770 4415 3032 4486; x_wconf 90' lang='lat' dir='ltr'>angulos,</span> <span class='ocrx_word' id='word_1_529' title='bbox 3067 4413 3149 4467; x_wconf 90' lang='lat' dir='ltr'>ita</span> <span class='ocrx_word' id='word_1_530' title='bbox 3173 4431 3190 4466; x_wconf 89' lang='lat'><strong><em>:</em></strong></span> 
     </span>
    </p>
   </div>
   <div class='ocr_carea' id='block_1_82' title="bbox 2652 4535 3294 4642">
    <p class='ocr_par' dir='ltr' id='par_1_82' title="bbox 2652 4535 3294 4642">
     <span class='ocr_line' id='line_1_84' title="bbox 2652 4535 3294 4642; baseline -0.005 0"><span class='ocrx_word' id='word_1_531' title='bbox 2652 4535 3294 4642; x_wconf 49' lang='grc' dir='ltr'>Αἰξὶ-</span> 
     </span>
    </p>
   </div>
   <div class='ocr_carea' id='block_1_83' title="bbox 2215 4681 3741 4756">
    <p class='ocr_par' dir='ltr' id='par_1_83' title="bbox 2215 4681 3741 4756">
     <span class='ocr_line' id='line_1_85' title="bbox 2215 4681 3741 4756; baseline -0.001 -19"><span class='ocrx_word' id='word_1_532' title='bbox 2215 4681 2320 4746; x_wconf 91' lang='lat' dir='ltr'>Qui</span> <span class='ocrx_word' id='word_1_533' title='bbox 2346 4686 2402 4737; x_wconf 91' lang='lat' dir='ltr'>et</span> <span class='ocrx_word' id='word_1_534' title='bbox 2429 4682 2548 4753; x_wconf 91' lang='lat' dir='ltr'>ipse</span> <span class='ocrx_word' id='word_1_535' title='bbox 2580 4683 2651 4738; x_wconf 90' lang='lat' dir='ltr'>ab</span> <span class='ocrx_word' id='word_1_536' title='bbox 2680 4685 2887 4740; x_wconf 90' lang='lat' dir='ltr'>hebete</span> <span class='ocrx_word' id='word_1_537' title='bbox 2920 4687 3132 4756; x_wconf 90' lang='lat' dir='ltr'>angulo</span> <span class='ocrx_word' id='word_1_538' title='bbox 3163 4701 3264 4739; x_wconf 91' lang='lat' dir='ltr'>suo</span> <span class='ocrx_word' id='word_1_539' title='bbox 3297 4682 3616 4739; x_wconf 89' lang='lat' dir='ltr'>identidem</span> <span class='ocrx_word' id='word_1_540' title='bbox 3657 4697 3741 4736; x_wconf 81' lang='lat' dir='ltr'>ac-</span> 
     </span>
    </p>
   </div>
   <div class='ocr_carea' id='block_1_84' title="bbox 2143 4770 2689 4842">
    <p class='ocr_par' dir='ltr' id='par_1_84' title="bbox 2143 4770 2689 4842">
     <span class='ocr_line' id='line_1_86' title="bbox 2143 4770 2689 4842; baseline 0 -16"><span class='ocrx_word' id='word_1_541' title='bbox 2143 4770 2296 4842; x_wconf 89' lang='lat' dir='ltr'>cepit</span> <span class='ocrx_word' id='word_1_542' title='bbox 2323 4771 2689 4826; x_wconf 90' lang='lat' dir='ltr'>vocabulum.</span> 
     </span>
    </p>
   </div>
   <div class='ocr_carea' id='block_1_85' title="bbox 2216 4859 3739 4934">
    <p class='ocr_par' dir='ltr' id='par_1_85' title="bbox 2216 4859 3739 4934">
     <span class='ocr_line' id='line_1_87' title="bbox 2216 4859 3739 4934; baseline -0.001 -19"><span class='ocrx_word' id='word_1_543' title='bbox 2216 4859 2530 4930; x_wconf 66' lang='lat' dir='ltr'>Oxygonius</span> <span class='ocrx_word' id='word_1_544' title='bbox 2554 4863 2749 4915; x_wconf 90' lang='lat' dir='ltr'>autem</span> <span class='ocrx_word' id='word_1_545' title='bbox 2787 4865 2872 4917; x_wconf 90' lang='lat' dir='ltr'>est</span> <span class='ocrx_word' id='word_1_546' title='bbox 2908 4863 3228 4934; x_wconf 88' lang='lat' dir='ltr'>triangulus</span> <span class='ocrx_word' id='word_1_547' title='bbox 3259 4864 3530 4920; x_wconf 92' lang='lat' dir='ltr'>omnibus</span> <span class='ocrx_word' id='word_1_548' title='bbox 3563 4860 3739 4918; x_wconf 85' lang='lat' dir='ltr'>acutis</span> 
     </span>
    </p>
   </div>
   <div class='ocr_carea' id='block_1_86' title="bbox 2143 4947 2998 5021">
    <p class='ocr_par' dir='ltr' id='par_1_86' title="bbox 2143 4947 2998 5021">
     <span class='ocr_line' id='line_1_88' title="bbox 2143 4947 2998 5021; baseline 0.006 -17"><span class='ocrx_word' id='word_1_549' title='bbox 2143 4949 2371 5021; x_wconf 89' lang='lat' dir='ltr'>angulis</span> <span class='ocrx_word' id='word_1_550' title='bbox 2401 4947 2840 5020; x_wconf 90' lang='lat' dir='ltr'>determinatus,</span> <span class='ocrx_word' id='word_1_551' title='bbox 2871 4951 2954 5008; x_wconf 92' lang='lat' dir='ltr'>ita</span> <span class='ocrx_word' id='word_1_552' title='bbox 2985 4970 2998 5008; x_wconf 92' lang='lat'><strong>:</strong></span> 
     </span>
    </p>
   </div>
   <div class='ocr_carea' id='block_1_87' title="bbox 2679 5127 3211 5427">
    <p class='ocr_par' dir='ltr' id='par_1_87' title="bbox 2679 5127 3211 5427">
     <span class='ocr_line' id='line_1_89' title="bbox 2679 5127 3211 5427; baseline 0 0"><span class='ocrx_word' id='word_1_553' title='bbox 2679 5127 3211 5427; x_wconf 57' lang='grc' dir='ltr'>Δ</span> 
     </span>
    </p>
   </div>
   <div class='ocr_carea' id='block_1_88' title="bbox 2214 5495 3740 5577">
    <p class='ocr_par' dir='ltr' id='par_1_88' title="bbox 2214 5495 3740 5577">
     <span class='ocr_line' id='line_1_90' title="bbox 2214 5495 3740 5577; baseline 0.004 -27"><span class='ocrx_word' id='word_1_554' title='bbox 2214 5495 2374 5552; x_wconf 91' lang='lat' dir='ltr'>Unde</span> <span class='ocrx_word' id='word_1_555' title='bbox 2409 5499 2480 5554; x_wconf 89' lang='lat' dir='ltr'>ab</span> <span class='ocrx_word' id='word_1_556' title='bbox 2515 5503 2700 5569; x_wconf 85' lang='lat' dir='ltr'>acuto,</span> <span class='ocrx_word' id='word_1_557' title='bbox 2736 5502 2871 5574; x_wconf 88' lang='lat' dir='ltr'>quia</span> <span class='ocrx_word' id='word_1_558' title='bbox 2889 5519 3028 5574; x_wconf 73' lang='lat' dir='ltr'>oxya</span> <span class='ocrx_word' id='word_1_559' title='bbox 3057 5507 3248 5573; x_wconf 89' lang='lat' dir='ltr'>sonat,</span> <span class='ocrx_word' id='word_1_560' title='bbox 3281 5505 3602 5577; x_wconf 87' lang='lat' dir='ltr'>appellatus</span> <span class='ocrx_word' id='word_1_561' title='bbox 3636 5504 3740 5558; x_wconf 82' lang='lat' dir='ltr'>est°</span> 
     </span>
    </p>
   </div>
   <div class='ocr_carea' id='block_1_89' title="bbox 2140 5585 3735 5667">
    <p class='ocr_par' dir='ltr' id='par_1_89' title="bbox 2140 5585 3735 5667">
     <span class='ocr_line' id='line_1_91' title="bbox 2140 5585 3735 5667; baseline 0.004 -26"><span class='ocrx_word' id='word_1_562' title='bbox 2140 5585 2239 5641; x_wconf 86' lang='lat' dir='ltr'>Hic</span> <span class='ocrx_word' id='word_1_563' title='bbox 2267 5601 2399 5643; x_wconf 89' lang='lat' dir='ltr'>vero</span> <span class='ocrx_word' id='word_1_564' title='bbox 2430 5591 2490 5644; x_wconf 89' lang='lat' dir='ltr'>et</span> <span class='ocrx_word' id='word_1_565' title='bbox 2520 5591 2685 5646; x_wconf 87' lang='lat' dir='ltr'>unius</span> <span class='ocrx_word' id='word_1_566' title='bbox 2723 5591 2929 5662; x_wconf 90' lang='lat' dir='ltr'>speciei</span> <span class='ocrx_word' id='word_1_567' title='bbox 2969 5594 3210 5663; x_wconf 86' lang='lat' dir='ltr'>angulos</span> <span class='ocrx_word' id='word_1_568' title='bbox 3250 5597 3309 5650; x_wconf 89' lang='lat' dir='ltr'>et</span> <span class='ocrx_word' id='word_1_569' title='bbox 3345 5610 3510 5667; x_wconf 61' lang='lat' dir='ltr'>aqua</span> <span class='ocrx_word' id='word_1_570' title='bbox 3555 5595 3735 5648; x_wconf 88' lang='lat' dir='ltr'>latera</span> 
     </span>
    </p>
   </div>
   <div class='ocr_carea' id='block_1_90' title="bbox 2137 5675 3727 5754">
    <p class='ocr_par' dir='ltr' id='par_1_90' title="bbox 2137 5675 3727 5754">
     <span class='ocr_line' id='line_1_92' title="bbox 2137 5675 3727 5754; baseline 0.004 -22"><span class='ocrx_word' id='word_1_571' title='bbox 2137 5677 2326 5748; x_wconf 86' lang='lat' dir='ltr'>potest</span> <span class='ocrx_word' id='word_1_572' title='bbox 2345 5675 2560 5736; x_wconf 88' lang='lat' dir='ltr'>habere</span> <span class='ocrx_word' id='word_1_573' title='bbox 2586 5695 2601 5738; x_wconf 88' lang='lat'><strong>:</strong></span> <span class='ocrx_word' id='word_1_574' title='bbox 2633 5679 2790 5752; x_wconf 90' lang='lat' dir='ltr'>quod</span> <span class='ocrx_word' id='word_1_575' title='bbox 2816 5679 2875 5735; x_wconf 89' lang='lat' dir='ltr'>in</span> <span class='ocrx_word' id='word_1_576' title='bbox 2905 5679 3189 5754; x_wconf 89' lang='lat' dir='ltr'>prioribus</span> <span class='ocrx_word' id='word_1_577' title='bbox 3239 5683 3480 5742; x_wconf 88' lang='lat' dir='ltr'>omnino</span> <span class='ocrx_word' id='word_1_578' title='bbox 3516 5686 3602 5740; x_wconf 89' lang='lat' dir='ltr'>est</span> <span class='ocrx_word' id='word_1_579' title='bbox 3625 5681 3727 5740; x_wconf 85' lang='lat' dir='ltr'>im-</span> 
     </span>
    </p>
   </div>
  </div>
