3882 6230
372 402 461 457 111

968 385 1339 447 SYLVESTRI
1378 386 1424 441 ll
1462 383 1667 441 PAP/E
1707 383 1869 445 OPP.
1907 381 2084 440 PARS
2124 383 2166 440 1.
2192 414 2263 426 -
2300 384 2389 439 DE
2425 380 2713 439 DISCIPL.
2762 380 3068 439 MATHEM.

3578 384 3680 439 112

371 544 433 600 id
451 544 615 600 est7l
890 535 942 603 Ι
982 533 1228 589 duarum
1258 529 1593 602 siliquarum
1648 532 1707 583 et
1749 527 1974 583 trientis
1998 514 2051 572 Α
2075 538 2206 608 ped,
2241 543 2308 594 25
2340 516 2443 620 SS
2471 534 2533 590 ﬁ,
2564 514 2760 625 93:2,
2793 538 2851 590 et
2891 533 3177 589 medietas
3220 518 3467 605 ﬁlique,
3508 531 3686 588 ιοιίυε

370 650 590 723 siliquae
617 650 765 704 latus
794 646 902 702 erit
928 641 1101 700 basis.
1133 640 1190 694 id
1218 644 1304 695 est
1331 644 1363 695 8
1659 638 1735 691 Ex
1766 633 1972 719 eodem

368 739 745 810 hypoteuusm
795 748 1040 789 numero
1088 728 1239 784 basis
1268 728 1327 781 in
1362 723 1419 781 se
1448 723 1627 780 ducta
1656 723 1893 792 dempta
1930 728 1974 772 ει

370 836 561 902 fuerit,
592 830 974 897 remanentis,
1001 827 1060 882 id
1091 830 1177 881 est
1191 829 1317 892 408,
1351 827 1409 878 et
1442 824 1526 902 (με
1553 825 1699 878 latus
1719 821 1973 902 tetrago-

372 914 524 982 nale,
549 897 713 986 quod
769 915 855 969 est
893 915 946 976 6,
993 907 1288 962 cathetum
1332 897 1602 958 restituit.
1636 905 1820 971 Atque
1855 897 1976 950 hinc

373 1003 573 1075 regula
605 1002 665 1057 in
708 1002 932 1056 caeteris
959 1010 1190 1068 quoque
1222 992 1583 1063 orthogoniis
1607 988 1855 1063 probare
1884 1000 1978 1039 vo-

372 1094 591 1147 lentem
620 1103 921 1162 nunquam
952 1086 1119 1152 fallit,
1160 1083 1205 1137 si
1258 1082 1507 1137 lineares
1536 1081 1781 1134 laterum
1818 1090 1977 1129 men-

374 1197 534 1236 suras
559 1179 815 1235 invenire
846 1175 1096 1232 libuerit.

444 1270 532 1324 Ad
561 1270 917 1324 constratam
947 1280 1084 1318 vero
1115 1260 1370 1327 embadi,
1391 1259 1450 1313 id
1477 1269 1563 1313 est
1601 1272 1751 1311 areas
1801 1269 1978 1325 quan-

373 1357 604 1414 titatem
628 1356 685 1410 in
722 1354 810 1409 his
849 1349 1243 1424 Pythagoricis
1274 1345 1636 1419 orthogoniis
1677 1341 1978 1396 invenien-

372 1447 512 1503 dam
530 1446 627 1516 hui
636 1442 864 1500 usmodi
883 1441 1031 1496 habe
1044 1440 1329 1511 regulam;
1350 1436 1528 1491 trium
1542 1436 1789 1489 laterum
1802 1445 1982 1501 quan-

372 1535 587 1602 titates,
617 1532 883 1589 videlicet
924 1529 1160 1595 catheti,
1204 1526 1355 1581 basis
1406 1528 1464 1579 et
1497 1524 1871 1594 hypotenusas
1918 1517 1978 1571 in

376 1640 557 1680 unum
587 1621 972 1693 colligantur;
1006 1616 1286 1672 medietas
1321 1614 1455 1668 hinc
1499 1614 1780 1675 sumatur,
1826 1610 1885 1661 et
1909 1606 1981 1659 ab

371 1715 482 1770 hac
513 1711 664 1767 basis
713 1709 1043 1771 auferatur;
1076 1705 1173 1777 qui
1202 1703 1488 1768 remanet,
1539 1715 1645 1771 per
1686 1698 1982 1753 cathetum

376 1800 810 1873 multiplicetur,
840 1801 900 1852 et
927 1811 1157 1851 summa
1186 1792 1323 1848 inde
1352 1794 1492 1847 nata
1515 1787 1857 1860 duplicetur;
1877 1783 1983 1837 du-

376 1890 588 1964 plicata
616 1904 720 1959 per
750 1888 1019 1959 quartam
1050 1882 1136 1937 sui
1166 1884 1391 1954 partem
1418 1877 1851 1947 multiplicetur,
1886 1887 1985 1925 na-

374 1959 565 2051 tasque
599 1975 736 2031 inde
767 1989 1012 2029 summae
1038 1973 1184 2027 latus
1209 1967 1571 2039 tetragonale
1602 1981 1707 2036 pro
1731 1959 1981 2051 embada

375 2049 680 2124 habeatur.
730 2062 897 2118 Verbi
934 2060 1159 2133 gratia:
1210 2055 1443 2113 minimi
1478 2055 1539 2109 in
1594 2049 1983 2124 superioribus

376 2152 738 2225 orthogoniis
771 2150 946 2206 trium
993 2151 1241 2204 laterum
1270 2159 1568 2209 numeros,
1601 2141 1659 2195 id
1690 2142 1776 2193 est
1810 2139 1980 2204 3,4,5

375 2243 691 2315 conjungo,
720 2241 863 2296 fient
888 2238 1033 2294 mihi
1067 2242 1159 2305 l2;
1193 2238 1405 2291 horum
1462 2230 1744 2287 medietas
1780 2233 1812 2283 6
1853 2226 1980 2281 erit.

377 2314 517 2389 inde
546 2332 768 2388 sublata
796 2333 850 2396 4,
881 2327 1024 2394 basi,
1056 2331 1090 2382 2
1113 2324 1328 2381 residui
1359 2338 1463 2394 per
1482 2320 1798 2383 cathetum,
1825 2314 1883 2369 id
1901 2318 1986 2369 est

378 2427 433 2490 3,
466 2420 621 2478 ducti
651 2425 683 2476 6
708 2418 969 2484 faciunt;
1012 2415 1111 2487 qui
1144 2410 1508 2483 multiplicati
1544 2413 1609 2463 12
1638 2406 1982 2461 redduntur.

382 2511 452 2567 Hi
476 2526 582 2583 per
609 2510 878 2581 quartam
910 2505 997 2561 sui
1038 2507 1287 2575 partem,
1318 2501 1378 2555 id
1407 2502 1492 2553 est
1518 2512 1624 2569 per
1650 2499 1681 2551 3
1712 2492 1886 2558 ducti,
1918 2496 1983 2546 36

378 2599 655 2656 efﬁciunt.
687 2597 906 2651 Harum
932 2593 978 2649 si
1006 2594 1156 2647 latus
1205 2589 1588 2659 tetragonale,
1620 2583 1775 2656 quod
1805 2584 1891 2635 est
1928 2585 1981 2648 6,

379 2688 619 2760 accipio,
643 2701 791 2742 area:
815 2679 1264 2751 orthogoniique
1295 2678 1443 2732 hanc
1456 2688 1751 2729 summam
1772 2670 1981 2724 habeo.

449 2758 520 2831 lu
545 2774 733 2847 primo
762 2786 1012 2844 quoque.
1045 2783 1221 2839 quem
1247 2782 1379 2820 cum
1399 2762 1656 2819 minutiis
1678 2758 1864 2847 ppsui,
1885 2773 1982 2847 eo;

381 2877 517 2932 dem
546 2829 748 2941 inodo,
771 2829 815 2924 si
837 2829 1085 2924 laterum
1112 2880 1326 2926 sumas,
1346 2862 1406 2917 id
1430 2864 1515 2916 est
1547 2864 1601 2929 4,
1827 2835 1858 2886 δ
1883 2832 1988 2940 SS

381 2964 610 3036 capulo,
646 2962 711 3015 16
741 2956 1000 3036 conﬁciq.
1033 2953 1238 3020 Media,
1269 2951 1330 3006 id
1360 2955 1446 3006 est
1476 2956 1528 3018 8,
1566 2950 1701 3006 inde
1733 2952 1986 3029 sumpta,

384 3029 649 3124 basique,
679 3047 739 3102 id
769 3050 855 3103 est
892 3049 923 3101 5
944 3029 1050 3143 gs
1080 3041 1214 3097 inde
1238 3040 1450 3107 ablata,
1482 3038 1746 3102 residuis,
1769 3038 1827 3093 id
1844 3042 1932 3093 est
1956 3043 1989 3093 2

384 3152 600 3262 ς-ςρθτ
633 3141 1042 3228 cathetum,_id
1073 3161 1160 3213 est
1188 3160 1243 3225 4,
1276 3156 1478 3224 ductis,
1514 3160 1579 3213 10
1609 3141 1717 3252 SS
1753 3155 1985 3210 habeto.

388 3261 485 3340 His
511 3279 832 3354 duplicatis,
864 3280 934 3333 2o
962 3276 1001 3333 i.
1033 3261 1143 3374 g5

391 3403 478 3456 est
502 3404 532 3456 5
570 3378 677 3489 gs
711 3394 891 3451 ductis
920 3393 1063 3448 fient
1095 3375 1421 3489 113,-};6‘
1413 3394 1481 3480 (ς
1525 3388 1700 3459 Hujus
1746 3390 1994 3457 tetrago-

392 3507 524 3562 nale
543 3480 712 3572 latus,
744 3501 899 3593 quod
925 3503 1026 3593 est
1048 3500 1131 3593 _10
1150 3480 1292 3593 es,
1332 3499 1377 3555 si
1393 3513 1730 3593 sumpsero,
1762 3493 1995 3549 embadi

393 3595 566 3652 totius
592 3592 896 3665 planitiem
922 3586 1254 3662 impleafet
1276 3586 1361 3645 ita
1390 3588 1450 3643 in
1479 3586 1724 3644 casteria.

459 3684 699 3740 Multum
718 3696 853 3736 vero
880 3679 1200 3751 simplicior
1222 3677 1559 3748 faciliorque
1590 3678 1649 3730 et
1673 3671 1998 3745 expeditior

394 3772 504 3829 erit
531 3771 732 3843 regula
755 3768 989 3825 embadi
1018 3765 1355 3823 inveniendi
1386 3766 1445 3820 in
1489 3762 1760 3818 omnibus
1802 3760 2001 3815 ortho-

396 3859 586 3933 goniis
610 3875 729 3915 una
753 3857 815 3912 in
844 3857 1116 3912 omnibus
1148 3870 1381 3928 prorsus
1430 3850 1740 3921 triangulis
1779 3848 2004 3902 univer-

395 3949 627 4017 salibus,
665 3951 730 4003 ut
756 3946 972 4002 scilicet
1029 3961 1132 4018 per
1177 3941 1489 3998 dimidium
1536 3939 1688 3993 basis
1741 3938 2004 3993 cathetus

395 4036 834 4110 multiplicetur,
860 4038 918 4091 et
947 4032 1105 4106 quod
1137 4031 1273 4086 inde
1318 4027 1582 4096 creverit,
1617 4043 1721 4098 pro
1751 4025 2004 4081 embada

399 4126 702 4184 habeatur.
732 4123 898 4189 Quod
927 4122 1083 4178 idem
1116 4119 1249 4187 erit,
1275 4118 1322 4175 si
1350 4115 1673 4174 cauversim
1705 4131 1809 4188 per
1834 4114 2006 4169 dimi-

402 4215 567 4272 dium
612 4212 827 4271 catheti
873 4208 1294 4282 multiplicetur
1321 4206 1474 4262 basis
1503 4205 1752 4276 integra,
1782 4206 1840 4259 et
1872 4202 2007 4259 inde

403 4309 607 4362 natum
636 4301 953 4359 embadum
985 4299 1210 4353 dicatur
1235 4313 1250 4364 ;
1283 4296 1369 4350 vel
1403 4295 1449 4350 si
1479 4297 1603 4351 tota
1618 4293 1767 4350 basis
1792 4310 1897 4366 per
1921 4296 2008 4348 to-

1180 3271 1348 3339 facio,
1382 3270 1586 3345 quibus
1610 3288 1715 3343 per
1735 3274 1768 3326 4
1795 3270 1901 3336 sui,
1932 3270 1989 3324 id

2077 627 2460 696 quantitatem
2518 621 2739 686 indicat
2794 641 2964 681 areae.
3026 623 3359 693 Eodemque
3409 621 3589 676 modo
3622 621 3681 675 in

2076 717 2316 771 caeteris.

2148 805 2311 869 Quod
2341 806 2383 860 si
2418 808 2671 862 minores
2703 821 2932 879 quoque
2963 802 3109 874 pede
3141 814 3441 855 mensuras
3480 800 3679 868 utpote

2078 895 2323 963 palmas,
2354 896 2570 964 uncias,
2603 895 2814 967 digitos
2836 894 2897 947 in
2920 890 3206 965 praedictis
3230 886 3514 953 embadis,
3537 889 3680 959 quot

2077 984 2214 1050 sint,
2256 984 2389 1037 velis
2418 985 2581 1051 scire,
2606 983 2871 1055 respicito
2897 982 2957 1035 in
2994 976 3401 1050 superioribus,
3434 976 3682 1047 quantas

2077 1089 2145 1126 ex
2194 1071 2281 1125 his
2324 1072 2564 1143 singulis
2612 1072 2772 1144 pedis
2800 1067 3073 1125 constrati
3122 1064 3312 1136 capiat
3345 1078 3672 1118 mensuras.

2082 1160 2303 1232 Recipit
2332 1162 2545 1233 quippe
2576 1176 2677 1232 pes
2710 1160 3053 1222 constratus,
3083 1158 3145 1209 ut
3174 1154 3391 1209 dictum
3423 1154 3529 1219 est,
3563 1152 3683 1222 pal-

2078 1265 2206 1304 mas
2237 1252 2442 1320 quater
2466 1253 2798 1320 quaternos,
2825 1246 2885 1300 id
2913 1248 2999 1299 est
3040 1247 3127 1311 l6,
3158 1241 3354 1297 uncias
3369 1255 3506 1295 vero
3539 1240 3682 1294 duo-

2080 1336 2267 1391 decies
2299 1338 2617 1405 duodenas,
2656 1337 2713 1391 id
2757 1339 2842 1390 est
2875 1337 2996 1401 144,
3037 1331 3247 1402 digitos
3280 1329 3469 1384 decies
3501 1326 3685 1382 sexies

2080 1427 2344 1492 sedenos,
2369 1426 2428 1481 id
2450 1431 2534 1481 est
2562 1430 2685 1482 256.
2722 1427 2827 1479 Per
2843 1424 2945 1478 hos
2957 1421 3213 1493 singulos
3227 1433 3503 1474 numeras
3516 1416 3677 1489 prio-

2082 1532 2213 1569 rum
2266 1532 2461 1571 aream
2517 1512 2999 1585 orthogoniorum
3050 1507 3450 1580 multiplicato,
3506 1509 3565 1561 et
3628 1506 3687 1560 in

2084 1604 2264 1675 priori
2296 1604 2532 1675 quidem
2569 1619 2723 1669 area,
2752 1618 2878 1673 quas
2914 1603 3013 1655 150
3038 1598 3212 1670 pedes
3237 1597 3563 1650 constratas
3583 1594 3689 1647 ha-

2082 1693 2200 1758 bet,
2228 1692 2483 1747 invenies
2506 1691 2732 1764 palmos
2756 1690 3075 1744 constratas
3095 1689 3256 1752 2400,
3281 1683 3687 1749 uncias2l600,

2085 1780 2294 1851 digitos
2322 1784 2515 1835 autem
2548 1781 2869 1834 constratas
2897 1778 3092 1833 38400.

2156 1872 2217 1922 In
2251 1868 2627 1941 sequentibus
2652 1882 2812 1935 vero,
2841 1865 2999 1936 cujus
3024 1879 3159 1918 area
3180 1862 3500 1916 constratas
3515 1857 3692 1929 pedes

2083 1942 2261 2048 268-8
2808 1959 2864 2010 et
2910 1955 3173 2010 medium
3229 1953 3351 2024 ejus
3406 1950 3689 2017 continet,

2084 2046 2336 2131 reperies
2357 2058 2585 2127 palmas
2614 2048 3147 2137 427.WJ.X.9
3181 2050 3239 2103 et
3266 2049 3406 2104 duas
3436 2046 3692 2120 siliquas;

2086 2174 2282 2229 uncias
2337 2188 2471 2226 vero
2528 2172 2667 2226 3850
2764 2168 3021 2238 quinque
3224 2209 3239 2236 ,
3272 2163 3480 2236 digitos
3526 2166 3690 2229 6862,

2087 2287 2227 2369 S-‘E—S
2267 2287 2522 2360 quinque
2554 2271 2682 2377 SS,
2726 2292 2784 2343 et
2833 2287 2976 2342 duas
3020 2286 3253 2359 siliquas
3286 2283 3594 2342 contineri.
3622 2283 3692 2337 Et

2085 2388 2291 2442 eodem
2317 2385 2376 2440 in
2407 2384 2629 2440 caeteris
2658 2386 2855 2441 modo.

2159 2476 2321 2540 Quod
2349 2476 2393 2529 si
2426 2475 2605 2529 etiam
2630 2491 2769 2546 ager
2797 2471 3127 2545 hujusmodi
3158 2471 3491 2543 orthogonii
3538 2471 3699 2525 sche-

2085 2582 2183 2620 ma
2215 2568 2416 2618 tenens
2441 2563 2804 2635 proponitur,
2838 2565 3036 2633 utpote
3084 2561 3243 2631 cujus
3293 2560 3552 2614 cathetus
3602 2563 3696 2620 60,

2086 2654 2235 2709 basis
2268 2657 2355 2719 80,
2381 2653 2859 2723 hypotenusaiOO
2890 2649 3123 2721 perticis
3140 2648 3432 2714 metiatur,
3457 2650 3536 2715 et,
3556 2649 3699 2719 quot

2080 2743 2292 2814 jugera
2322 2742 2407 2794 vel
2442 2743 2582 2812 quot
2612 2740 2964 2812 agripennos
2994 2738 3308 2805 contineat,
3337 2735 3694 2808 inquiratur;

2088 2830 2303 2902 primo,
2337 2846 2438 2902 per
2469 2830 2784 2894 cathetum,
2818 2828 2874 2882 id
2895 2830 2980 2881 est
3007 2831 3096 2894 60,
3116 2825 3322 2892 basim,
3347 2840 3473 2897 quin
3500 2827 3587 2879 est
3606 2827 3697 2890 80,

2092 2918 2409 2988 multiplico
2445 2935 2459 2972 ε
2493 2917 2634 2970 fient
2658 2920 2815 2971 4800.
2851 2917 3063 2969 Horum
3098 2913 3499 2979 medietatem,
3524 2911 3584 2965 id
3615 2913 3703 2964 est

2091 3010 2231 3063 2400
2263 3023 2366 3078 pro
2400 3004 2706 3060 constratis
2736 3003 2911 3059 totius
2932 3003 3055 3073 agri
3086 3001 3315 3073 perticis
3341 3000 3548 3055 habeo.
3567 3000 3703 3054 Post

2011 3110 2059 3174 ο
2091 3098 2307 3163 autem,
2340 3093 2566 3166 quoties
2598 3093 2652 3147 in
2688 3093 2798 3147 hac
2832 3107 3074 3146 numero
3115 3092 3419 3144 constratas
3464 3086 3705 3160 perticas

2091 3184 2259 3237 unius
2283 3182 2476 3254 jugeri
2499 3187 2623 3247 288,
2670 3182 2755 3234 vel
2789 3178 3131 3250 agrippeuni
3166 3177 3352 3239 unius,
3400 3176 3458 3231 id
3490 3179 3577 3230 est
3601 3178 3703 3230 144

2092 3274 2491 3338 cohibeantur,
2522 3270 2775 3343 inquiro.
2812 3270 2957 3324 Sunt
2979 3266 3195 3322 veroin
3218 3269 3357 3321 2400
3373 3264 3553 3320 octies
3568 3267 3699 3330 288,

2094 3366 2153 3418 et
2178 3363 2414 3433 insuper
2443 3360 2615 3415 tertia
2645 3374 2849 3414 eorum
2890 3373 3021 3429 pars
3049 3372 3062 3408 :
3094 3358 3193 3411 144
3223 3370 3358 3409 vero
3393 3353 3457 3407 in
3485 3351 3703 3407 eodem

2096 3466 2339 3506 numero
2372 3448 2624 3503 sedecies
2665 3447 2953 3501 habentur
2976 3448 3033 3499 et
3061 3443 3209 3499 bisse
3240 3456 3484 3509 eorum;
3516 3439 3703 3511 igitur

2097 3540 2156 3593 in
2171 3538 2465 3610 proposito
2495 3554 2634 3608 agro
2665 3534 3013 3606 orthogonio
3044 3533 3332 3603 triangula
3346 3535 3377 3587 8
3384 3530 3616 3602 jugera,
3647 3529 3711 3583 et

2098 3628 2328 3683 tertiam
2335 3631 2562 3698 partem
2576 3622 3189 3697 jugeri,agrippennas
3201 3623 3421 3676 auteml
3435 3618 3711 3687 6,etduas

2102 3716 2300 3771 tertias
2331 3715 2454 3786 agri
2463 3713 2677 3785 ppenni
2715 3712 2881 3768 unius
2902 3710 3320 3767 continerinon
3338 3708 3579 3764 dubium
3599 3710 3711 3763 est.

2173 3796 2288 3851 Sed
2314 3795 2594 3867 quoniam
2643 3794 2714 3849 de
2744 3790 3097 3848 invenienda
3138 3792 3198 3844 in
3227 3790 3315 3845 his
3346 3786 3715 3860 orthogoniis

2105 3884 2336 3941 embadi
2364 3884 2687 3956 quantitate
2714 3882 2849 3937 satis
2880 3880 3095 3936 dictum
3118 3881 3222 3946 est,
3240 3877 3415 3933 aliam
3445 3877 3717 3948 regulam

2105 3972 2313 4035 adhuc,
2345 3988 2461 4044 qua
2490 3986 2595 4042 per
2624 3971 2998 4042 hypotenusas
3052 3971 3111 4022 et
3159 3965 3388 4021 embadi
3435 3980 3720 4020 numeros

2106 4063 2398 4117 cathetum
2418 4064 2475 4115 et
2496 4060 2679 4115 basim
2695 4057 3019 4130 reperiunt,
3044 4055 3244 4127 subjici
3268 4058 3558 4126 putamus,
3582 4070 3720 4126 quae.

2107 4153 2192 4207 est
2220 4149 2552 4222 hujusmodi
2592 4167 2605 4205 :

2179 4232 2429 4286 Numera
2468 4230 2843 4303 hypatenusae
2874 4227 2932 4282 in
2955 4243 3014 4281 se
3046 4224 3217 4280 ducto
3249 4224 3498 4294 quatuor
3518 4222 3723 4278 embao

2110 4321 2318 4376 dorum
2342 4317 2726 4375 numerositas
2753 4314 3078 4386 adjiciatur,
3096 4314 3153 4368 et
3176 4310 3345 4381 hujus
3363 4310 3536 4365 simul
3562 4327 3730 4365 sum-

404 4400 525 4451 mm
557 4391 1100 4479 perpendiculum?
1125 4386 1388 4479 dgcatuf’
1422 4387 1480 4440 et
1509 4383 1781 4479 “Funde
1804 4399 2013 4479 πῖν’
2032 4374 2085 4433 D
2435 4406 2803 4479 tetragonale
2821 4374 3115 4469 “sumatur,
3147 4374 3319 4472 idque
3353 4398 3505 4453 basis
3535 4402 3595 4453 et
3621 4414 3729 4454 ca-

405 4484 457 4540 ri
485 4483 769 4540 medietas
798 4494 948 4534 areae
978 4477 1286 4532 tribuatur.
1319 4473 1463 4529 Cum
1497 4472 1659 4528 enim
1680 4489 1783 4545 per
1816 4472 2011 4528 cathe-

404 4577 534 4629 tum
564 4570 738 4634 basis,
769 4568 857 4623 vel
887 4582 992 4639 per
1021 4562 1449 4635 longitudinem
1482 4562 1727 4617 latitudo
1761 4561 2012 4632 ducitur,

411 4658 678 4735 quadrati
690 4672 842 4713 areas
854 4653 1145 4727 quantitas
1157 4650 1659 4716 invenitur.Quem
1679 4666 1811 4705 cum
1824 4654 2017 4706 trans-

409 4747 622 4806 versim
648 4746 721 4802 ab
738 4744 953 4816 angulo
972 4741 1046 4797 ad
1066 4741 1345 4813 angulum
1368 4739 1630 4796 medium
1652 4738 2019 4808 divido,duos

413 4836 696 4894 nimirum
737 4831 1058 4903 triangulae
1098 4828 1205 4884 sibi
1259 4829 1504 4884 invicem
1552 4844 1748 4901 (equos
1805 4828 2014 4896 efﬁcio,

416 4916 552 4990 quia
574 4913 635 4971 in
664 4915 909 4984 utroque
931 4924 1136 4964 eorum
1155 4908 1532 4965 medietatem
1555 4924 1704 4964 areae
1728 4908 2017 4980 tetragoni

417 5010 671 5052 Invenio.

490 5075 602 5131 Sed
635 5073 768 5130 huic
797 5074 860 5128 ut
889 5070 1154 5143 exempla
1178 5087 1407 5144 quoque
1448 5070 1664 5143 regulae
1695 5068 2015 5139 subjiciam,

419 5173 487 5213 ex
515 5153 906 5229 superioribus
951 5151 1309 5222 orthogoniis
1335 5152 1429 5207 ille
1458 5150 1602 5206 mihi
1632 5151 2012 5223 proponatur,

417 5236 580 5309 cuius
628 5235 889 5291 cathetus
928 5235 1015 5296 15,
1065 5231 1213 5286 basis
1263 5236 1333 5289 20
1389 5231 1634 5305 pedibus
1678 5230 2011 5309 annotatur.

415 5306 724 5389 Multiplico
754 5313 949 5385 itaque
972 5327 1075 5383 per
1108 5312 1401 5367 cathetum
1433 5310 1617 5366 basim
1654 5309 1763 5362 hoc
1792 5306 1968 5389 modo
1998 5323 2011 5362 :

420 5402 506 5464 15,
538 5386 629 5463 20,
655 5395 799 5449 ﬁent
826 5397 946 5451 300.
974 5393 1188 5448 Horum
1206 5391 1469 5452 dimidia,
1494 5389 1555 5444 id
1578 5391 1665 5442 est
1699 5390 1817 5453 150,
1841 5386 2016 5441 totius

416 5492 565 5532 areae
596 5473 812 5549 pedum
841 5476 1268 5529 cunstratarum
1301 5469 1519 5525 indicat
1542 5479 1876 5520 numerum.

484 5563 701 5620 Eodem
727 5562 901 5618 modo
931 5561 990 5617 in
1018 5562 1112 5616 illo
1139 5574 1272 5615 cum
1323 5553 1586 5610 minutiis
1634 5550 1827 5620 misto,
1860 5551 2022 5624 cujus

410 5661 671 5719 cathetus
710 5660 885 5733 pedes
909 5666 941 5717 6
961 5643 1087 5746 5-5,
1117 5627 1557 5746 basis
1586 5648 2016 5723 possidet,basis

403 5767 511 5828 per
524 5749 819 5828 cathetum
831 5737 1162 5828 regularem
1183 5737 1354 5828 ducta
1364 5737 1540 5794 efficit
1554 5741 1886 5828 constratas
1905 5755 2008 5828 per

407 5819 508 5906 ac;
527 5842 595 5902 53
624 5821 711 5929 Δ
731 5832 764 5886 9
798 5840 865 5908 χ
888 5824 1178 5897 siliquam.
1195 5819 1413 5877 Horum
1439 5819 1743 5889 medietas,
1765 5833 1894 5896 quae
1916 5821 2005 5875 est

2112 4500 2260 4555 theti
2285 4514 2596 4554 numerum
2625 4494 2795 4550 simul
2824 4490 3128 4565 complecti
3158 4505 3274 4544 non
3302 4486 3615 4543 dubitetur.
3649 4487 3731 4542 Ut

2112 4605 2247 4644 vero
2282 4586 2512 4658 utrique
2540 4600 2761 4651 eorum,
2791 4581 2914 4637 basi
2954 4579 3166 4635 scilicet
3194 4580 3253 4632 et
3301 4574 3553 4643 catheto,
3587 4591 3729 4630 suus

2116 4677 2383 4733 distincte
2404 4689 2681 4729 numerus
2706 4670 3003 4737 reddatur,
3032 4685 3099 4723 ex
3125 4680 3371 4721 numera
3395 4663 3734 4735 hypotenu-

2116 4784 2192 4822 sm
2218 4766 2277 4821 in
2294 4782 2351 4820 se
2367 4764 2536 4819 ducto
2553 4765 2586 4816 4
2602 4758 2852 4816 embada
2878 4756 3173 4823 subtraho,
3201 4758 3259 4809 et
3285 4751 3500 4808 residui
3531 4752 3731 4807 adhuc

2116 4853 2346 4912 numeri
2381 4853 2527 4906 latus
2576 4846 2936 4919 tetragonale
2990 4859 3189 4911 sumo;
3231 4842 3403 4914 idque
3460 4840 3735 4915 superius

2118 4944 2352 4999 invento
2384 4953 2654 5003 numero,
2686 4934 2782 5006 qui
2822 4932 3007 4988 basim
3047 4934 3107 4986 et
3144 4930 3438 4985 cathetum
3486 4929 3734 4986 confuse

2119 5029 2474 5089 continebat,
2505 5025 2783 5096 adiungo,
2817 5035 2874 5076 et
2896 5021 3109 5077 horum
3139 5020 3309 5075 simul
3341 5019 3732 5075 medietatem

2119 5116 2330 5190 majori
2370 5132 2437 5170 ex
2464 5113 2573 5179 his,
2608 5114 2804 5184 utpote
2854 5109 2998 5178 basi,
3026 5109 3327 5182 propriam
3381 5108 3595 5166 tribuo.
3633 5110 3733 5181 lp-

2120 5224 2248 5265 sum
2279 5220 2411 5259 vero
2446 5204 2594 5258 latus
2620 5200 2980 5274 tetragonale
3014 5199 3059 5254 si
3109 5199 3180 5254 ab
3210 5198 3418 5253 eadem
3450 5214 3733 5261 numero,

2124 5296 2219 5370 qui
2248 5293 2431 5350 basim
2469 5292 2640 5347 simul
2667 5295 2724 5345 et
2750 5290 3041 5345 cathetum
3074 5288 3354 5353 continet,
3406 5287 3632 5355 aufero,
3677 5293 3743 5343 et

2122 5384 2335 5442 residui
2369 5383 2673 5439 dimidium
2727 5396 3054 5452 sumpsero,
3101 5377 3294 5433 minus
3323 5393 3390 5431 ex
3434 5375 3524 5431 his
3552 5377 3735 5447 latus,

2122 5479 2321 5548 utpote
2348 5474 2639 5529 cathetum
2667 5472 2918 5545 reperio.
2962 5470 3062 5523 Vel
3101 5468 3267 5522 aliter
3300 5483 3312 5521 :
3341 5482 3406 5520 ex
3455 5483 3739 5537 numero,

2121 5565 2217 5638 qui
2249 5563 2431 5620 basim
2463 5563 2874 5632 cathetumque
2898 5554 3404 5630 paritercantiuet,
3427 5554 3739 5612 inventam

2118 5654 2304 5712 basim
2329 5652 2548 5719 aufero,
2584 5652 2642 5705 et
2678 5649 2945 5704 remanet
2991 5645 3250 5700 cathetus
3294 5644 3385 5698 vel
3423 5644 3738 5704 cathetum

2113 5745 2410 5819 repertum
2440 5740 2659 5807 adimo,
2687 5740 2745 5792 et
2774 5735 2998 5808 reliqua
3029 5732 3142 5789 erit
3169 5731 3344 5793 basis.

2181 5833 2323 5900 Quae
2350 5829 2549 5886 omnia
2572 5829 2637 5883 ut
2657 5824 2873 5901 apertis
2899 5821 3291 5881 certiﬂcentur
3316 5821 3625 5900 exemplis,
3652 5822 3727 5885 in
