3882 6230
191 523 282 578 117

1556 502 1648 562 DE
1686 503 2099 561 GEOHE’I‘RIA.

3395 498 3500 556 118

184 642 473 701 secundum
523 638 834 713 quosdam.
902 635 1059 708 quod
1118 631 1300 689 verius
1348 634 1454 699 est,
1531 629 1777 703 digitum
1805 634 2095 702 Adietate
2167 643 2431 718 quadrati
2499 641 2900 699 mediclinium
2961 640 3203 709 steterit,
3281 644 3380 700 sed
3432 643 3493 702 in

181 748 344 789 unum
370 733 426 787 et
456 728 697 784 tertiam
726 724 915 799 digiti.

241 837 453 893 Palmus
479 834 659 889 habet
690 832 904 904 digitos
933 833 1199 902 quatuor,
1231 826 1426 883 uncias
1456 829 1591 881 tres.

240 926 395 982 Sexta
420 922 630 995 digitos
675 919 1003 986 duodecim,
1032 917 1228 973 uncias
1275 931 1507 981 novem,
1553 914 1775 984 palmes

184 1021 305 1072 tres.

240 1122 341 1177 Pes
380 1119 590 1192 digitos
645 1122 731 1183 I6,
766 1114 963 1171 uncias
1022 1117 1105 1179 I2,
1164 1113 1392 1184 palmes
1449 1114 1504 1175 4,
1550 1113 1768 1165 sextam

181 1226 339 1265 unam
370 1212 427 1264 et
453 1206 693 1263 tertiam
720 1205 863 1276 ejus.

242 1313 552 1370 Lanerculus
576 1311 795 1385 pedem
824 1322 1003 1363 unum
1030 1307 1091 1361 in
1121 1304 1449 1373 latitudine,
1491 1305 1670 1361 utcias
1698 1310 1766 1364 23

177 1404 227 1459 in
252 1401 632 1474 longitudine,

237 1508 456 1566 Cubitus
493 1505 924 1580 sesquipedem,
974 1505 1159 1559 sextas
1207 1507 1261 1570 2,
1307 1502 1528 1575 palmes
1555 1506 1608 1567 6,
1664 1518 1766 1556 un-

175 1598 275 1653 cias
304 1600 385 1664 I8,
418 1595 634 1669 digitos
663 1599 755 1651 24.

236 1702 436 1759 Gradus
481 1702 664 1758 habet
717 1700 892 1774 pedes
949 1705 1030 1769 2;
1072 1714 1261 1771 passus
1306 1702 1385 1767 ὃς
1434 1700 1639 1768 pertica
1682 1700 1713 1751 9
1749 1714 1763 1765 ;

173 1792 317 1848 clima
345 1797 432 1847 60.

230 1898 389 1955 Actus
418 1897 478 1953 in
506 1896 820 1952 latitudine
854 1898 975 1958 IIO,
1004 1894 1062 1948 in
1092 1891 1457 1965 longitudine
1490 1896 1608 1947 I20.

1877 735 2089 808 primo,
2122 738 2221 790 aut
2250 734 2307 789 in
2332 733 2605 800 secundo,
2634 736 2733 788 aut
2753 733 2812 787 in
2848 731 3037 799 tertio,
3093 734 3187 786 aut
3208 731 3267 787 in
3299 733 3492 808 aliquo

1877 825 2143 897 quadrati
2168 823 2374 895 gradu,
2426 827 2489 878 I2
2519 821 2791 894 gradibus
2823 820 3061 891 collatis,
3097 820 3282 888 qualis
3318 821 3495 879 fuerit

1873 913 2101 968 collatio
2131 914 2281 968 inter
2312 911 2436 967 illos
2467 911 2688 983 aliquos
2713 908 2980 983 quadrati
3025 910 3238 982 gradus
3286 913 3343 965 et
3402 915 3489 980 I2,

1872 1002 2003 1056 talis
2031 1001 2135 1056 erit
2170 1000 2323 1055 inter
2352 997 2651 1071 planitiem
2675 1002 2732 1053 et
2762 997 3125 1055 altitudinem
3148 1014 3492 1055 mensuran-

1873 1090 2033 1158 dam,
2068 1091 2288 1144 statura
2318 1087 2602 1143 mensoris
2624 1086 2914 1159 adjuncta.

2477 1176 2699 1231 CAPUT
2729 1175 2881 1231 XVII.

1872 1268 1959 1326 Ad
2013 1267 2351 1322 altitudinem
2417 1266 2825 1323 inaccessibile-nt
2864 1284 2984 1322 cum
3039 1269 3321 1342 horoscopo
3375 1284 3486 1325 me-

2556 1355 2812 1410 tiendum.

1940 1445 2026 1500 Ad
2049 1443 2412 1500 altitudinem
2446 1443 2901 1499 inaccessibilem
2932 1444 3005 1500 ob
3033 1444 3189 1500 ﬂuvii
3214 1446 3302 1501 vel
3326 1446 3486 1502 vallis

1868 1533 2311 1608 impeditionem
2344 1532 2417 1587 sit
2442 1531 2685 1587 altitudo
2713 1531 3006 1604 quaelibet,
3038 1536 3101 1590 ut
3129 1537 3214 1590 est
3242 1552 3276 1588 α
3309 1535 3358 1604 b,
3384 1534 3484 1590 sit-

1872 1639 1985 1695 que
2016 1621 2171 1678 ﬂuvii
2191 1622 2279 1676 vel
2308 1621 2467 1676 vallis
2498 1621 2823 1693 impeditio,
2857 1624 2918 1677 ut
2943 1625 3028 1677 est
3060 1623 3088 1677 ὁ
3112 1640 3160 1678 c.
3191 1623 3365 1680 Sume
3384 1624 3486 1682 ho-

1866 1727 2175 1782 roscopum
2206 1712 2361 1764 stans
2388 1709 2446 1763 in
2474 1709 2600 1782 ripa
2620 1713 2739 1777 c,et
2768 1727 2872 1783 per
2896 1714 3204 1784 utrumque
3218 1712 3483 1770 foramen

1866 1798 2185 1855 mediclinii
2218 1798 2612 1852 summitatem
2641 1816 2672 1852 a
2695 1798 3004 1870 diligenter
3027 1799 3261 1871 inspice.
3292 1801 3486 1859 Consi-

1871 1890 2009 1945 dera
2037 1903 2345 1943 numerum
2374 1886 2660 1955 graduum
2690 1886 2748 1940 in
2777 1903 3051 1942 mensura
3074 1888 3359 1961 quadrati,
3383 1890 3482 1963 qui

229 1950 698 2058 ξίιλέωλιιᾶίῶιοά
719 1985 786 2039 tit
795 1950 1010 2055 junctis
1036 1950 1263 2037 duobus
1283 1980 1522 2050 actibus,
1555 1980 1613 2035 in
1640 1982 1767 2036 Ion-
1794 1950 1846 2009 Β
1865 1977 2021 2033 verbi
2048 1992 2218 2031 causa
2238 1950 2473 2029 notatur
2495 1973 2866 2044 quaternario
2897 1950 3165 2048 numero,
3186 1993 3290 2047 per
3305 1950 3482 2050 quem

174 2074 413 2147 gitudine
433 2078 562 2137 240,
586 2074 650 2129 in
684 2071 987 2128 latitudine
1022 2075 1146 2127 220.

236 2162 481 2220 Cmturia
508 2165 638 2218 200.

232 2249 477 2307 Stadium
504 2250 690 2323 pedes
709 2253 833 2313 625,
868 2264 1063 2319 passus
1095 2251 1214 2303 I25.

229 2338 542 2396 Milliarx’um
573 2354 779 2411 passus
812 2340 967 2404 I000,
995 2335 1179 2391 stadia
1199 2339 1253 2391 8.

769 2460 993 2515 CAPUT
1018 2459 1147 2515 XVI.

303 2570 394 2625 Ad
420 2568 773 2625 altitudinem
806 2581 926 2621 cum
954 2565 1239 2620 astrolabz'o
1258 2566 1598 2623 metiendum.

229 2676 281 2731 Si
306 2676 478 2733 fuerit
498 2673 751 2731 altitudo
781 2673 839 2727 in
868 2672 1215 2745 aequalitate,
1238 2672 1337 2727 tali
1366 2673 1577 2744 poterit
1606 2690 1766 2728 men-

169 2766 328 2820 surari
355 2763 741 2836 inspectione.
776 2761 1053 2818 Sumatur
1081 2761 1153 2817 ab
1185 2761 1478 2817 altimetra
1524 2763 1762 2817 astrola-

166 2853 332 2921 bium,
349 2858 406 2909 et
424 2854 483 2909 in
501 2852 823 2909 medietate
835 2849 1102 2922 quadrati
1120 2848 1179 2903 in
1207 2849 1424 2920 postica
1446 2851 1569 2922 ejus
1584 2851 1766 2921 plani-

169 2941 238 2998 tie
261 2942 469 2998 exarati
493 2939 889 2998 constituatur
909 2937 1399 3004 mediclinium,ut
1416 2938 1522 2993 hac
1552 2939 1764 2995 scilicet

162 3030 426 3100 positione
453 3034 577 3087 stet
588 3026 990 3084 mediclinium
1016 3025 1251 3081 alterius
1268 3026 1445 3097 partis
1465 3028 1757 3084 astrolabii

158 3119 211 3173 in
236 3136 468 3176 numero
485 3118 785 3191 graduum
802 3115 1029 3172 dierum
1046 3119 1137 3180 45,
1151 3118 1210 3170 et
1227 3115 1428 3170 tandiu
1448 3117 1521 3171 ab
1544 3132 1611 3173 eo
1625 3121 1758 3173 ante

1864 2081 2093 2121 summa
2130 2062 2303 2117 totius
2328 2061 2595 2133 quadrati
2637 2061 2850 2117 scilicet
2900 2066 2999 2118 144
3061 2063 3368 2131 dividatur,
3424 2067 3484 2120 et

1865 2156 2071 2226 quarta
2099 2167 2231 2223 pars
2263 2148 2790 2220 reperta,videlicet
2808 2154 2874 2206 36
2903 2153 3317 2208 conscribatur.
3346 2155 3483 2211 Post

1862 2241 1984 2295 haec
2016 2241 2086 2295 de
2115 2255 2144 2295 ο
2175 2238 2246 2293 ad
2278 2238 2314 2291 ιι
2337 2240 2495 2292 certa
2512 2237 2681 2309 spatii
2703 2238 2992 2310 quantitas
3023 2240 3317 2308 metiatur,
3350 2259 3478 2315 quae

1864 2328 2109 2400 exempli
2136 2330 2205 2382 40
2228 2326 2440 2398 pedum
2462 2329 2853 2396 praeponatur.
2878 2328 3094 2382 Iterum
3114 2346 3277 2384 sume
3303 2331 3478 2387 horo-

1863 2432 2099 2487 scopum
2133 2419 2290 2470 stans
2320 2414 2377 2468 in
2412 2414 2526 2468 ﬁne
2554 2414 2610 2482 ά,
2636 2418 2694 2469 et
2723 2431 2827 2486 per
2852 2418 3162 2489 utrumque
3188 2418 3476 2489 foramen,

1865 2508 1927 2558 ut
1953 2504 2108 2577 prius
2151 2502 2545 2557 summitatem
2574 2520 2605 2555 a
2661 2501 2900 2576 inspice.
2938 2504 3235 2576 Perpende
3266 2505 3478 2563 iterum

1866 2607 2175 2648 numerum
2207 2590 2493 2662 graduum
2547 2590 2603 2644 in
2636 2590 2941 2663 quadrato,
2977 2592 3075 2664 qui
3104 2593 3367 2665 signatur
3416 2595 3477 2651 in

1864 2681 2121 2737 ternario
2154 2695 2419 2746 numero,
2460 2694 2564 2752 per
2596 2696 2769 2751 quem
2804 2680 2994 2735 denuo
3025 2698 3256 2739 summa
3299 2686 3476 2743 totius

1867 2768 2131 2843 quadrati
2160 2768 2467 2835 dividatur,
2487 2771 2689 2838 etpars
2712 2769 2905 2832 tertia,
2937 2787 3064 2842 quae
3090 2775 3175 2827 est
3203 2776 3291 2842 48,
3309 2774 3474 2845 juxta

1865 2863 2153 2932 quartam,
2178 2873 2304 2929 qua:
2324 2859 2409 2911 est
2432 2861 2519 2922 36,
2549 2856 2966 2926 conscribatur,
2993 2861 3256 2917 etminor
3278 2880 3479 2920 nume-

1862 2965 1958 3003 rus
1985 2948 2054 3002 de
2085 2946 2328 3017 majore,
2361 2945 2417 2999 id
2439 2947 2523 2999 est
2549 2950 2615 3001 36
2646 2946 2716 3001 de
2738 2949 2805 3002 48
2836 2948 3089 3017 tollatur,
3120 2954 3179 3005 et
3207 2953 3363 3024 quod
3381 2970 3474 3009 re-

1861 3037 2080 3103 manet,
2114 3034 2279 3089 idest
2330 3037 2414 3100 I2,
2465 3050 2598 3088 cum
2630 3034 2809 3089 latere
2851 3037 3144 3109 quadrati,
3183 3041 3340 3112 quod
3390 3046 3475 3098 est

1866 3130 1950 3189 12,
1991 3124 2380 3195 comparetur,
2412 3126 2469 3177 et
2521 3138 2796 3178 numerus
2852 3141 3166 3183 remanens
3212 3132 3270 3183 et
3324 3130 3473 3186 latus

157 3212 207 3305 et
228 3210 376 3306 retro
399 3205 755 3306 φξιξφῇῐξᾶο
782 3206 1076 3306 pergat-9.1:,
1106 3203 1292 3306 fit)qu
1312 3221 1418 3276 P8P
1448 3208 1757 3306 utrumque
1785 3240 1833 3300 ο
1860 3211 2126 3286 quadrati
2182 3209 2417 3297 aequalis
2448 3211 2874 3281 pronuntietur,
2919 3216 2977 3268 et
3007 3213 3151 3271 sicut
3202 3216 3472 3273 ultimum

155 3295 311 3367 ipsius
322 3293 642 3353 mediclinii
654 3294 923 3350 foramen
941 3291 1260 3348 altitudinis
1270 3293 1572 3349 summitas
1588 3294 1759 3368 inspi-

156 3382 336 3440 ciatur.
369 3384 492 3450 Qua
507 3383 794 3457 inspecta,
817 3381 944 3436 loco
966 3379 1026 3435 in
1048 3396 1163 3452 quo
1188 3380 1346 3436 stetit
1361 3398 1597 3437 mensor
1617 3387 1757 3440 nota

154 3471 524 3543 imprimatur,
555 3474 616 3527 et
663 3468 799 3526 huic
830 3468 1200 3541 impressioni
1226 3470 1448 3526 statura
1471 3472 1755 3528 mensoris

150 3558 503 3633 adjungatur.
530 3562 669 3616 Post
688 3559 813 3613 haec
833 3557 991 3612 locus
1020 3557 1140 3627 ipse
1165 3558 1475 3631 diligenter
1496 3563 1750 3625 notetur,

149 3651 199 3702 et
222 3648 291 3705 ab
312 3666 381 3706 eo
408 3666 595 3723 usque
616 3647 693 3703 ad
719 3644 976 3702 radicem
997 3645 1318 3703 altitudinis
1345 3650 1468 3704 tota
1486 3650 1752 3722 planities

145 3738 293 3793 caute
312 3741 691 3795 mensuretur
708 3753 725 3804 ;
748 3738 806 3791 et
817 3736 959 3807 quot
975 3734 1195 3806 pedum
1207 3735 1333 3807 ipsa
1348 3738 1614 3809 planities
1632 3739 1751 3795 fue-

140 3824 224 3893 rit,
243 3828 326 3882 tot
349 3827 473 3884 sine
496 3826 681 3883 dubio
709 3821 954 3880 altitudo
975 3821 1105 3878 erit.
1152 3823 1211 3879 Si
1239 3841 1374 3881 vero
1405 3843 1525 3883 non
1548 3827 1606 3882 in
1632 3845 1750 3885 me-

762 3958 809 4011 Α

740 4144 794 4220 -ἓ

743 4222 794 4284 Ξ

739 4287 795 4328 2::

986 4562 1034 4618 B
1072 4560 1240 4617 vallis
1277 4563 1375 4618 vel
1406 4561 1625 4618 ﬂumen
1737 4562 1778 4616 C

719 4760 943 4815 CAPUT
972 4761 1151 4820 XVIII.

726 4865 859 4919 [lem
892 4866 957 4920 de
980 4866 1159 4923 eodem

202 4988 255 5044 Si
281 4991 417 5062 quid
437 4990 709 5046 eminens
740 4988 1127 5043 inaccessibile
1152 4989 1741 5047 fueritnestimandum

140 5078 617 5150 cumhoroscopo,
638 5079 749 5132 stet
769 5075 1180 5132 altimensorin
1197 5076 1472 5131 metiendi
1487 5076 1745 5134 eminen-

144 5164 208 5219 tis
228 5167 499 5234 artifinio,
532 5165 920 5237 suspiciatque
964 5180 1068 5235 per
1092 5169 1403 5237 utrumque
1429 5165 1745 5222 mediclinii

144 5252 687 5327 foramen,quosque
701 5253 992 5308 intueatur
1006 5253 1325 5309 altitudinis
1340 5256 1745 5311 mensurandaa

144 5357 425 5399 cacumen.
449 5343 575 5408 Quo
598 5343 878 5415 inspecto,
905 5342 1116 5414 gradus
1144 5342 1411 5415 quadrati
1431 5360 1744 5400 numeren-

143 5432 245 5497 tur,
260 5432 354 5504 qui
376 5431 627 5503 exempli
654 5429 1127 5486 manifestatione
1152 5434 1182 5488 3
1197 5435 1630 5503 computentur,
1648 5434 1749 5506 qui

144 5515 197 5572 in
226 5523 286 5575 12
300 5520 567 5593 quadrati
581 5520 763 5574 latere
777 5521 982 5591 quater
1001 5520 1352 5575 continetur.
1379 5521 1493 5576 Hoc
1517 5526 1748 5592 peracto

146 5607 331 5662 tandiu
353 5611 487 5662 ante
518 5611 578 5662 et
600 5610 759 5661 retro
787 5609 1084 5677 pergatur,
1109 5607 1430 5680 donecjam
1451 5610 1635 5664 visum
1657 5628 1751 5666 ca-

146 5708 341 5754 cumen
363 5695 683 5752 altitudinis
716 5694 1027 5751 metiendte
1058 5696 1271 5751 iterum
1315 5697 1596 5753 videatur.
1630 5698 1753 5762 Quo

150 5782 258 5841 Viso
281 5801 553 5842 numerus
578 5784 872 5859 graduum
890 5784 1153 5857 quadrati
1179 5785 1369 5842 denuo
1402 5786 1757 5859 inspiciatur,

156 5872 208 5925 et
237 5873 393 5932 verbi
424 5872 671 5948 gratia2
712 5872 1064 5947 habeantur,
1089 5874 1189 5950 qui
1216 5874 1278 5934 in
1313 5880 1399 5947 I2,
1422 5875 1483 5933 id
1512 5878 1599 5933 est
1619 5891 1760 5949 qua-

1857 3316 2165 3358 remanens
2200 3293 2283 3365 I2,
2335 3297 2603 3370 quadrati
2633 3300 2797 3355 lateri
2840 3306 2904 3357 12
2939 3305 3159 3376 ecquale
3201 3305 3467 3375 habetur,

1854 3390 1932 3446 sic
1958 3388 2205 3461 spatium
2233 3385 2268 3440 d
2293 3403 2319 3440 c
2349 3385 2532 3458 spatio
2568 3402 2601 3443 a
2633 3388 2662 3441 ὁ
2707 3390 2926 3461 arquale
2997 3392 3340 3459 affirmatur,
3410 3398 3467 3450 et

1854 3480 2031 3551 quota
2074 3490 2206 3547 pars
2244 3473 2553 3541 ternarius,
2595 3475 2693 3546 qui
2753 3482 2839 3531 est
2886 3478 3122 3534 ultimus
3178 3497 3457 3537 numerus

1852 3566 2139 3641 graduum
2170 3562 2230 3616 in
2254 3565 2338 3627 12,
2354 3561 2670 3632 judicatur,
2697 3564 2903 3619 eadem
2936 3582 3069 3639 pars
3090 3586 3121 3622 a
3161 3568 3454 3640 bspatium

1852 3658 1909 3712 in
1941 3656 1978 3710 ά
2008 3654 2036 3708 b
2070 3649 2319 3724 spatium
2339 3648 2474 3724 ind
2507 3649 2546 3724 b7
2573 3650 2756 3722 spatio
2806 3652 2929 3724 sine
2984 3654 3160 3710 dubio
3212 3655 3454 3713 dicatur.

1854 3731 1948 3784 Est
1976 3719 2149 3798 igitur
2170 3725 2240 3777 40
2268 3738 2301 3774 a
2333 3721 2383 3787 b,
2413 3719 2557 3776 sicut
2581 3719 2668 3777 est
2695 3725 2765 3778 40
2791 3739 2821 3777 c
2848 3722 2905 3792 ἀ,
2937 3726 2997 3780 et
3019 3729 3106 3781 est
3137 3730 3239 3783 I60
3271 3728 3459 3784 totum

1849 3818 1880 3876 ὸ
1908 3817 1966 3885 d,
1998 3817 2059 3871 et
2081 3813 2168 3868 est
2200 3813 2299 3867 I20
2331 3808 2361 3863 b
2386 3827 2434 3865 c.

854 3965 2637 4548 ρ

1960 4566 2029 4618 40
2060 4561 2274 4633 pedum

1766 4710 1820 4769 D
1842 4725 1991 4779 drati
2019 4726 2198 4780 latere
2227 4724 2405 4781 sexies
2436 4723 2723 4780 contineri
2744 4740 2860 4778 non
2895 4723 3255 4787 dubitantur,
3276 4724 3334 4775 et
3362 4719 3449 4774 in-

1843 4814 2146 4868 tervallum
2181 4813 2493 4869 stationum
2525 4813 2808 4869 mensoris
2842 4816 2905 4867 12
2933 4812 3147 4885 pedum
3172 4807 3453 4862 notabiles

1845 4903 2141 4962 habeatur.
2188 4904 2283 4958 His
2314 4904 2559 4975 peractis
2578 4903 2768 4959 minus
2785 4902 3085 4956 continens
3110 4894 3368 4961 ternarii,
3392 4894 3449 4948 id

1845 4997 1930 5047 est
1954 4993 2357 5065 quaternarius
2407 4994 2477 5048 de
2510 4993 2715 5062 majori
2764 4987 3103 5051 continenti,
3136 4984 3193 5038 id
3233 4986 3319 5036 est
3359 4998 3448 5035 se-
3486 5042 3503 5053 υ

1846 5081 2011 5139 nario
2042 5084 2216 5136 semel
2261 5083 2512 5146 tollatur,
2563 5084 2625 5133 et
2653 5078 2926 5143 binarius,
2960 5074 3056 5146 qui
3084 5075 3366 5137 remanet,
3391 5073 3447 5125 in

1847 5176 2042 5225 mente
2071 5171 2375 5236 habeatur,
2417 5174 2475 5223 et
2506 5170 2692 5239 ipsum
2741 5163 3102 5217 intervallum
3133 5160 3448 5215 stationum

1845 5257 2129 5313 mensoris
2157 5258 2396 5328 duplum
2428 5251 2828 5309 inaccessibilis
2861 5250 2960 5304 alti
2993 5251 3234 5306 dicatur.
3270 5249 3338 5302 Et
3369 5252 3450 5315 ut,

1846 5346 2001 5419 quod
2023 5346 2284 5411 dicimus,
2311 5345 2370 5398 in
2403 5341 2670 5398 omnibus
2712 5344 2917 5394 notum
2964 5339 3271 5406 habeatur,
3326 5338 3456 5392 uni-

1848 5435 2080 5490 versalis
2110 5434 2310 5503 regula
2339 5431 2399 5484 in
2433 5430 2590 5483 nullo
2623 5427 2892 5483 vacillans
2923 5431 3192 5503 ponatur.
3226 5427 3458 5482 Subtra-

1851 5522 2041 5576 ctione
2094 5518 2519 5575 continentium
2576 5532 2953 5572 numerorum
3003 5517 3173 5583 facta,
3230 5516 3276 5570 si
3314 5531 3459 5572 unus

1852 5608 2218 5673 remanserit,
2249 5606 2615 5662 intervallum
2649 5607 2817 5661 statio
2847 5623 2984 5662 num
3020 5606 3304 5661 mensoris
3340 5605 3458 5659 alto

1855 5700 2075 5771 aequale
2113 5696 2223 5750 erit
2248 5713 2261 5762 ;
2286 5695 2329 5749 si
2380 5696 2517 5763 duo,
2580 5696 2846 5768 duplum;
2882 5714 2906 5754 ς
2936 5696 3065 5761 tria,
3100 5694 3354 5767 triplum,
3404 5694 3459 5744 et

1859 5787 1935 5841 sic
1965 5789 2023 5841 in
2047 5785 2419 5857 sequentibus
2453 5802 2465 5840 :

1967 5873 2099 5931 Tali
2116 5874 2335 5947 pictura
2364 5874 2429 5945 fit
2454 5874 2742 5930 declaratio
2761 5890 2923 5947 pura.
