3882 6230
385 546 486 603 119

416 1012 471 1149 ἐ

418 1156 473 1217 Ξ

434 1221 472 1254 ω

1919 1155 1955 1182 ι..

1919 1190 1956 1222 Φ

1920 1226 1956 1251 ω

1920 1255 1957 1292 Ω

1919 1296 1959 1390 ἓ

618 838 624 844 ·
640 884 643 887 ὗ
1065 850 1208 919 lus-[.8
1234 883 1270 937 2
1374 931 1472 987 6R4

762 946 1061 1106 004280.:-
1476 954 1579 1008 Ovs

922 1073 1004 1144 Ds
1174 1144 1175 1147 η
1254 1068 1305 1155 ξ

1257 1161 1301 1205 El

544 1313 549 1319 ν
1259 1213 1304 1304 ἓ
1371 1284 1643 1335 DUPLUM

1495 1407 1559 1458 12

1002 1476 1227 1532 CAPUT
1254 1476 1382 1533 XIX.

563 1564 658 1621 Ad
683 1564 1021 1620 altitudinem
1038 1582 1158 1620 cum
1178 1566 1459 1635 horoscopo
1478 1557 1817 1617 metiendam.

460 1652 518 1708 Si
545 1653 625 1710 vis
654 1670 786 1709 cum
815 1655 1136 1727 horoscopo
1167 1652 1489 1727 quamlibet
1502 1647 1803 1725 planitiem
1828 1640 1994 1699 meti-

1069 1782 1116 1835 Α

1800 1846 1945 1955 ’ἤλυε

1080 1873 1097 2009 1
1127 1863 1515 2009 \
1801 1859 1945 1955 mlle

1090 2009 1108 2682 ι
1378 2592 1713 2641 vuum"
1773 2553 2144 2639 quin-um
2218 2581 2480 2637 union
2886 2567 3037 2669 ἒ

1009 2073 1049 2137 s

1007 2144 1048 2239 ἓ

995 2304 1050 2434 ,Ξ

994 2436 1051 2536 Ξ

1018 2842 1241 2899 CAPUT
1265 2842 1368 2898 XX.

624 3015 719 3072 Ad
748 3013 1067 3070 metiendum
1095 3030 1215 3068 cum
1238 3012 1516 3083 horosc0po
1520 3017 1765 3083 puteum.

461 3201 659 3260 Primo
691 3202 1088 3275 perpendetur
1119 3200 1426 3273 diligenter
1456 3216 1490 3255 a
1527 3200 1830 3272 geometra
1858 3212 2000 3270 qua-

387 3295 563 3349 tenus
579 3290 874 3348 circulatio
894 3291 1049 3362 putei
1074 3289 1487 3363 perpendiculo
1510 3302 1795 3361 perpensa
1814 3300 2003 3357 sequa-

390 3380 460 3437 lis
485 3380 786 3437 habeatur.
836 3379 1058 3435 Deinde
1088 3380 1248 3451 cujus
1304 3374 1727 3451 quantitudinis
1769 3372 1842 3429 sit
1882 3372 2004 3443 ejus

392 3469 747 3525 diametrum
800 3468 1144 3542 inquiratur.
1198 3470 1436 3523 lnvento
1492 3464 1798 3530 diametro,
1847 3465 2004 3518 stans

390 3574 628 3614 mensor
648 3574 824 3631 super
857 3558 1014 3631 putei
1046 3559 1274 3614 labrum
1309 3553 1586 3627 despiciat
1611 3569 1715 3625 per
1742 3551 2001 3608 medicli-

393 3646 553 3702 nium
602 3648 895 3703 astrolabii
936 3648 1131 3703 lateris
1181 3644 1429 3717 oppositi
1485 3643 1827 3698 terminum.
1879 3639 2004 3704 Quo

390 3734 531 3803 viso,
594 3750 868 3792 umerus
915 3737 1227 3808 graduum,
1298 3734 1359 3787 in
1436 3746 1551 3802 quo
1605 3725 2003 3784 medielinium

392 3823 615 3879 steterit
643 3824 703 3879 in
728 3805 1035 3897 quadrato,
1068 3839 1200 3879 cum
1237 3825 1302 3877 12
1344 3819 1736 3890 comparetur.
1789 3815 1860 3868 Et
1887 3829 2003 3886 quo
2023 3805 2070 3865 C

394 3912 570 3969 modo
605 3929 665 3967 se
686 3912 956 3969 habuerit
987 3927 1263 3967 numerus
1290 3906 1577 3981 graduum
1616 3904 1675 3959 in
1720 3902 2001 3976 quadrato

394 4002 469 4058 ad
517 4006 601 4070 12,
659 4003 740 4059 sic
784 4020 845 4059 se
889 4000 1127 4057 habebit
1182 3999 1531 4055 diametrum
1580 3994 1654 4051 ad
1695 3992 1999 4066 profundi-

396 4093 575 4146 tatem
604 4091 759 4164 putei
789 4094 849 4146 et
877 4090 952 4145 ad
975 4091 1257 4144 staturam
1280 4087 1585 4146 mensoris.

470 4285 596 4341 Sint
617 4289 813 4342 autem
845 4283 1080 4356 gradus,
1114 4282 1363 4355 exempli
1391 4299 1579 4351 causa,
1608 4288 1641 4340 4
1678 4286 1736 4339 et
1780 4282 1998 4338 diame-

399 4377 555 4430 trum
575 4377 610 4429 4
640 4373 879 4447 pedum.
910 4370 1068 4428 Sicut
1092 4387 1232 4443 ergo
1250 4375 1285 4428 4
1303 4389 1318 4440 ;
1337 4374 1424 4427 est
1442 4374 1529 4428 ter
1557 4372 1617 4428 in
1646 4376 1739 4441 12;
1772 4371 1851 4427 sic
1881 4371 2000 4426 dia-

400 4465 654 4518 metrum
676 4459 839 4516 estin
868 4460 1265 4533 profunditate
1299 4461 1457 4535 putei
1483 4464 1540 4517 et
1569 4464 1788 4516 statura
1834 4476 1997 4515 men-

399 4548 565 4606 soris.
617 4548 743 4614 Qua
770 4551 989 4605 statura
1018 4548 1233 4613 ablata,
1276 4550 1431 4622 quod
1462 4544 1824 4616 remanserit,
1852 4548 2002 4604 habe

400 4636 860 4711 profunditatem
878 4636 1057 4710 putei.
1082 4636 1461 4709 Subjiciamus
1482 4655 1621 4710 ergo
1638 4638 1883 4710 figuram
1904 4654 2003 4710 pu-

402 4725 479 4783 tei
517 4724 688 4781 certis
703 4725 907 4781 litteris
927 4725 1286 4799 insignitum.
1321 4726 1406 4783 Sit
1434 4743 1574 4799 ergo
1605 4731 1639 4782 4
1660 4726 1876 4798 pedum
1900 4744 1932 4779 a
1951 4741 2000 4791 ο,

402 4816 512 4871 hoc
541 4818 629 4871 est
653 4812 1003 4871 diametrum
1027 4832 1046 4881 ;
1079 4814 1151 4870 sit
1175 4815 1332 4887 putei
1372 4815 1614 4871 altitudo
1644 4832 1677 4868 a
1709 4815 1759 4881 ὂ,
1780 4814 1854 4870 sit
1883 4815 2005 4884 ejus

403 4904 754 4960 diametrum
780 4921 815 4957 a
834 4920 863 4957 ι’
884 4922 900 4971 ;
932 4905 1005 4959 sit
1032 4907 1251 4960 statura
1271 4908 1586 4977 geometrm
1606 4920 1634 4957 ο
1660 4903 1697 4956 d
1715 4907 1750 4959 4
1765 4902 2003 4974 pedum.

1002 538 1355 597 suvesrm
1391 539 1444 596 ιι
1482 538 1683 597 PAPE
1721 534 1877 597 ore.
1918 534 2097 596 psus
2135 539 2176 594 ι.
2224 563 2300 580 --
2334 537 2424 594 ne
2459 519 2749 592 uisam.
2786 533 3089 594 mra.

2014 667 2068 726 Α
2090 660 2163 729 ri,
2196 659 2381 732 dirige
2406 658 2679 714 intuitum
2709 670 2815 730 per
2860 660 3172 731 utrumque
3206 657 3480 716 foramen
3514 658 3700 715 modi-

1378 2592 1713 2641 mumu
1773 2553 2144 2639 quin-um
2218 2581 2480 2637 union

3605 536 3702 593 120

2092 749 2267 816 clinii,
2325 748 2510 804 donec
2562 746 2913 802 terminetur
2968 746 3219 803 intuitus
3274 747 3336 803 in
3387 747 3700 804 metm

2092 836 2427 912 quantitatis
2440 834 2642 891 limite.
2664 836 2797 890 Post
2812 835 3006 891 haecin
3029 838 3205 909 quoto
3230 836 3419 909 gradu
3434 836 3701 909 quadrati

2095 924 2488 982 mediclinium
2511 926 2642 991 stet,
2667 922 3105 995 inspiciatur,et
3128 924 3251 996 ipse
3274 941 3552 980 numerus
3571 941 3702 997 gra-

2095 1016 2274 1070 duum
2290 1012 2550 1086 superior
2575 1029 2711 1068 cum
2730 1016 2795 1068 12
2812 1013 3166 1079 conferatur,
3185 1016 3243 1068 et
3268 1013 3452 1084 qualis
3467 1029 3703 1086 compu-

2097 1103 2236 1159 tatio
2254 1101 2425 1158 fuerit
2445 1101 2732 1172 graduum
2756 1100 2831 1155 ad.
2850 1105 2935 1168 12,
2952 1100 3084 1156 talis
3098 1100 3456 1172 comparatio
3470 1104 3702 1157 staturae

2099 1190 2393 1249 metientis
2434 1189 2511 1244 ad
2553 1192 2737 1243 totam
2769 1188 3092 1261 planitiem.
3145 1190 3313 1245 Verbi
3359 1189 3588 1262 gratia:
3631 1191 3700 1246 sit

2098 1285 2317 1339 statura
2346 1277 2628 1334 mensoris
2653 1296 2684 1331 a
2718 1278 2766 1345 ὁ,
2796 1277 3065 1349 planities
3094 1278 3123 1333 b
3152 1295 3201 1345 c,
3239 1294 3520 1333 numerus
3569 1295 3699 1350 gra-

2098 1373 2278 1428 duum
2302 1375 2354 1435 3,
2391 1366 2489 1439 qui
2534 1366 2608 1421 ad
2644 1370 2709 1421 12
2740 1369 3114 1438 comparatus
3154 1368 3361 1438 quarta
3401 1382 3534 1437 pars
3587 1367 3706 1438 ejus

2098 1459 2390 1516 dubietate
2416 1456 2641 1510 sublata
2660 1454 2967 1511 invenitur.
2999 1455 3178 1527 Igitur
3206 1471 3239 1509 a
3267 1454 3471 1526 b,‘qua3
3493 1458 3581 1509 est
3603 1459 3709 1509 sta.

2096 1551 2227 1604 tura
2244 1542 2557 1610 metientis,
2571 1543 2690 1597 sicb
2711 1543 2824 1611 c,id
2836 1547 2921 1599 est
2941 1543 3205 1614 planitiei
3223 1547 3427 1615 quarta
3449 1556 3584 1615 pars
3616 1542 3700 1598 in-

2096 1632 2490 1702 venitur,sicut
2501 1631 2793 1687 ternarius
2813 1632 2872 1688 in
2890 1636 2952 1688 12
2968 1648 3105 1704 pars
3124 1634 3330 1705 quarta
3350 1634 3703 1702 compt'atur.

2638 2750 3188 3346 ei

2725 3412 2949 3469 CAPUT
2986 3414 3114 3476 XXt.

2103 3493 2198 3548 Ad
2225 3496 2555 3553 altitudinem
2586 3502 2813 3566 arboris,
2843 3504 3123 3577 columnas,
3155 3510 3241 3566 vel
3261 3512 3422 3566 turris
3448 3524 3553 3583 per
3588 3526 3709 3566 um-

2384 3587 2537 3641 bram
2564 3607 2686 3644 cum
2722 3590 3005 3649 astrolaoio
3036 3596 3426 3655 inveniendam.

2174 3672 2234 3728 Si
2263 3674 2343 3729 vis
2368 3676 2609 3747 alicujus
2629 3680 2849 3736 arboris
2868 3686 2968 3738 aut
2991 3686 3277 3742 columnae
3290 3688 3376 3743 vel
3398 3686 3594 3753 turris,
3627 3684 3716 3745 vel

2103 3762 2439 3835 cujusquam
2490 3766 2699 3822 talium
2723 3768 2782 3823 in
2811 3771 2983 3842 plano
3033 3774 3313 3830 duntaxat
3347 3777 3474 3832 loco
3508 3778 3715 3833 stantis

2103 3851 2466 3908 altitudinem
2498 3866 2602 3926 per
2627 3859 2895 3915 umbram
2926 3860 3100 3934 ipsius
3121 3862 3402 3932 invenire,
3429 3874 3710 3939 suspenso

2102 3942 2434 4009 astrolabio,
2453 3944 2699 4018 solisque
2724 3947 2888 4004 radio
2903 3966 3008 4022 per
3028 3953 3271 4024 utraque
3283 3953 3576 4009 foramina
3602 3954 3713 4009 ha-

2099 4031 2349 4087 lhidadae
2373 4033 2633 4090 directim
2652 4034 2932 4106 Misso,
2957 4039 3084 4095 vide
3111 4042 3169 4097 in
3195 4058 3311 4114 qua
3329 4046 3493 4115 parte
3514 4042 3714 4099 lateris

2103 4122 2391 4195 quadrati,
2442 4124 2597 4196 quod
2642 4125 2709 4181 in
2755 4131 2818 4183 12
2852 4127 3101 4185 divisum
3138 4133 3243 4197 est,
3275 4131 3493 4187 directa
3530 4131 3709 4203 ipsius

2101 4206 2425 4267 halhidadae
2443 4213 2736 4283 stetlinea,
2754 4218 3248 4290 etquamcumque
3266 4218 3710 4291 proportionem

2100 4314 2378 4354 numerus
2398 4301 2651 4374 partium
2665 4320 2837 4375 supra
2850 4298 3120 4361 alhidada
3131 4306 3540 4378 apparentium
3553 4307 3626 4362 ad
3644 4312 3711 4363 12

2102 4386 2162 4442 id
2190 4389 2278 4444 est
2298 4388 2371 4444 ad
2400 4392 2589 4445 totum
2620 4391 2769 4446 latus
2800 4393 3066 4464 quadrati
3102 4394 3392 4461 habuerit,
3436 4396 3709 4452 eamdem

2102 4477 2302 4549 procul
2329 4477 2504 4533 dubio
2523 4480 2962 4551 proportionem
2978 4481 3240 4545 altitudo,
3256 4499 3432 4555 quam
3449 4483 3710 4539 invenire

2103 4564 2350 4632 voluisti,
2378 4566 2453 4621 ad
2484 4566 2751 4622 umbram
2775 4567 2835 4622 in
2863 4569 3104 4641 planitie
3125 4587 3159 4625 a
3197 4587 3256 4625 se
3286 4571 3498 4626 factum
3529 4572 3709 4627 habe-

2102 4652 2205 4710 bit.
2238 4670 2286 4708 v.
2315 4670 2396 4725 g.,
2425 4654 2471 4710 si
2495 4654 2622 4711 duae
2647 4660 2840 4727 partes
2872 4674 3045 4730 supra
3064 4662 3368 4730 apparent,
3395 4660 3468 4715 ad
3484 4676 3626 4732 quas
3644 4664 3713 4716 12

2103 4743 2421 4814 sescuplam
2447 4743 2655 4800 habeat
2684 4746 3144 4818 proportionem,
3171 4749 3429 4819 sescupla
3478 4765 3710 4821 quoque

2104 4830 2175 4884 ad
2208 4830 2571 4887 altitudinem
2604 4833 2846 4902 umbra;
2874 4834 2918 4888 si
2941 4838 3058 4889 tres
3081 4839 3420 4907 appareant,
3453 4836 3710 4905 quadru-

2106 4920 2246 4990 pla;
2281 4920 2326 4973 si
2375 4924 2430 4987 4,
2489 4920 2707 4993 tripla;
2764 4922 2809 4975 si
2858 4927 2912 4989 ὅ,
2963 4923 3169 4994 duplex
3223 4923 3715 4995 superbipartiens

402 4993 503 5049 Eia
525 4992 941 5083 constituamus
962 4997 995 5050 4
1016 4995 1272 5066 peduma
1300 5012 1347 5061 c,
1376 4993 1434 5049 id
1454 4996 1539 5048 est
1561 4992 1933 5083 diametrum,
1950 4994 2006 5083 et
2025 5008 2077 5066 ι)
2108 5007 2365 5079 quintus;
2389 5007 2434 5062 εί
2457 5013 2511 5074 θ’
2543 5008 2717 5081 dupla
2748 5029 2760 5079 ;
2793 5010 2840 5065 εί
2870 5016 2923 5078 7,
2958 4992 3129 5082 super
3169 4992 3424 5083 quidqui;
3455 4992 3713 5082 partiens

403 5082 723 5155 dirigamus
760 5082 1030 5139 intuitum
1059 5100 1162 5158 per
1202 5083 1601 5140 mediclinium
1634 5080 1703 5135 de
1733 5098 1766 5135 a
1794 5080 1830 5134 d
1849 5080 1921 5135 ad
1954 5081 2001 5137 Ι).

407 5172 539 5227 Post
560 5173 683 5227 haec
712 5172 943 5243 gradus,
974 5173 1094 5247 qui,
1125 5172 1378 5243 exempli
1408 5186 1599 5237 causa,
1628 5171 1760 5223 sunt
1784 5172 1817 5224 4
1873 5186 2003 5224 cum

406 5263 493 5331 12,
522 5259 697 5332 tripla
734 5262 1108 5336 proportione
1158 5260 1548 5325 conferamus,
1573 5261 1631 5313 et
1669 5274 1703 5312 a
1739 5273 1789 5327 ci,
1821 5257 1919 5330 qui
1949 5260 2008 5313 et

402 5348 512 5421 ipsi
539 5352 572 5404 4
601 5352 734 5407 sunt
761 5350 835 5407 ad
861 5351 899 5406 ιι
926 5368 974 5419 e,
1001 5342 1062 5406 in
1102 5349 1310 5407 eadem
1357 5344 1795 5417 comparatione
1822 5362 2008 5418 pona-

401 5454 550 5493 mus.
583 5439 678 5494 Est
706 5438 884 5512 igitur
917 5442 953 5495 4
978 5438 1194 5511 pedum
1216 5452 1249 5490 a
1276 5449 1326 5501 ο,
1366 5439 1430 5490 12
1460 5435 1675 5507 pedum
1699 5435 1738 5490 ἀ
1763 5452 1810 5502 e,
1844 5438 1878 5490 4
1897 5451 2005 5507 pe-

400 5526 541 5584 dum
572 5546 605 5582 a
627 5545 676 5596 c,
704 5544 832 5601 qua:
868 5529 956 5583 est
1002 5527 1225 5581 statura
1248 5522 1566 5579 metientis.
1610 5522 1825 5587 Quibus
1849 5527 1884 5580 4
1912 5541 2007 5580 su-

398 5617 591 5687 blatis,
621 5617 681 5673 id
712 5619 799 5673 est
825 5616 861 5671 d
887 5631 919 5673 ο
947 5615 1019 5669 de
1039 5613 1076 5666 τι
1099 5628 1150 5679 o,
1179 5614 1490 5667 remanent
1509 5629 1538 5666 c
1566 5629 1593 5664 e
1613 5614 1740 5666 octo
1767 5613 2001 5683 pedum,

397 5705 552 5780 quod
581 5710 669 5763 est
692 5702 936 5761 altitudo
961 5700 1139 5776 putei.

2107 5097 2380 5169 septimas
2409 5097 2492 5167 ;si
2530 5101 2585 5167 8,
2608 5098 3017 5171 sesquialtera;
3049 5099 3092 5153 si
3151 5103 3205 5167 9,
3228 5099 3590 5172 sesquitertia
3621 5118 3634 5169 ;
3668 5104 3717 5156 si

2110 5180 2196 5244 10,
2224 5176 2644 5249 sesquiquinta;
2676 5179 2721 5232 si
2753 5183 2840 5246 11,
2866 5178 3391 5251 scsquiundecima;
3412 5178 3461 5234 si
3485 5196 3713 5248 omnes,

2107 5281 2272 5338 aequa
2290 5265 2400 5321 erit
2411 5266 2462 5321 al
2473 5265 2653 5322 titudo
2672 5269 2730 5320 et
2744 5268 2955 5323 umbra
2984 5268 3049 5322 Et
3065 5267 3307 5323 omnino
3320 5267 3714 5341 cujuscunque

2109 5353 2498 5427 proportionis
2528 5353 2880 5427 triangulum
2908 5355 3178 5412 alhidada
3198 5355 3260 5410 in
3287 5354 3571 5427 quadrato
3590 5359 3717 5429 ipso

2107 5442 2382 5511 effecerit,
2406 5443 2664 5515 ejusdem
2692 5443 3085 5517 proportionis
3121 5444 3472 5517 triangulum
3507 5447 3723 5503 umbra

2106 5532 2409 5606 cujuslibet
2426 5532 2602 5588 erecti
2633 5532 2889 5605 corporis
2940 5533 3001 5587 in
3047 5532 3284 5606 planitie
3330 5533 3536 5589 stantis
3594 5535 3716 5592 for-

2106 5621 2310 5677 mabit.
2354 5623 2415 5676 In
2447 5638 2561 5693 quo
2618 5620 2879 5675 videlicet
2916 5620 3205 5694 triangula
3236 5620 3721 5693 ipsainumbrata

2103 5709 2368 5788 planities
2393 5708 2545 5766 basis
2572 5712 2678 5778 cst,
2700 5705 2891 5765 eriscta
2921 5707 3161 5767 altitudo
3208 5710 3491 5781 cathetus,
3519 5713 3722 5773 radius
