3882 6230
118 558 205 612 125

114 717 140 749 a
161 699 195 765 f
205 697 397 768 quarta
425 707 559 765 pars
588 689 644 746 in
668 688 702 756 f
718 685 770 754 (ἰ,
802 686 858 738 et
902 679 1107 736 eodem
1137 673 1310 732 modo
1341 691 1373 727 a—
1412 673 1440 728 b
1494 675 1700 746 quarta
1720 661 1771 720 Α

114 804 229 858 pars
254 785 308 839 in
328 783 357 837 ὁ
385 798 434 838 c.

448 873 495 925 Α

528 901 898 1265 Ei

457 1040 851 1093 l"|.__—_‘

451 1221 491 1275 Β
529 1204 1363 1266 ι,.....-,..ι..-.,.-λ(ῑ

831 1307 870 1360 Ε

685 1411 908 1467 CAPUT
936 1411 1106 1467 XXIX.

497 1503 541 1557 Α
556 1502 591 1555 d
618 1500 1030 1556 mensurandum
1047 1506 1292 1572 puteum.

173 1594 236 1648 Ut
263 1592 316 1646 in
347 1590 632 1662 superiori
659 1589 844 1660 ﬁgura
873 1587 1030 1661 putei
1063 1587 1278 1642 dictum
1311 1589 1415 1650 est,
1443 1585 1630 1657 primo
1665 1601 1696 1638 a

108 1685 386 1754 geometra
407 1680 720 1751 diligenter
737 1677 1126 1750 perpendatur
1152 1678 1434 1748 quatenus
1459 1673 1700 1728 circum-

110 1771 281 1826 ductio
304 1769 460 1842 putei
475 1766 766 1824 circularis
793 1765 1076 1820 habeatur
1104 1763 1313 1819 deinde
1339 1763 1499 1834 cujus
1518 1779 1698 1834 quan-

110 1861 269 1915 titatis
294 1859 365 1914 sit
386 1859 738 1914 diametrum
759 1854 1105 1927 inquiratur.
1127 1852 1249 1918 Quo
1265 1852 1522 1919 invento,
1547 1855 1702 1907 stans

110 1965 292 2004 menso
315 1963 490 2019 super
518 1924 917 2001 summitatem
950 1941 1105 2013 putei
1140 1944 1428 2013 supponat
1459 1939 1702 2014 pedibus
1723 1924 1772 1984 Β

109 2039 208 2092 suis
235 2037 537 2110 cujuslibet
557 2033 934 2106 longitudinis
965 2030 1324 2102 scorpionem
1350 2030 1563 2102 (Glossa
1595 2037 1696 2085 vel.

106 2127 357 2199 quaelibet
375 2126 589 2196 virga),
621 2127 678 2178 et
707 2121 909 2178 tandiu
929 2123 1063 2176 ante
1086 2124 1143 2174 et
1164 2122 1318 2174 retro
1345 2119 1701 2191 pedetentim

106 2217 280 2284 ducat,
312 2216 501 2270 donec
519 2229 623 2286 per
642 2209 1040 2266 summitatem
1071 2208 1242 2278 ipsius
1271 2207 1589 2280 scorpionis
1620 2208 1701 2262 al-

107 2304 265 2359 terius
289 2303 446 2375 putei
479 2299 939 2374 profunditatem
969 2300 1187 2352 cernat.
1232 2296 1354 2360 Quo
1386 2296 1538 2351 facto
1571 2312 1702 2368 pars

103 2395 212 2464 ipsa
240 2390 581 2464 scorpionis,
615 2405 741 2460 quas
775 2389 946 2460 puteo
977 2386 1318 2456 superjacet,
1378 2401 1413 2439 a
1464 2385 1702 2457 pedibus

104 2481 368 2538 mensoris
406 2481 695 2551 impressa
729 2479 868 2531 nota
896 2478 1058 2529 caute
1093 2476 1345 2538 notetur,
1401 2489 1528 2546 qua:
1586 2475 1702 2528 sta-

103 2585 234 2626 turas
263 2587 379 2624 non
426 2568 626 2623 minus
652 2565 964 2635 diligenter
992 2564 1360 2633 comparetur
1394 2578 1408 2628 ;
1442 2564 1500 2616 et
1525 2565 1703 2633 quota

99 2658 441 2731 comparatio
474 2655 653 2727 ipsius
677 2651 854 2725 partis
886 2651 1058 2706 fuerit
1083 2649 1156 2704 ad
1188 2649 1481 2705 metientis
1522 2653 1700 2704 statu-

100 2747 459 2813 ram,eadem
495 2740 857 2813 comparatio
884 2739 994 2794 erit
1021 2737 1290 2793 diametri
1321 2755 1453 2793 cum
1486 2742 1705 2794 statura

101 2834 362 2890 mensoris
389 2833 462 2887 ad
488 2833 676 2886 totam
691 2844 979 2883 summam
994 2825 1170 2897 putei.
1195 2826 1256 2879 V.
1288 2843 1346 2896 g.
1373 2827 1444 2881 sit
1471 2827 1705 2898 profun-

99 2925 232 2978 ditas
257 2922 410 2994 putei
444 2939 478 2974 a
518 2920 567 2986 ὁ,
597 2918 945 2973 diametrum
977 2914 1235 2985 ejusdem
1265 2914 1419 2985 putei
1461 2933 1491 2968 a
1518 2933 1566 2983 c,
1588 2918 1701 2970 sta-

97 3018 213 3068 tura
267 3007 564 3068 mensoris
603 3027 634 3062 a
680 3008 728 3080 f,
762 3004 1007 3071 arundo,
1039 3020 1166 3077 quae
1196 3005 1430 3059 statura:
1461 3021 1702 3078 compa-

1473 528 1562 586 DE
1601 524 2015 585 GEOMETRIA.

1805 675 1983 737 ratur,
2018 673 2077 726 et
2107 686 2210 744 per
2234 682 2408 741 quam
2440 660 2595 738 putei
2624 650 2982 744 profunditas
3009 645 3405 744 investigatur:

1800 780 1832 814 a
1861 779 1907 828 e,
1942 731 2124 816 altera
2151 731 2284 830 pars
2313 731 2470 830 putei
2501 771 2527 807 ι·
2555 751 2591 804 d
2672 747 2736 801 tit
2764 762 2796 798 a
2820 743 2869 812 ί,
2898 736 3285 812 quadruplum
3333 731 3407 786 ad

1799 868 1825 906 ε
1857 869 1888 905 a
1917 868 1931 917 ;
1967 849 2142 920 igitur
2169 849 2197 903 ὁ
2224 843 2659 919 [quadruplum
2687 838 2773 892 est
2800 831 2872 886 ad
2901 845 3002 920 ac.

3307 497 3409 557 126

1870 914 2076 993 δίιηῖειδ
2107 914 2439 992 mensuram
2469 928 2646 1004 putei,
2669 925 2712 979 si
2739 921 2819 976 vis
2842 918 3069 975 auferre
3097 914 3398 969 staturam.

2414 1817 2637 1876 CAPUT
2671 1813 2813 1868 XXX.

1943 1919 2037 1975 Ad
2062 1914 2397 1971 altitudinem
2425 1903 2742 1963 metiendom
2772 1915 2891 1954 cum
2930 1891 3263 1963 orthogonio.

1878 2024 2272 2098 Componatur
2301 2034 2334 2072 a
2359 2014 2659 2089 geometra
2689 1999 3102 2098 orthogonium
3150 1992 3274 2098 basi
3318 2007 3411 2098 ca-

1805 2082 2082 2186 thetoque
2126 2082 2389 2180 ejusdem
2424 2097 2651 2157 numeri
2699 2087 3110 2186 compositum,
3165 2082 3406 2186 hyppte-

1990 2169 2122 2255 iero
2143 2169 2441 2272 proportio
2462 2181 2960 2261 praetermittatur,
2987 2188 3114 2270 qua:
3133 2169 3207 2272 ad
3221 2169 3411 2272 altum

1803 2257 2203 2364 ir—estiganduin
2236 2257 2294 2338 in
2323 2283 2429 2336 hoc
2459 2257 2804 2344 orthogonio
2827 2278 3060 2364 prorsus
3093 2257 3307 2364 inutilis
3323 2257 3414 2325 ju-

1805 2347 2046 2438 dicatixr.
2081 2372 2474 2446 Compositum
2501 2367 2695 2420 autem
2731 2354 2932 2446 tandiu
2958 2365 3062 2446 per
3090 2347 3334 2446 planum
3367 2356 3419 2446 ra

1805 2435 2073 2527 mensoris
2097 2435 2378 2526 trahatur,
2419 2457 2602 2511 donec
2629 2447 2792 2505 oculo
2821 2440 2984 2498 humi
3013 2435 3278 2527 apposito
3309 2444 3417 2527 per

1804 2517 2434 2614 c-atheti—sum'mitate'm
2465 2538 2765 2598 summitas
2801 2524 3121 2620 altitudinis
3180 2517 3412 2620 investi-

670 3348 826 3452 ηισο

653 3421 1103 3596 iit/25:7,,
1383 3445 1400 3454 '

481 3629 541 3724 ξ
681 3561 839 3718 ’ίξέ
857 3569 1035 3699 fio?
1055 3555 1359 3716 ηἰθθηηι

484 3728 544 3835 ἓ
841 3687 894 3748 ’4
924 3677 1332 3840 ’ὣζυέορθ

490 3838 546 3906 2
1120 3833 1238 3922 ﬂ."
1249 3888 1370 3983 7'00
1799 3848 2070 4408 I

1367 3957 1437 4018 Q

911 4471 1182 4528 Planities

677 4647 900 4702 CAPUT
939 4646 1105 4702 XXXI.

1737 4647 1911 4716 Dpto
1969 4643 2124 4714 quod
2178 4638 2234 4698 in
2294 4643 2400 4697 hac
2461 4638 2738 4692 demensa
2795 4613 3405 4716 quantitateplanitie

81 4739 474 4810 Orthogonium
493 4739 920 4808 Pythagoricum
938 4736 1009 4789 ad
1029 4735 1351 4790 metienda";
1371 4735 1706 4790 altitudinem
1738 4705 1770 4708 ἡ
1811 4705 2016 4804 ouarta
2042 4748 2173 4802 pars
2205 4733 2291 4786 est
2329 4725 2665 4793 auferenda,
2724 4723 2832 4777 hac
2885 4713 3150 4771 videlicet
3199 4705 3424 4810 ratione

143 4830 239 4882 Est
269 4829 458 4881 etiam
490 4825 644 4879 aliud
675 4824 1030 4880 aestimandae
1075 4822 1394 4877 altitudinis
1429 4823 1704 4892 orthogo-

82 4916 258 4981 nium,
284 4917 450 4988 quod
472 4917 545 4969 ab
567 4914 864 4968 inventore
886 4911 1317 4966 denominative
1337 4914 1705 4981 nuncupatur

81 5004 555 5076 Pythagoricum,
591 5001 948 5056 naturalibus
991 4999 1224 5066 catheti,
1259 4999 1427 5065 basis,
1458 4999 1701 5070 hypote-

78 5109 229 5148 ηιλεῶ
241 5091 730 5163 compaginatum
743 5090 989 5152 ,catheto
1005 5087 1258 5142 ternario
1279 5087 1550 5158 insignito
1563 5087 1704 5153 ,basi

76 5181 356 5253 insignita
377 5182 624 5252 quatern
633 5179 776 5243 ario,
790 5177 1151 5250 hypotcnusa
1166 5175 1705 5247 prtenotataquina-

76 5269 361 5333 rio.Quod
376 5269 424 5322 si
441 5265 688 5321 volueris
702 5265 995 5319 cathetum
1009 5263 1383 5335 quaternario
1402 5263 1700 5334 insignire,

74 5359 128 5409 et
149 5357 338 5412 basim
365 5353 812 5420 ternario,ldem
832 5353 936 5407 tibi
952 5352 1181 5407 eveniet
1201 5369 1304 5425 per
1321 5351 1701 5419 contrarium,

75 5445 287 5500 scilicet
321 5449 385 5499 ut
397 5444 550 5498 basis
568 5443 796 5496 catheto
818 5441 1188 5514 sexquitertio
1203 5432 1699 5514 preportionetur,

71 5533 445 5606 hypotenusa
473 5532 594 5586 basi
626 5531 1025 5602 sesquiquarto
1052 5533 1440 5601 comparetur.
1477 5531 1555 5585 De
1586 5546 1700 5602 quo

72 5625 281 5676 cuncta
314 5621 463 5675 ﬁunt
492 5635 855 5692 quaecunque
882 5618 1034 5673 dicta
1065 5621 1199 5673 sunt
1234 5618 1295 5673 in
1352 5619 1700 5690 praecedenti

75 5708 286 5781 ﬁgura,
321 5709 537 5763 scilicet
565 5707 769 5762 tandiu
802 5707 1064 5761 trahatur
1114 5707 1299 5762 donec
1328 5721 1432 5778 per
1489 5706 1702 5760 catheti

73 5798 482 5853 summitatem
501 5796 808 5852 summitas
821 5797 905 5850 rei
927 5798 1217 5867 cernatur,
1249 5796 1356 5851 hoc
1389 5796 1508 5851 solo
1537 5806 1698 5849 exce-

1810 4799 1965 4891 ciuod
1996 4799 2144 4874 basis
2161 4821 2363 4892 jacens
2387 4819 2682 4875 cathetum
2715 4811 2969 4866 erectum
3006 4799 3255 4892 superat-
3289 4805 3422 4892 cum

1807 4884 2114 4980 suaquarta
2147 4884 2331 4982 parte.
2363 4909 2525 4974 Quod
2568 4909 2630 4961 ut
2669 4901 2872 4958 melius
2903 4884 3423 4950 animadvertatur,

1808 5002 1866 5051 et
1895 4997 2053 5053 aliud
2083 4981 2501 5071 orthogonium
2536 4990 2822 5051 subterius
2855 4981 3203 5054 depingatur
3238 4988 3250 5023 :

3041 5192 3238 5302 ὥσ

2301 5430 2667 5585 β”
2965 5430 3039 5585 in

2067 5569 2099 5620 ὅ

2069 5587 2099 5620 ἶ)

1995 5578 2297 5720 /
2371 5666 2768 5708 oa'roaoan

1936 5714 2576 5748 ‘2———__——___

2021 5753 2227 5823 quarta
2262 5747 2576 5804 auferatur.

2375 5726 2632 5737 —_-.-—

2168 5728 2372 5744 ς’...-
