3882 6230
460 507 562 567 42η

1053 624 1275 681 CAPUT
1303 622 1497 679 XXXII.

521 721 622 779 Ad
645 738 759 777 rm
788 718 1165 776 mtib‘lem
1188 716 1338 772 nobis
1366 713 1641 770 altioribus
1670 710 2008 767 metiendum.

536 811 617 867 Ad
650 827 779 867 rem
801 806 1220 865 inaoeseibilem
1246 802 1414 860 nobis
1431 800 1727 857 altioribus
1756 802 1840 867 ut,
1867 796 2070 853 metia-

472 897 856 973 m,quamvis
880 894 1302 960 laboriose,hoc
1314 891 1488 948 modo
1507 889 1784 944 facimus
1800 887 2068 959 ﬁguram.

467 991 555 1046 Sit
584 989 667 1045 rei
700 985 1010 1043 metienda
1034 982 1327 1056 quantitas
1347 999 1378 1034 a
1399 981 1447 1045 b,
1478 982 1537 1034 et
1564 980 1705 1049 quot
1722 975 2069 1056 cubitorum,

466 1070 557 1125 vel
587 1070 879 1132 ulnarum,
913 1065 999 1119 vel
1032 1054 1271 1137 pedum,
1299 1062 1386 1116 vel
1410 1059 1748 1130 digitorum,
1785 1056 1871 1110 vel
1896 1054 2071 1110 etiam

466 1158 790 1224 unciarum,
818 1156 906 1210 vel
932 1153 1234 1225 cujuslibet
1251 1149 1483 1205 alterius
1513 1162 1797 1203 mensurae
1817 1146 1889 1200 sit
1909 1143 2072 1199 nobis

469 1245 830 1321 propositum
862 1242 1025 1299 scire.
1061 1242 1139 1296 Re
1163 1236 1621 1310 orthogonaliter
1649 1235 1975 1300 constituta,
2002 1231 2073 1321 sit

463 1320 726 1409 spatium
755 1330 1091 1388 immeabile
1140 1328 1292 1385 inter
1320 1344 1427 1383 nos
1463 1330 1521 1382 et
1549 1343 1696 1391 rem,
1725 1327 1788 1378 ut
1822 1326 1906 1377 est
1953 1340 1986 1391 g
2017 1320 2067 1377 Ι).

463 1423 733 1496 Erigatur
752 1420 919 1476 nobis
939 1417 1351 1492 orthogonium
1370 1417 1406 1471 (Ι
1432 1431 1486 1487 9,
1518 1418 1574 1470 et
1624 1414 1696 1468 sit
1742 1413 1892 1467 linea
1946 1426 2071 1465 sur-

465 1528 595 1568 sum
627 1510 798 1566 ducta
823 1508 894 1564 de
920 1527 954 1579 9
986 1507 1060 1563 ad
1083 1507 1140 1573 ἀ,
1174 1505 1320 1561 sicut
1350 1504 1538 1576 primo
1581 1504 1792 1558 dictum
1817 1504 1901 1555 est
1921 1500 1991 1555 de
2037 1518 2071 1552 α

467 1600 520 1669 b,
554 1600 795 1656 ducatur
830 1599 1004 1672 plane
1046 1596 1199 1651 tinea
1228 1596 1298 1651 de
1322 1595 1360 1650 ἀ
1379 1594 1452 1648 ad
1472 1610 1520 1661 ι,
1547 1592 1690 1648 sicut
1718 1592 1890 1663 plana
1914 1590 2073 1660 jacet

468 1690 623 1745 linea
654 1688 724 1743 de
756 1706 791 1759 9
823 1686 897 1742 ad
925 1685 982 1756 ἀ,
1011 1688 1069 1740 et
1092 1684 1165 1739 sit
1194 1685 1397 1739 notum
1431 1685 1646 1753 quanta
1669 1680 1739 1734 sit
1768 1678 1920 1733 linea
1942 1696 1974 1747 9
2013 1676 2069 1743 d,

1070 499 1423 559 SILVES’I‘RI
1460 499 1506 553 Il
1544 494 1750 555 PAPIE
1785 493 1944 551 OPP.
1982 488 2163 550 PARS
2201 490 2246 545 I.
2295 515 2363 530 -ι-
2408 488 2498 545 DE
2540 485 2829 544 DISCIPL.
2869 481 3169 543 MATHEM.
3677 488 3754 545 I28

2090 617 2143 676 Α
2174 610 2609 667 summitatibus
2670 609 2961 681 perforata
3007 625 3111 679 per
3163 609 3473 680 utrumque
3514 608 3754 665 foramen

2172 701 2354 756 visum
2388 700 2677 756 metientis
2706 697 3012 753 admittere
3043 696 3513 752 videantur.Post
3533 697 3655 752 haec
3681 714 3754 753 ex-

2172 790 2448 845 tremitati
2466 787 2710 861 oppositi
2731 786 2921 842 lateris
2943 785 3336 840 mediclinium
3360 785 3678 857 horoscopo
3697 786 3755 841 sic

2175 881 2495 952 copuletur,
2530 881 2591 931 ut
2621 877 2760 931 dum
2792 890 2896 945 per
2925 873 3252 945 oppositum
3280 871 3385 927 sibi
3406 874 3554 928 latus
3612 875 3755 929 certis

2173 966 2634 1023 dimensionibus
2659 963 2990 1020 distinctum
3013 960 3278 1027 trahitur,
3300 961 3555 1016 formam
3582 963 3753 1017 ortho-

2172 1057 2332 1129 gonii
2377 1053 2739 1127 Pythagorici
2772 1052 3051 1117 imitetur,
3080 1051 3166 1104 vel
3224 1047 3438 1103 imitari
3493 1048 3751 1105 videatur.

2171 1147 2233 1201 V.
2276 1164 2359 1217 g.,
2382 1145 2455 1199 sit
2485 1142 2750 1216 quadrati
2780 1137 3066 1213 ﬁguraab
3104 1155 3131 1192 ε
3160 1137 3223 1205 d;
3257 1137 3368 1192 duo
3399 1138 3757 1210 semipedalia

2173 1235 2333 1305 ligna
2371 1234 2430 1288 in
2457 1229 2883 1288 summitatibus
2915 1227 3043 1282 unis
3070 1226 3264 1281 lateris
3307 1226 3497 1296 posita
3516 1244 3544 1280 e
3570 1228 3629 1295 [ς
3657 1244 3755 1282 me-

2177 1323 2473 1380 diclinium
2512 1322 2572 1376 in
2603 1319 2836 1375 alterius
2868 1314 3113 1390 Oppositi
3138 1313 3473 1368 summitate
3527 1315 3755 1370 locatum

2171 1429 2275 1483 per
2330 1411 2662 1485 oppositum
2716 1407 2820 1462 sibi
2856 1408 3007 1461 larus
3047 1403 3369 1458 discurrens
3396 1402 3432 1456 ἀ
3449 1420 3484 1475 9
3528 1402 3589 1458 in
3627 1404 3757 1459 hunc

2172 1502 2413 1557 modum
2457 1519 2469 1556 :

2200 1597 3368 1663 D__.______.._._.__._______C

3160 1647 3303 1678 _'I

2995 1678 3312 2432 Α

478 1781 539 1834 et
579 1778 732 1833 linea
756 1776 795 1833 ιι
830 1794 877 1830 z.
906 1775 1017 1830 Nos
1046 1773 1204 1829 enim
1234 1789 1331 1829 eas
1357 1771 1618 1826 facimus.
1650 1768 1949 1840 Erigamus
1980 1782 2071 1821 or-

480 1863 873 1937 thogonaliter
893 1862 1105 1918 lineam
1129 1862 1200 1916 de
1220 1879 1245 1914 z
1276 1875 1502 1915 sursum
1525 1857 1599 1913 ad
1630 1874 1683 1925 υ,
1712 1860 1769 1911 et
1793 1870 2078 1929 ponamus
2107 1918 2155 1937 ﬁ
2279 1857 2297 1937 Ι
2529 1857 2657 1937 \
3291 1857 3305 1937 Ι
3413 1887 3448 1937 ἒ

477 1917 1035 2011 oculum—inlineaz
1061 1968 1095 2004 ιι
1127 1947 1506 2023 οτιὴοεεῐῇθτ
1541 1917 1751 2011 erecta,
1793 1917 1867 1998 ἰιι
1916 1946 2066 1997 exeat

3413 1917 3451 1947 ω

2279 1917 2295 2025 Ι
2611 1917 2774 2025 \
3291 1917 3453 2025 Ls

476 2041 638 2099 visus
664 2044 862 2098 noster
899 2057 1007 2114 per
1028 2040 1065 2095 ιι
1094 2039 1164 2099 ad
1196 2038 1224 2094 ὂ
1250 2057 1269 2105 ;
1300 2041 1358 2093 et
1394 2038 1552 2093 locus
1587 2035 1754 2090 lineas
1798 2032 1957 2087 istius
1984 2030 2081 2087 ubi
2279 2009 2295 2114 Ι
2731 2009 2892 2114 \

474 2129 634 2189 stetit
653 2130 868 2198 oculus,
894 2107 1130 2185 notetur
1158 2129 1373 2200 puncto
1394 2124 1515 2197 ipso
1542 2142 1598 2190 ιι,
1631 2125 1688 2177 et
1716 2121 2030 2177 metiamur
2057 2139 2081 2173 ,τ
2279 2107 2295 2200 Ι
3290 2107 3308 2200 Ι
3329 2107 3381 2200 ἕ
3413 2107 3469 2200 ξ,

464 2184 824 2294 et‘quuanta
838 2184 927 2275 sit.
950 2184 1025 2276 Et
1043 2184 1178 2291 post
1191 2184 1604 2287 hoc/ponamus
1622 2210 1833 2265 iterum
1851 2210 2082 2264 oculum
2279 2184 2296 2294 Ι
2965 2184 3132 2294 ‘\
3243 2184 3306 2294 nl
3329 2184 3382 2284 ’ξ
3412 2186 3466 2290 Ξ

461 2308 522 2373 in
568 2308 721 2365 linea
760 2326 789 2363 ι
825 2307 985 2376 u,ita
1006 2310 1071 2362 ut
1098 2305 1368 2360 valeanus
1398 2300 1591 2389 videre
1621 2315 1725 2372 per
1753 2297 1789 2350 d
1818 2316 1882 2403 ('1,-
1916 2300 1973 2351 et
1998 2298 2081 2395 lo-
2281 2297 2295 2393 1
2998 2381 3061 2403 Α

468 2413 567 2454 cus
593 2397 654 2454 in
693 2414 808 2471 quo
850 2396 998 2453 visus
1029 2393 1271 2460 steterit,
1305 2375 1540 2446 notetur
1569 2389 1782 2461 puncto
1823 2386 1851 2440 b
1873 2414 1889 2451 ,-
1915 2389 1973 2440 et
2003 2384 2079 2438 vi-

468 2486 711 2543 deamus
747 2484 843 2541 ubi
874 2485 999 2553 haec
1022 2482 1177 2537 linea
1191 2485 1435 2553 tangens
1460 2481 1678 2531 terram
1708 2473 2080 2545 conjungitur

463 2574 599 2630 lima
622 2592 657 2645 9
690 2574 741 2639 b,
765 2576 823 2628 et
872 2572 944 2627 sit
974 2573 1252 2642 punctum
1309 2586 1355 2633 ε,
1385 2567 1463 2621 ita
1492 2568 1555 2621 ut
1591 2565 1744 2620 linea
1770 2583 1804 2634 9
1834 2582 1861 2617 e
1884 2562 1955 2617 sit
1991 2579 2076 2617 re-

465 2665 577 2719 cta.
604 2662 675 2717 Et.
700 2661 969 2734 posthaec
999 2661 1271 2714 notemus
1287 2658 1570 2729 quantum
1596 2652 1834 2708 sitinter
1853 2669 1878 2705 z
1910 2654 1966 2705 et
1990 2651 2022 2704 h
2053 2678 2070 2716 ;

464 2752 529 2806 et
553 2752 732 2824 quota
759 2766 894 2821 pars
913 2752 999 2803 est
1023 2765 1050 2801 ι
1079 2747 1115 2801 h
1144 2745 1215 2803 ad
1244 2764 1270 2799 ς
1299 2744 1407 2799 det
1429 2763 1453 2799 ,τ
1479 2743 1535 2810 ιι,
1554 2742 1625 2797 ad
1646 2741 1682 2796 ά
1706 2758 1762 2812 9,
1795 2742 1957 2795 tanta
1985 2739 2070 2793 est

461 2837 499 2892 ἆ
525 2856 561 2909 9
592 2839 667 2896 ad
692 2856 727 2910 g
758 2855 805 2905 ι’,
838 2840 898 2893 et
926 2840 1080 2893 nota:
1111 2838 1244 2890 sunt
1282 2832 1448 2887 linea:
1478 2832 1511 2886 h
1541 2833 1641 2885 zet
1665 2848 1692 2884 z
1718 2831 1773 2898 ά,
1806 2828 1941 2902 quia
1964 2842 2067 2881 nos

464 2943 560 2981 eas
589 2927 871 3000 fecimus.
895 2927 965 2981 Et
991 2925 1168 2998 igitur
1199 2923 1399 2978 notum
1434 2925 1519 2976 est
1543 2924 1759 2993 quanta
1797 2922 1882 2975 est
1914 2918 2067 2972 linea

463 3032 502 3089 9
529 3034 555 3071 e
576 3045 593 3083 ,-
625 3019 683 3072 et
709 3016 928 3088 quanta
975 3015 1061 3068 est
1084 3011 1237 3067 linea
1260 3029 1296 3065 u
1319 3028 1345 3062 ,τ
1377 3009 1448 3063 ad
1474 3027 1500 3062 ε
1528 3008 1583 3076 d,
1613 3012 1773 3065 tanta
1803 3014 1886 3065 est
1902 3009 2065 3064 linea

465 3106 502 3159 d
536 3124 569 3176 9
602 3104 677 3160 ad
702 3104 915 3159 lineam
937 3120 972 3173 9
1007 3102 1056 3170 b,
1088 3105 1146 3157 et
1167 3100 1332 3155 lineae
1371 3101 1573 3176 uret:
1602 3098 1639 3153 d
1667 3103 1720 3153 et
1751 3098 1787 3152 d
1811 3118 1844 3169 9
1900 3098 2066 3153 nobis

462 3172 597 3249 sunt
626 3195 812 3260 note;
840 3172 1044 3247 notum
1071 3188 1374 3262 eritigitur
1402 3172 1555 3244 lihea
1604 3192 1808 3259 quarta
1839 3206 1872 3258 9
1902 3188 1949 3241 b.
2002 3189 2069 3242 Et
2092 3201 2141 3262 ο

467 3282 604 3356 quia
633 3282 850 3337 dudum
882 3274 1177 3353 sapuimus
1206 3278 1414 3333 lineam
1435 3294 1469 3347 9
1500 3291 1547 3344 e,
1571 3280 1630 3330 et
1652 3277 1906 3349 sapimus
1934 3276 2068 3331 inde

469 3372 683 3427 lineam
714 3388 746 3441 9
780 3371 829 3437 b,
856 3384 1157 3441 possumus
1179 3383 1378 3438 sapere
1412 3368 1631 3437 quanta
1659 3368 1744 3419 est
1773 3364 1925 3419 linea
1958 3365 1987 3418 b
2006 3382 2066 3431 e;

467 3464 526 3516 et
553 3460 769 3533 quanta
800 3460 885 3514 est
915 3456 1064 3512 linea
1103 3454 1141 3508 d
1163 3473 1197 3525 9
1234 3454 1594 3521 adlineamg
1627 3470 1673 3520 e,
1698 3457 1858 3509 tanta
1889 3457 1973 3508 est
2010 3454 2071 3508 Ii-

468 3566 579 3605 nea
607 3547 695 3603 nb
736 3547 810 3603 ad
834 3545 1052 3602 lineam
1085 3543 1113 3597 b
1160 3561 1209 3608 ε,
1253 3548 1311 3598 et
1355 3542 1525 3597 lineas
1555 3541 1646 3612 dg
1678 3546 1735 3597 et
1761 3558 1798 3613 9
1825 3542 1860 3595 h
1894 3545 1951 3596 et
1980 3541 2008 3595 b
2044 3559 2072 3596 e

464 3642 619 3694 notae
653 3639 801 3691 sunt.
836 3634 1014 3707 Igitur
1063 3650 1095 3686 α
1127 3632 1155 3686 b
1184 3631 1339 3686 linea
1369 3634 1507 3685 nota
1555 3634 1661 3693 est,
1711 3634 1768 3684 et
1817 3631 1939 3684 haec
1987 3633 2072 3684 est

465 3742 642 3800 quam
668 3723 1088 3798 querebamus.
1118 3720 1188 3774 Et
1212 3722 1275 3773 ut
1304 3717 1551 3784 brevius,
1602 3717 1756 3790 quod
1812 3717 2071 3788 superius

465 3814 668 3871 diffuse
689 3813 905 3870 dictum
929 3814 1034 3875 est,
1067 3805 1619 3879 comprehendatur,
1635 3805 2068 3878 compendium,

465 3920 579 3977 quo
611 3899 973 3975 philosophia
1004 3897 1236 3969 gaudet,
1272 3896 1540 3966 ponatur.
1592 3892 1785 3957 Qualis
1834 3910 2069 3965 compa-

463 3990 612 4047 ratio
652 3986 825 4043 fuerit
863 4004 887 4038 z
920 4002 953 4037 ιι
993 3983 1066 4038 ad
1106 3983 1139 4034 Ιι
1160 4000 1215 4043 u,
1240 3980 1369 4035 talis
1397 3979 1507 4034 erit
1532 3998 1565 4049 9
1596 3981 1633 4032 d
1659 3982 1730 4036 ad
1762 3981 1791 4034 b
1815 3998 1870 4048 α,
1905 3984 1963 4036 et
1999 3982 2073 4037 sit

465 4096 491 4132 ι
518 4095 555 4131 u
575 4076 812 4148 duplum
844 4073 919 4128 ad
945 4073 980 4125 ἡ
1011 4089 1067 4137 u,
1102 4070 1213 4125 erit
1234 4087 1266 4140 9
1292 4069 1328 4122 d
1356 4068 1595 4139 duplum
1623 4069 1694 4124 ad
1728 4070 1757 4124 ὁ
1782 4089 1836 4128 a.

2016 4197 2057 4250 υ

859 4568 905 4622 Α
1440 4522 1883 4645 ῙΞ-ἶ-ι--η
2003 4576 2041 4630 Ζ

465 4792 507 4847 E
561 4685 945 4841 Α
1093 4701 1374 4807 “aha”;
1440 4700 1983 4799 ‘_:*:.-:_:"

1039 4920 1262 4978 CAPUT
1292 4924 1504 4981 XXXIII.

501 5064 597 5120 Ad
636 5065 959 5121 metiendum
981 5065 1208 5138 planum
1237 5070 1466 5144 quolibet
1490 5072 1643 5127 modo
1663 5075 2017 5143 praposz'tum.

541 5204 601 5259 Si
629 5205 806 5262 fuerit
824 5207 991 5265 nobis
1007 5212 1371 5284 propositum
1394 5211 1660 5282 quolibet
1686 5212 1861 5267 modo
1882 5211 2071 5267 metiri

465 5293 729 5364 planum,
765 5312 1061 5353 sumamus
1109 5300 1277 5354 unius
1322 5298 1498 5353 cubiti
1524 5298 1582 5352 in
1612 5299 1974 5371 longitudine
2006 5300 2070 5355 li-

463 5397 669 5454 gnum,
697 5382 785 5439 cui
809 5385 923 5441 alia
940 5387 1049 5442 tria
1070 5388 1131 5442 in
1158 5385 1520 5441 dimensione
1543 5386 1791 5458 aequalia
1812 5389 1911 5444 tali
1935 5405 2071 5444 con-

452 5469 754 5542 junctione
780 5472 837 5528 in
848 5476 1241 5538 uectantur,ut
1264 5471 1571 5543 conjuncta
1592 5474 1852 5546 quadrati
1868 5474 2076 5531 difﬁni-

464 5558 686 5616 tionem
715 5562 1007 5633 suscipere
1029 5561 1355 5626 videantur,
1389 5561 1546 5633 quod
1575 5565 1826 5634 quatuor
1851 5565 2075 5634 angulis

462 5651 549 5705 est
576 5649 959 5721 orthogonale
983 5664 998 5715 ;
1021 5647 1183 5718 cuius
1211 5648 1402 5703 unitus
1425 5650 1621 5704 lateris
1650 5649 2075 5708 summitatibus

462 5737 578 5793 duo
624 5734 1001 5807 semipedalia
1051 5733 1209 5807 ligna
1245 5739 1433 5792 erecta
1488 5737 1823 5810 inﬁgantur,
1855 5755 1984 5811 quae
2013 5740 2070 5797 in

2211 2428 2517 2677 Mi

2240 2873 2568 2946 Composita
2597 2875 2858 2947 quadrati
2902 2875 3089 2946 ﬁgura
3117 2874 3224 2930 hac
3250 2873 3473 2929 ratione
3523 2876 3766 2946 ponatur

2157 2973 2362 3046 jacens
2416 2962 2474 3017 in
2531 2962 2839 3020 metienda:
2911 2962 3169 3034 planitiei
3245 2962 3631 3029 extremitate,
3705 2965 3755 3015 et

3287 2695 3643 2823 Supeqﬁcies

3410 2785 3456 2823 IS
3485 2786 3538 2823 a.

3410 2785 3538 2825 ιεια.

2124 3112 2125 3115 η
2165 3050 2367 3104 tandiu
2395 3067 2429 3105 a
2454 3052 2728 3105 metiente
2754 3068 2820 3105 ex
2842 3053 3021 3105 altera
3051 3053 3213 3122 parte
3242 3050 3519 3121 erigatur,
3577 3050 3754 3105 donec

2169 3153 2272 3209 per
2301 3137 2588 3193 foramina
2631 3157 2657 3193 e
2684 3140 2721 3209 f
2744 3137 3006 3211 opposita
3053 3138 3385 3193 extremitas
3420 3137 3589 3223 plani
3647 3154 3759 3192 cer-

2172 3231 2362 3295 natur,
2395 3232 2453 3282 et
2482 3229 2538 3282 in
2571 3228 2677 3282 hoc
2709 3230 2854 3295 loco,
2884 3244 2996 3300 quo
3032 3227 3179 3282 visus
3201 3227 3441 3293 steterit,
3479 3229 3620 3282 nota
3664 3242 3761 3293 po-

2174 3320 2363 3371 natur.
2401 3319 2535 3372 Post
2563 3317 2684 3371 htec
2705 3334 2810 3389 per
2840 3316 3237 3372 mediclinium
3269 3328 3333 3371 ex
3360 3315 3597 3370 adverso
3636 3330 3762 3370 cou-

2173 3404 2435 3460 stitutum
2466 3405 2614 3459 visus
2652 3405 2937 3460 mensoris
2981 3404 3283 3476 dirigatur,
3317 3403 3501 3458 donec
3523 3403 3650 3474 jam
3680 3420 3769 3457 no-

2171 3494 2292 3547 tata
2330 3492 2661 3548 extremitas
2698 3494 2978 3548 videatur.
3039 3493 3161 3558 Quo
3192 3493 3345 3548 facto
3378 3493 3554 3546 locus.
3610 3507 3767 3563 quog

2173 3581 2418 3646 steterit,
2492 3584 2750 3648 notetur,
2818 3585 2875 3635 et
2927 3599 2955 3636 ι’
2988 3600 3021 3652 9
3076 3582 3150 3637 ad
3197 3600 3230 3651 9
3280 3580 3309 3635 b
3353 3584 3764 3654 comparetur;

2172 3672 2230 3723 et
2289 3670 2471 3741 qualis
2524 3670 2936 3742 comparatioc
2970 3688 3004 3740 9
3041 3670 3114 3724 ad
3141 3686 3175 3739 9
3237 3670 3265 3723 b
3312 3667 3510 3736 fuerit,
3563 3667 3758 3722 eadem

2174 3758 2530 3830 comparatio
2562 3776 2595 3811 a
2624 3759 2653 3812 ὁ
2685 3759 2758 3814 ad
2808 3761 2991 3813 totam
3046 3757 3347 3830 planitiem
3404 3757 3534 3812 erit.
3568 3757 3628 3812 V.
3688 3773 3762 3829 g.,

2172 3848 2297 3901 tota
2322 3845 2587 3918 planities
2610 3864 2643 3900 a
2668 3847 2700 3900 Ιι
2725 3845 2969 3913 dicatur,
3002 3850 3059 3902 et
3083 3864 3110 3900 ε
3138 3864 3171 3917 9
3219 3844 3293 3914 (id
3322 3849 3408 3901 est
3452 3862 3485 3899 a
3537 3843 3767 3900 summi-

2172 3936 2289 3989 tate
2315 3934 2623 4006 superioris
2652 3935 2920 4007 quadrati
2960 3952 3140 4006 usque
3166 3935 3241 3989 ad
3272 3933 3608 3989 inferiorem
3654 3949 3771 4005 par-

2172 4025 2289 4077 tem
2322 4022 2656 4090 mediclinii)
2680 4042 2713 4092 9
2739 4023 2788 4089 b,
2826 4023 2955 4092 (hoc
2976 4024 3064 4077 est
3093 4039 3127 4077 a
3187 4020 3517 4077 mediclinio
3572 4021 3647 4075 ad
3698 4023 3770 4077 in-

2171 4110 2444 4166 feriorem
2475 4111 2753 4182 angulum
2778 4110 3039 4181 ejusdem
3070 4110 3284 4180 lateris)
3304 4109 3540 4181 aequalis
3567 4108 3768 4165 consti-

2170 4202 2382 4253 tuatur.
2412 4198 2591 4270 Igitur
2619 4217 2651 4252 a
2684 4199 2732 4263 b,
2782 4197 2838 4253 id
2868 4201 2954 4251 est
3001 4198 3265 4265 latitudo,
3312 4199 3341 4252 b
3393 4205 3471 4267 9),
3517 4196 3575 4251 id
3634 4200 3768 4251 este

2172 4287 2454 4359 quadrato
2487 4303 2664 4358 usque
2705 4286 2779 4341 ad
2807 4286 3053 4341 limitem
3085 4284 3340 4358 plauitiei
3376 4284 3613 4357 aequalis
3655 4300 3766 4339 esse

2170 4394 2287 4432 non
2321 4376 2635 4433 dubitatur.
2686 4376 2779 4431 Sic
2825 4378 2883 4430 et
2920 4375 2979 4430 in
3039 4374 3258 4430 caeteris
3305 4372 3766 4447 proportionibus

2094 4479 2149 4542 ι)
2169 4486 2197 4525 c
2223 4486 2257 4539 g
2279 4468 2351 4524 ad
2371 4486 2404 4538 9
2437 4468 2465 4522 b
2486 4464 2900 4521 consideretur.

2738 4624 2962 4680 CAPUT
2987 4625 3197 4681 XXXIV.

2337 4732 2432 4789 Ad
2447 4733 2602 4804 putei
2623 4732 2704 4787 vel
2728 4731 2884 4802 fossae
2901 4731 3235 4785 altitudinem
3270 4731 3603 4788 metiendam.

2230 4856 2391 4913 Putei
2407 4859 2504 4911 aut
2518 4855 2822 4927 cujuslibet
2835 4855 3001 4911 fosste
3020 4853 3383 4910 altitudinem
3399 4853 3477 4908 sic
3488 4855 3768 4927 probabis.

2171 4946 2339 5019 Accip
2349 4962 2379 5000 e
2400 4946 2617 5018 lignum
2633 4943 2914 4999 directum
2929 4946 2987 4998 et
2998 4960 3149 5015 pone
3162 4958 3335 5015 super
3346 4943 3585 4998 buccam
3600 4942 3770 5015 putei,

2173 5038 2230 5091 et
2248 5034 2407 5106 cujus
2428 5033 2695 5088 umbram
2722 5032 2944 5088 videbis
2980 5032 3038 5087 in
3058 5049 3085 5086 ε
3102 5032 3152 5102 f,
3180 5031 3238 5086 id
3263 5034 3347 5087 est
3379 5030 3767 5102 profunditate

2172 5121 2350 5195 putei,
2376 5124 2435 5176 et
2459 5120 2685 5193 lignum
2707 5123 2955 5194 quatuor
2980 5120 3269 5175 cubitus...
3301 5120 3429 5190 plus
3456 5119 3692 5185 habeat,
3722 5119 3771 5172 et

2174 5215 2338 5267 exeat
2366 5210 2562 5265 subtus
2590 5210 2765 5281 pedes
2809 5210 2933 5281 ejus
2971 5209 3089 5265 alia
3137 5209 3303 5264 hasta
3331 5206 3773 5264 directasimilis

2174 5299 2299 5366 sibi,
2327 5301 2386 5353 et
2411 5302 2497 5353 est
2520 5298 2887 5371 profunditas
2917 5296 3074 5371 putei
3096 5315 3130 5351 a
3152 5314 3200 5364 e,
3226 5300 3284 5352 et
3308 5297 3475 5351 hasta
3495 5296 3712 5351 directa
3740 5312 3765 5347 a

2173 5389 2228 5456 ά,
2263 5391 2322 5444 et
2362 5387 2475 5442 alia
2519 5388 2684 5444 hasta
2709 5405 2742 5442 a
2776 5405 2803 5442 ο
2834 5387 2863 5441 b
2893 5387 3096 5458 jacens
3140 5402 3312 5458 super
3340 5385 3582 5441 buccam
3621 5380 3771 5457 putei

2174 5479 2405 5534 truncat
2430 5476 2466 5531 ιι
2492 5493 2519 5530 e
2557 5492 2728 5548 super
2766 5476 3008 5547 angulos
3040 5473 3310 5541 directos,
3344 5476 3403 5528 et
3456 5472 3683 5528 intuere
3721 5470 3772 5525 in

2175 5583 2325 5639 aqua
2344 5565 2501 5636 putei
2518 5566 2785 5620 umbram
2804 5582 2837 5618 a
2863 5581 2890 5618 c
2915 5563 3039 5618 ded
3061 5578 3239 5632 usque
3265 5562 3336 5618 ad
3351 5563 3389 5632 Ι
3401 5564 3461 5617 et
3485 5561 3773 5617 inveniens

2175 5655 2454 5709 actoties
2482 5656 2682 5707 estac
2716 5648 3773 5721 bvele/inaed,utputasiacha-

2176 5743 2310 5798 beat
2352 5741 2636 5814 palmum,
2660 5741 2718 5793 et
2740 5737 2777 5793 d
2802 5754 2836 5793 a
2863 5739 3000 5806 tres,
3026 5738 3212 5796 tribus
3239 5734 3452 5795 vicibus
3489 5740 3575 5793 est
3600 5754 3636 5793 α
3662 5754 3690 5792 c
3719 5736 3772 5795 in
