3882 6230
139 379 222 434 ης
346 391 355 398 -
1495 364 1584 421 DE
1620 365 1705 422 (ΓΕ

1817 363 2032 421 ΕἹἬΙΔ.

3322 360 3422 420 I30

137 501 166 554 ά
193 519 238 568 α,
265 499 398 553 sicut
419 502 504 553 est
533 518 566 551 a
594 516 622 551 c
657 497 684 550 ὁ
713 496 894 552 tribus
917 494 1133 549 vicibus
1156 493 1214 549 in
1239 493 1275 547 ά
1297 512 1328 548 (ι
1353 512 1398 549 ε.
1430 495 1711 549 Abstrahe
1735 504 1788 561 Α
1821 508 2117 565 quousque
2146 491 2338 547 videas
2371 490 2442 545 de
2472 489 2507 543 h
2551 504 2654 560 per
2705 504 2734 542 c
2776 502 2952 560 usque
2993 485 3067 544 ad
3103 504 3158 552 α,
3208 486 3305 543 ubi
3333 492 3420 542 est

142 608 166 640 α
192 589 239 653 d,
266 590 522 642 remanet
540 605 573 641 a
605 605 650 640 ε.

683 1520 907 1575 CAPUT
941 1519 1130 1574 XXXV.

348 1605 438 1661 Ad
463 1605 812 1662 altitudinem
841 1608 1033 1663 montis
1064 1602 1450 1659 inveniendam.

185 1709 310 1765 Cum
341 1711 549 1782 quaeris
597 1712 967 1768 altitudinem
1012 1711 1250 1780 alicuius
1286 1708 1519 1773 montis,
1549 1723 1702 1779 pone

125 1798 318 1852 hastam
347 1803 482 1854 ante
533 1804 591 1855 te
637 1801 694 1854 in
743 1802 916 1874 plano
962 1817 1068 1872 pro
1125 1801 1324 1853 monte
1375 1796 1698 1867 longiorem
1727 1817 1772 1877 Β

125 1903 275 1957 quam
307 1891 359 1942 tu
395 1905 407 1942 :
443 1893 502 1942 et
526 1893 612 1943 est
652 1890 818 1944 hasta
849 1907 880 1942 a
909 1890 957 1954 ὁ,
991 1892 1051 1943 et
1079 1890 1141 1941 tu
1178 1903 1207 1942 ε
1235 1886 1289 1939 d.
1324 1887 1529 1940 Postea
1556 1901 1701 1939 con-

128 1976 376 2046 templare
407 1978 514 2032 hac
544 1978 676 2032 illac
699 1981 755 2032 te
795 1993 1034 2032 movens
1065 1978 1220 2029 recto
1253 1973 1552 2028 oculorum
1587 1972 1704 2027 visu

127 2079 215 2133 per
241 2082 269 2116 a
298 2081 470 2136 usque
502 2066 698 2121 videas
744 2068 793 2135 Γ.
841 2066 996 2119 Tunc
1049 2063 1351 2118 considera
1389 2065 1607 2132 quanta
1635 2060 1707 2115 sit

123 2169 194 2219 gc
219 2152 282 2206 ad
307 2171 344 2225 9
373 2171 425 2218 a,
463 2157 631 2208 tanta
658 2158 743 2208 est
772 2172 798 2207 c
835 2154 863 2206 ὁ
889 2153 960 2206 ad
995 2153 1022 2205 b
1049 2154 1165 2222 fut
1189 2154 1347 2222 puta.
1378 2150 1490 2219 Sig
1522 2167 1569 2217 c,
1602 2151 1704 2204 du-

124 2240 201 2309 pla
227 2246 304 2295 est
334 2241 403 2296 ad
431 2260 465 2312 9
499 2261 555 2310 a,
591 2243 768 2314 dupla
811 2245 895 2296 est
937 2260 963 2294 c
993 2242 1027 2294 Ιι
1055 2241 1126 2294 ad
1158 2239 1275 2308 hf;
1324 2240 1381 2290 et
1426 2237 1708 2308 quantali-

123 2328 203 2380 bet.
225 2346 256 2397 9
284 2348 310 2381 c
336 2330 403 2384 ad
425 2348 458 2399 g
487 2348 542 2398 (ι,
577 2335 744 2385 tanta
773 2335 857 2386 est
901 2329 1097 2402 procul
1131 2327 1304 2382 dubio
1342 2345 1369 2379 ι’
1409 2327 1440 2378 Ιι
1473 2326 1544 2380 ad
1574 2327 1607 2381 It
1633 2327 1703 2395 f;

125 2419 170 2469 et
196 2423 393 2488 quanta
415 2423 499 2473 est
530 2437 562 2472 a
593 2437 630 2489 9
663 2419 734 2473 ad
763 2437 797 2487 9
829 2437 874 2485 c,
923 2422 1086 2472 tanta
1126 2419 1209 2470 est
1245 2417 1283 2484 Γ
1317 2415 1351 2468 lt
1401 2415 1472 2468 ad
1501 2415 1532 2467 Ιι
1562 2432 1616 2482 c;
1652 2419 1708 2469 et

124 2505 149 2555 Ιι
170 2505 294 2572 [est
321 2524 508 2574 mons,
541 2512 603 2561 et
633 2509 851 2579 quanta
892 2511 976 2561 est
997 2507 1030 2558 d
1058 2506 1085 2559 b
1117 2505 1247 2559 adh
1281 2522 1313 2573 9
1338 2505 1501 2558 tanta
1523 2508 1606 2557 est
1630 2505 1665 2557 d
1691 2507 1710 2557 τ’

126 2592 184 2646 ad
210 2594 244 2661 Γ
264 2595 296 2647 ἰ.
330 2594 492 2657 Quod
522 2595 569 2649 si
603 2595 810 2650 ﬂuvius
838 2595 1120 2649 habeatur
1140 2593 1226 2647 vel
1252 2592 1404 2646 aliud
1439 2592 1709 2645 obstacu-

127 2682 223 2732 lum
255 2681 395 2736 inter
429 2702 455 2736 c
477 2685 533 2750 Iz,
559 2687 622 2738 et
652 2701 770 2737 non
807 2683 986 2755 possis
1017 2681 1345 2753 pertingere
1381 2680 1452 2733 ad
1488 2681 1702 2734 montis

125 2768 364 2837 radicem,
401 2776 462 2825 ut
489 2772 1102 2844 prmdictaminvenias
1127 2787 1482 2836 mensuram,
1511 2770 1702 2842 accipe

125 2874 150 2907 (ι
177 2873 208 2927 9
235 2857 278 2925 b,
305 2858 360 2913 id
390 2864 474 2914 est
503 2862 760 2929 hastam,
801 2865 859 2916 et
887 2861 1122 2916 ambula
1180 2863 1334 2914 retro
1386 2863 1452 2914 30
1483 2858 1704 2912 cubitos

124 2949 204 2998 aut
223 2950 644 3018 quantumlibet
675 2955 731 3004 et
763 2950 973 3005 iterum
1007 2949 1401 3020 contemplare
1433 2950 1590 3000 recto
1625 2947 1703 3001 vi-

124 3051 173 3086 su
200 3033 261 3090 de
289 3054 339 3091 m
365 3055 466 3109 per
494 3057 531 3092 η
570 3055 750 3110 usque
782 3039 855 3094 ad
885 3039 920 3092 τι
964 3040 1012 3108 Γ,
1064 3037 1218 3109 quod
1270 3040 1356 3091 est
1407 3037 1706 3091 summitas

125 3125 332 3192 montis,
369 3131 424 3179 et
453 3131 663 3199 postea
685 3128 839 3195 vide,
858 3131 1073 3200 quanta
1095 3127 1168 3180 sit
1195 3143 1251 3179 m
1277 3143 1304 3179 c
1323 3125 1394 3179 ad
1425 3140 1454 3181 c
1482 3142 1516 3176 η
1543 3128 1706 3178 tanta

121 3214 192 3264 est
215 3231 262 3266 m
289 3215 320 3266 h
353 3216 424 3270 ad
445 3217 479 3269 ἠ
509 3217 561 3286 Γ.
597 3217 874 3271 Abstrahe
901 3217 971 3271 de
997 3234 1050 3269 m
1100 3216 1133 3268 Ιι
1163 3233 1189 3269 c
1217 3216 1272 3282 Ιι,
1307 3217 1364 3268 et
1396 3213 1520 3267 vide
1551 3213 1705 3285 quod

124 3307 378 3372 remanet,
410 3307 580 3359 tanta
612 3309 693 3360 est
725 3305 967 3360 altitudo
990 3304 1238 3372 montis;
1273 3306 1334 3357 ut
1363 3305 1524 3373 puta,
1555 3303 1600 3356 si
1626 3301 1708 3356 in-

125 3388 298 3444 venisti
327 3393 404 3445 cl:
430 3393 678 3465 duplum
710 3393 783 3448 ad
802 3394 832 3446 h
858 3394 907 3463 Γ,
935 3397 992 3448 et
1014 3396 1142 3465 post
1174 3410 1225 3445 m
1253 3392 1286 3444 ἠ
1315 3390 1705 3462 quadruplum

121 3477 181 3530 ad
206 3477 236 3530 Ιι
260 3480 320 3549 Γ;
353 3482 491 3536 tolle
521 3499 550 3535 c
581 3483 616 3534 Ιι
636 3481 707 3536 de
729 3499 782 3534 m
813 3483 869 3548 h,
893 3481 950 3535 id
980 3485 1066 3536 est
1090 3479 1202 3534 duo
1232 3479 1302 3534 de
1329 3481 1599 3551 quatuor,
1621 3496 1709 3534 re-

123 3571 335 3622 manent
359 3569 503 3638 duo,
537 3570 695 3642 quod
725 3573 810 3624 est
849 3587 902 3624 m
940 3588 988 3633 ε,
1032 3569 1185 3623 dices
1229 3585 1242 3622 :
1296 3567 1429 3639 quia
1461 3585 1514 3620 m
1545 3585 1571 3620 c
1604 3567 1706 3622 du-

120 3655 255 3722 plum
285 3663 366 3713 est
394 3659 429 3711 h
455 3660 514 3729 f,
549 3659 704 3714 dona
734 3662 822 3725 30,
853 3659 940 3714 vel
967 3663 1034 3714 20
1064 3656 1308 3721 cubitos,
1331 3656 1467 3710 adm
1490 3672 1516 3708 c
1541 3659 1598 3709 et
1624 3660 1706 3723 15,

119 3744 192 3796 vel
220 3748 277 3799 10
304 3747 374 3801 ad
399 3749 432 3801 h
454 3748 513 3818 Γ,
548 3751 608 3801 et
634 3747 712 3802 sic
740 3766 767 3802 c
791 3748 824 3801 li
851 3748 1088 3818 triplum
1123 3749 1207 3799 est
1235 3745 1309 3799 ad
1348 3745 1383 3797 Ιι
1419 3745 1455 3814 Γ
1477 3743 1530 3798 et
1570 3761 1620 3798 m
1651 3745 1706 3811 h,

119 3836 414 3905 septuplum
451 3837 534 3891 ad
561 3837 596 3889 h
623 3837 671 3906 f.
701 3836 982 3890 Abstrahe
1015 3853 1040 3888 c
1072 3835 1106 3888 Ιι
1144 3834 1214 3888 de
1252 3849 1306 3886 m
1342 3831 1396 3898 lt,
1448 3831 1506 3886 id
1537 3835 1623 3885 est
1651 3836 1704 3892 3.

121 3920 179 3974 de
206 3929 232 3976 7
259 3928 569 3981 remanent
597 3927 652 3992 4,
680 3924 1064 3996 quadruplum
1093 3925 1178 3977 est
1204 3939 1258 3976 m
1290 3939 1317 3976 c
1350 3921 1421 3974 ad
1468 3920 1501 3973 ἠ
1540 3921 1588 3989 Γ,
1629 3920 1705 3976 sic

119 4007 168 4063 in
194 4011 324 4066 aliis.

370 4756 1169 4946 --

659 4995 887 5052 CAPUT
925 4997 1143 5052 XXXVI.

737 5068 820 5123 De
855 5069 1055 5126 eodem.

179 5152 228 5207 Si
248 5153 448 5226 quaeris
474 5153 600 5209 sine
643 5155 965 5210 mutatione
1007 5157 1204 5222 hastte,
1253 5155 1332 5210 sic
1380 5157 1575 5212 facies.
1608 5157 1704 5213 Est

121 5255 268 5295 mons
294 5261 324 5295 α
355 5244 412 5311 b;
446 5243 642 5314 accipe
671 5243 898 5298 hastam
925 5243 1172 5298 duorum
1209 5243 1536 5300 cubitorum
1576 5247 1705 5303 lon-

120 5327 316 5397 giorem
345 5337 421 5399 te,
451 5337 508 5387 et
541 5350 694 5404 pone
721 5337 853 5388 ante
885 5337 941 5387 te
973 5332 1032 5386 in
1065 5334 1266 5404 plano.
1298 5334 1503 5389 Postea
1526 5337 1705 5391 consi-

118 5415 238 5473 dera
258 5420 434 5492 ipsam
464 5423 719 5489 hastam,
743 5439 869 5493 quae
896 5425 982 5477 est
1011 5437 1040 5478 c
1067 5421 1102 5474 ιι
1125 5439 1176 5491 e,
1221 5424 1278 5476 et
1309 5422 1474 5477 mitte
1521 5423 1704 5480 visum

119 5507 263 5561 tuum
292 5515 438 5565 recte
467 5511 539 5565 de
579 5511 618 5580 Γ
637 5510 795 5582 perd
821 5527 998 5582 usque
1028 5526 1083 5578 α,
1111 5510 1370 5566 dividens
1401 5511 1582 5584 ipsam
1607 5514 1704 5569 ha-

117 5595 246 5649 stam
288 5614 450 5669 super
494 5615 679 5653 unum
715 5598 972 5653 cubitum
1013 5602 1071 5652 et
1117 5597 1251 5654 vide
1304 5605 1587 5671 quantum
1633 5601 1705 5656 sit

115 5680 188 5752 fe
213 5685 278 5740 ad
301 5703 327 5739 ε
353 5686 404 5756 d,
436 5690 670 5742 tantum
703 5689 788 5741 est
814 5687 904 5758 [9
954 5687 1023 5743 ad
1059 5706 1092 5760 9
1134 5705 1189 5746 a.
1239 5688 1490 5744 Ambula
1524 5691 1702 5759 retro,

1719 4667 1772 4727 Ῑ)
1870 4699 1914 4754 Α

1818 580 2120 636 summitas
2149 579 2383 645 montis,
2433 581 2491 632 et
2524 577 2650 632 vide
2695 578 2977 647 quantum
3000 573 3073 632 sit
3102 573 3135 627 h
3159 591 3186 629 e
3211 575 3284 634 ad
3313 593 3340 628 ε
3367 593 3416 645 ε,

1818 671 2042 724 tantum
2073 673 2157 723 est
2186 669 2219 721 ἡ
2245 687 2279 737 9
2311 667 2383 721 ad
2410 685 2443 736 9
2467 684 2520 721 α.
2553 662 2822 719 invenisti
2849 660 3110 716 forsitam
3124 665 3295 716 antea
3312 663 3411 732 Γ9,

1815 758 2199 830 quadruplum
2224 775 2257 825 9
2284 774 2336 822 a,
2360 755 2474 808 eth
2496 772 2528 823 9
2557 753 2864 822 decuplum
2889 749 3010 817 adg
3045 766 3096 802 a.
3115 747 3301 803 Minue
3321 751 3405 819 Γ9

1813 846 1884 899 de
1913 846 1945 898 Ιι
1973 861 2028 914 9.
2054 845 2110 898 id
2137 847 2220 898 est
2250 847 2282 898 4
2313 843 2382 897 de
2419 845 2504 906 10,
2531 843 2840 895 remanent
2869 842 2919 893 6.
2957 836 3048 891 Sic
3079 840 3164 898 est
3189 836 3222 890 ἡ
3250 837 3413 907 Γεθε-

1813 933 2045 1005 cuplum
2078 933 2147 986 ad
2175 949 2209 1004 9
2234 949 2265 984 a
2294 931 2381 984 vel
2410 949 2442 999 9
2476 947 2508 981 α
2537 929 2858 998 sescuplum
2893 925 2962 980 ad
2996 927 3033 994 Γ
3053 926 3107 978 Ιι.

1883 1025 3334 1954 ζη

2353 1982 2575 2038 CAPUT
2612 1986 2846 2042 XXXVII.

1875 2064 1970 2118 Ad
2015 2067 2385 2126 inveniendam
2411 2091 2512 2142 per
2539 2077 2805 2146 speculum
2843 2079 3179 2137 altitudinem
3222 2092 3332 2137 tur-

2466 2166 2626 2232 rium,
2653 2172 2750 2220 etc.

1879 2243 1934 2297 Si
1962 2261 2064 2317 per
2092 2251 2384 2319 speculum
2417 2256 2514 2306 aut
2543 2271 2647 2324 per
2674 2256 2957 2311 concham
2983 2259 3217 2330 plenam
3244 2276 3408 2332 aquae

1807 2334 2016 2402 quieris
2046 2335 2188 2390 scire
2216 2338 2578 2396 altitudinem
2609 2343 2855 2399 turrium
2878 2347 2963 2401 vel
2994 2347 3414 2416 montium,ac~

1807 2420 1928 2489 cipe
1960 2426 2274 2493 speculum,
2310 2432 2367 2482 et
2414 2447 2567 2502 pone
2599 2448 2780 2504 prope
2810 2441 3075 2492 montem
3106 2435 3163 2491 in
3211 2439 3409 2510 plano,

1808 2513 1864 2563 et
1889 2515 1950 2565 tu
1982 2517 2206 2570 tantum
2231 2521 2286 2572 te
2321 2519 2507 2589 ipsum
2534 2526 2591 2576 et
2618 2525 2908 2594 speculum
2930 2526 3182 2596 positum
3214 2527 3272 2582 in
3296 2531 3410 2582 ter-

1807 2613 1870 2652 ra
1894 2617 2123 2658 moveas
2152 2606 2262 2660 huc
2293 2613 2350 2662 et
2381 2609 2532 2677 illuc,
2565 2628 2862 2684 quousque
2894 2613 3086 2669 videas
3119 2633 3149 2668 a
3183 2616 3240 2670 in
3275 2616 3324 2683 b,
3353 2615 3411 2670 id

1807 2691 1894 2740 est
1922 2693 2317 2751 summitatem
2346 2699 2560 2753 montis
2591 2700 2648 2754 in
2686 2701 2879 2756 medio
2910 2704 3164 2774 speculo,
3193 2707 3251 2758 et
3281 2705 3410 2760 vide

1807 2778 2101 2846 quomodo
2127 2781 2266 2849 sint,
2308 2787 2365 2837 et
2395 2791 2610 2856 quanta
2651 2789 2803 2844 inter
2834 2805 2894 2844 se
2941 2789 3187 2846 invicem
3213 2792 3250 2845 ά
3276 2809 3325 2863 c,
3354 2797 3411 2848 et

1807 2880 1834 2916 c
1861 2864 1910 2930 b,
1945 2865 2019 2919 sic
2045 2872 2178 2923 sunt
2207 2871 2450 2928 invicem
2487 2875 2515 2928 b
2544 2894 2589 2943 e,
2638 2881 2697 2932 et
2726 2895 2752 2930 e
2782 2896 2835 2932 a.
2875 2879 2940 2932 Et
2975 2879 3020 2933 si
3050 2879 3123 2933 sit
3147 2880 3412 2935 obstacu-

1807 2951 1952 3020 lum,
1982 2957 2137 3026 quod
2185 2976 2302 3014 non
2354 2963 2531 3033 possis
2562 2965 2834 3035 probare,
2866 2966 2959 3020 hic
2991 2967 3225 3022 ambula
3253 2973 3409 3024 retro

1808 3055 1938 3094 cum
1969 3043 2092 3114 ipso
2124 3051 2374 3117 speculo,
2408 3055 2466 3106 et
2493 3069 2646 3124 pone
2676 3053 2734 3109 in
2767 3059 2952 3124 terra,
2986 3059 3042 3110 et
3069 3055 3260 3110 videas
3281 3073 3406 3112 mo-

1807 3130 1995 3185 vendo
2026 3136 2082 3186 te
2101 3151 2132 3187 a
2161 3135 2222 3190 in
2259 3155 2306 3204 z,
2339 3149 2396 3194 et.
2421 3146 2699 3211 quantam
2732 3143 3172 3215 proportionem
3193 3145 3412 3200 habent

1726 3257 1774 3316 Ο
1807 3217 2111 3316 ἱιξνὶοθωλξ
2135 3241 2182 3292 r,
2211 3228 2269 3279 et
2294 3245 2322 3278 r
2349 3245 2375 3282 ε
2406 3230 2676 3286 eamdem
2703 3232 2947 3300 habent,
2977 3250 3003 3286 ι
3029 3249 3080 3300 e,
3106 3237 3164 3287 et
3192 3251 3219 3288 ε
3243 3249 3282 3291 a
3312 3233 3402 3289 in-

1809 3306 2013 3366 vicem.
2046 3309 2231 3367 Minue
2257 3313 2392 3371 inde
2418 3316 2445 3369 b
2473 3334 2520 3388 e,
2554 3323 2860 3393 remanent
2891 3321 2924 3373 h
2951 3339 3004 3378 ι.

1881 3927 1920 3980 Ρ

1873 4426 1918 4479 R

2757 4217 2795 4257 υ

2206 4410 2372 4492 A'A
2711 4449 2744 4487 ε
2770 4288 2983 4495 δέ

2323 4614 2548 4672 CAPUT
2587 4617 2860 4678 XXXVIII.

1923 4697 1959 4752 (ἰ
1980 4702 2347 4757 inveniendam
2360 4703 2704 4762 latitudinem
2725 4710 2891 4778 ﬂuvii
2908 4712 2988 4767 vel
3003 4727 3201 4789 campi,
3232 4723 3329 4772 etc.

1874 4803 1928 4858 Si
1981 4807 2190 4879 quaeris
2243 4809 2387 4866 scire
2431 4812 2800 4872 latitudinem
2856 4819 3011 4874 fluvii
3042 4823 3130 4877 vel
3165 4821 3404 4891 alicujus

1804 4893 1993 4966 campi
2023 4895 2108 4950 vel
2132 4896 2306 4952 curtis
2335 4902 2434 4953 aut
2456 4900 2756 4972 cujuslibet
2794 4905 2900 4973 rei,
2933 4907 3125 4978 accipe
3155 4906 3405 4978 lignum,

1801 4982 1955 5053 quod
1982 4984 2276 5057 pertingat
2310 5003 2488 5059 usque
2533 4989 2608 5043 ad
2661 4992 2855 5046 oculos
2908 4997 3054 5062 tuos,
3084 4992 3402 5052 secundum

1803 5069 1943 5124 alios
1970 5071 2159 5128 minus
2189 5090 2302 5130 uno
2335 5075 2550 5144 cubito,
2584 5081 2641 5132 et
2683 5093 2835 5148 pone
2879 5079 2938 5134 in
2978 5080 3105 5152 ripa
3125 5081 3315 5150 fﬂuvii,
3347 5090 3408 5142 et

1804 5163 1889 5213 sta
1914 5175 2092 5231 prope
2137 5179 2295 5226 eum,
2347 5167 2405 5218 et
2453 5167 2538 5218 est
2591 5165 2838 5236 lignum,
2869 5169 2932 5220 ut
2976 5168 3173 5224 subtus
3226 5170 3406 5246 vides,

1804 5247 1966 5320 quasi
1994 5266 2025 5301 α
2061 5248 2108 5316 b,
2141 5253 2198 5305 et
2229 5267 2382 5322 pone
2411 5252 2567 5306 aliud
2593 5253 2816 5323 lignum
2847 5256 3222 5329 superipsum
3251 5262 3408 5332 prius

1805 5340 2081 5404 erectum,
2112 5339 2256 5392 sicut
2279 5342 2365 5392 est
2393 5354 2422 5394 ο
2462 5339 2516 5392 d.
2564 5341 2768 5394 Postea
2805 5345 3219 5418 contemplatio
3251 5355 3408 5406 recto

1806 5426 2103 5480 oculorum
2136 5426 2254 5480 visu
2280 5443 2383 5498 pe?
2403 5445 2435 5479 a
2461 5427 2497 5479 ιι
2519 5444 2693 5499 usque
2729 5428 2918 5486 videas
2947 5450 2994 5502 θ,
3027 5434 3085 5490 id
3111 5440 3196 5492 est
3218 5437 3407 5510 ripam

1804 5529 1870 5568 ex
1901 5514 2082 5566 altera
2107 5516 2270 5586 parte
2298 5531 2312 5582 ;
2341 5530 2481 5568 nam
2504 5515 2532 5570 ὁ
2556 5532 2584 5573 θ
2609 5519 2694 5573 est
2723 5517 2947 5589 ﬂuvius,
2971 5527 3029 5578 et
3057 5542 3088 5579 a
3112 5542 3138 5580 ε
3155 5525 3405 5585 directus

1801 5600 1969 5658 visus.
2017 5603 2223 5656 Postea
2270 5603 2571 5660 considera
2615 5611 2900 5680 quantum
2945 5611 3018 5667 sit
3063 5631 3095 5667 a
3125 5631 3152 5668 c
3187 5615 3262 5671 ad
3289 5633 3318 5672 c
3345 5617 3402 5686 ά,

1802 5689 1888 5743 vel
1917 5691 2152 5744 econtra
2182 5694 2464 5767 quantum
2515 5699 2600 5752 est
2636 5695 2673 5752 d
2713 5713 2743 5757 c
2781 5695 2854 5752 ad
2881 5715 2914 5754 α
2943 5715 2993 5770 c,
3041 5702 3274 5763 tantum
3310 5711 3396 5768 est
