3882 6230
411 355 499 411 HI

1011 322 1364 390 SILVESTRI
1397 323 1443 379 Π
1481 317 1688 378 PAPE
1730 315 1890 375 OPP.
1926 311 2108 372 PARS
2143 309 2193 373 Ῑ.
2234 341 2302 353 -
2341 308 2432 368 DE
2473 309 2783 367 DISCIPL.
2825 301 3126 365 IATHEM.

3637 303 3732 359 432

404 495 438 533 α
466 495 492 532 c
526 475 555 530 b
584 472 656 529 ad
687 469 715 526 ὁ
743 484 771 526 θ
801 469 865 523 ut
897 463 1060 536 puta,
1087 458 1130 512 si
1161 456 1197 510 ἀ
1226 472 1253 510 c
1293 451 1533 524 duplum
1571 448 1656 503 est
1678 461 1755 499 ac
1780 443 2022 516 duplum
2053 445 2100 504 Α
2122 436 2414 509 tetragoni
2444 435 2591 536 illius
2621 435 2769 490 latus
2797 449 2975 536 unum
3002 429 3206 536 habent:
3225 428 3293 536 EE
3322 429 3568 536 magi}?
3599 426 3733 482 dm,

405 568 493 622 est
520 563 547 617 Ι)
577 579 603 617 c
631 558 706 615 ad
736 556 772 610 d
802 573 828 609 c
855 569 912 610 α.
943 549 991 604 si
1016 546 1275 618 triplum,
1304 538 1572 610 triplum,
1604 539 1715 589 etc.

703 645 773 698 A.-

2121 543 2270 593 mus,
2323 524 2579 596 apertius
2607 525 3053 593 cognoscantur,
3088 516 3329 572 altitudo
3380 519 3440 569 et
3467 516 3568 569 ﬁla
3606 531 3731 569 cum

2122 614 2272 670 notis
2292 613 2616 684 ﬁguraliter
2647 609 3043 681 subiiciantur.
3079 607 3163 660 Sit
3188 605 3455 671 altitudo,
3487 620 3618 674 qua:
3649 603 3733 656 in-

2023 723 2027 726 ·
2120 702 2454 773 vestigatur,
2496 719 2527 754 a
2569 701 2632 765 b;
2665 700 2736 753 sit
2791 697 2998 768 prioris
3046 695 3148 760 ﬁli,
3207 692 3365 764 quod
3414 691 3732 746 altitudinis

697 794 767 875 cl
957 794 1166 875 \D

979 1279 1202 1334 CAPUT
1240 1280 1452 1335 XXXIX.

883 1367 979 1422 Ad
1009 1367 1146 1422 idem
1175 1367 1313 1422 alius
1342 1369 1552 1423 modus.

478 1454 536 1510 Si
567 1454 776 1528 quaeris
807 1454 976 1510 aliter
1006 1455 1174 1523 scire,
1209 1473 1360 1529 pone
1382 1457 1611 1510 hastam
1643 1453 1929 1509 minorem
1959 1453 2013 1503 te

407 1544 568 1618 quasi
599 1545 671 1598 ad
703 1546 920 1616 pectus,
952 1547 1012 1598 et
1039 1560 1191 1615 pone
1223 1545 1281 1598 in
1332 1545 1458 1615 ripa
1515 1542 1692 1609 ﬂuvii,
1725 1543 1783 1594 et
1823 1539 2015 1609 accipe

409 1632 562 1688 aliud
592 1632 818 1704 lignum
844 1632 1184 1704 pertingens
1215 1650 1392 1706 usque
1423 1633 1495 1688 ad
1526 1628 1902 1696 oculos,sicut
1933 1631 2016 1680 est

411 1737 438 1776 c
464 1719 521 1788 ιι,
553 1724 611 1811 et
649 1721 883 1776 ambula
920 1725 1074 1776 retro
1103 1726 1381 1794 quantum
1419 1722 1621 1793 placet,
1741 1732 1891 1788 pone
1927 1715 2090 1811 ip-B

407 1825 537 1866 sum
589 1810 825 1876 fustem,
851 1812 910 1863 et
939 1813 998 1864 tu
1040 1813 1264 1865 tantum
1298 1813 1353 1866 te
1403 1811 1510 1865 hac
1549 1812 1606 1862 et
1660 1806 1788 1860 illac
1828 1819 2015 1868 move,

406 1915 708 1971 quousque
743 1897 814 1952 de
844 1914 870 1950 c
904 1913 1008 1970 per
1036 1917 1089 1966 a,
1116 1916 1293 1971 usque
1321 1917 1348 1953 ε
1381 1899 1593 1964 videas,
1625 1894 1684 1950 id
1715 1896 1801 1949 est
1830 1893 1902 1948 ad
1936 1893 2022 1946 al-

405 1991 595 2042 teram
630 1986 820 2057 ripam
851 1986 1130 2044 ﬂuminis.
1160 1989 1239 2044 De
1271 1988 1406 2043 hinc
1438 1987 1638 2042 minue
1674 2000 1708 2040 α
1750 1983 1778 2035 b
1812 1982 1882 2036 de
1915 1999 1942 2034 ο
1965 1980 2022 2047 d,

404 2078 673 2130 remanet
702 2075 740 2144 f
769 2093 816 2129 c.
858 2073 1017 2143 Vide,
1075 2077 1371 2148 quomodo
1425 2076 1539 2130 sint
1588 2093 1619 2128 α
1659 2073 1695 2142 f
1717 2071 1790 2126 ad
1817 2071 1853 2140 ί
1870 2088 1914 2137 e,
1949 2070 2026 2124 sic

404 2166 540 2219 sunt
572 2163 600 2217 b
625 2181 652 2217 e
678 2162 752 2218 ad
800 2163 828 2216 b
873 2181 928 2232 α,
959 2164 1002 2219 si
1035 2165 1272 2236 triplum
1309 2169 1396 2220 est
1441 2183 1473 2218 a
1504 2165 1540 2232 Γ
1563 2163 1636 2217 ad
1659 2161 1759 2231 fc,
1787 2159 2024 2230 triplum

407 2249 857 2310 estbeadba.

760 2339 800 2394 C

762 2370 1249 2603 .b

1634 2781 1674 2834 E

756 2801 800 2855 D
848 2801 1594 2856 L_____lr...__._.;:.

1201 2859 1241 2912 Β

1048 3008 1271 3064 CAPUT
1308 3007 1411 3062 XL.

551 3106 647 3161 Ad
669 3107 838 3163 altum
857 3117 978 3161 cum
1003 3101 1208 3169 sagittis
1240 3104 1287 3150 et
1315 3095 1406 3165 ﬁlo
1434 3098 1880 3155 mensurandum.

488 3202 634 3258 Cum
669 3198 1038 3274 geometricis
1069 3195 1267 3268 ﬁguris
1297 3194 1504 3248 intenti
1548 3195 2024 3269 phiIOSOphorum

399 3290 529 3363 jam
557 3289 926 3364 fatigabundi
957 3283 1381 3342 inventionibus
1408 3283 1778 3351 inhaeremus,
1804 3301 1876 3340 ne
1899 3301 2022 3339 om-

405 3378 548 3436 nino
567 3378 794 3451 fatigati
829 3375 1168 3434 deﬁciamus
1200 3371 1550 3426 militaribus
1581 3371 1862 3426 exercitiis
1891 3373 2021 3427 ani-

407 3483 572 3522 mum
601 3468 941 3523 relevemus.
999 3464 1155 3519 Sicut
1205 3461 1362 3516 enim
1413 3476 1618 3531 corpus
1671 3460 2023 3532 quotidianis

400 3555 724 3627 sumptibus
770 3553 1072 3611 fastidiens
1112 3550 1384 3606 inusitato
1429 3553 1725 3603 recreatur
1753 3549 1901 3615 cibo,
1943 3549 2020 3602 sic

402 3659 570 3699 mens
607 3643 1029 3717 pbilosophicis
1061 3642 1302 3696 onerata
1339 3637 1770 3692 austeritatibus
1799 3638 2020 3708 conjec-

404 3734 576 3790 turali
606 3738 914 3806 poetarum
958 3733 1246 3787 relevetur
1299 3726 1604 3797 ﬁgmento.
1657 3725 2020 3796 Quapropter

405 3825 469 3878 ut
495 3822 755 3878 animum
786 3825 1052 3877 nostrum
1083 3815 1430 3883 reﬁciamus,
1455 3813 2015 3869 militareinventum

407 3914 538 3985 post
563 3913 746 3967 multa
767 3923 1163 3984 supponanus.

478 3998 538 4054 Si
563 3997 870 4071 cujuslibet
897 3995 980 4051 rei
1003 3991 1369 4049 altitudinem
1386 3989 1728 4062 investigare
1745 3991 2015 4061 volueris,

404 4088 516 4144 hoc
542 4087 718 4143 modo
744 4084 988 4158 jaculari
1015 4080 1253 4152 ingenio
1283 4078 1631 4151 investigare
1663 4080 2012 4151 poteris.Su-

408 4193 504 4232 me
533 4191 735 4233 arcum
763 4190 896 4229 cum
926 4170 1139 4243 sagitta
1167 4172 1225 4224 et
1251 4167 1369 4236 ﬁlo,
1400 4170 1459 4222 et
1483 4183 1598 4222 una
1641 4167 1721 4222 ﬁli
1767 4169 2011 4225 summi-

404 4268 528 4322 tate
557 4264 781 4338 sagittae
810 4257 1196 4334 postremitati
1226 4257 1567 4324 inhaerente,
1602 4257 1784 4313 altera
1809 4258 1868 4313 in
1893 4275 2014 4315 ma-

405 4371 488 4410 nu
541 4353 907 4408 remanente.
964 4347 1184 4420 Sagitta
1233 4361 1370 4401 arcu
1401 4345 1630 4444 emissa
1692 4347 2008 4404 altitudinis
2025 4383 2079 4444 D

405 4439 816 4499 mensurandaz
869 4452 1145 4493 cacumen
1196 4434 1497 4508 percutiat.
1530 4436 1665 4490 Post
1709 4436 1832 4491 haec
1862 4438 2003 4492 alte-

403 4531 526 4587 rius
554 4528 634 4582 ﬁli
658 4526 959 4582 summitas
986 4525 1191 4582 eodem
1223 4523 1396 4580 modo
1443 4523 1662 4595 sagitta:
1714 4525 1800 4580 vel
1831 4525 2007 4599 aliqui

395 4618 594 4692 jaculo
629 4615 904 4688 illigatur,
935 4618 995 4670 et
1018 4614 1229 4671 horum
1259 4617 1453 4668 utrum
1475 4613 1556 4668 vis
1585 4614 1907 4686 projectum
1935 4617 2010 4670 al-

401 4705 669 4764 titudinis
712 4703 994 4770 radicem,
1044 4707 1106 4757 ut
1137 4702 1292 4775 prius
1341 4719 1617 4758 cacumen
1650 4702 1844 4761 feriat.
1885 4703 2008 4768 Quo

403 4798 559 4855 facto
606 4798 918 4866 utrumque
971 4793 1135 4848 ﬁlum
1176 4792 1457 4862 retrahas,
1489 4794 1547 4846 et
1596 4796 1738 4865 quot
1794 4793 2010 4864 pedum

403 4887 495 4945 vel
527 4883 855 4941 cubitorum
897 4881 990 4950 sit,
1023 4885 1335 4953 utrumque
1370 4880 1681 4953 diligenter
1711 4890 2014 4936 mensura-

403 4978 531 5032 tum
553 4973 843 5046 inspicias.
873 4971 1092 5026 Deinde
1123 4970 1398 5042 cujusque
1433 4969 1510 5024 illi
1542 4969 1784 5042 quisque
1813 4986 2014 5024 nume-

403 5081 504 5120 rus
528 5063 589 5117 in
619 5078 678 5116 se
705 5061 910 5116 ductus
940 5059 1380 5132 multiplicetur,
1402 5061 1692 5130 etquanta
1716 5057 2011 5129 utriusque

406 5151 898 5225 multiplicationis
950 5167 1179 5207 summa
1225 5147 1401 5205 fuerit
1483 5145 1895 5218 perpendatur,
1947 5164 2012 5204 ac

403 5243 600 5300 minor
636 5257 864 5297 summa
896 5241 965 5297 de
995 5239 1206 5313 majori
1229 5235 1624 5302 subtrahatur,
1644 5239 1702 5290 et
1721 5238 1858 5290 tunc
1885 5236 2012 5308 ejus

405 5329 657 5399 numeri,
689 5331 787 5403 qui
814 5331 884 5387 de
916 5329 1124 5401 majori
1155 5339 1387 5380 summa
1434 5323 1802 5390 remanserit,
1837 5327 2009 5380 tetra-

402 5422 612 5497 gonale
642 5421 790 5476 latus
813 5419 1125 5490 diligenter
1155 5413 1497 5484 inquiratur.
1533 5413 1648 5467 Hoc
1702 5428 1836 5468 vero
1878 5413 2006 5468 dili-

403 5509 899 5585 genterinquisito
912 5511 972 5560 et
996 5503 1288 5574 sapienter
1305 5501 1561 5568 invento,
1581 5504 1667 5556 tot
1683 5500 1894 5573 pedum
1919 5503 2005 5558 vel

403 5600 730 5660 cubitorum
754 5591 1134 5663 ambiguitate
1154 5593 1377 5644 semota
1395 5588 1659 5658 altitudo,
1685 5589 1756 5644 de
1782 5606 1895 5661 qua
1916 5589 2005 5646 in-

403 5689 673 5775 quiritur,
697 5679 1110 5766 pronuntietur
1129 5676 1284 5754 quod
1315 5675 1528 5754 pedum
1555 5679 1642 5735 vel
1672 5676 2001 5740 cubitorum

2045 3100 2094 3160 C

2120 790 2520 844 summitatem
2561 787 2773 857 tetigit,
2820 784 3113 857 quantitas
3171 781 3434 852 quinario
3490 797 3734 835 numero

2119 879 2453 942 terminata,
2490 893 2522 930 a
2552 894 2605 944 c;
2642 876 2713 929 sit
2766 873 2998 928 alterius
3049 871 3150 936 ﬁli,
3208 869 3363 941 quod
3419 867 3738 923 altitudinis

2115 966 2373 1022 radicem
2407 965 2712 1038 percussit,
2739 961 3044 1033 longitudo
3077 958 3450 1031 quaternario
3491 973 3734 1012 numero

2114 1054 2360 1109 difﬁnita
2389 1071 2415 1107 ο
2455 1053 2502 1107 b.
2545 1054 2680 1108 Post
2712 1053 2837 1105 haec
2873 1065 3006 1103 vero
3037 1047 3243 1121 prioris
3273 1047 3351 1100 ﬁli
3382 1046 3729 1102 numerusin

2113 1161 2173 1197 se
2214 1141 2634 1214 multiplicatus
2668 1140 2726 1194 in
2784 1144 2849 1194 25
2887 1139 3255 1203 concrescat;
3309 1140 3563 1207 quatuor
3601 1152 3732 1190 vero

2113 1230 2449 1304 posterioris
2482 1230 2559 1284 ﬁli
2592 1245 2866 1284 numerus
2897 1227 2954 1280 in
2987 1242 3046 1279 se
3078 1225 3280 1279 ductus
3311 1224 3367 1278 in
3408 1228 3471 1280 l6
3502 1240 3731 1279 consur-

2133 1323 2252 1390 gat.
2283 1318 2500 1374 Deinde
2525 1319 2718 1372 minor
2746 1330 2990 1370 numero
3024 1314 3094 1367 de
3134 1317 3201 1367 25
3233 1312 3483 1377 sublato,
3513 1313 3625 1366 erit
3655 1330 3738 1366 re-

2130 1424 2377 1462 manens
2433 1412 2486 1474 9,
2547 1407 2708 1476 cujus
2764 1401 3128 1472 tetragonale
3159 1401 3307 1454 latus
3355 1404 3386 1456 3
3425 1401 3735 1468 invenitur,

2132 1497 2266 1567 quia
2297 1502 2326 1552 3
2360 1496 2416 1550 in
2448 1513 2506 1550 se
2542 1495 2744 1549 ductus
2789 1492 2848 1545 in
2883 1496 2913 1545 9
2947 1489 3310 1559 cumulatur;
3361 1488 3536 1544 trium
3567 1490 3737 1560 igitur

2134 1586 2346 1656 pedum
2377 1587 2487 1640 erit
2515 1584 2756 1639 altitudo
2787 1597 2821 1638 α
2847 1582 2896 1637 b.
2932 1579 3045 1635 Sed
3075 1578 3209 1650 quia
3239 1582 3426 1651 potest
3455 1579 3736 1644 accidere,

2130 1675 2282 1746 quod
2331 1674 2687 1730 remanentis
2741 1670 3101 1740 tetragonale
3159 1669 3302 1721 latus
3333 1668 3627 1722 interdum
3682 1670 3733 1722 in

2115 1765 2345 1835 ntegris
2376 1779 2656 1818 numerus
2689 1758 2894 1831 nequit
2921 1756 3192 1823 inveniri,
3221 1755 3508 1810 subtilitas
3541 1757 3730 1810 minu-

2124 1852 2336 1907 tiarum
2363 1853 2536 1906 debet
2568 1848 2890 1904 necessario
2920 1844 3203 1910 adhiberi,
3245 1845 3316 1899 de
3356 1845 3565 1916 quibus
3595 1848 3729 1920 quia

2123 1944 2363 2014 longum
2407 1945 2492 1996 est
2541 1940 2843 2000 disserere,
2897 1934 3396 2006 prmtermittatur,
3437 1939 3496 1989 et
3547 1935 3733 2006 ﬁgura

2125 2048 2258 2085 cum
2295 2029 2560 2085 numeris
2590 2031 2647 2083 et
2678 2025 2830 2082 notis
2861 2024 3240 2094 supponatur.

3653 2119 3699 2168 Α

3063 2215 3066 2218 .
3099 2205 3103 2209 >
3165 2190 3175 2195 ”
3199 2204 3233 2217 ·.
3339 2250 3355 2275 /
3382 2232 3431 2259 ///

2784 2395 2905 2464 ou“
2930 2330 3188 2424 “6W”

2547 2452 2685 2519 “.05
2703 2429 2777 2482 π’

2166 2498 2266 2563 CD
2507 2492 2537 2532 τ
2695 2535 2901 2598 meum
2929 2573 3192 2641 “mnum

3654 2718 3694 2770 Β

2732 2829 2958 2886 CAPUT
2997 2836 3126 2891 XLI.

2195 2910 2289 2965 Ad
2320 2914 2688 2973 inveniendam
2706 2919 2760 2972 in
2780 2921 3098 3004 ampligonii)
3121 2926 3430 2996 ejecturam,
3454 2935 3663 3000 quanta

2194 3053 2566 3126 Ampligonio
2599 3057 2781 3115 tribus
2803 2999 3196 3136 sligeigtcdatis,
3240 3069 3460 3140 majore
3513 3069 3728 3126 scilicet

2122 3141 2483 3213 bypotenusa
2509 3148 2570 3200 18
2593 3148 2836 3221 pedum,
2862 3152 2980 3207 basi
3014 3159 3067 3222 8,
3096 3157 3457 3228 hypotenusa
3472 3175 3609 3214 vero
3628 3161 3731 3214 mi-

2123 3245 2264 3327 nore
2291 3235 2386 3327 .10,
2416 3231 2753 3302 ejecturam,
2782 3256 2954 3311 super
2981 3259 3094 3314 qua
3126 3246 3616 3318 perpendicularis
3629 3264 3720 3303 ca-

2123 3317 2227 3383 dit,
2259 3319 2336 3373 sic
2377 3337 2620 3391 quaeras.
2667 3326 2739 3379 Ex
2792 3344 3023 3386 summa
3071 3317 3310 3404 majoris
3351 3335 3728 3407 bypotenusm

2122 3407 2603 3477 multiplicatione
2635 3422 2952 3487 aggregata
2985 3420 3231 3476 duarum
3263 3423 3560 3479 minorum
3594 3424 3732 3480 line-

2122 3510 2310 3559 arum,
2345 3496 2492 3551 basis
2522 3499 2734 3555 scilicet
2763 3504 3118 3580 minorisque
3148 3511 3549 3582 hypotenusas,
3580 3512 3639 3567 in
3670 3531 3728 3568 se

2120 3582 2658 3672 multiplicatiouem
2679 3588 2840 3660 (Cod.
2853 3635 2865 3655 .
2882 3597 3383 3672 multiplicatione)
3399 3601 3726 3658 subtrahas.

2121 3669 2336 3724 Exinde
2383 3689 2650 3762 summae,
2701 3695 2826 3750 quas
2881 3669 3458 3756 superabundaverit,
3501 3690 3730 3762 adjecto

2120 3774 2235 3813 uno
2265 3760 2642 3819 medietatem
2675 3783 2886 3833 sumas,
2922 3771 2979 3825 in
3013 3789 3127 3843 qua
3157 3775 3380 3846 quoties
3420 3760 3598 3834 fuerit
3620 3797 3730 3835 nu-

2116 3862 2311 3902 merus
2340 3849 2508 3915 basis,
2541 3855 2629 3908 tot
2670 3855 2918 3913 unitates
2948 3861 3214 3931 ejecturaz
3247 3864 3575 3922 distribuas.
3630 3869 3732 3923 Ca-

2115 3935 2342 4025 thetum
2374 3955 2510 3995 vero
2540 3941 2619 3997 sic
2641 3942 2970 4018 investiges.
3001 3951 3078 4004 Ex
3110 3953 3593 4025 multiplicatione
3624 3958 3733 4012 mi-

2115 4023 2274 4122 noris
2297 4026 2678 4122 hypotenusae
2735 4034 3049 4105 ejecturam
3081 4039 3139 4096 in
3180 4058 3239 4096 se
3277 4023 3727 4116 multiplicatam

2113 4112 2461 4212 distrahens,
2493 4120 2719 4194 reliqui,
2753 4125 2850 4194 qui
2900 4128 3266 4198 superfuerit,
3303 4112 3682 4190 latus—sumas
3717 4154 3730 4204 ;

2111 4219 2208 4275 qui
2241 4221 2519 4263 numerus
2566 4214 2677 4265 erit
2727 4216 3243 4284 perpendicularis.
3292 4221 3467 4292 Hujus
3521 4227 3725 4281 autem

2110 4292 2451 4384 ampligonii
2483 4297 2741 4354 invenire
2779 4301 2825 4355 si
2877 4303 2958 4358 vis
2988 4307 3322 4376 embadum,
3356 4310 3464 4365 duc
3501 4329 3604 4384 per
3627 4330 3722 4370 ca~

2110 4380 2358 4452 thetum,
2413 4384 2470 4438 id
2517 4390 2603 4440 est
2651 4391 3195 4462 perpendicularem
3247 4397 3433 4453 basim
3479 4380 3722 4458 liorum.

2117 4469 2334 4526 Deinde
2375 4472 2473 4544 qui
2523 4490 2590 4529 ex
2648 4476 2753 4531 hac
2811 4481 3295 4554 multiplicatione
3343 4488 3726 4554 excreverint,

2110 4575 2277 4648 sume
2310 4561 2587 4648 mediam,
2628 4582 2754 4637 qum
2802 4568 3018 4640 absque
3051 4571 3225 4629 dubio
3252 4576 3592 4648 ampligonii
3620 4580 3727 4634 ﬁet

2111 4647 2432 4704 embadum
2449 4694 2461 4708 .

2357 4793 2500 4894 “ab

2283 4965 2339 5028 ὓ
2435 4976 2479 5030 ιε
2492 4872 2760 5041 θόὠθίρη

2323 5016 2432 5150 ιῆἰςρ
2467 4995 2709 5155 M04004:
2759 5040 2772 5053 ο
2805 5036 3000 5164 Ῐθιοθα

2413 5137 2524 5253 ζἥρ),
2746 5155 2864 5232 441ρ
2989 5162 3002 5176 ’

2505 5252 2581 5334 φφ
2859 5203 3089 5333 ζῶον,

2581 5348 2711 5504 ’o‘bo
3036 5303 3326 5468 iubam.
3400 5341 3410 5349 ‘

2129 5119 2184 5160 ω

2129 5163 2165 5196 ω

2129 5199 2180 5222 (-0-

2126 5223 2181 5260 Β·

2126 5265 2164 5296 Ο

2125 5299 2177 5323 ε*

2120 5430 2172 5462 σθ

2104 5491 2160 5528 ὐ

2121 5534 2158 5564 Φ

2117 5567 2175 5627 ρ.

2373 5665 2632 5740 ejectura
2660 5670 2692 5724 8
2722 5662 2857 5741 ped.
