3882 6230
135 366 220 422 133
1388 373 1398 384 ’
1487 359 1580 418 DE
1615 361 1706 418 ΟΕ

1828 362 2030 419 ζΙἪΙΑ.

695 487 924 544 CAPUT
959 487 1110 544 XLII.

210 578 466 646 Quomodo
493 580 550 631 in
584 579 794 650 trigono
818 579 1127 703 orthotgonio
1146 579 1384 633 cat/zelus
1412 584 1460 631 et
1489 578 1624 631 basis

743 668 960 703 auerau
991 668 1073 703 ur.

743 668 1073 722 queramur.

191 740 243 794 ln
265 739 484 809 trigono
503 739 877 810 orthogonio,
897 739 1058 808 cujus
1082 736 1379 808 podismus
1395 738 1608 807 pedum
1631 739 1716 792 est

129 829 664 895 25,embadumt50,
684 828 943 882 cathetus
974 830 1032 880 et
1067 827 1217 882 basis
1249 827 1324 881 sic
1358 830 1710 897 quaerantur.

126 915 482 988 Hypotenusaz
516 916 869 970 numerusin
895 932 952 969 se
974 916 1406 986 multiplicetur.
1429 916 1515 970 Ad
1543 915 1712 980 hanc,

126 1019 236 1074 quae
256 1005 385 1058 hinc
410 1004 749 1070 excreverit,
773 1020 1085 1070 summam,
1111 1007 1143 1057 4
1176 1003 1444 1069 embada,
1470 1020 1597 1074 quae
1626 1003 1710 1056 fa-

125 1093 265 1147 ciunt
283 1094 381 1147 600
407 1093 760 1164 adjiciantur
785 1109 796 1146 :
818 1108 946 1164 qua:
969 1093 1299 1163 conjunctio
1337 1096 1468 1146 1225
1498 1108 1712 1162 reprae-

124 1185 309 1234 sentat.
330 1182 507 1252 Hujus
527 1199 776 1236 summa:
795 1183 902 1235 erit
919 1183 1064 1236 latus
1088 1184 1175 1236 35.
1205 1179 1422 1235 Deinde
1448 1183 1509 1233 ut
1535 1179 1710 1233 inter-

123 1268 319 1323 stitium
333 1270 586 1326 duarum
606 1275 894 1326 rectarum
919 1270 1262 1335 inveniatur,
1280 1269 1489 1324 catheti
1504 1267 1716 1323 scilicet

123 1362 172 1410 et
193 1358 352 1426 basis,
380 1359 556 1414 ducto
584 1360 956 1432 hypotenusas
980 1375 1224 1413 numero
1249 1357 1308 1412 in
1333 1375 1391 1412 se
1420 1357 1562 1412 fient
1588 1357 1712 1412 625.

123 1446 516 1502 Hincembadis
554 1450 592 1502 4
617 1448 872 1514 sublatis,
897 1452 962 1502 25
999 1450 1326 1502 remanent.
1352 1447 1526 1516 Hujus
1569 1447 1717 1500 latus

119 1535 212 1589 erit
241 1539 289 1591 5.
314 1534 436 1599 Quo
466 1535 540 1591 ad
568 1536 717 1591 latus
739 1537 1047 1607 superioris
1069 1535 1296 1590 numeri
1322 1535 1595 1589 nimirum
1611 1537 1711 1589 225

114 1622 317 1693 juncto,
350 1624 492 1678 ﬁent
521 1626 616 1679 4-0.
651 1625 826 1694 Hujus
857 1641 988 1695 pars
1038 1625 1229 1679 media
1269 1623 1454 1678 basim
1497 1623 1710 1692 trigoni

119 1712 422 1768 constituet.
455 1713 533 1768 Ex
569 1714 675 1768 hac
705 1729 841 1769 vero
883 1714 1105 1769 sublato
1156 1729 1398 1767 numero
1446 1711 1708 1784 quinario

120 1798 381 1866 videlicet,
416 1801 516 1873 qui
552 1801 856 1872 superiori,
891 1801 943 1856 id
975 1806 1060 1856 est
1081 1804 1167 1866 35,
1198 1801 1268 1855 ad
1299 1801 1481 1855 basim
1503 1800 1710 1854 consti-
1731 1810 1780 1870 Β

119 1889 369 1945 tuendam
402 1891 600 1946 fuerat
629 1894 995 1962 aggregatus,
1029 1890 1215 1944 aderit
1245 1890 1525 1944 cathetus.

637 2488 706 2539 20

691 2637 914 2692 CAPUT
946 2635 1122 2690 XLIII.

173 2744 252 2800 Ad
274 2743 665 2801 inveniendam
692 2743 828 2799 basis
854 2751 902 2826 et
929 2741 1123 2795 catheti
1148 2738 1553 2810 disjunctionem
1584 2739 1638 2791 in

795 2821 1023 2867 trwono.

818 2829 1023 2883 rzgono.

172 2922 224 2977 Si
241 2923 438 2978 datum
464 2920 649 2977 fuerit
669 2920 989 2992 trigonum,
1013 2920 1170 2991 cujus
1200 2918 1458 2973 cathetus
1479 2920 1538 2971 et
1561 2914 1710 2970 basis

109 3009 262 3065 simul
275 3012 463 3083 juncti
491 3010 839 3082 sintpedum
865 3011 952 3077 23,
977 3007 1291 3063 embadum
1332 3008 1421 3070 60,
1467 3005 1706 3076 hypote-

110 3115 237 3154 nusa
268 3104 351 3166 t7,
381 3099 548 3154 basis
586 3103 644 3152 et
682 3097 893 3152 catheti
929 3097 1008 3152 sic
1043 3100 1335 3169 quaeratur
1378 3093 1704 3164 disjunctio.
1727 3090 1774 3148 C

109 3187 475 3260 Hypotenusze
503 3203 791 3241 numerus
820 3186 878 3240 in
911 3203 968 3241 se
995 3187 1255 3252 ducatur,
1275 3183 1372 3257 qui
1401 3185 1710 3253 consurget

106 3277 159 3332 in
181 3281 298 3336 289.
322 3279 464 3333 Hinc
487 3276 735 3331 sublatis
772 3279 806 3331 4
832 3274 1112 3341 embadis,
1137 3274 1195 3329 id
1235 3275 1320 3328 est
1353 3275 1457 3327 240
1489 3275 1546 3327 et
1575 3271 1706 3326 reli-

108 3367 216 3438 qui,
241 3367 334 3440 qui
361 3365 945 3439 superabundaverit,
962 3363 1017 3418 id
1039 3367 1124 3418 est
1140 3365 1230 3428 49,
1254 3364 1430 3417 latere
1452 3364 1706 3432 sumpto,

107 3460 262 3527 atque
277 3456 426 3510 basis
445 3457 508 3510 et
539 3453 749 3508 catheti
773 3470 1038 3518 summae,
1062 3454 1127 3506 23
1139 3451 1343 3522 juncto
1371 3451 1511 3505 ﬁent
1536 3449 1710 3521 pedes

105 3545 183 3598 30.
215 3545 386 3615 Hujus
409 3544 658 3614 sumpta
687 3541 966 3596 medietas
1005 3541 1113 3595 erit
1139 3541 1288 3594 basis
1318 3538 1575 3610 ejusdem
1607 3536 1708 3591 tri-

105 3633 248 3702 goni.
279 3634 390 3688 Hac
417 3647 570 3687 vero
600 3631 670 3685 de
698 3633 788 3697 23,
819 3630 879 3684 id
904 3635 990 3684 est
1014 3629 1164 3683 basis
1201 3629 1374 3683 simul
1403 3631 1460 3682 et
1499 3627 1710 3681 catheti

105 3721 168 3775 de
189 3738 428 3777 numero
448 3721 689 3776 sublata
705 3718 1050 3791 relinquitur
1066 3717 1414 3784 octonarius,
1431 3733 1544 3788 quo
1570 3732 1709 3771 con-

100 3807 340 3865 stituitur
357 3810 654 3865 cathetus.
676 3808 736 3860 In
753 3807 859 3861 hac
877 3822 1011 3861 vero
1035 3806 1222 3877 figura
1246 3804 1457 3859 catheti
1490 3802 1707 3857 inventi

103 3898 330 3954 dimidia
357 3897 772 3969 multiplicata,
805 3899 863 3951 et
893 3912 958 3950 ex
981 3912 1049 3950 ea
1079 3911 1307 3949 summa
1334 3910 1448 3948 uno
1473 3893 1708 3963 dempto

100 3985 376 4044 invenitur
387 3987 574 4054 basis,
594 4002 720 4058 qua:
747 3984 972 4041 duobus
987 3982 1306 4054 sumptisﬁt
1326 3982 1706 4054 hypotenusa.

676 4233 737 4285 17

676 4233 737 4285 17

343 4228 1368 4662 cui:
1738 4389 1789 4448 Β
2009 4439 2039 4489 θ

707 4503 774 4546 σο

687 4690 748 4741 1Ξὶ

695 4885 917 4942 CAPUT
953 4883 1125 4940 XLIV.

95 5016 160 5073 Ιη
192 5019 405 5088 trigono
438 5013 727 5088 orygoni'o,
761 5011 908 5088 cujus
1025 5005 1517 5088 lateribusnu‘meri
1539 5017 1714 5088 qu‘an-

131 5076 282 5143 (itote
307 5076 598 5142 dissimile:
622 5076 749 5144 sint,
781 5076 1019 5136 invenire
1033 5076 1674 5151 perpendicularem,ctc.

161 5197 305 5251 Dato
339 5192 602 5264 trigonio
635 5188 940 5262 oxygonio,
988 5186 1146 5257 cujus
1183 5184 1454 5240 lateribus
1484 5180 1712 5236 numeri

95 5285 421 5357 quantitate
445 5279 752 5336 dissimiles
773 5278 888 5332 sint
921 5274 1228 5341 distributi,
1262 5271 1474 5328 minori
1498 5270 1714 5326 scilicet

94 5373 483 5446 hypotenusaa
500 5373 586 5435 13,
603 5367 722 5421 basi
742 5368 823 5429 14,
841 5365 1204 5436 majorivero
1223 5363 1595 5433 hypotenusaa
1624 5362 1711 5426 15,

96 5462 354 5532 ejusdem
373 5457 652 5531 oxygonii
675 5457 716 5509 si
736 5454 1271 5528 perpendicularem
1292 5450 1550 5505 invenire
1569 5447 1716 5503 desi-

97 5550 282 5616 deras,
307 5554 368 5605 et
387 5547 783 5620 prtescissuras
799 5543 1138 5615 dignoscere
1169 5540 1442 5611 singulas,
1468 5553 1712 5592 numero

97 5639 342 5695 minoris
363 5639 746 5709 hypotenusaz
773 5633 829 5687 in
853 5650 909 5687 se
927 5633 1134 5700 ductre,
1159 5628 1214 5685 id
1238 5633 1324 5684 est
1351 5631 1436 5696 13,
1453 5631 1511 5683 et
1540 5626 1712 5693 basis,

3320 381 3420 436 134

1739 492 1793 549 Α
1823 485 1881 540 id
1902 488 1989 541 est
2010 485 2395 558 t4,utriusque
2407 486 2902 560 multiplicationis
2917 509 3207 553 summam
3223 511 3431 573 aggre-

1817 592 1937 647 ges,
1961 592 2088 648 quae
2109 576 2390 632 ﬂunt395.
2412 577 2488 630 Ex
2511 577 2615 631 hac
2637 595 2768 633 vero
2790 581 3025 650 majoris
3043 584 3419 658 hypotenusa:

1817 681 2128 719 numerum
2154 664 2212 719 in
2238 681 2296 718 se
2322 665 2555 720 ductum
2589 666 2844 734 diducas,
2868 669 2924 723 id
2955 674 3039 726 est
3061 677 3186 741 225,
3218 677 3421 751 reliqui

1815 771 1970 818 vero,
1993 755 2090 826 qui
2122 755 2532 828 superfuerint,
2565 756 2621 810 id
2654 761 2739 812 est
2773 762 2892 825 140,
2924 766 3156 832 sumpta
3187 763 3427 822 dimidia

1814 844 2074 914 parte,id
2093 849 2177 897 est
2211 847 2300 910 70,
2324 847 2383 897 et
2403 844 2510 898 hac
2543 844 2616 898 ad
2650 846 2854 914 basim,
2885 848 2945 902 id
2975 853 3060 903 est
3087 854 3151 905 14
3191 853 3425 922 partita,

1816 931 2220 1004 quinquies”,
2245 932 2303 987 in
2328 932 2544 988 eisdem
2558 939 2625 989 70
2644 935 2914 1006 reperies;
2933 954 3059 1010 quas
3088 939 3427 998 denomina-

1815 1021 1895 1076 tio
1929 1037 2202 1076 numerus
2234 1021 2332 1076 fiet
2361 1023 2734 1093 priescissura:
2768 1025 3030 1080 minoris.

1887 1111 2026 1164 Item
2045 1110 2115 1164 de
2140 1109 2618 1180 multiplicatione
2634 1113 2872 1167 minoris
2893 1115 3266 1187 hypotenusaa
3289 1118 3347 1174 in
3363 1132 3424 1174 se

1817 1197 1889 1251 ad
1901 1197 2308 1252 inveniendum
2325 1199 2858 1269 perpendicularem
2876 1203 3161 1259 minorem
3175 1208 3429 1277 prmscis-

1817 1301 2009 1338 suram
2042 1285 2274 1339 ductam
2305 1284 2363 1339 in
2394 1302 2454 1338 se
2485 1287 2804 1342 subtrahas.
2831 1287 2967 1352 Qua:
3002 1290 3258 1348 detracta
3280 1293 3428 1351 latus

1817 1373 2338 1444 superabundantis
2368 1390 2641 1430 numerus
2671 1377 2779 1430 erit
2805 1379 3315 1450 perpendicularis.

2503 1914 2532 1961 5
2768 1915 2830 1966 14

2407 2049 2630 2104 CAPUT
2658 2046 2810 2102 XLV.

1805 2177 1918 2232 Per
1936 2176 2125 2230 datum
2156 2173 2455 2256 quemlibet.
2477 2173 2673 2254 trigoni
2697 2170 3004 2253 orthogom'i
3029 2170 3296 2226 cathetum
3327 2173 3420 2226 ba-

2405 2261 2506 2298 51m
2550 2259 2809 2296 Invenire.

1878 2376 1988 2430 Per
2001 2373 2198 2427 datum
2214 2368 2531 2442 quemlibet
2543 2365 2758 2438 trigoni
2774 2364 3105 2436 orthogonii
3126 2367 3421 2423 cathetum

1807 2463 1886 2517 sic
1906 2461 2160 2516 invenies
2175 2458 2379 2514 basim.
2397 2457 2665 2512 Cathetus
2685 2457 2774 2508 ter
2797 2453 3063 2522 ducatur,
3088 2470 3246 2510 nona
3282 2472 3416 2528 pars

1809 2550 2122 2615 auferatur,
2143 2546 2348 2619 reliqui
2372 2543 2678 2600 dimidium
2701 2544 2986 2608 sumatur,
3016 2545 3074 2596 et
3109 2542 3219 2596 erit
3247 2543 3423 2599 basis.

1810 2638 1934 2694 Basi
1959 2639 2215 2693 ablatum
2245 2633 2597 2700 restituatur,
2625 2630 2736 2686 erit
2756 2631 3139 2702 hypotenusa.
3164 2630 3262 2685 Vel
3292 2631 3371 2687 ita
3405 2650 3418 2688 :

1812 2727 2116 2782 dimidium
2141 2726 2419 2790 sumatur,
2447 2721 2602 2795 quod
2627 2723 2715 2774 ter
2733 2719 2994 2786 ducatur,
3020 2718 3090 2773 de
3113 2735 3182 2773 ea
3197 2736 3424 2776 summa

1812 2818 2046 2872 tollatur
2069 2831 2244 2880 nona,
2277 2813 2547 2866 remanet
2570 2807 2854 2863 basis.Vel
2888 2807 3196 2862 dimidium
3213 2809 3421 2863 catheti

1812 2905 1989 2960 sexies
2009 2903 2267 2970 ducatur,
2300 2916 2456 2955 nona
2479 2898 2734 2963 tollatur,
2755 2893 2961 2967 reliqui
2983 2894 3292 2951 dimidium
3312 2898 3420 2952 erit

1810 2994 1958 3049 basis
1982 3011 1998 3058 ;
2031 2993 2151 3046 basi
2182 2989 2410 3045 reddita
2436 3003 2592 3042 nona
2612 2985 2722 3040 erit
2739 2984 3122 3056 hypotenusa.

2397 3074 2621 3130 CAPUT
2660 3073 2834 3127 XLVI.

2040 3168 2266 3238 Trigom'
2291 3165 2600 3234 orthogonii
2625 3161 2906 3215 embadum
2935 3163 3188 3215 invenire.

1881 3260 1937 3316 Si
1960 3262 2252 3332 quaeratur
2281 3253 2495 3325 trigoni
2528 3249 2861 3322 orthogonii
2894 3250 3422 3319 embadum,trium

1809 3351 2117 3414 linearum,
2142 3346 2200 3400 id
2223 3348 2308 3399 est
2328 3341 2564 3408 catheti,
2583 3343 2640 3396 et
2668 3339 2820 3394 basis
2840 3342 3014 3410 atque
3044 3338 3421 3411 hypotenusm

1810 3436 2038 3493 numeri
2068 3435 2127 3489 in
2159 3449 2340 3488 unum
2365 3429 2726 3499 redigantur,
2753 3429 2814 3480 ut
2839 3429 2977 3497 puta
3000 3430 3054 3492 6,
3079 3430 3132 3493 8,
3172 3431 3256 3482 10.
3277 3428 3420 3483 Nam

1809 3527 1869 3582 hi
1886 3524 2070 3596 juncti
2103 3526 2169 3577 24
2189 3519 2461 3576 reddunt.
2489 3514 2757 3571 Medietas
2778 3513 2912 3567 hinc
2934 3516 3213 3569 sumatur.
3229 3515 3306 3568 Ex
3336 3501 3432 3571 his

1811 3614 1960 3671 basis
1990 3612 2314 3673 seducatur,
2348 3606 2404 3660 id
2447 3608 2532 3659 est
2562 3608 2629 3669 8;
2673 3600 2828 3673 quod
2871 3605 3159 3664 remanet,
3213 3603 3425 3658 scilicet

1811 3707 2058 3776 quatuor
2069 3715 2174 3771 per
2197 3696 2512 3759 cathetum,
2535 3691 2592 3744 id
2627 3691 2711 3744 est
2735 3693 2766 3744 6
2795 3687 3208 3776 multiplicetur
3234 3707 3249 3758 ;
3283 3676 3422 3747 illud

1810 3774 2040 3864 quoque
2059 3786 2404 3859 duplicetur,
2432 3784 2491 3836 et
2513 3780 2657 3835 ﬁent
2676 3779 2767 3834 48.
2792 3774 3014 3864 Quibus
3024 3789 3132 3864 per
3153 3781 3423 3848 quartam

1810 3862 1896 3935 sui
1928 3862 2343 3948 multiplicatis,
2373 3869 2521 3927 illius
2555 3881 2799 3924 summae
2822 3865 2970 3919 latus
3002 3862 3290 3920 habeatur
3315 3883 3420 3939 pro

1810 3967 2080 4026 embado.

2415 4175 2480 4227 10

2344 4648 2376 4699 8

1888 4822 1950 4875 In
1969 4816 2336 4891 ampligoniis
2359 4819 2554 4873 autem
2576 4817 2664 4872 vel
2686 4817 2986 4891 oxygoniis
2997 4817 3126 4888 jam
3148 4814 3299 4873 dicta
3327 4828 3418 4867 re-

1818 4910 1954 4982 gula
1987 4907 2162 4962 habet
2182 4905 2683 4977 consequentiam,
2709 4922 2815 4960 nec
2845 4905 3021 4960 etiam
3052 4904 3111 4956 in
3151 4901 3424 4970 orthogo-

1817 4998 1947 5064 niis,
1967 4996 2072 5051 nisi
2096 4996 2155 5049 in
2182 4994 2311 5062 illis,
2335 5011 2478 5066 quos
2508 4993 2891 5066 sesquitertia,
2913 4992 3000 5046 vel
3029 4988 3427 5060 sesquiquarta

1815 5087 1965 5158 regit
1991 5084 2306 5158 proportio.
2339 5084 2401 5137 In
2432 5081 2555 5138 aliis
2585 5085 2779 5136 autem
2812 5080 2896 5134 vel
2929 5074 3290 5148 orthogoniis
3307 5075 3424 5129 suf-

1814 5175 1967 5231 ficiat
1995 5175 2198 5246 regula
2238 5172 2592 5238 universalis,
2624 5169 2838 5225 scilicet
2863 5183 2968 5240 per
2997 5165 3291 5220 cathetum
3318 5161 3426 5219 ba-

1813 5266 1920 5320 sim
1947 5263 2176 5330 ducere,
2195 5263 2318 5333 ejus
2351 5261 2610 5316 medium
2642 5277 2745 5332 pro
2778 5253 3027 5312 embado
3054 5252 3423 5309 tenere.Nam

1813 5370 1917 5427 per
1959 5352 2254 5406 cathetum
2295 5349 2480 5403 basim
2523 5349 2731 5404 ducere
2781 5345 2924 5403 nihil
2967 5343 3123 5399 aliud
3169 5346 3273 5409 est,
3315 5341 3424 5397 nisi

1815 5458 2014 5498 aream
2063 5436 2328 5511 quadrati
2366 5437 2450 5490 vel
2499 5435 2916 5508 antelongioris
2945 5433 3153 5505 (Glossa
3193 5437 3322 5498 vet.,
3365 5429 3424 5484 id

1815 5535 1920 5599 est,
1953 5531 2134 5586 altera
2164 5529 2326 5598 parte
2357 5523 2655 5593 longioris)
2683 5524 3157 5595 implere,quam,
3186 5520 3326 5574 dum
3349 5517 3422 5574 ab

1815 5621 2029 5693 angulo
2055 5619 2113 5672 in
2145 5614 2423 5684 angulum
2453 5609 2678 5678 dividis,
2702 5611 2998 5681 trigonum
3028 5608 3239 5670 reddis.
