3882 6230
382 352 481 408 I35
981 344 1331 403 SILVESTRI
1367 345 1413 401 Il
1453 341 1667 401 PAPE
1705 341 1861 402 OPP.
1891 336 2079 397 PARS
2109 338 2159 395 1.
2212 369 2280 382 -—
2324 336 2418 395 DE
2455 337 2742 396 DISCIPL.
2784 337 3093 395 MATHEH.
3609 337 3703 393 136

954 472 1177 528 CAPUT
1226 471 1424 528 XLVII.

737 597 855 654 Per
881 597 1148 652 cathetum
1181 595 1351 650 basim
1378 595 1630 648 invenire.

444 726 562 782 Per
588 721 890 781 cathetum
919 722 1102 777 basim
1145 720 1402 775 invenire
1453 721 1499 775 si
1548 720 1648 787 vis,
1694 719 1987 774 cathetum

378 813 569 885 ipsum
589 812 764 870 ducas
787 811 848 865 in
873 825 956 874 se,
981 809 1036 863 id
1059 813 1144 864 est
1166 812 1218 875 5,
1243 809 1339 879 qui
1368 808 1516 863 ﬁunt
1540 813 1626 864 25.
1657 808 1734 862 Ex
1761 807 1848 860 his
1871 821 1985 860 uno

379 901 616 973 dempto
645 898 849 971 reliqui
881 902 948 955 24
969 896 1274 952 dimidium
1305 896 1592 963 sumas,id
1607 899 1693 950 est
1726 899 1811 960 I2,
1831 892 1986 966 quod

379 990 487 1044 erit
522 988 692 1043 basis.
727 987 866 1044 Huic
885 1001 1019 1041 vero
1051 985 1286 1057 adjicias
1322 1002 1502 1040 unum
1536 983 1796 1055 superius
1821 982 1988 1036 dem-

376 1081 564 1148 ptum,
595 1080 654 1132 et
680 1075 937 1132 invenies
965 1074 1408 1145 hypotenusam.

448 1165 688 1222 Embadi
722 1167 919 1221 autem
939 1163 1116 1234 pedes
1131 1162 1386 1218 invenire
1404 1160 1856 1234 cupiens,basim
1883 1175 1986 1231 per

375 1253 771 1321 cathetum,id
792 1256 880 1308 est.
924 1256 988 1307 I2
1021 1266 1124 1322 per
1167 1256 1198 1306 5
1241 1252 1435 1319 ducas,
1474 1253 1617 1306 ﬁent
1664 1255 1752 1306 60.
1811 1250 1986 1320 Hujus

377 1347 607 1416 sumpta
632 1341 874 1398 dimidia
900 1339 958 1395 id
986 1344 1071 1394 est
1103 1345 1190 1408 30,
1217 1343 1330 1397 erit
1361 1341 1697 1397 embadum.

833 1438 851 1487 1
862 1445 894 1496 3
1827 1465 1831 1470 ι

560 1664 590 1713 5

833 1453 894 1496 τε,
1827 1465 1831 1470 .

627 1453 1620 1878 [‘M\\
2003 1787 2054 1846 B

782 1849 1716 1888 -um—b‘

824 1903 886 1954 I2

929 2055 1153 2111 CAPUT
1192 2055 1415 2110 XLVIII.

707 2181 1028 2252 Trapizctici
1055 2179 1337 2238 embadum
1367 2182 1621 2236 invenire.

433 2295 810 2370 Trapizeticus
865 2299 951 2350 est
1001 2295 1148 2349 basis
1192 2293 1408 2366 pedum
1459 2299 1549 2363 40,
1583 2299 1838 2354 cathetus
1885 2306 1973 2370 30,

365 2389 663 2440 coraustus
809 2381 1130 2437 Embadum
1171 2381 1508 2452 dignoscere
1535 2383 1577 2436 si
1607 2384 1707 2453 vis,
1742 2403 1844 2456 per
1881 2407 1972 2446 ca-

366 2475 590 2528 thetum
622 2470 940 2541 multiplica
991 2473 1342 2536 coraustum,
1375 2469 1431 2522 id
1483 2474 1568 2524 est
1619 2474 1876 2544 trigesies
1908 2483 1972 2534 25

368 2559 517 2615 fiunt
541 2564 664 2616 750.
689 2559 868 2625 Tunc,
891 2557 1045 2628 quod
1063 2556 1344 2627 reliquum
1375 2560 1460 2610 est
1486 2558 1656 2626 basis,
1677 2562 1848 2619 ducas
1869 2583 1977 2638 per

368 2648 686 2713 cathetum,
714 2644 771 2701 id
795 2648 882 2699 est
901 2643 1161 2715 trigesies
1190 2648 1251 2697 15
1274 2647 1406 2698 sunt.
1431 2649 1534 2701 450
1559 2649 1814 2706 medium
1847 2659 1969 2724 225,

357 2737 540 2806 junge
566 2732 972 2807 superioribus,
1001 2735 1134 2786 sunt
1158 2735 1282 2790 975.
1318 2732 1456 2787 Ecce
1513 2733 1800 2794 invenitur
1845 2759 1968 2798 em-

364 2822 603 2880 badum.

938 2970 1086 2984 τι.-.»
1109 2973 1154 2980 -τ
1175 2971 1274 2984 ιη...
1287 2974 1317 2983 ..

938 2995 947 3031 1
1084 2996 1144 3031 85

931 3354 1155 3413 CAPUT
1191 3359 1362 3418 XLIX.

363 3460 602 3532 Trogom’
611 3460 870 3533 isoplevri,
890 3461 1050 3535 csju:
1061 3470 1189 3518 sunt
1210 3464 1421 3535 singula
1453 3464 1621 3520 latera
1643 3469 1733 3534 30,
1759 3466 1970 3522 mbadi

836 3532 996 3604 pede:
1023 3532 1475 3606 comprehendere.

425 3637 660 3711 Trigoni
694 3637 986 3711 isoplevri,
1015 3640 1176 3711 cujus
1217 3644 1353 3698 sunt
1395 3642 1623 3716 singula
1655 3645 1838 3700 latera
1876 3648 1965 3708 30,

357 3726 589 3786 cmbadi
608 3725 1291 3800 pedescomprehendere
1309 3730 1354 3786 si
1375 3729 1478 3799 vis,
1498 3732 1658 3804 prius
1673 3733 1966 3788 cathetum

351 3816 430 3873 sic
453 3814 738 3873 invenias.
760 3815 930 3872 Latus
965 3833 1148 3872 unum
1173 3817 1233 3874 in
1251 3834 1311 3873 se
1343 3817 1472 3887 duc,
1501 3818 1645 3878 ﬂent
1669 3824 1802 3888 900;
1824 3821 1964 3877 item

353 3903 590 3960 alterius
629 3903 826 3960 lateris
864 3903 1124 3958 mediam
1175 3904 1232 3959 in
1275 3923 1355 3972 se,
1387 3907 1529 3962 flent
1565 3911 1691 3964 225.
1724 3909 1834 3964 Hos
1862 3909 1964 3965 de-

354 3993 549 4048 trahas
579 3991 651 4047 de
681 3995 807 4058 900,
838 3991 1225 4048 remanebunt
1247 3998 1348 4050 675
1380 3993 1597 4059 Quibus
1610 3996 1654 4051 si
1673 3997 1962 4054 addideris

355 4097 560 4147 unum,
592 4079 736 4134 flent
761 4083 883 4135 676.
929 4079 1108 4151 Hujus
1147 4081 1295 4135 latus
1331 4085 1418 4137 est.
1455 4087 1546 4144 26.
1580 4085 1717 4141 Ecce
1767 4086 1958 4141 cathe-

353 4172 480 4223 tum
512 4183 626 4240 quo
652 4182 757 4239 per
780 4166 930 4222 basis
953 4167 1255 4223 dimidiam
1273 4171 1672 4244 multiplicato,
1704 4173 1762 4230 id
1791 4178 1876 4230 est
1896 4178 1956 4230 15

351 4272 458 4329 per
481 4259 571 4322 26,
602 4254 779 4327 pedes
809 4254 1064 4311 invenies
1098 4257 1331 4314 embadi
1363 4264 1485 4316 390.

1015 4793 1064 4830 ,η

415 5153 477 5208 In
505 5151 668 5206 omni
698 5150 874 5223 igitur
892 5155 1237 5228 orthogonio
1268 5153 1560 5206 cathetum
1582 5151 1640 5203 et
1658 5148 1844 5204 basim
1873 5149 1957 5204 ef-

342 5239 947 5311 Ilcerehypotenusam
972 5241 1279 5312 contingit;
1300 5241 1721 5309 hypotennsam
1735 5251 1870 5290 vero
1895 5241 1957 5293 et

341 5329 634 5384 cathetum
660 5330 872 5401 basim;
898 5334 1323 5404 liypotenusam
1339 5327 1550 5380 iterum
1572 5329 1632 5380 et
1652 5325 1838 5380 basim
1865 5345 1955 5381 ca-

339 5419 587 5474 thetum.
605 5418 842 5475 Catbeto
873 5435 1126 5490 namque
1154 5418 1211 5470 in
1233 5431 1292 5470 se
1321 5414 1700 5484 multiplicato
1715 5413 1770 5468 id
1789 5419 1873 5468 est
1895 5420 1950 5483 5,

339 5507 438 5582 qui
469 5507 612 5562 ﬂent
649 5512 740 5576 25,
766 5511 826 5563 et
872 5506 1016 5572 basi,
1057 5505 1115 5559 id
1157 5507 1243 5558 est
1289 5507 1375 5570 I2,
1415 5503 1512 5574 qui
1547 5506 1648 5558 144
1677 5518 1951 5558 accumu-

338 5589 480 5666 lant,
498 5600 557 5654 et
580 5597 838 5668 utrisque
863 5593 1032 5649 simul
1058 5592 1114 5648 in
1140 5607 1318 5647 unum
1333 5589 1549 5665 junctis
1575 5590 1722 5646 ﬁunt
1755 5593 1876 5654 I69,
1893 5598 1954 5649 et

2011 470 2067 529 Α
2094 482 2159 520 ex
2178 465 2446 520 haclatus
2469 468 2763 536 sumptum
2798 462 2910 518 erit
2935 463 3316 534 hypotenusa.
3348 461 3426 515 Ex
3464 461 3706 532 hypote-

2094 571 2236 608 nusa
2257 556 2449 607 autem
2475 552 2532 606 in
2558 570 2619 607 se
2642 551 3045 624 multi-plicata,
3082 550 3139 605 id
3169 552 3255 604 est
3303 553 3390 616 I3,
3425 547 3527 620 qui
3564 549 3706 604 fiunt

2096 644 2216 705 169,
2236 640 2278 693 si
2311 639 2613 694 deduxeris
2646 639 2938 693 cathelum
2974 639 3031 692 in
3059 655 3141 703 se,
3171 637 3227 692 id
3247 639 3334 691 est.
3363 640 3430 690 25
3477 635 3703 706 reliqui,

2090 726 2145 781 id
2175 729 2262 781 est
2291 730 2413 794 144,
2447 743 2642 781 sumas
2671 728 2842 794 latus,
2873 725 2929 779 id
2960 728 3046 778 est
3079 729 3163 791 I2,
3196 724 3305 778 erit
3330 723 3500 779 basis.
3525 723 3708 794 Hypo-

2087 819 2351 871 tenusam
2407 832 2542 870 vero
2584 815 2627 869 si
2670 814 3139 886 multiplicaveris
3172 814 3229 868 in
3273 830 3354 879 se,
3399 815 3458 866 et
3499 812 3705 866 exinde

2089 905 2392 960 summulas
2413 907 2652 959 secretae
2673 902 2858 957 basim
2884 902 3018 956 inde
3041 901 3396 967 subduxeris,
3417 900 3476 954 id
3491 904 3576 954 est
3604 902 3706 954 144

2089 993 2315 1066 reliqui,
2349 993 2406 1048 id
2443 997 2528 1047 est
2558 996 2650 1059 25,
2684 993 2830 1047 latus
2872 991 3080 1045 catheti
3131 991 3230 1045 ﬁet
3267 1005 3562 1044 numerus.
3595 989 3701 1043 Ca-

2088 1082 2310 1136 thetum
2342 1085 2398 1136 et
2429 1081 2611 1136 basim
2659 1081 2717 1135 in
2757 1080 2971 1134 eisdem
3017 1078 3376 1150 orthogoniis
3415 1078 3702 1148 contingit

2089 1170 2317 1224 efﬁcere
2341 1169 2655 1224 embadum
2676 1168 2885 1223 taliter.
2911 1167 3174 1229 Catheto,
3202 1166 3260 1221 id
3281 1171 3367 1220 est
3389 1170 3442 1232 5,
3467 1181 3573 1236 per
3598 1166 3702 1219 ba-

2086 1259 2218 1326 sim,
2250 1257 2308 1312 id
2335 1260 2421 1312 est
2471 1261 2534 1312 I2
2578 1256 2980 1328 multiplicato,
3022 1255 3163 1310 ﬁent
3205 1259 3308 1320 60;
3353 1254 3526 1325 hujus
3563 1271 3702 1310 vero

2088 1345 2427 1412 dimidium,
2453 1345 2512 1399 id
2556 1347 2641 1399 est
2683 1348 2772 1410 30,
2819 1343 2929 1398 erit.
2965 1343 3299 1398 embadum.
3333 1343 3501 1406 Quod
3539 1343 3696 1398 idem

2086 1435 2270 1501 ﬂeret,
2303 1433 2348 1487 si
2379 1449 2484 1504 per
2515 1432 2725 1487 catheti
2757 1430 3058 1486 dimidiam
3096 1431 3266 1501 basis,
3296 1432 3382 1487 vel
3411 1447 3518 1503 per
3547 1431 3700 1486 basis

2086 1523 2391 1579 dimidium
2423 1521 2685 1576 cathetus
2702 1520 3202 1590 multiplicantur.

2704 1682 2769 1733 13

2729 1946 2859 2004 σομ-

2724 2130 2788 2180 12

2711 2264 2938 2318 GAPUT
2980 2263 3040 2318 Ι..

2153 2352 2384 2425 Trigom'
2403 2353 2622 2408 isoscelis
2650 2353 2914 2409 cat/ictum
2948 2353 3179 2406 invenire
3203 2351 3286 2406 vel
3310 2352 3620 2411 embadum.

2145 2441 2378 2513 Trigoni
2427 2442 2648 2496 isocelis
2680 2442 2864 2509 (Cod.,
2921 2440 3207 2511 isoscelis),
3253 2441 3412 2510 cujus
3461 2443 3696 2514 singula

2076 2531 2256 2585 latera
2287 2534 2418 2584 sunt
2447 2531 2663 2601 pedum
2715 2535 2803 2596 25,
2839 2528 2987 2583 basis
3026 2545 3158 2582 vero
3209 2533 3292 2594 14,
3343 2530 3384 2583 si
3427 2531 3693 2587 cathetus

2075 2623 2386 2689 quaeratur,
2410 2620 2496 2673 vel
2525 2618 2858 2675 embadum.
2880 2618 3004 2672 Uno
3031 2618 3205 2672 latere
3237 2618 3294 2672 in
3325 2635 3384 2673 se
3418 2619 3688 2682 ducto,id

2073 2709 2160 2760 est
2183 2710 2274 2774 25,
2299 2707 2441 2761 ﬁent
2461 2711 2582 2762 625.
2607 2707 2700 2760 His
2729 2706 2770 2759 si
2801 2706 3136 2760 subduxeris
3176 2706 3484 2763 dimidium
3536 2709 3692 2764 basis

2071 2794 2129 2848 in
2160 2811 2219 2848 se
2241 2799 2330 2860 49,
2365 2794 2592 2866 reliqui,
2624 2794 2681 2848 id
2727 2799 2811 2848 est
2845 2798 2946 2849 576
2973 2810 3164 2848 sumas
3185 2795 3351 2862 latus,
3388 2795 3447 2850 id
3477 2798 3562 2849 est
3593 2800 3687 2862 24,

2071 2885 2129 2936 et
2158 2884 2246 2937 tot
2275 2883 2488 2954 pedum
2503 2883 2615 2937 erit
2633 2883 2914 2938 cathetus.
2930 2882 3052 2945 Quo
3074 2898 3178 2955 per
3204 2881 3352 2938 basis
3373 2882 3684 2941 dimidium

2067 2971 2467 3041 multiplicato,
2496 2971 2750 3027 invenies
2782 2970 3018 3027 embadi
3049 2987 3360 3028 numerum
3396 2977 3518 3029 I69.

2841 3127 2866 3428 1

2676 3442 2993 3459 δῇ

2822 3492 2886 3545 14-

2695 3613 2921 3669 CAPUT
2962 3613 3045 3669 LI.

2348 3705 2574 3775 Trigom'
2596 3703 2796 3759 scalem'
2831 3703 3103 3759 cathetum
3133 3702 3390 3758 invenire.

2132 3810 2367 3884 Trigoni
2393 3811 2626 3880 scaleni,
2653 3811 2815 3883 cujus
2845 3810 3040 3865 minus
3069 3809 3218 3863 latus
3240 3808 3312 3863 sit
3341 3808 3555 3880 pedum
3592 3813 3686 3878 15,

2065 3900 2216 3957 basis
2244 3904 2333 3964 25,
2368 3901 2554 3973 majus
2586 3901 2734 3956 latus
2762 3903 2850 3968 20,
2880 3899 3174 3955 cathetum
3194 3895 3523 3952 inveniendi
3551 3896 3686 3952 haec

2064 3990 2173 4045 erit
2197 3992 2397 4063 regula
2424 4007 2437 4046 :
2463 3990 2686 4046 minore
2711 3991 2892 4044 latere
2919 3988 2976 4042 in
3003 4003 3062 4042 se
3085 3985 3552 4058 multiplicato,id
3566 3991 3683 4055 est,

2066 4083 2128 4134 15
2159 4079 2303 4134 fient
2326 4084 2452 4147 225,
2495 4079 2618 4134 basi
2655 4095 2812 4146 vero,
2845 4076 2902 4132 id
2954 4079 3038 4131 est
3083 4079 3174 4143 25,
3217 4077 3388 4129 erunt
3416 4079 3539 4132 625.
3574 4075 3680 4130 His

2059 4167 2350 4240 utrimque
2367 4167 2671 4222 summulis
2693 4167 2752 4221 in
2780 4183 2960 4221 unum
2981 4163 3199 4235 junctis
3227 4163 3368 4218 fient
3383 4167 3508 4219 850.
3543 4163 3682 4227 Qui-

2059 4257 2165 4312 bus
2191 4257 2235 4311 si
2266 4255 2602 4312 subduxeris
2630 4255 2819 4326 majus
2849 4255 2998 4309 latus
3027 4253 3084 4308 in
3120 4269 3201 4316 se,
3233 4252 3290 4306 id
3316 4256 3402 4306 est
3433 4255 3537 4308 400
3563 4269 3578 4320 ;
3617 4270 3689 4309 ex

1981 4338 2303 4417 Dreliquo,
2335 4345 2431 4418 qui
2479 4345 2852 4418 superfuerit,
2891 4343 2947 4398 id
2993 4346 3080 4397 est
3119 4345 3245 4410 450,
3291 4358 3454 4396 sume
3504 4341 3688 4396 dimi-

2057 4433 2767 4502 dium,idest225,eodem
2817 4447 3066 4487 numero
3106 4429 3552 4486 denominatam
3581 4447 3684 4485 ac-

2056 4522 2234 4593 cipias
2263 4525 2512 4593 partem,
2546 4538 2660 4594 quo
2705 4518 3154 4593 superscribitur
3182 4517 3352 4582 basis,
3386 4517 3444 4572 id
3470 4520 3552 4572 est
3585 4521 3681 4583 25,

2057 4626 2276 4665 nonam
2307 4626 2440 4664 vero
2472 4615 2538 4665 25
2570 4609 2706 4665 dicti
2739 4608 2970 4664 numeri
3013 4607 3296 4672 invenies,
3330 4609 3389 4661 et
3440 4609 3526 4661 tot
3569 4621 3684 4677 pe-

2056 4699 2194 4753 dum
2221 4699 2332 4754 erit
2369 4699 2562 4755 minor
2598 4699 2929 4772 prmcisura,
2963 4713 3077 4770 qua
3104 4695 3162 4750 in
3201 4713 3260 4750 se
3290 4695 3681 4767 multiplicata

2056 4789 2197 4843 flent
2225 4792 2313 4847 81.
2351 4787 2502 4852 Quos
2536 4789 2580 4843 si
2623 4787 2962 4844 subduxeris
2999 4787 3070 4841 de
3116 4785 3358 4840 minoris
3386 4783 3578 4839 lateris
3613 4785 3676 4838 in

2055 4893 2114 4930 se
2144 4875 2649 4948 multiplicatione,
2682 4877 2740 4933 id
2785 4882 2872 4932 est
2909 4877 2980 4931 de
3023 4879 3149 4942 225,
3184 4873 3414 4945 reliqui,
3447 4872 3541 4946 qui
3572 4889 3674 4927 su-

2057 4963 2352 5036 perfuerit,
2385 4965 2443 5020 id
2467 4969 2556 5021 est
2589 4971 2708 5034 144,
2733 4967 2880 5022 latus
2910 4965 3011 5021 ﬁet
3040 4962 3253 5020 catheti
3281 4977 3574 5018 numerus.

2495 5370 2546 5403 τω

2497 5413 2546 5433 ι..

2691 5421 2736 5458 οἱ

2813 5609 2880 5661 25
