3882 6230
85 468 175 521 137

713 578 935 635 CAPUT
956 575 1065 632 LII.

388 688 456 742 In
488 686 765 759 quadrato
795 684 1084 753 diagonum
1115 681 1378 749 invenire,

145 783 207 835 In
237 777 526 852 quadrato
561 775 889 844 diagonum
920 770 1183 824 invenire
1220 769 1264 823 si
1295 769 1397 837 vis,
1432 772 1494 823 ut
1524 768 1580 822 in
1612 782 1699 822 or-

84 866 363 940 thogoniis
386 865 515 935 jam
541 862 818 926 diximus,
836 861 981 913 latus
1002 873 1204 919 unum,
1230 857 1317 911 cui
1353 858 1613 927 superest
1640 858 1694 919 4,

87 959 139 1011 in
168 974 223 1011 se
252 955 449 1018 dueas,
483 955 545 1004 et
576 950 720 1002 ﬁent
756 952 836 1002 l6.
865 947 1056 999 Altero
1083 960 1215 999 vero
1240 944 1299 999 in
1334 961 1392 999 se
1416 944 1613 1004 ducto,
1638 942 1696 997 id

89 1048 165 1100 est
192 1047 242 1109 3,
269 1045 320 1096 9.
354 1038 581 1104 Quibus
610 1037 671 1089 in
703 1049 880 1088 unum
918 1031 1137 1103 junctis
1190 1031 1334 1086 fient
1384 1035 1473 1086 25.
1529 1020 1699 1100 Cujus

91 1148 213 1186 vero
251 1129 296 1183 s'i
336 1123 660 1196 sumpseris
702 1124 868 1186 latus,
913 1119 1150 1173 effecisti
1198 1119 1541 1190 diagonum,
1595 1119 1702 1171 Per

94 1219 234 1292 quod
256 1214 585 1271 embadum
631 1208 893 1264 invenire
937 1206 982 1260 si
1010 1205 1108 1271 vis,
1144 1206 1250 1260 duc
1274 1207 1330 1261 in
1364 1224 1423 1261 se
1450 1207 1592 1260 flent
1615 1209 1700 1260 25.

94 1306 258 1376 Hujus
292 1304 529 1373 sumpta
586 1296 866 1352 medietas
904 1294 967 1347 ﬁt
1017 1293 1352 1348 embadum.
1385 1294 1500 1349 Sed
1550 1292 1705 1365 quod

98 1392 415 1466 propiusest
435 1384 694 1451 veritati,
722 1387 781 1437 et
808 1382 868 1436 in
892 1380 1062 1436 omni
1092 1380 1375 1453 contingit
1397 1380 1702 1452 quadrato,

101 1497 193 1553 per
229 1475 604 1534 latitudinem
651 1469 956 1541 longitudo
998 1472 1085 1522 est
1138 1468 1597 1540 multiplicanda,
1650 1472 1709 1523 et

100 1569 185 1641 qui
215 1568 344 1621 inde
390 1558 717 1619 excreverit
763 1558 905 1611 ﬁunt
947 1555 1123 1628 pedes
1154 1572 1323 1611 arcae.

716 2372 938 2427 CAPUT
966 2356 1103 2427 Lui.

346 2476 661 2532 Numerum
696 2477 947 2531 arborum
978 2477 1039 2532 in
1074 2490 1202 2543 agro
1230 2471 1467 2525 invenire

180 2565 343 2636 Ager,
362 2566 533 2635 cujus
549 2564 854 2633 longitudo
880 2568 964 2619 est
984 2563 1198 2636 pedum
1222 2551 1600 2620 129,1atitudo
1632 2550 1725 2613 70,

122 2652 173 2708 in
202 2670 309 2725 quo
347 2655 591 2708 arbores
619 2653 905 2723 dispositae
931 2655 1063 2707 sunt
1093 2651 1246 2705 inter
1276 2646 1449 2718 pedes
1482 2646 1544 2708 5;
1583 2654 1733 2711 qua-

124 2758 241 2796 rum
258 2758 560 2808 numerus,
576 2741 618 2794 si
648 2745 958 2812 quaeratur,
982 2738 1275 2808 utriusque
1300 2727 1728 2805 partis,quanta

127 2833 221 2897 est,
248 2829 536 2885 sumenda
578 2832 684 2896 est,
714 2828 1090 2900 longitudinis
1123 2825 1337 2880 scilicet
1356 2824 1445 2887 24,
1470 2814 1724 2872 latitudi-

128 2917 206 2972 nis
256 2920 337 2973 14.
393 2916 618 2981 Quibus
676 2915 921 2971 invicem
977 2910 1390 2983 multiplicatis,
1422 2907 1566 2961 fient
1598 2904 1726 2957 336.

129 3006 256 3061 Ecce
286 3020 569 3060 numerus
591 3004 892 3061 arborum.

194 3096 283 3148 Est
308 3098 365 3148 et
396 3093 512 3147 alia
540 3091 892 3158 inveniendi,
925 3091 1148 3162 regula,
1193 3091 1256 3143 ut
1280 3102 1384 3159 per
1412 3077 1725 3153 longitudi-

135 3198 256 3236 nem
291 3181 539 3236 latitudo
583 3180 1018 3251 multiplicetur,
1058 3183 1116 3232 ct
1150 3177 1292 3231 fient
1330 3175 1492 3240 8490,
1525 3168 1729 3242 quibus
1753 3172 1799 3231 (ι

133 3285 229 3339 per
249 3268 557 3342 quinquies
585 3268 864 3339 quinque,
888 3266 946 3321 id
967 3270 1053 3321 est
1083 3269 1169 3333 25,
1195 3259 1421 3337 partitis
1444 3259 1584 3313 flent
1605 3257 1730 3322 336,

136 3361 188 3411 et
213 3361 287 3413 tot
320 3360 495 3413 erunt
514 3357 775 3414 arbores.
809 3357 925 3411 Sub
946 3353 1183 3410 scientia
1208 3367 1343 3406 vero
1366 3344 1730 3418 longitudine

1469 446 1560 505 DE
1564 448 1590 524 ι
1607 444 1791 504 cson
1799 447 2019 502 aram.

1719 576 1775 635 Α
1800 570 2163 643 multiplicat,
2188 571 2375 644 ipsum
2403 572 2551 628 latus
2571 570 2641 627 ad
2666 586 2797 627 eam
2821 568 3303 643 multiplicatione
3319 572 3417 630 ad-

3312 453 3416 509 I38

1806 658 1910 724 dit,
1942 659 2150 714 horum
2209 659 2513 716 dimidiam
2565 658 2763 728 sumit,
2819 661 2877 714 et
2909 657 2989 714 sic
3018 674 3215 716 aream
3249 677 3417 717 suam

1808 745 2034 817 implet.

1876 834 2077 890 Omnis
2142 840 2336 892 autem
2395 840 2706 909 teragonus
2754 851 2922 909 aequa
2967 835 3151 892 latera
3195 835 3418 893 habens

1807 939 1991 977 unum
2021 924 2169 978 latus
2194 924 2253 979 in
2284 942 2343 979 se
2376 924 2739 997 multiplicat,
2771 940 2842 979 ea
2869 924 3049 979 semel
3076 923 3419 999 multiplica-

1806 1009 1966 1064 tione
1992 1027 2190 1065 aream
2221 1028 2385 1067 suam
2418 1012 2648 1083 implet.

1880 1100 2272 1169 Pentagonus,
2304 1099 2402 1171 qui
2443 1099 2625 1172 aequis
2644 1099 2979 1154 continetur
3001 1099 3297 1168 lateribus,
3326 1102 3417 1156 ter

1810 1185 2350 1256 multiplicationem
2386 1187 2555 1242 unius
2586 1185 2780 1243 lateris
2817 1185 2877 1241 in
2902 1203 2963 1242 se
2994 1188 3334 1261 expostulat,
3357 1191 3417 1244 et

1808 1289 1875 1327 ex
1910 1273 2058 1328 illius
2087 1290 2319 1329 summa
2347 1273 2844 1346 multiplicationis
2875 1276 3057 1331 semel
3105 1292 3304 1333 aream
3334 1274 3417 1332 di-

1810 1361 2019 1416 ducere
2048 1366 2106 1417 et
2135 1363 2340 1436 reliqui
2372 1362 2751 1418 medietatem
2774 1378 3029 1421 sumere.
3400 1382 3405 1389 '

1882 1449 2221 1521 Hexagonus
2240 1454 2448 1523 quater
2476 1450 2670 1506 lateris
2692 1447 3241 1523 multiplicationem
3267 1450 3325 1506 in
3353 1468 3415 1508 se

1811 1540 2178 1608 exspostulat,
2198 1549 2256 1594 et
2272 1556 2339 1594 ex
2365 1538 3197 1611 summamultiplicationisbis
3216 1557 3414 1598 aream

1812 1625 2082 1681 diducere
2113 1630 2170 1681 et
2194 1627 2400 1701 reliqui
2439 1644 2668 1684 sumere
2707 1626 3101 1685 medietatem.

1883 1712 2253 1784 Heutagonus
2285 1714 2611 1788 quinquies,
2640 1731 2836 1771 aream
2866 1718 2976 1772 ter.

1888 1800 2217 1872 Octogonus
2240 1802 2469 1875 septies,
2504 1819 2703 1858 aream
2729 1806 2954 1875 quater.

1742 1885 1794 1944 Β
1887 1889 2237 1959 Enuagonus
2263 1890 2493 1962 septies,
2532 1907 2732 1946 aream
2762 1888 3091 1963 quinquies.
3117 1891 3193 1948 Et
3222 1891 3419 1948 elateri

1818 1975 1893 2030 ad
1921 1976 2070 2031 hanc
2093 1978 2592 2050 consequentiam.

2422 2100 2645 2156 CAPUT
2686 2100 2817 2155 LVI.

1827 2206 2200 2281 Cujuscunque
2228 2206 2444 2262 rotundi
2488 2207 2571 2262 vel
2604 2207 2795 2263 circuli
2821 2206 3143 2262 diametrum
3191 2207 3428 2265 invenire

2427 2302 2477 2349 et
2515 2294 2818 2354 cmbadum.

1900 2385 2298 2457 Cujuscunque
2326 2383 2559 2439 rotundi
2577 2385 2663 2439 vel
2687 2383 2883 2439 circuli
2914 2382 2959 2438 si
2974 2382 3055 2439 vis
3080 2382 3431 2442 diametrum

1834 2473 2092 2531 invenire
2124 2475 2181 2527 et
2205 2471 2543 2539 embadum,
2563 2472 2641 2527 sic
2667 2488 2928 2545 qum-as:
2961 2488 3028 2527 ex
3057 2470 3181 2543 ipso
3210 2472 3434 2529 ambitu

1834 2566 1903 2618 22
1935 2562 2153 2617 unitate
2192 2560 2434 2627 sublata,
2465 2560 2703 2633 reliqui,
2729 2559 2826 2634 qui
2848 2559 3219 2633 superfuerit,
3241 2576 3437 2618 sumas

1832 2651 2064 2707 tertiam
2091 2668 2105 2718 ;
2130 2667 2257 2722 qua:
2279 2650 2378 2705 flet
2409 2649 2782 2705 diametrum.

1906 2739 2228 2793 Embadum
2259 2737 2303 2792 si
2338 2737 2416 2792 vis
2454 2736 2734 2804 invenire,
2766 2737 2864 2792 vel
2888 2740 3012 2793 tota
3035 2737 3296 2794 eircuitio
3333 2753 3441 2810 per

1836 2827 2130 2898 integrum
2161 2825 2508 2881 diametrum
2548 2824 2813 2881 ducenda
2837 2828 2942 2894 est,
2977 2828 3036 2882 et
3067 2829 3207 2883 tunc
3230 2828 3442 2900 quarta

1835 2914 2147 2970 sumenda:
2177 2915 2263 2969 vel
2290 2913 2598 2969 dimidium
2645 2913 2914 2969 circuitus
2965 2930 3071 2988 per
3090 2914 3442 2971 diametrum

1832 3005 2147 3076 integrum,
2178 3006 2236 3057 et
2273 3004 2411 3057 tunc
2443 3002 2748 3065 medietas,
2778 3002 2865 3058 vel
2898 3006 3106 3075 quarta
3146 3019 3280 3075 pars
3334 3001 3441 3058 cir-

1833 3093 2017 3148 cuitus
2052 3108 2155 3164 per
2193 3090 2569 3156 diametrum,
2600 3092 2659 3145 et
2688 3091 2825 3144 tunc
2846 3092 3059 3148 totum.
3091 3089 3257 3155 Quod
3285 3088 3444 3145 idem

1834 3184 2000 3247 esset,
2032 3179 2075 3233 si
2096 3195 2201 3251 per
2212 3178 2517 3234 dimidium
2536 3177 2803 3234 circuitus
2824 3177 3111 3235 diametri
3141 3177 3450 3235 duceretur

1835 3267 2173 3326 dimidium.

136 3460 256 3500 cum
305 3462 554 3502 numero
606 3445 881 3499 arborum
929 3442 1349 3514 comprehensa
1378 3433 1620 3490 latitudo
1654 3431 1733 3486 sic

137 3538 434 3605 quaeratur,
468 3536 571 3589 120
606 3532 707 3606 qui
742 3548 1015 3587 numerus
1046 3533 1131 3586 est
1165 3522 1567 3598 longitudinis,
1600 3534 1733 3592 par-

141 3622 303 3678 tiatur
332 3640 436 3696 per
471 3626 523 3689 5,
567 3626 627 3677 et
655 3623 827 3676 erunt
860 3624 950 3689 24,
983 3636 1124 3692 quos
1163 3631 1439 3672 numerus
1461 3610 1735 3666 arborum

141 3714 233 3767 336
261 3712 519 3767 continet
564 3710 753 3765 decies
784 3710 1024 3781 quater;
1070 3706 1168 3779 qui
1202 3708 1287 3769 14,
1320 3706 1378 3757 et
1424 3698 1533 3772 ipsi
1567 3697 1737 3771 quin-

142 3801 289 3872 quies
309 3800 460 3856 ducti
486 3798 744 3854 efﬁciunt
772 3804 869 3866 '70;
894 3813 1020 3869 quas
1052 3799 1136 3850 est
1157 3790 1403 3849 latitudo
1444 3786 1591 3861 agri.

2317 3580 2463 3770 7
2793 3580 2846 3801 ἓ

2417 3489 2535 3531 ,ΧΨ

2350 3834 2401 3881 2'

2722 3947 2841 4016 ea:

2729 4032 2778 4082 eo

885 3889 985 3942 120

729 3968 1380 4016 ----··-·“¹“¹¹Ί

2287 3947 2318 4016 \
2722 3947 2841 4016 βξ

2729 4032 2778 4082 ε’)

729 3989 736 3993 ι
885 3907 985 3942 ‘IZU
2695 3907 3086 4016 Γ

1679 4050 1685 4054 ·
2306 3907 2349 4120 ζ
2729 4032 2778 4082 εο
3042 3980 3077 4115 κ

899 4410 999 4464 120
1779 4433 1830 4493 ι)
2450 4401 2673 4496 CAPUT
2703 4399 2862 4496 LVII:
3008 4480 3019 4494 .

750 4511 974 4569 CAPUT
1015 4509 1144 4566 LIV.
2206 4514 2277 4551 ,η
2300 4494 2597 4567 hemicyclo
2627 4503 2810 4546 aream
2839 4494 3093 4539 invcmre.

530 4620 766 4678 Rhombi
798 4618 1067 4675 calhetum
1106 4630 1359 4687 quaerere.

228 4712 461 4769 Rhombi
504 4710 666 4782 (Cod.
699 4707 914 4777 cumbi)
944 4721 1101 4772 vero,
1157 4704 1316 4773 cujus
1360 4700 1501 4756 fient
1529 4697 1754 4768 singula

164 4800 330 4857 latera
363 4802 576 4873 pedum
616 4801 704 4865 10,
755 4798 813 4850 et
861 4794 1181 4865 diagonum
1233 4794 1321 4860 12,
1351 4789 1645 4844 cathetum
1673 4784 1752 4839 sic

168 4905 391 4961 qumras.
419 4891 749 4959 Diagonum
770 4883 1099 4948 dimidium,
1123 4880 1179 4935 id
1198 4882 1303 4947 est,
1336 4883 1388 4935 6.
1422 4877 1479 4932 in
1516 4892 1574 4930 se
1598 4874 1747 4929 mul-

166 4976 364 5050 tiplica,
396 4978 542 5033 ﬁunt
571 4979 663 5031 36.’
696 4973 786 5027 llis
828 4969 1119 5025 subductis
1150 4968 1220 5022 de
1270 4963 1748 5038 multiplicatione

167 5066 318 5120 unius
337 5065 524 5121 lateris
548 5064 603 5118 in
634 5079 715 5128 se,
748 5061 806 5115 id
836 5063 921 5113 est
953 5058 1024 5113 de
1056 5060 1175 5127 109,
1207 5053 1433 5127 reliqui,
1460 5051 1518 5107 id
1544 5053 1630 5106 est
1659 5054 1749 5121 64,

170 5169 343 5209 sumas
364 5156 528 5221 latus,
558 5152 619 5207 id
649 5153 735 5205 est
763 5153 816 5215 8,
850 5150 907 5203 et
944 5148 1031 5201 tot
1059 5144 1277 5219 pedum
1302 5141 1532 5198 rhombl
1559 5139 1752 5195 cathe-

172 5243 269 5297 tus.
285 5242 398 5307 Quo
422 5258 523 5316 per
544 5240 881 5311 diagonum,
911 5236 968 5292 id
991 5238 1076 5290 est
1108 5238 1193 5302 12,
1220 5231 1599 5305 multiplicato
1614 5228 1757 5283 fient

174 5333 264 5401 9'5;
292 5335 346 5387 et
365 5335 449 5387 tot
474 5330 689 5404 pedum
717 5326 827 5382 erit
848 5342 1003 5381 area.

782 5447 1005 5505 CAPUT
1038 5446 1143 5505 LV.

176 5556 421 5627 Quomodo
439 5565 696 5634 trigonus,
722 5564 990 5625 tetragron
1002 5572 1077 5622 us,
1097 5555 1423 5623 hexagonus,
1443 5556 1566 5617 etc.,
1595 5548 1759 5619 arqui-

569 5650 725 5706 lateri
737 5662 859 5701 suas
880 5661 1036 5699 areas
1066 5642 1343 5715 impleant.

244 5738 426 5798 Omnis
456 5742 719 5813 trigonus
778 5734 1142 5808 aequilaterus
1198 5747 1377 5788 unum
1429 5730 1579 5788 latus
1607 5724 1666 5782 in
1699 5738 1760 5781 se

545 5853 787 5912 Pauca.
813 5843 1069 5905 CXXXIX.

1926 4587 1986 4641 In
2011 4585 2354 4657 hemicyclo,
2399 4564 2559 4656 cujus
2587 4577 2737 4637 basis
2769 4575 2842 4631 sit
2869 4571 3085 4647 pedum
3113 4571 3205 4636 28,
3231 4564 3454 4657 diame-

1853 4680 2007 4733 trum
2042 4679 2127 4742 18,
2154 4656 2353 4729 arcam
2376 4673 2455 4729 sic
2484 4684 2708 4746 quaeras
2738 4682 2753 4723 :
2778 4680 2881 4738 per
2899 4660 3251 4746 diametrum
3282 4656 3456 4746 ducas

1851 4765 2032 4821 basim
2059 4782 2072 4831 ;
2109 4763 2251 4818 ﬁent
2283 4763 2457 4835 pedes
2485 4744 2611 4818 392.
2642 4757 2737 4812 His
2783 4748 3064 4809 Undecies
3094 4744 3280 4802 ductis
3307 4745 3456 4835 (lunt

1850 4854 2026 4927 pedes
2056 4855 2179 4907 312.
2212 4831 2387 4922 Hujus
2407 4850 2638 4921 sumpta
2666 4843 2893 4901 decima
2927 4838 3133 4927 quarta
3162 4835 3327 4903 parte
3352 4831 3452 4886 flet

1851 4922 1987 5010 i398;
2020 4942 2078 4995 et
2105 4943 2193 4995 tot
2213 4938 2430 5011 pedum
2459 4939 2547 4993 est
2586 4935 2754 5007 hujus
2782 4922 3082 4998 hemicycli
3117 4934 3282 4981 area.

2294 5077 2929 5465 LL

2440 5529 2663 5588 CAPUT
2695 5525 2882 5588 LVIII.

2282 5619 2520 5690 Sphccre
2557 5634 2741 5674 aream
2769 5613 3040 5687 colligere.

1928 5716 2205 5791 Sphaerus,
2228 5688 2389 5783 cujus
2404 5708 2491 5765 est
2504 5707 2720 5783 pedum
2744 5701 3048 5777 longitudo
3065 5700 3121 5767 4,
3139 5688 3391 5752 latitudo
3411 5690 3445 5747 3
3460 5725 3478 5757 I

3063 5814 3098 5871 εἰ
