3882 6230
454 427 555 485 139

1123 430 1474 493 SILVESTRI
1499 435 1546 492 Il
1564 438 1762 494 PAPAE
1786 437 1939 496 OPP.
1968 439 2053 497 PA

2175 443 2210 500 l.
2237 474 2306 484 -
2333 445 2422 500 ne
2439 445 2743 516 ,DISClPL.
2773 447 3083 510 unum.

3671 462 3770 520 H0

464 550 544 651 sic
572 549 1030 654 colligatur
1055 570 1069 608 :
1091 554 1452 654 longitudine
1480 559 1859 654 etlatitudiue
1890 561 2062 618 simul
2083 567 2143 634 Α
2166 563 2350 632 nium,
2385 568 2759 640 oxygouium,
2799 573 2858 626 et
2889 572 3294 644 aequilaterum
3321 577 3426 632 sub
3459 579 3642 636 oculis
3671 597 3771 654 po-

469 637 685 717 juuctis
713 639 857 696 ﬁent
885 645 938 708 7,
966 641 1270 700 dimidium
1295 647 1504 702 horum
1536 652 1589 717 3,
1624 651 1675 702 5.
1707 649 1880 704 Hisin
1909 667 1969 705 se
2000 655 2064 707 12

453 731 509 782 οἳ
660 746 725 801 Hi
767 746 1036 804 undecies
1066 749 1210 806 ﬂent
1249 755 1374 808 434.
1417 753 1516 816 SS,
1559 713 1786 810 liorum
1829 759 2062 826 sumpta

463 839 634 908 parte
659 835 885 894 decima
905 843 1110 912 quarta
1131 842 1458 912 ﬁeutpedes
1483 848 1536 910 9,
1560 844 1742 899 unciae
1764 851 1795 900 7
1817 847 1874 900 et
1888 843 2062 898 semis

453 924 645 993 uncia,
687 925 746 982 id
775 930 862 982 est
884 931 1146 998 septunx,
1180 933 1239 985 et
1261 931 1574 1000 semuncia,
1607 933 1859 1005 Sphaerus
1885 933 2062 1003 igitur

449 1013 573 1070 hac
597 1013 708 1070 erit
737 1030 890 1070 area.
927 1016 1148 1086 Regula
1175 1021 1370 1073 autem
1387 1021 1504 1074 hac
1533 1037 1669 1075 vera
1699 1024 1784 1075 est
1814 1021 1872 1075 in
1897 1020 2058 1075 omni

451 1102 678 1176 sphaera
715 1102 830 1158 sive
859 1105 1130 1174 rotunda,
1161 1105 1276 1162 sive
1298 1107 1568 1180 oblonga.

1239 1199 1270 1250 3

1106 1429 1281 1480 ΡΕΩ.
1297 1437 1338 1482 9

1071 1504 1288 1562 omne
1320 1515 1472 1566 ras
1513 1486 1556 1566 \
1609 1486 1646 1538 4

440 2145 509 2204 In
536 2150 734 2221 trigoni
755 2151 1063 2221 orthogonio
1096 2151 1292 2208 εἰναιιί
1323 2154 1576 2224 inscripti
1595 2161 1645 2208 et
1671 2153 1884 2228 singula
1909 2153 2074 2208 latera

779 2241 1048 2310 tangentis
1078 2239 1409 2294 diametrum
1459 2243 1717 2296 invenire.

507 2329 571 2382 In
591 2327 861 2398 trogouio
877 2328 1230 2400 orthogouio
1275 2327 1471 2383 circuli
1501 2329 1764 2401 inscripti
1779 2332 1834 2382 ct
1849 2327 2073 2399 singula

439 2417 623 2472 latera
649 2415 963 2487 tangentis,
1021 2433 1086 2469 ex
1111 2415 1370 2470 numeris
1399 2416 1609 2470 catheti
1635 2421 1692 2471 et
1723 2416 1872 2471 basis
1902 2415 2069 2470 simul

447 2503 666 2576 junctis
697 2503 1075 2575 hypotenusa:
1105 2519 1415 2558 numerum
1449 2503 1492 2556 si
1539 2504 1896 2573 subduxeris,
1918 2503 2074 2557 inve-

445 2591 572 2647 nies
591 2591 967 2646 diametrum.
995 2590 1104 2645 Sed
1120 2590 1164 2644 si
1188 2591 1269 2644 vis
1298 2590 1635 2662 dignoscere
1655 2595 1934 2665 quantum
1957 2609 2074 2646 em-

443 2678 582 2735 badi
628 2679 888 2752 partibus
934 2678 1111 2751 ipsius
1144 2678 1357 2748 trigoni
1391 2679 1667 2735 circulum
1701 2680 2072 2736 extraceden-

447 2766 602 2822 tibus
639 2765 1010 2838 relinquitur,
1049 2765 1300 2821 embado
1340 2767 1512 2822 totius
1542 2768 1753 2840 trigoni
1780 2768 1941 2840 prius
1970 2785 2073 2840 per

449 2855 806 2929 supradictas
827 2855 1056 2926 regulas
1075 2854 1309 2910 invento
1331 2855 1665 2928 vigesimam
1683 2856 1932 2928 primam
1945 2856 2073 2912 sub-

453 2945 698 3014 trahas;
738 2944 1039 3017 ipsamque
1073 2943 1345 2998 undecies
1388 2944 1831 3017 multiplicatam
1875 2944 2071 3000 circuli

454 3051 605 3092 areee
636 3035 872 3090 tribuas.
903 3033 1066 3098 Quod
1095 3050 1232 3088 vero
1276 3033 1610 3106 relinquum
1636 3033 1830 3101 fuerit,
1869 3033 1928 3088 id
1981 3036 2066 3088 est

452 3127 577 3192 140,
597 3140 701 3196 pro
729 3123 978 3178 embado
1014 3121 1302 3176 dictarum
1337 3121 1804 3194 partim,scilicet
1833 3125 2060 3176 extracc

451 3212 734 3279 dentium,
761 3216 980 3275 teneas,
1015 3214 1079 3266 ut
1112 3211 1368 3281 subjecta
1395 3211 1706 3282 descriptio
1739 3210 1945 3265 docet:
1979 3209 2068 3264 vi-

454 3301 662 3357 delicet
681 3301 818 3355 tolle
840 3299 1169 3355 vicesimam
1191 3299 1467 3371 primam,
1486 3303 1545 3354 et
1570 3298 1950 3370 multiplicata
1966 3314 2068 3352 un-
2103 3288 2152 3348 C
2515 3297 2581 3349 10

455 3389 664 3459 decies,
695 3390 761 3444 ﬁt
804 3405 940 3444 area
986 3387 1202 3445 circuli.
1241 3388 1614 3460 Multiplicata
1660 3386 1869 3449 decies,
1923 3385 2072 3440 fiunt

452 3479 808 3536 excessioues
851 3477 1090 3550 trigoni.

754 3809 979 4281 la

467 3897 474 3944 ἰ

468 4291 507 4377 ⁸⁵
591 4315 978 4368 Immunem
1217 4277 1261 4335 τ

722 4423 986 4478 enlist.

520 4290 1396 4645 uxcns
1412 4534 1648 4596 smnus
1683 4535 1818 4590 mo.

1230 4765 1317 4820 UT
1345 4761 1456 4820 LX.

463 4867 677 4941 Regula
704 4867 776 4923 ad
805 4769 1226 4923 consummatis],
1206 4849 1517 4926 pyramides
1531 4849 1592 4905 in
1613 4845 1854 4941 omnibus
1881 4841 2053 4941 )iguria

2175 4761 2327 4814 Hanc
2357 4761 2533 4832 igitur
2570 4761 2834 4831 regulam
2859 4777 3033 4816 nemo
3081 4761 3140 4815 in
3171 4761 3415 4831 caeteris,
3443 4762 3503 4818 id
3523 4767 3648 4819 est:
3671 4762 3754 4816 he-

2175 4848 2428 4919 xagouis,
2459 4849 2547 4903 vel
2589 4847 2953 4922 heptagouis,
2989 4849 3080 4904 vel
3133 4850 3452 4922 octogonis.
3473 4853 3564 4908 vel
3595 4865 3755 4908 euua-
3803 4853 3807 4941 I‘

575 4957 615 5013 a'
638 4957 819 5012 multis
849 4950 1062 5024 angulis
1083 4941 1486 5019 procedentibus
1513 4945 1563 4994 et
1591 4939 1734 5010 arqui
1761 4935 1960 5024 lateris.

540 5049 604 5102 In
637 5018 1135 5111 omnibus'figuris
1165 5052 1200 5090 a
1227 5031 1420 5088 multis
1449 5027 1676 5100 angulis
1700 5018 2071 5111 procedenti-

2180 669 2389 708 uamus
2411 655 2594 710 latera
2617 657 2848 728 singula
2888 660 3204 717 habentem
3251 663 3490 721 denario
3523 684 3771 724 numero

2163 740 2483 811 designata,
2507 743 2670 813 cujus
2708 747 3022 803 embadum
3052 750 3126 804 sit
3155 753 3257 820 55;
3291 753 3449 824 quod
3478 753 3568 810 bis
3597 756 3770 811 duca-

2163 831 2278 895 tur,
2309 831 2368 882 et
2391 829 2554 896 fient,
2611 833 2731 900 110,
2759 834 2964 905 quibus
2997 853 3110 892 uno
3141 839 3323 894 latere
3341 839 3570 911 juncto,
3604 843 3664 898 id
3690 847 3774 899 est

2167 918 2257 970 101
2288 915 2426 970 ﬁent
2454 920 2572 971 120.
2607 917 2692 986 Hi,
2717 937 2821 991 per
2841 939 3153 979 numerum
3169 927 3390 982 unitate
3412 928 3562 984 latus
3590 948 3770 987 unum

2165 1005 2617 1075 prmcedentem,
2657 1005 2716 1060 id
2754 1013 2840 1063 est
2873 1013 3142 1068 undecies
3196 1014 3372 1084 ducti,
3417 1017 3562 1072 ﬂent
3603 1023 3759 1076 1320.

2163 1090 2339 1178 Hujus
2364 1096 2522 1146 sexta
2539 1099 2792 1166 sumpta,
2821 1097 2879 1152 id
2909 1115 2976 1154 ex
3006 1104 3110 1156 220
3140 1101 3266 1172 jam
3308 1103 3442 1158 dicti
3493 1107 3773 1178 oxygonii

2163 1177 2264 1232 ﬁet
2297 1178 2574 1252 pyramis.

2599 1605 2679 1674 θ’
3211 1595 3276 1680 ’ᾧ

2781 1676 2970 1722 ΞΠΒΑΠ

2857 1761 2932 1812 τί

2673 1901 2712 1946 2
2729 1877 2785 1946 z'
2802 1881 2926 1948 ’ω
2938 1897 3088 1943 ams
3349 1866 3397 2019 ἒ

2785 2064 3006 2118 CAPUT
3038 2064 3164 2118 LXI.

2179 2149 2432 2206 Invenire
2450 2151 2794 2222 pyramidem
2826 2152 2882 2204 in
2919 2158 3218 2222 tetragono.
3252 2150 3405 2222 cujus
3429 2153 3538 2207 sint
3565 2152 3775 2224 singula

2495 2238 2662 2292 latera
2667 2239 2826 2309 pedes
2862 2242 2926 2293 10
2947 2242 2998 2294 et
3025 2237 3307 2292 embadum
3327 2243 3448 2296 100.

2236 2327 2623 2397 Tetragonum
2650 2342 2808 2394 vero,
2835 2326 2996 2397 cujus
3017 2325 3132 2381 sint
3146 2326 3573 2398 siugulalatera
3600 2329 3775 2403 pedes

2173 2418 2258 2484 l0,
2293 2420 2351 2470 et
2376 2416 2687 2470 embadum
2719 2417 2838 2482 100,
2879 2413 3133 2486 pyramis
3163 2415 3242 2470 sic
3269 2421 3586 2488 quaeratur,
3619 2423 3684 2474 ut
3712 2421 3768 2476 in

2167 2505 2419 2577 trigonio
2449 2504 2708 2576 superius
2735 2503 3040 2576 descripto,
3080 2503 3345 2561 videlicet
3365 2509 3428 2560 ut
3456 2507 3769 2564 embadum

2169 2595 2312 2667 ejus,
2363 2593 2519 2666 quod
2579 2595 2663 2647 est
2715 2595 2815 2646 100
2847 2591 2936 2646 bis
2985 2591 3262 2648 ducatur:
3295 2593 3444 2650 (lunt
3469 2599 3576 2652 200
3607 2596 3770 2670 eique

2167 2698 2411 2737 summa:
2437 2682 2584 2736 latus
2623 2695 2800 2734 unum
2844 2679 3142 2750 jungatur,
3171 2679 3316 2734 ﬁent
3345 2685 3464 2737 210.
3499 2683 3567 2737 Hi
3594 2684 3770 2739 unde-

2169 2770 2283 2825 cies
2319 2772 2556 2841 propter
2589 2765 2979 2840 supradictam
3003 2781 3237 2822 causam
3259 2768 3412 2824 ducti
3439 2769 3584 2826 ﬁent
3608 2773 3767 2829 2310.

2170 2858 2344 2930 llujus
2373 2860 2550 2922 sexta,
2595 2854 2652 2910 id
2682 2857 2768 2909 est
2789 2856 2917 2920 385,
2950 2853 3051 2907 liet
3095 2855 3348 2926 pyramis
3395 2856 3667 2932 descripti
3700 2864 3772 2916 te-

2168 2948 2420 3022 tragoui.

2929 3015 2994 3067 10

2631 3131 2952 3143 .-.ουκ-...οισι-

2911 3172 3060 3223 10οο

2957 3133 3312 3149 Ἥ

2621 3244 2630 3326 Ι
3360 3301 3428 3354 10

2863 3523 3026 3582 38-5.

2771 3696 3164 3840 CAPU'il‘OLXII.

2166 3865 2236 3922 In
2251 3872 2555 3940 pentagono
2587 3869 2890 3942 aequitatem
2933 3871 3146 3929 denarii
3188 3871 3402 3927 numeri
3425 3869 3759 3944 pyramidem

2839 3959 3042 4034 indaga
3054 3977 3128 4018 re.

2237 4046 2300 4100 In
2331 4048 2666 4120 pentagono
2693 4064 2944 4123 quoque,
2975 4049 3074 4123 qui
3095 4049 3410 4122 aequalibus
3439 4049 3758 4107 continetur

2165 4132 2459 4205 lateribus,
2489 4135 2798 4194 etdeuario
2821 4155 3066 4195 numero
3096 4139 3483 4210 supernotatis
3501 4138 3757 4195 eamdem

2163 4224 2426 4295 regulam
2467 4224 2541 4280 ad
2566 4225 2940 4298 pyramidem
2991 4227 3460 4284 constituendam
3500 4227 3757 4284 indiscre-

2164 4315 2374 4384 panter
2409 4313 2684 4374 invenies.
2727 4316 2904 4388 Hujus
2944 4333 3198 4389 namque
3245 4316 3584 4390 peutagonii
3617 4331 3755 4382 area,

2086 4428 2140 4488 D
2165 4398 2225 4454 id
2248 4403 2335 4456 est
2366 4418 2380 4457 :
2416 4405 2542 4472 145,
2571 4403 2658 4459 bis
2683 4403 2742 4459 iu
2787 4421 2849 4459 se
2879 4404 3051 4460 ducta
3075 4404 3219 4460 fient
3249 4408 3374 4473 290,
3405 4410 3466 4460 at
3493 4407 3662 4462 unius
3686 4405 3757 4460 la-

2166 4491 2306 4545 teris
2332 4509 2576 4548 numero
2621 4496 2996 4565 augmentato
3045 4497 3423 4566 repraesentat
3448 4499 3573 4564 300,
3598 4499 3656 4552 et
3681 4493 3754 4550 his
3813 4499 3815 4525 ξ

2169 4579 2440 4636 undecies
2457 4581 2640 4656 ductis
2663 4582 2812 4638 fiunt
2830 4584 2920 4638 33.
2949 4584 3084 4638 Post
3107 4583 3266 4655 cujus
3297 4586 3538 4654 sextam,
3571 4585 3632 4640 id
3653 4585 3749 4640 est:
3811 4593 3813 4609 '

2172 4673 2275 4726 550
2319 4687 2455 4726 area
2494 4671 2618 4743 jam
2664 4671 2818 4727 dicta
2865 4688 2981 4727 suae
3012 4673 3408 4730 accumulatur
3456 4671 3750 4747 pyramidi.
3809 4687 3811 4691 ί

2170 4759 2327 4814 Hanc
2357 4758 2533 4832 igitur
2570 4761 2834 4831 regulam
2859 4777 3033 4816 nemo
3081 4759 3140 4815 in
3171 4761 3415 4831 caeteris,
3443 4762 3503 4818 id
3523 4767 3648 4819 est:
3671 4762 3754 4816 he-
3807 4773 3809 4775 ‘

2171 4937 2357 5010 gonis,
2380 4937 2466 4992 vel
2485 4937 2814 5008 decagonis,
2837 4937 2923 4993 vel
2958 4937 3018 4993 iu
3039 4937 3308 4993 omnibus
3328 4956 3361 4994 a
3393 4937 3752 5010 multiaugulo

2169 5025 2638 5097 procedentibus,
2666 5030 2724 5082 et
2761 5043 2928 5099 aequa
2961 5027 3146 5082 latera
3173 5026 3521 5084 habentibus
3549 5026 3754 5084 dubitet

467 5135 596 5197 bus,
619 5137 679 5188 et
712 5148 879 5204 aqua
908 5106 1092 5184 latera
1117 5121 1461 5180 habentibus
1490 5117 1564 5174 ad
1594 5113 1836 5204 pyrades
1857 5106 2072 5165 consti-
2169 5113 2384 5204 habere
2418 5116 2914 5204 consequentiam,
2947 5118 3148 5171 etnon
3176 5117 3406 5172 tantum
3429 5116 3665 5173 denario
3685 5114 3753 5169 iu-

465 5202 844 5279 tuendashrec
860 5217 1102 5274 sufﬁciat
1124 5214 1324 5286 regula
1347 5229 1359 5266 :
1377 5210 1664 5265 dictarum
1681 5202 2068 5274 cujuscunque

462 5311 786 5382 figurarum
813 5324 950 5364 area
984 5299 1593 5362 inveutabisducatur,
1625 5292 1790 5362 eique
1821 5301 2066 5382 summa:

460 5374 658 5457 lateris
681 5398 850 5456 unius
872 5411 1149 5454 numerus
1170 5392 1472 5462 jungatur,
1503 5385 1561 5439 et
1594 5383 1716 5437 haec
1767 5374 2064 5452 permistio

459 5505 566 5562 per
620 5503 930 5544 numerum
990 5481 1211 5538 unitate
1263 5469 1673 5562 tantummodo
1703 5468 1850 5522 latus
1881 5478 2064 5562 unum

457 5555 886 5652 precedentem
909 5567 1342 5641 multiplicetur,
1391 5565 1449 5618 et
1475 5560 1599 5652 ejus
1628 5572 1872 5652 summie
1903 5555 2062 5652 sexta

453 5642 588 5740 pars
615 5666 900 5729 sumatur,
953 5673 1082 5731 qua:
1133 5655 1234 5710 fiet
1262 5649 1517 5726 pyramis
1545 5642 1869 5720 superﬁcici
1924 5646 2059 5697 ante

453 5755 780 5828 duplicatae,
1230 5830 1238 5832 _
1370 5825 1404 5832 μ
1467 5826 1484 5832 _
1775 5824 1785 5832 _
1885 5819 1951 5832 Η

526 5823 643 5898 Sed
667 5842 734 5896 ut
759 5834 1090 5909 exemplum
1103 5832 1176 5890 de
1199 5825 1439 5904 singulis
1452 5826 1676 5894 demus,
1699 5824 1860 5898 prius
1882 5823 2058 5894 trigo-

2168 5201 2401 5271 notatis,
2432 5202 2533 5258 sed
2561 5204 2821 5278 quolibet
2847 5219 3116 5260 numero.

2808 5327 3040 5403 \°/\
3059 5327 3131 5394 νο

2808 5336 2873 5403 »9
3059 5336 3131 5394 ’θ

2911 5475 3042 5564 iu"

2695 5581 2760 5634 l0
2989 5588 3000 5595 -
3105 5479 3122 5792 Ι
3172 5569 3238 5622 10

2807 5336 2998 5792 ᾖα

2933 5825 2999 5880 10

3785 5623 3787 5691 ι

3783 5697 3785 5775 1

3778 5779 3783 5866 J

3778 5873 3782 5965 Ι
