3882 6230
154 420 235 471 Ml

737 539 961 594 CAPUT
991 539 1167 595 LXIII.

150 626 208 679 In
253 628 391 681 omni
440 627 670 694 circulo,
727 628 929 681 duobus
979 627 1376 699 cirmmscn’pto
1436 632 1743 699 tetragonz’s,

260 700 408 764 scire,
439 706 705 769 quantum
736 699 802 751 ab
831 699 1192 753 extracedente
1220 702 1487 766 vincatur,
1517 710 1614 755 etc.

207 787 263 839 In
281 786 440 839 omni
453 785 692 851 circulo,
712 786 811 857 qui
830 786 1049 839 duobus
1068 786 1554 841 circumscribitur
1570 790 1747 844 tetra-

150 873 313 943 gonis,
344 891 457 927 uno
487 873 752 940 interius,
787 875 967 928 altero
996 875 1262 941 exterius,
1295 876 1337 929 si
1369 876 1449 929 vis
1478 892 1743 947 compre-

148 962 710 1033 hendere,quantum
775 963 846 1017 ab
895 964 1301 1019 extracedente
1359 965 1639 1037 vincatur,
1687 970 1746 1022 et

147 1051 507 1121 subscriptum
526 1051 741 1119 vincat,
760 1051 1111 1106 diametrum
1129 1053 1176 1122 ej
1188 1070 1251 1106 us
1270 1052 1377 1107 duc
1402 1055 1461 1108 in
1484 1071 1562 1108 se.
1580 1055 1744 1118 Quod

147 1154 259 1191 cum
310 1137 465 1204 facis,
516 1140 814 1193 cathetum
865 1140 1235 1210 suprascripti
1286 1143 1597 1212 ‘tetragonii
1641 1158 1746 1213 per

146 1225 307 1280 basim
336 1226 791 1297 multiplicatum
824 1228 1036 1295 reddis,
1085 1231 1143 1282 et
1171 1246 1239 1283 ea
1268 1230 1743 1303 multiplicatione

144 1330 318 1369 aream
347 1315 469 1385 ejus
488 1315 719 1386 imples.
738 1316 811 1369 Ex
829 1316 978 1369 illius
998 1333 1132 1371 vero
1150 1334 1393 1372 summa:
1411 1318 1743 1389 integritate

148 1402 212 1455 ad
257 1402 443 1457 circuli
492 1419 694 1458 aream
741 1404 1148 1459 inveniendam
1184 1408 1298 1460 tres
1336 1409 1401 1460 14
1441 1407 1742 1463 subducas.

146 1488 338 1554 Quibus
353 1491 673 1557 subductis,
695 1493 853 1564 quod
871 1493 1156 1564 reliquum
1177 1494 1368 1562 fuerit,
1390 1494 1434 1549 si
1455 1509 1560 1565 per
1576 1514 1747 1569 supe-

146 1580 247 1632 rius
274 1579 482 1633 dictam
513 1581 804 1651 regulam,
836 1584 894 1634 et
915 1581 1154 1637 dimidio
1181 1582 1448 1638 circuitus
1474 1585 1746 1657 multipli-

142 1669 289 1721 cante
336 1666 653 1722 dimidium
703 1669 994 1738 diametri,
1049 1685 1168 1724 esse
1233 1671 1429 1725 circuli
1488 1671 1744 1728 invenies

145 1769 342 1819 aream,
364 1755 436 1808 ab
461 1755 874 1810 extracedeute
900 1758 1207 1828 tetragono
1238 1757 1425 1830 ipsum
1472 1759 1616 1814 scias
1640 1761 1743 1816 cir-

1512 416 1603 471 DE
1631 413 2024 471 GEOMETRIA

1769 546 1824 603 A
2435 543 2659 600 CAPUT
2701 546 2851 604 LXV.

3358 431 3461 487 H2

1848 627 2120 697 Quomodo
2149 631 2434 713 quadrata,
2466 641 2515 713 et
2554 635 2722 689 latera
2762 637 2978 706 trigoni,
3013 640 3299 710 lelragoni,
3318 656 3457 713 pen-

2307 706 2512 775 tagonz',
2544 714 2665 773 ρέα,
2698 715 3005 763 nascantur.

1918 788 2116 844 Omnis
2145 790 2427 862 trigonus,
2462 793 2557 864 qui
2590 793 2816 850 ducitur
2844 796 3044 866 octies,
3076 801 3310 871 accepto
3340 816 3458 857 uno

1845 874 1980 929 facit
2008 877 2375 949 quadratum,
2403 880 2563 950 cujus
2602 883 2865 954 quadrati
2896 886 3043 940 latus
3074 886 3313 960 dempto
3342 905 3459 945 uno

1845 966 1901 1017 et
1931 963 2081 1019 dicta
2107 970 2269 1037 parte
2296 970 2547 1025 secunda
2582 969 2718 1025 facit
2736 971 2953 1045 trigoni
2985 975 3153 1033 latus.

1917 1052 2115 1107 Omnis
2140 1057 2476 1127 tetragonus
2496 1058 2696 1114 ductus
2721 1060 2908 1116 decies
2937 1062 3116 1119 sexies
3150 1063 3287 1122 facit
3324 1081 3462 1139 qua-

1845 1138 2096 1209 dratum,
2118 1143 2276 1214 cujus
2291 1146 2553 1217 quadrati
2578 1149 2723 1204 latus
2743 1149 2895 1205 dicta
2910 1156 3072 1222 parte
3094 1157 3302 1226 quarta
3323 1138 3461 1212 facit

1844 1230 2132 1301 tetragoni
2162 1232 2329 1286 latus.

1916 1317 2115 1373 Omnis
2142 1324 2502 1393 pentagonus
2550 1325 2751 1381 ductus
2780 1326 3018 1401 vigesies
3042 1333 3248 1403 quater
3275 1336 3335 1389 et
3360 1348 3458 1390 ac-

1844 1411 2009 1478 cepto
2056 1423 2172 1462 uno
2214 1410 2351 1465 facit
2394 1413 2763 1484 quadratum,
2807 1418 2968 1489 cujus
2988 1419 3253 1491 quadrati
3306 1422 3456 1479 latus

1844 1500 2076 1566 accepto
2107 1512 2224 1553 uno
2255 1501 2315 1553 et
2342 1500 2495 1556 dicta
2519 1507 2681 1574 parte
2701 1509 2860 1561 sexta
2878 1506 3016 1562 facit
3041 1510 3358 1582 pentagoni
3378 1511 3457 1567 la-

1842 1584 1952 1636 tus.

1915 1671 2115 1726 Omnis
2150 1674 2482 1747 hexagonus
2532 1678 2734 1737 ductus
2776 1683 3036 1755 trigesies
3079 1685 3168 1742 bis
3210 1687 3457 1760 acceptis

1842 1762 2090 1829 quatuor
2112 1761 2249 1816 facit
2272 1765 2639 1836 quadratum,
2685 1770 2844 1842 cujus
2881 1772 3147 1844 quadrati
3180 1775 3329 1832 latus
3359 1792 3453 1832 ac-

142 1842 311 1895 culum
344 1843 525 1897 tribus
560 1847 629 1898 H-
649 1844 909 1915 ejusdem
942 1845 1221 1917 superari.
1254 1846 1338 1901 Ab
1368 1848 1575 1902 eodem
1606 1865 1741 1905 vero
1761 1846 1814 1907 B
1840 1846 2019 1938 captis
2045 1848 2264 1905 duobus
2289 1854 2348 1905 et
2371 1852 2524 1909 dicta
2563 1860 2727 1928 parte
2775 1842 2976 1916 octava
3004 1860 3143 1918 facit
3167 1863 3456 1938 hexagoni

138 1929 364 1985 embado
381 1932 759 2003 suprascripti
792 1933 1080 2004 tetragoni
1103 1932 1147 1988 si
1180 1935 1492 2006 sumpseris
1521 1936 1740 1992 medie-

140 2019 319 2083 tatem,
350 2021 407 2072 et
425 2022 683 2090 quatuor
706 2020 958 2076 decimas
981 2024 1212 2092 quartas
1230 2022 1489 2091 ejusdem
1510 2024 1738 2095 quanti-

136 2104 270 2172 tatis,
300 2107 458 2177 cujus
476 2106 703 2161 fuerint
721 2108 1043 2179 superiores
1060 2109 1132 2164 ab
1144 2109 1477 2181 integritate
1493 2116 1737 2183 sumptae

136 2192 421 2261 addideris,
450 2195 582 2261 jam
625 2195 762 2250 dicti
786 2196 979 2251 circuli
1011 2214 1208 2253 aream
1233 2198 1520 2270 implebis.
1573 2200 1739 2264 Quod

135 2296 248 2336 cum
276 2282 428 2349 facis,
462 2282 658 2355 ipsam
686 2284 1061 2340 medietatem
1092 2290 1385 2357 sumptam
1414 2289 1486 2343 ab
1507 2288 1737 2361 integro

136 2370 361 2425 embado
406 2371 657 2442 majoris
696 2374 1003 2443 tetragonii
1035 2391 1231 2430 aream
1262 2376 1404 2430 scias
1434 2375 1605 2432 fuisse
1631 2377 1737 2436 mi-

134 2458 417 2526 noris,eam
432 2465 692 2533 quatuor
704 2461 944 2516 decimis
957 2464 1173 2534 quartis
1186 2464 1439 2519 acirculo
1454 2466 1734 2538 superari,

133 2546 253 2601 dum
277 2548 483 2604 eadem
509 2566 655 2604 area
684 2549 901 2606 eisdem
935 2552 1423 2624 quatuordecimis
1440 2555 1511 2609 ad
1534 2556 1734 2611 emba-

133 2632 255 2692 dum
267 2640 659 2710 supplendum
678 2644 1108 2711 augmentatur.
1124 2641 1288 2706 Quod
1302 2643 1736 2699 utmanifestius

134 2731 380 2797 appareat
404 2727 464 2781 in
497 2728 915 2799 descriptione,
969 2730 1211 2786 circulus
1256 2749 1386 2787 cum
1416 2736 1736 2805 tetragonis

132 2818 379 2885 ponatur.
405 2816 559 2880 Quid
586 2817 847 2889 partibus
885 2820 1123 2890 majoris
1146 2823 1436 2893 tetragoni
1460 2822 1735 2879 circulum

131 2904 612 2959 extracedentibus
642 2904 1023 2977 relinquitur?
1042 2911 1129 2964 42.
1165 2907 1312 2972 Quid
1339 2910 1597 2980 partibus
1629 2912 1740 2966 cir-

133 2989 226 3043 culi
270 2991 773 3047 extracedentibus
820 2992 1109 3049 minorem
1153 2998 1527 3067 tetragonum
1567 3000 1740 3055 relin-

135 3079 345 3145 quitur?
375 3083 465 3135 56.

894 3172 958 3225 14

506 3306 507 3359 ἦ
538 3319 612 3356 los
690 3283 1149 3401 ﬁ
1192 3279 1309 3348 ἰοῖ-

700 3539 1061 3582 εχτελαθσ
1308 3538 1309 3547 ‘

525 3667 566 3668 ἡ
692 3600 1164 3649 ΕΜΒιςηιΕὸΖ

700 3539 936 3578 IXTER
962 3540 1061 3582 ’196

692 3600 1164 3649 ΕΜΒιΕῘΗΕὸΖ

641 3725 862 3774 ῑωιω
883 3722 1080 3787 22mm

509 3672 627 3958 ‘
641 3725 862 3774 15mm
883 3722 1080 3787 mana
1195 3672 1208 3968 Ι
1294 3672 1316 3813 1

514 3679 617 3925 ‘
689 3829 912 3874 mura
942 3822 1048 3893 εδ.
1311 3763 1316 4048 1

532 4061 660 4124 1g
699 4123 703 4124 ί
775 3954 1316 4124 _______Jn1°5

468 4124 481 4150 ι
498 4146 501 4149 .

887 4162 952 4215 14

687 4261 913 4320 CAPUT
949 4264 1133 4324 LXIV.

561 4347 769 4406 Montis
792 4353 985 4424 jugera
1024 4357 1278 4413 invenire.

1315 3269 1327 3790 ι

497 3790 509 4139 1

396 3628 466 3684 14
1370 3638 1434 3694 14

506 3279 1310 3668 7‘

700 3539 936 3578 IXTER
962 3540 1061 3582 ’196

692 3602 744 3645 ,Ε
749 3601 810 3645 Μ
815 3602 849 3643 Β
859 3617 878 3639 ι
892 3601 1069 3649 CIRE
1078 3600 1164 3648 εκ

641 3725 862 3774 ΣΛΗΑΒ
883 3722 1080 3787 nam

509 3672 1197 4124 ι
1238 3747 1316 4117 ι

1839 1933 2010 1989 latus.

1913 2021 2112 2111 Omnis
2139 2025 2503 2099 heptagonus
2537 2031 2882 2105 quadragies
2911 2035 3115 2092 ductus
3142 2039 3390 2111 acceptis
3419 2043 3454 2096 9

1838 2107 1975 2165 facit
1993 2112 2360 2183 quadratum,
2384 2118 2543 2188 cujus
2560 2120 2827 2190 quadrati
2847 2123 2994 2178 latus
3011 2126 3259 2198 acceptis
3270 2107 3453 2185 tribus

1839 2200 1898 2251 et
1927 2198 2081 2254 dicta
2101 2205 2265 2271 parte
2283 2203 2509 2259 decima
2523 2206 2659 2261 facit
2671 2208 2988 2283 heptagoni
3010 2213 3179 2272 latus.

1911 2287 2111 2343 Omnis
2140 2294 2454 2363 octogonus
2503 2295 2848 2368 quadragies
2874 2299 3050 2355 octies
3071 2300 3274 2358 ductus
3292 2319 3453 2360 acce-

1839 2373 1950 2447 ptis
1983 2379 2046 2431 16
2067 2375 2204 2431 facit
2232 2380 2602 2451 quadratum,
2631 2384 2790 2455 cujus
2820 2387 3087 2459 quadrati
3115 2389 3264 2446 latus
3292 2406 3453 2449 acce-

1838 2462 1949 2534 ptis
1979 2467 2010 2519 4
2037 2467 2094 2518 et
2124 2464 2277 2522 dicta
2305 2473 2470 2540 parte
2511 2469 2856 2529 duodecima
2882 2474 3022 2531 facit
3061 2478 3333 2552 octogeni
3368 2481 3453 2537 Ia-

1838 2553 1948 2605 tus.

1910 2637 2109 2695 Omnis
2136 2658 2477 2716 ennagonus
2510 2648 2712 2705 ductus
2737 2650 3121 2727 quinquagies
3147 2655 3327 2715 sexies
3367 2673 3457 2715 ao-

1838 2726 2015 2815 ceplis
2040 2731 2105 2783 25
2136 2729 2273 2785 facit
2300 2734 2671 2806 quadratum,
2703 2740 2862 2812 cujus
2888 2726 3156 2815 quadrati
3184 2746 3333 2800 latus
3358 2762 3454 2803 ac-

1838 2814 2017 2907 ceptis
2042 2819 2071 2870 5
2099 2816 2249 2873 dicta
2292 2824 2456 2893 parte
2504 2825 2940 2901 decimaquarta
2982 2830 3122 2888 facit
3164 2833 3461 2907 ennagoni

1837 2901 2005 2958 latus.

1910 2991 2109 3083 Omnis
2135 2994 2463 3070 decagonus
2504 3001 2706 3061 ductus
2745 3006 3001 3081 sexagies
3041 3012 3249 3083 quater
3293 3027 3454 3071 acce-

1837 3078 1949 3175 ptis
1969 3085 2036 3138 36
2067 3087 2125 3138 et
2154 3084 2305 3142 dicta
2344 3092 2507 3161 parte
2538 3092 2766 3149 decima
2800 3078 2958 3152 sexta
2992 3078 3131 3155 facit
3173 3099 3455 3175 decagoni

1835 3168 2001 3227 latus.

1904 3258 2106 3347 Omnis
2136 3263 2545 3337 undecagonus
2590 3270 2792 3327 ductus
2820 3272 3149 3347 septuagies
3176 3274 3265 3332 bis
3291 3291 3453 3333 acce-

1832 3345 1945 3437 ptis
1972 3349 2040 3403 49
2076 3348 2212 3406 facit
2241 3353 2611 3425 quadratum,
2645 3360 2805 3431 cujus
2846 3362 2995 3419 latus
3028 3345 3277 3437 acceptis
3322 3371 3355 3422 7
3395 3367 3456 3422 et

1834 3433 1985 3525 dicta
2010 3441 2174 3525 parte
2205 3440 2428 3496 decima
2455 3460 2612 3500 nona
2633 3446 2771 3502 facit
2796 3433 3346 3525 undecag'oni-Iatus.

1902 3521 2100 3612 Omnis
2112 3525 2558 3601 duodecagonus
2578 3533 2780 3589 ductus
2793 3521 3089 3610 octuagies
3120 3540 3367 3612 acceptis
3383 3543 3454 3599 64

1832 3607 1969 3665 facit
1995 3613 2368 3684 quadratum,
2398 3618 2557 3688 cuius
2582 3619 2731 3675 latus
2774 3607 3021 3696 acceptis
3052 3630 3085 3683 8
3107 3607 3274 3683 dicta-
3287 3632 3453 3701 parte

1831 3699 2109 3770 vigesima
2136 3702 2273 3758 facit
2301 3704 2706 3779 duodecagoni
2741 3709 2912 3768 latus.

1902 3790 2039 3845 Vide
2071 3794 2566 3866 consequentiam,
2597 3801 2660 3852 ut
2689 3797 2898 3855 horum
2928 3800 3124 3859 ductio
3159 3804 3454 3864 octenario

1832 3895 2062 3952 semper
2081 3897 2326 3937 numero
2339 3889 2647 3955 accrescat,
2665 3890 3173 3960 augmentationes
3194 3908 3228 3949 a
3248 3896 3452 3969 penta-

1833 3985 1986 4040 gono
2010 3986 2254 4027 numero
2274 3971 2484 4045 impari
2512 3974 2878 4033 naturaliter.
2896 3978 3179 4053 Trigonus
3197 3999 3451 4058 namque

1834 4055 2031 4124 octies,
2054 4061 2391 4131 tetragonus
2403 4062 2590 4119 decies
2610 4065 2813 4135 sexies,
2835 4072 3199 4142 pentagonus
3212 4055 3452 4146 vigesies

1832 4149 2057 4218 quater,
2095 4147 2430 4221 hexagonus
2476 4152 2738 4224 trigesies
2778 4154 2865 4211 bis
2891 4156 3139 4224 ducitur,
3170 4163 3234 4216 ut
3262 4164 3349 4219 est
3376 4161 3449 4219 ab

1831 4237 1958 4288 octo
1987 4235 2182 4304 octies,
2209 4254 2242 4291 a
2261 4238 2511 4294 sedecim
2528 4241 2804 4309 sedecies,
2828 4248 2887 4300 et
2905 4245 2983 4301 sic
3010 4248 3445 4322 subsequenter.

1828 4321 1983 4377 Inter
1996 4340 2135 4395 quas
2161 4325 2667 4386 denominationes
2682 4336 2812 4389 octo
2825 4350 3055 4407 semper
3067 4321 3253 4394 inesse
3270 4355 3445 4399 nemo

180 4432 372 4491 Montis
400 4438 448 4492 si
477 4409 820 4510 quaerantur
840 4409 1211 4515 jugera,
1236 4409 1314 4500 vin
1356 4447 1584 4503 verticis
1619 4443 1724 4505 cir-
1748 4435 1802 4497 D
1825 4409 2560 4515 du?)ilet.dif.fe.mliﬁam’et
2584 4418 2663 4474 Sic
2680 4420 3020 4515 _i9.caleris'
3047 4427 3441 4515 Apenmgono

122 4518 255 4573 cuitu
280 4522 492 4580 habeat
535 4526 712 4596 pedes
757 4529 881 4595 300,
920 4546 1158 4585 ascensu
1205 4536 1328 4599 800,
1369 4533 1429 4589 in
1472 4553 1588 4592 uno
1619 4553 1724 4608 per

117 4604 393 4665 circuitum
458 4614 619 4679 1000,
670 4612 1000 4683 jungantur
1044 4618 1171 4673 dua:
1225 4604 1635 4691 circuitiones;
1660 4624 1721 4681 id

114 4698 215 4751 est:
275 4702 428 4756 I300.
487 4702 569 4755 Ex
618 4701 705 4755 his
761 4704 952 4759 media
999 4711 1282 4777 sumatur,
1331 4710 1390 4765 id
1444 4716 1527 4767 est
1593 4716 1717 4772 650.

111 4806 168 4861 Hi
212 4827 311 4881 per
363 4832 669 4870 ascensum
720 4820 824 4873 800
886 4819 1191 4889 ducantur,
1242 4825 1385 4880 ﬁent
1632 4832 1720 4885 tot

112 4914 261 4997 erunt
288 4912 462 4981 pedes
504 4913 702 4980 totius,
747 4914 805 4969 id
856 4920 971 4971 est:
1028 4912 1263 4990 XXVIII,
1295 4912 1489 4979 Ι)οᾱ
1522 4938 1718 4997 supra‘

113 4991 274 5051 dictus
296 5016 580 5055 numerus
618 5001 923 5058 dividatur.
959 5005 1080 5069 Quo
1108 5008 1258 5064 facto
1308 5010 1367 5065 in
1403 4991 1607 5068 monte
1622 5014 1715 5085 ju-

112 5092 235 5149 gera
259 5085 633 5142 invenientur
682 5093 744 5146 18
795 5096 1235 5152 remanentibus
1269 5100 1511 5170 pedibus
1552 5106 1706 5159 1600.

846 5183 949 5236 300

651 5276 1051 5402 οί-’Ἷ

636 5378 957 5592 ἤδη
1095 5378 1146 5482 ἓ

824 5429 957 5485 520
1092 5415 1163 5485 ,ξε

838 5652 974 5703 1000

1024 4897 1256 4913 ..α-...-

1822 4503 2016 4554 autem
2046 4500 2385 4573 incipientes
2414 4508 2921 4577 augmentationes
2950 4512 3213 4570 omnium
3249 4515 3444 4572 multi-

1820 4588 2198 4659 plicationum
2222 4591 2429 4663 impari
2462 4596 2803 4654 naturaliter
2834 4617 3079 4658 numero
3112 4603 3435 4679 discrepare

1818 4678 2189 4736 manifestum
2228 4684 2332 4738 est.
2367 4683 2689 4758 Pentagoni
2714 4687 2870 4744 enim
2903 4678 3307 4766 multiplicatio
3319 4712 3434 4752 uno

1819 4768 2249 4837 tantummodo,
2276 4771 2561 4845 hexageni
2574 4777 2607 4830 4
2621 4775 2980 4850 heptagon19
2998 4785 3434 4852 augmentatur,

1818 4855 2083 4925 octogoui
2120 4859 2203 4911 16.
2243 4859 2399 4914 Inter
2443 4862 2664 4933 primos
2693 4882 2966 4938 namque,
3016 4866 3074 4921 id
3103 4871 3215 4922 est:
3250 4872 3281 4945 5
3313 4872 3371 4923 et
3396 4868 3433 4939 4

1815 4943 2034 5012 primus
2046 4945 2235 5017 impar
2247 4965 2520 5005 numerus
2535 4952 2875 5009 differentias
2895 4955 3086 5009 locum
3104 4944 3347 5025 obtinet,
3371 4952 3432 5014 id

1813 5035 1926 5087 est:
1959 5037 2075 5088 tres
2103 5034 2254 5091 inter
2273 5042 2540 5111 quatuor,
2565 5043 2623 5094 et
2643 5057 2883 5096 novem:
2906 5042 3207 5112 secundus,
3235 5043 3294 5098 id
3311 5050 3425 5105 est:

1810 5122 2105 5193 quinarius
2136 5124 2290 5181 inter
2315 5144 2546 5198 novem,
2577 5132 2635 5184 et
2654 5130 2932 5186 sedecim:
2956 5130 3179 5202 tertius,
3212 5132 3272 5188 id
3305 5138 3424 5195 est:

1807 5211 2102 5282 septimus.

2391 5309 2615 5364 CAPUT
2654 5310 2827 5365 LXVI.

1950 5389 2017 5445 In
2045 5395 2306 5462 oxygonio
2335 5398 2602 5453 (“al/letum
2628 5406 2677 5452 et
2706 5400 2991 5457 embadum
3020 5403 3274 5462 invenire.

1881 5479 1942 5533 In
1974 5481 2282 5552 oxygonio,
2315 5483 2474 5554 cujus
2511 5485 2584 5538 sit
2610 5487 2758 5544 latus
2785 5489 2977 5546 minus
3007 5492 3140 5564 ped.
3177 5495 3265 5563 I3,
3293 5508 3420 5550 ma-

1804 5566 1899 5638 jus
1931 5571 2016 5623 15.
2048 5568 2198 5623 basis
2244 5586 2377 5625 vero
2426 5575 2491 5627 14
2530 5575 2822 5633 cathetum
2866 5583 2926 5635 et
2970 5580 3286 5638 embadum
3338 5581 3420 5640 sic

1814 5670 2056 5729 quaeras.
2092 5656 2260 5714 Latus
2286 5658 2479 5717 minus
2496 5659 2557 5718 in
2585 5678 2647 5720 se
2667 5663 2903 5723 ductum
2931 5667 3006 5726 sit
3029 5670 3151 5735 169,
3180 5673 3239 5728 et
3268 5670 3422 5732 basis
