3882 6230
139 454 235 511 145
1529 446 1618 504 DE
1672 445 1769 501 GEt

1899 446 2088 506 ITRIA.
3371 451 3472 510 146

151 588 254 647 per
290 569 673 628 medietatem
709 567 889 624 totius
927 567 1225 634 circuitus,
1259 568 1316 625 id
1338 572 1424 624 est
1451 572 1554 626 209
1579 570 1770 640 ducas,
1793 573 1849 632 Α
2441 567 2675 624 CAPUT
2696 565 2914 624 LXXIV.

145 667 202 717 et
236 665 423 716 totam
459 658 867 715 indubitanter
901 657 1169 730 implebis
1195 673 1392 713 aream
1427 661 1598 716 14898
1625 663 1682 714 et
1710 658 1770 720 S.
2001 656 2070 712 In
2093 659 2302 712 civitate
2337 656 2566 711 rotunda
2603 657 2669 711 do
2683 675 2794 712 mos
2835 663 2996 714 certe
3021 657 3364 728 longitudinis

146 748 402 820 perticis.
462 746 681 811 Quibus
714 761 820 818 per
858 747 955 801 144
995 746 1237 816 partitis.
1275 751 1444 802 erunt
1473 747 1778 822 agripenni
2367 752 2415 798 et
2465 745 2761 800 latitudinis
2800 746 2988 801 locare.

145 843 209 894 96
241 838 277 892 S
308 833 760 890 remanentibus
791 833 1026 904 perticis
1054 833 1274 889 duabus
1299 839 1357 890 et
1371 836 1630 906 dimidia,
1658 837 1772 894 sive
1942 839 2006 892 In
2038 835 2265 891 civitate
2298 836 2568 901 rotunda,
2619 836 2782 908 cujus
2815 835 3071 892 ambitus
3096 840 3182 892 est
3222 836 3361 895 8008
3390 856 3488 914 pe-

148 923 464 998 agripenni
489 925 556 977 96
587 921 622 976 S
655 924 777 988 100,
812 922 869 974 et
900 920 1043 977 nihil
1073 927 1356 980 remanet.
1881 924 2044 990 dum,
2070 923 2272 978 domos
2297 924 2484 979 locare
2513 924 2556 978 si
2594 924 2695 990 vis,
2732 941 2984 998 quarum
3007 926 3307 999 longitudo
3324 929 3393 984 30
3416 928 3490 984 sit

1874 1013 2112 1085 pedum,
2135 1012 2378 1066 latitudo
2409 1028 2542 1066 vero
2571 1015 2659 1079 20,
2681 1012 2760 1067 sic
2783 1014 2999 1070 facias:
3039 1014 3376 1088 vigesimum
3407 1032 3490 1073 se-

1872 1100 2124 1155 cundam
2164 1103 2410 1172 partem,
2454 1099 2513 1154 id
2553 1110 2637 1154 est
2693 1103 2797 1157 364
2849 1103 3098 1170 auferas,
3130 1103 3487 1176 reliquorum

1872 1205 2004 1243 vero
2035 1190 2174 1244 7644
2198 1187 2430 1242 tertiam
2452 1203 2664 1254 sumas,
2700 1187 2757 1243 id
2782 1192 2868 1243 est
2899 1192 3038 1246 2548
3061 1190 3202 1261 ;hos
3231 1208 3335 1264 pro
3361 1191 3484 1248 dia-

1875 1279 2062 1331 metro
2093 1275 2324 1330 habeto.
2353 1274 2454 1345 Hui
2467 1292 2529 1330 us
2564 1275 2742 1345 igitur
2789 1277 3059 1334 diametri
3092 1279 3392 1348 medietas,
3423 1279 3483 1336 id

1878 1368 1964 1420 est
1997 1367 2154 1433 1274,
2187 1363 2232 1418 si
2283 1380 2386 1436 per
2419 1363 2803 1420 medietatem
2837 1366 3109 1433 ambitus,
3133 1366 3191 1422 id
3221 1370 3308 1422 est
3342 1370 3484 1425 4000

1875 1457 1933 1509 et
1957 1456 1990 1510 4
2023 1453 2282 1517 ducatur,
2316 1451 2592 1522 impletur
2630 1469 2765 1508 area
2789 1457 2909 1509 tota
2926 1454 3482 1528 pedibusquinquies

1877 1543 2086 1598 millies
2115 1541 2384 1597 ICMXCVI
2410 1541 2507 1614 qui
2533 1558 2634 1613 per
2673 1545 2798 1610 600,
2831 1543 2888 1598 id
2910 1549 2996 1600 est
3023 1561 3128 1616 per
3148 1543 3388 1618 vigesies
3413 1546 3481 1600 30

1874 1629 2037 1685 divisi
2073 1629 2291 1685 faciunt
2333 1629 2543 1684 domos
2575 1633 2736 1699 8501,
2780 1632 3216 1688 remanentibus
3247 1634 3353 1690 496
3377 1647 3481 1704 pe-

1869 1720 2056 1776 dibus.

709 1055 744 1109 4
1149 1054 1182 1106 8

647 1353 735 1399 132

577 1309 593 1543 ε
738 1447 1070 1510 14898.3.
1277 1300 1295 1539 3

731 1524 906 1587 96.3,

731 1879 954 1936 CAPUT
1008 1881 1203 1946 LXXII,
1794 1879 1848 1940 Β

154 2007 218 2062 1η
251 2008 488 2063 civitate
515 2006 892 2080 quadrangula
912 2024 1111 2080 ponere
1132 2006 1309 2062 domes
1335 2009 1491 2060 certa
1537 2001 1771 2074 longitu-

698 2097 786 2151 πίε
833 2103 881 2151 et
911 2095 1231 2152 latitudinis.

218 2207 277 2258 In
311 2202 554 2258 civitate
588 2200 1343 2274 quadrangula,qutehabet
1369 2199 1562 2254 inuno
1591 2197 1770 2252 latere

167 2293 340 2365 pedes
376 2293 549 2357 1100,
586 2289 642 2344 in
676 2291 856 2345 altero
882 2292 1037 2359 1000,
1067 2289 1200 2344 etin
1227 2288 1418 2343 fronte
1448 2302 1562 2342 una
1596 2285 1770 2358 pedes

157 2384 274 2448 600,
315 2381 373 2434 in
399 2381 599 2435 altera
637 2379 903 2446 totidem,
947 2379 990 2433 si
1021 2378 1101 2434 vis
1131 2393 1346 2449 ponere
1373 2376 1576 2432 domos
1601 2376 1681 2430 ita
1708 2377 1772 2430 ut

165 2470 435 2541 cujusque
462 2465 780 2537 longitudo
803 2467 875 2522 sit
892 2467 1105 2538 pedum
1135 2470 1224 2530 40,
1247 2465 1489 2521 latitudo
1514 2481 1648 2520 vero
1679 2465 1768 2530 30,

161 2557 231 2612 sic
259 2556 459 2611 facito.
492 2556 690 2626 Junge
715 2554 856 2608 duas
884 2555 1051 2627 hujus
1088 2553 1328 2608 civitatis
1352 2551 1768 2623 longitudines:

2286 1958 2297 1969 .
2342 1819 2468 1959 si”

2283 1947 2352 2022 θς
2503 2003 2830 2056 DIAMB'I'BR

2294 2198 2297 2199 ν
2532 2128 2727 2177 2548.

2985 2328 3038 2359 οο

2331 2433 2370 2508 8
2399 2353 2969 2578 \J
2986 2363 3042 2432 ἓ

156 2646 365 2715 juncta!
393 2644 552 2698 fient
579 2645 738 2698 2100.
766 2641 1039 2697 Similiter
1058 2642 1102 2696 si
1133 2642 1348 2696 fuerint
1376 2642 1503 2696 dua:
1525 2638 1774 2695 latitudi-
2451 2632 2674 2689 CAPUT
2708 2634 2896 2689 LXXV.

163 2753 256 2789 nes
278 2736 528 2806 junctae,
565 2733 708 2786 fient
743 2734 896 2787 1200.
919 2733 1073 2804 Ergo
1101 2731 1208 2786 duc
1237 2731 1490 2785 mediam
1518 2729 1588 2784 de
1612 2731 1772 2796 1200,
2018 2727 2267 2784 Basilica:
2298 2732 2668 2800 pavimentum
2693 2737 2818 2803 quot
2852 2728 3095 2785 laterculi
3117 2728 3340 2784 debeant

162 2823 299 2877 ﬁunt
329 2825 456 2878 600.
493 2824 716 2876 Rursus
742 2819 850 2874 duc
881 2820 1134 2874 mediam
1164 2819 1233 2874 de
1264 2819 1586 2886 2100,flunt
1618 2821 1773 2873 1050.
2548 2819 2804 2891 supplere.

162 2912 222 2965 Et
247 2911 381 2983 quia
395 2924 775 2981 unaquaeque
799 2908 1003 2962 domus
1022 2907 1197 2962 habet
1213 2908 1271 2961 in
1295 2909 1470 2978 longo
1494 2905 1668 2977 pedes
1685 2908 1774 2972 40,
1953 2905 2218 2973 Basilica),
2239 2905 2399 2977 cujus
2428 2907 2728 2979 longitudo
2756 2905 3066 2980 pedum'sit
3087 2909 3211 2972 240,
3235 2903 3482 2961 latitudo

169 2999 292 3053 etin
326 2999 447 3053 lato
473 2996 663 3068 pedes
686 2999 774 3061 30,
801 2995 908 3050 duc
931 2993 1431 3066 quadragesimam
1465 2997 1690 3066 partem
1708 2993 1778 3047 de
1884 2997 2004 3061 120,
2032 2996 2429 3066 pavimentum
2463 3001 2603 3068 quot
2632 2996 2889 3052 laterculi
2917 2996 3182 3066 supplere
3211 2995 3482 3060 debeant,

175 3090 321 3153 1050,
347 3086 502 3140 fiunt
527 3086 623 3181 26,
656 3082 1092 3181 remanentibus
1129 3085 1192 3137 10
1220 3098 1233 3147 ;
1263 3085 1436 3181 atque
1456 3079 1664 3178 iterum
1691 3096 1780 3134 as-
1803 3118 1852 3181 Ο
1883 3082 1958 3136 sic
1985 3083 2176 3155 accipe
2209 3085 2531 3154 (laterculus
2561 3089 2754 3140 autem
2795 3085 2852 3139 in
2887 3082 3248 3156 longitudine
3278 3084 3346 3138 23
3376 3083 3480 3137 ha-

169 3173 318 3230 sume
353 3171 734 3244 trigesimam
776 3170 847 3225 de
883 3173 1007 3235 600,
1052 3170 1196 3223 fiunt
1238 3172 1325 3224 20.
1362 3169 1612 3241 Viuginti
1643 3183 1781 3238 ergo
1807 3169 1852 3181 “”
1884 3171 2020 3226 beat
2047 3172 2263 3240 uncias,
2296 3173 2354 3227 in
2399 3175 2703 3229 latitudine
2735 3178 2839 3234 12).
2870 3172 3192 3244 Longitudo
3224 3188 3329 3242 per
3357 3171 3488 3226 lati-

171 3261 403 3333 vigesies
418 3259 612 3316 sexies
637 3258 791 3313 ducti
819 3258 962 3312 fiant
992 3260 1112 3314 57.0.
1135 3258 1240 3312 Tot
1271 3257 1476 3313 domus
1492 3255 1784 3330 capiendae
1884 3260 2148 3315 tudinem
2187 3261 2620 3331 multiplicetur,
2677 3262 2734 3317 id
2779 3265 2865 3316 est
2912 3264 3009 3316 120
3044 3277 3148 3334 per
3187 3263 3313 3326 240,
3342 3259 3491 3314 fiunt

168 3355 312 3405 sunt.
1887 3353 2082 3405 28800.
2111 3351 2220 3404 Hos
2251 3366 2354 3422 per
2385 3350 2690 3404 duodecies
2711 3349 3039 3416 duodecim,
3071 3347 3127 3403 id
3147 3351 3232 3402 est
3259 3364 3363 3420 per
3392 3350 3492 3405 164

918 3438 1051 3489 1000
1888 3436 2000 3507 (tot
2032 3436 2186 3491 enim
2225 3437 2418 3491 uncias
2443 3438 2621 3492 habet
2649 3454 2749 3509 pes
2783 3455 2926 3491 unus
2953 3435 3364 3507 multiplicans)
3401 3435 3491 3491 in-

1890 3523 2084 3578 venies
2115 3524 2308 3578 uncias
2333 3527 2538 3595 quater
2572 3525 2892 3580 MMCXLVII
2945 3524 3050 3579 CC.
3085 3524 3236 3588 Quas
3267 3524 3312 3578 si
3359 3523 3495 3579 divi-

913 3528 968 3529 ἡ
1009 3528 1126 3530 PP"
1890 3528 2084 3578 venies
2115 3528 2308 3578 uncias
2333 3528 2538 3595 quater
2572 3528 2892 3580 MMCXLVII
2945 3528 3050 3579 CC.
3085 3528 3236 3588 Quas
3267 3528 3312 3578 si
3359 3528 3495 3579 divi-

577 3595 720 3749 60οξ
871 3635 918 3691 ρ
940 3636 968 3672 2
991 3643 1017 3676 ρ,
1185 3528 1383 3749 \\600
1888 3612 2030 3666 seris
2055 3628 2158 3683 per
2179 3611 2484 3666 duodecies
2514 3615 2602 3678 '23,
2637 3611 2692 3666 id
2735 3615 2820 3666 est
2855 3629 2960 3683 per
2990 3610 3184 3666 uncias
3210 3609 3379 3665 unius
3403 3612 3495 3664 la-

1891 3700 2114 3749 terculi.
2157 3718 2290 3749 alim
2340 3704 2472 3749 sunt
2501 3705 2628 3749 276-
2662 3701 2803 3749 fient
2836 3702 3028 3749 15026.
3064 3697 3495 3749 remanentibus

1891 3700 2114 3767 terculi,
2157 3718 2290 3772 qua:
2340 3704 2472 3756 sunt
2501 3705 2628 3768 276,
2662 3701 2803 3754 fient
2836 3702 3028 3766 15026,
3064 3697 3498 3754 remanentibus

925 3804 1062 3857 1100
1892 3793 1960 3845 24
1993 3789 2189 3845 unciis.
2215 3791 2322 3844 Tot
2347 3789 2520 3862 igitur
2549 3787 2830 3856 laterculi,
2871 3787 3038 3843 dictae
3069 3784 3318 3843 basilica:
3341 3785 3500 3859 pavi-

745 3923 968 3979 CAPUT
1014 3923 1231 3979 Lxxm.
1892 3881 2157 3934 mentum
2190 3882 2500 3950 contegere
2532 3880 2788 3950 possunt.

607 4030 618 4040 .
667 4030 696 4040 ..
747 4035 756 4040 -
827 4036 836 4040 -
879 4031 890 4040 .
1045 4028 1059 4040 .
1143 4028 1155 4040 .
1291 4027 1304 4040 .
2462 3985 2683 4040 CAPUT
2714 3983 2927 4039 LXXVI.

361 4137 371 4149 ,
560 4033 785 4149 εῗυξίατε
817 4028 1091 4149 triangula.
1119 4028 1182 4149 d‘e
1205 4027 1385 4149 elatum
1411 4046 1501 4149 η’,
1547 4137 1558 4149 ,
1961 4075 2031 4130 1η
2061 4076 2252 4130 lacuna
2270 4091 2402 4138 una,
2425 4091 2622 4140 canna,
2649 4080 2771 4137 etc.,
2803 4075 2946 4128 viam
2969 4077 3110 4127 certa
3137 4068 3432 4127 latitudine

236 4140 295 4193 In
325 4137 566 4193 civitate
585 4136 900 4208 triangula,
924 4151 1051 4208 quae
1072 4136 1250 4191 habet
1272 4135 1331 4190 in
1359 4134 1666 4191 unolatere
1691 4149 1790 4207 pe-
2385 4134 2396 4138 ⁷
2591 4134 2796 4220 ἀηεενέ,

177 4226 268 4282 des
312 4230 434 4293 100,
487 4226 551 4281 in
618 4225 804 4278 altero
842 4226 963 4291 100,
1002 4223 1064 4278 in
1124 4223 1314 4278 fronte
1333 4240 1466 4279 vero
1498 4226 1587 4289 90,
1631 4221 1678 4276 si
1710 4221 1793 4276 vis

174 4315 308 4370 scire
338 4319 486 4386 quot
519 4315 738 4368 domus
765 4313 975 4383 capiat,
1008 4313 1088 4368 ita
1101 4315 1164 4367 ut
1189 4329 1431 4385 quaeque
1461 4313 1668 4367 domus
1687 4311 1790 4366 lia-

174 4405 299 4458 beat
323 4403 382 4460 in
416 4402 805 4476 longitudine
828 4402 1001 4474 pedes
1031 4405 1119 4469 20,
1161 4401 1220 4456 in
1274 4401 1577 4456 latitudine
1607 4402 1691 4467 10,
1714 4399 1794 4454 ita
1815 4389 1868 4450 D

1964 4258 2026 4311 In
2058 4257 2265 4311 lacuna
2294 4255 2530 4322 una,vel
2562 4269 2770 4322 canna,
2800 4255 2888 4308 vel
2925 4269 3146 4314 cavana
3173 4250 3504 4319 [Glossaveh

1895 4359 2134 4410 cavana,
2169 4343 2227 4398 id
2246 4343 2833 4414 estcellarium],quae
2857 4341 2914 4398 in
2948 4339 3311 4414 longitudine
3328 4339 3504 4411 pedes

1895 4433 2071 4488 habet
2109 4432 2225 4498 100,
2259 4430 2316 4485 in
2340 4431 2643 4486 latitudine
2671 4435 2759 4497 64,
2783 4447 2998 4503 cuppas
3031 4431 3233 4501 longas
3265 4427 3506 4500 pedibus

1896 4529 1949 4588 7,
1978 4523 2141 4575 latas.
2177 4524 2231 4588 4,
2265 4519 2310 4574 si
2359 4519 2434 4574 sic
2474 4521 2663 4575 locare
2693 4518 2849 4582 velis,
2883 4521 2944 4572 ut
2977 4517 3236 4590 pervium
3265 4515 3508 4589 pedibus

1893 4613 1927 4664 4
1956 4611 2103 4664 latus
2132 4609 2190 4664 in
2225 4611 2464 4678 longum
2491 4609 2752 4672 ducatur,
2784 4606 2859 4660 sic
2886 4606 3079 4661 facito.
3113 4605 3251 4659 Vide
3284 4602 3510 4677 quoties

1897 4706 1926 4754 '7
1956 4699 2012 4752 in
2051 4701 2170 4766 100,
2205 4700 2262 4751 et
2292 4701 2324 4751 4
2348 4697 2403 4751 in
2438 4699 2505 4751 64
2525 4697 2847 4750 habeantur
2877 4711 2888 4750 :
2925 4694 3184 4749 invenies
3209 4691 3506 4765 quaterde-

1895 4787 2009 4840 cies
2053 4793 2082 4842 7
2117 4787 2174 4840 in
2211 4789 2330 4850 100,
2372 4784 2810 4841 remanentibus
2847 4784 3089 4848 duobus,
3123 4787 3180 4836 et
3211 4781 3398 4834 decies
3425 4793 3509 4830 se-

1895 4876 2011 4930 xies
2048 4878 2081 4932 4
2110 4875 2168 4929 in
2191 4875 2278 4928 64.
2315 4874 2427 4930 Sed
2459 4892 2523 4928 ex
2554 4874 2642 4929 his
2665 4875 2699 4928 4
2738 4873 2810 4928 ad
2843 4871 3102 4943 pervium
3134 4868 3508 4940 deputantur.

1897 4963 2045 5028 Quia
2072 4979 2212 5035 ergo
2253 4962 2310 5016 in
2344 4965 2412 5018 60
2434 4961 2766 5034 quindecies
2786 4965 2818 5016 4
2850 4962 3002 5024 sunt,
3032 4961 3090 5012 et
3133 4956 3192 5010 in
3235 4958 3343 5010 e100
3369 4969 3510 5026 qua-

1896 5051 2175 5108 terdecies
2195 5057 2250 5116 7,
2273 5053 2421 5108 tiunt
2451 5055 2574 5107 210.
2605 5051 2711 5104 Tot
2728 5065 2944 5120 cuppas
2973 5045 3152 5118 igitur
3201 5043 3259 5098 in
3293 5057 3508 5126 cavana

1899 5141 2050 5197 dicta
2077 5142 2265 5197 locare
2294 5140 2527 5212 poteris.

2453 5244 2674 5302 CAPUT
2705 5241 2943 5298 LXXVII.

2277 5337 2333 5390 In
2367 5335 2562 5392 circulo
2579 5333 2859 5391 embadum
2887 5331 3144 5388 invenire.

1973 5429 2036 5484 In
2063 5425 2295 5490 circulo,
2328 5425 2488 5495 cujus
2513 5425 2864 5482 diametrum
2891 5421 2963 5478 sit
2985 5420 3201 5494 pedum
3227 5417 3520 5492 l4,emba-

1907 5517 2045 5572 dum
2080 5515 2158 5569 sic
2179 5530 2420 5586 quaeras.
2465 5516 2582 5570 Duc
2621 5515 2974 5570 diametrum
3005 5511 3064 5568 in
3104 5527 3186 5580 se,
3218 5510 3366 5567 ﬁunt
3397 5513 3521 5570 196.

1907 5603 2316 5670 Ducuudccies,
2349 5603 2496 5657 fiunt
2543 5606 2700 5672 2156,
2752 5619 2914 5660 sume
2963 5605 3188 5676 partem
3238 5599 3527 5658 decimam

959 5701 1026 5754 00
1909 5694 2197 5767 quartam,
2221 5691 2368 5748 fiunt
2402 5692 2532 5761 154;
2565 5692 2623 5746 et
2649 5693 2738 5748 tot
2785 5691 2998 5764 pedum
3034 5691 3145 5747 erit
3189 5689 3526 5747 embadum.

173 4491 360 4548 facito.
398 4494 526 4548 Duc
564 4489 830 4546 mediam
864 4489 934 4544 de
966 4489 1242 4545 lateribus
1266 4489 1496 4561 junctis,
1531 4488 1589 4543 id
1609 4491 1694 4543 est
1723 4487 1793 4542 de

173 4580 290 4644 200,
319 4580 470 4634 ﬁunt
506 4583 634 4636 100.
675 4579 754 4631 De
782 4578 969 4632 fronte
993 4577 1275 4644 similiter,
1305 4577 1462 4631 idest
1485 4577 1556 4632 de
1577 4581 1666 4645 90,
1704 4579 1792 4644 45,

175 4668 332 4722 ﬁnnt.
355 4669 418 4722 Et
433 4668 578 4740 quia
596 4665 900 4736 longitudo
929 4667 1368 4738 uniuscujusque
1386 4666 1592 4720 domus
1621 4666 1796 4720 habet

179 4755 344 4823 pedes
373 4761 468 4822 20,
536 4759 600 4810 et
651 4754 895 4810 latitudo
949 4759 1032 4822 10,
1089 4755 1195 4810 duc
1237 4754 1574 4826 vigesimum
1605 4755 1675 4809 de
1710 4759 1792 4822 10,

183 4843 319 4898 fiunt
370 4849 423 4900 5.
460 4850 522 4899 et
573 4844 870 4898 decimam
924 4844 994 4898 de
1043 4848 1132 4912 40,
1189 4844 1327 4898 fient
1375 4848 1433 4901 4.
1475 4845 1591 4899 Duc
1623 4844 1797 4914 igitur

180 4932 488 5004 quinquies
513 4936 793 5004 quatuor,
827 4931 966 4987 fient
993 4935 1061 4988 20
1085 4950 1098 5000 ;
1123 4936 1209 4988 tot
1238 4932 1442 4988 domus
1477 4932 1662 5004 capiet
1690 4933 1793 4987 hu-

172 5020 420 5089 jusmodi
449 5021 680 5076 civitas.

769 5385 915 5456 ‘00."
1016 5400 1021 5404 '
1062 5385 1224 5456 \100
