3882 6230
393 451 498 512 147

936 565 1161 623 CAPUT
1190 565 1453 624 LXXVIII.

711 694 804 752 Ea:
826 693 1085 750 diametro
1118 692 1376 749 circulum
1410 691 1688 762 indagare.

463 805 543 861 Ex
576 801 862 859 diametro
881 799 1164 856 circulum
1209 798 1287 853 sic
1327 815 1554 870 quasras
1582 814 1596 854 :
1630 797 2004 864 diametrum,

391 891 640 964 exempli
660 890 867 964 gratia,
904 892 968 945 14
997 887 1234 960 vigesies
1289 887 1397 956 bis,
1445 889 1588 942 ﬁent
1630 885 1758 953 308,
1815 902 2007 941 sumas

389 984 618 1058 partem
646 979 978 1053 septimam,
1009 979 1074 1033 Iit
1104 979 1208 1045 44;
1255 975 1412 1050 quod
1440 979 1525 1032 est
1553 975 1814 1032 circulus.

959 1120 1186 1178 CAPUT
1218 1120 1434 1180 LXXIX.

697 1247 766 1303 Ικ
795 1244 1082 1316 hemicyclo
1125 1243 1403 1301 embadum
1435 1245 1692 1302 invenire.

455 1359 520 1413 In
541 1353 883 1426 bemicyclo,
915 1351 1076 1424 cujus
1105 1351 1182 1407 sit
1207 1351 1361 1407 basis
1385 1352 1602 1424 pedum
1642 1355 1728 1420 10,
1760 1352 1912 1408 linea
1939 1351 1998 1407 in

384 1449 651 1502 centrum
693 1445 746 1510 5,
791 1432 1106 1496 embadum
1138 1439 1218 1496 sic
1273 1457 1534 1512 quaeras:
1570 1441 1678 1497 duc
1707 1441 1766 1497 in
1789 1459 1846 1497 se
1879 1443 1999 1498 dia-

381 1535 663 1600 metrum,
691 1531 758 1586 ﬂt
787 1533 908 1586 100.
937 1527 1054 1585 Hoc
1079 1527 1358 1584 undecies
1383 1529 1723 1601 multiplica,
1747 1533 1812 1586 fit
1841 1535 1998 1588 1100.

384 1623 562 1696 Hujus
587 1617 923 1692 vigesimam
977 1618 1241 1672 octavam
1300 1633 1486 1684 sume,
1531 1617 1643 1673 erit
1669 1618 1728 1674 in
1759 1619 2000 1690 pedibus

384 1716 474 1778 39,
531 1709 755 1765 duabus
817 1703 1078 1778 septimis
1122 1705 1598 1770 remanentibus,
1633 1707 1692 1762 id
1721 1713 1806 1763 est
1835 1712 1903 1775 8;
1944 1709 2002 1763 et

1056 442 1409 504 SILVES’I‘RI
1430 446 1477 503 Il
1511 445 1718 504 PAPIE
1743 445 1898 503 OPP.
1921 439 2104 502 PARS
2137 443 2181 505 Ι.
2213 475 2283 484 -
2312 446 2402 502 DE
2427 445 2716 506 DlSClPL.
2741 449 3044 506 MATHEM.

2027 568 2083 628 Α

3619 456 3721 513 148

2663 571 2886 628 CAPUT
2918 571 3150 628 LXXXII.

2327 657 2649 717 C’olumnam
2671 661 2868 728 facere,
2905 661 3165 716 circulum
3188 661 3502 730 incrassare,

2491 731 2828 786 altitudinem
2855 747 3031 787 rerum
3055 733 3308 788 invenire.

2179 817 2264 872 Ad
2293 819 2624 874 columnam
2655 819 2980 874 faciendam
3011 819 3726 893 longitudinis,septimam

2106 903 2166 960 in
2191 904 2451 962 inferiori
2491 906 2728 962 circuitu
2754 907 2874 974 des,
2905 911 3168 963 octavam
3198 909 3502 981 superiori.
3619 927 3632 934 ’

2182 994 2469 1051 Circulum
2496 997 2815 1053 incrassare
2837 997 2882 1051 si
2912 996 3014 1064 vis,
3048 997 3398 1053 diametrum
3421 999 3548 1070 ejus
3568 998 3729 1054 cubi-

2105 1098 2218 1151 ces,
2244 1081 2428 1156 ipsam
2461 1086 2883 1141 cubicationem
2914 1085 3036 1156 ejus
3064 1087 3336 1142 undecies
3364 1087 3561 1154 ducas,
3580 1090 3644 1143 et
3659 1104 3728 1142 ex

2105 1187 2176 1227 ea
2199 1189 2430 1230 summa
2453 1175 2789 1247 vigesimam
2819 1172 3072 1246 primam
3096 1175 3360 1248 accipias,
3391 1179 3450 1232 et
3468 1177 3596 1233 haec
3614 1177 3731 1232 erit

2107 1261 2346 1332 sphaera:
2378 1264 2715 1320 crassitudo.

2182 1351 2275 1406 Est
2301 1352 2476 1408 etiam
2519 1354 2666 1411 ratio
2711 1355 2823 1410 alia
2863 1355 3230 1412 altitudinem
3276 1353 3533 1422 videndi,
3595 1372 3728 1429 qum

2102 1443 2190 1494 est
2215 1441 2568 1512 hujusmodi.
2611 1443 3054 1516 Orthogonium,
3082 1444 3244 1515 cujus
3272 1443 3532 1498 cathetus
3564 1447 3600 1498 6
3641 1445 3730 1500 vel

2101 1527 2279 1582 trium
2307 1529 2520 1600 pedum
2549 1529 2640 1597 sit,
2663 1531 2814 1586 basis
2860 1536 2892 1588 8
2923 1533 3010 1586 vel
3038 1534 3092 1598 4,
3141 1533 3507 1604 hypotenusa
3536 1535 3608 1588 10
3643 1533 3728 1587 vel

2101 1617 2154 1681 5,
2193 1616 2381 1687 erigas
2402 1617 2482 1672 ita
2514 1622 2574 1672 ut
2605 1622 2770 1674 terrae
2798 1619 2945 1674 basis
2977 1620 3239 1691 adjaceat
3276 1634 3290 1673 :
3320 1619 3594 1674 cathetus
3625 1621 3729 1674 ad-

2100 1719 2306 1760 versus
2333 1706 2489 1762 illam
2518 1725 2665 1774 rem,
2706 1709 2866 1780 cujus
2913 1707 3155 1763 altitudo
3206 1707 3487 1780 perpendi
3526 1709 3730 1775 debet,

382 1801 508 1856 hinc
532 1799 619 1852 est
643 1811 798 1851 area.
831 1793 992 1848 Idem
1018 1794 1186 1859 esset,
1213 1792 1259 1848 si
1299 1793 1482 1849 basim
1513 1811 1617 1866 per
1639 1795 1851 1852 lineam
1873 1813 2000 1868 quae
2106 1805 2329 1848 erectus
2354 1795 2674 1864 habeatur;
2716 1797 3079 1868 hypotenusa
3125 1812 3258 1850 vero
3291 1813 3327 1851 a
3354 1813 3587 1851 summo
3622 1815 3720 1852 ca-

384 1885 610 1944 ducitur
653 1884 715 1939 in
747 1885 1011 1938 centrum
1050 1880 1498 1952 multiplicatam
1530 1884 1799 1939 undecies
1829 1887 1999 1940 duce-
2028 1889 2080 1948 B
2101 1881 2244 1936 theti
2269 1883 2342 1938 ad
2371 1887 2609 1950 terram,
2643 1883 2701 1938 in
2734 1901 3026 1939 summum
3075 1884 3226 1939 basis
3256 1884 3594 1940 deducatur.
3631 1885 3724 1940 Sic

381 1993 495 2043 res,
523 1990 590 2030 ac
618 1971 823 2029 exinde
852 1968 1143 2025 decimam
1198 1973 1468 2042 quartam
1499 1973 1804 2044 acciperes.
1840 1976 2004 2042 Quod

383 2079 586 2121 verum
615 2065 701 2119 est
719 2059 780 2116 in
810 2056 972 2116 omni
987 2056 1212 2130 integre
1245 2058 1550 2116 dimidiata
1579 2063 1821 2134 sphaera.

1178 2792 1245 2848 10

463 2931 525 2986 ln
557 2929 791 3002 circulo,
817 2933 978 3007 cujus
1005 2933 1080 2990 sit
1099 2949 1234 2990 area
1253 2931 1470 3005 pedum
1497 2931 1623 2996 616,
1656 2927 2004 2984 diametrum

392 3018 474 3076 sic
501 3036 744 3094 queres.
767 3021 984 3089 Quater
1005 3022 1193 3080 decies
1221 3021 1482 3088 ducatur,
1507 3019 1650 3074 ﬁent
1678 3032 1814 3072 area
1841 3015 2000 3070 8624.

391 3107 536 3165 Hinc
561 3125 694 3184 pars
719 3110 1030 3168 undecima
1058 3112 1124 3167 fit
1143 3113 1268 3168 784.
1302 3109 1488 3182 Hujus
1516 3103 1747 3164 numeri
1775 3105 1922 3160 latus
1939 3102 2006 3156 ﬁt

389 3200 460 3256 28
485 3213 506 3266 ;
537 3202 598 3256 et
626 3199 736 3255 hoc
757 3199 868 3256 erit
892 3199 1270 3260 diametrum.

977 3340 1202 3399 CAPUT
1228 3340 1416 3398 LXXX.

387 3463 461 3524 In
483 3464 817 3540 orthogonio,
839 3465 1258 3540 cujuscathetus
1285 3468 1356 3520 sit
1385 3465 1520 3540 pari
1555 3477 1772 3540 numero
1796 3471 2009 3522 notatus

725 3536 972 3594 basim'et
999 3536 1390 3611 hypotenusam
1416 3536 1668 3590 invenire.

457 3646 524 3701 ln
549 3645 922 3717 orthogonio,
954 3645 1118 3716 cujus
1147 3645 1407 3700 cathetus
1465 3641 1539 3696 sit
1595 3641 1720 3713 pari
1759 3659 2004 3698 numero

389 3733 721 3801 adnotatas,
746 3734 900 3789 velut
928 3737 982 3802 8,
1013 3733 1093 3790 sic
1120 3732 1306 3790 basim
1325 3733 1387 3786 et
1407 3731 1830 3802 hypotenusam
1849 3748 2008 3804 quae-

389 3839 504 3880 ras.
538 3821 764 3878 Catheti
801 3825 1035 3894 sumpta
1071 3837 1206 3895 pars
1244 3817 1504 3886 dimidia,
1552 3817 1612 3874 id
1641 3821 1729 3873 est
1756 3821 1810 3886 4,
1853 3819 1912 3874 in
1947 3835 2007 3874 se

391 3911 866 3985 multiplicentur,
893 3912 1038 3968 flent
1071 3913 1154 3977 16,
1183 3911 1242 3964 et
1271 3907 1332 3962 in
1357 3907 1448 3962 bis
1494 3923 1610 3962 uno
1650 3907 1886 3979 dempto
1917 3925 2006 3982 re-

392 4003 596 4058 manet
620 3998 792 4070 basis,
808 3999 900 4058 cui
923 3997 1148 4056 duobus
1167 3993 1408 4052 redditis
1441 3995 1507 4050 fit
1527 3995 1910 4068 hypotenusa.

959 4139 1186 4198 CAPUT
1226 4138 1438 4199 LXXXI.

710 4265 780 4322 In
807 4271 983 4323 monte
1007 4261 1184 4318 strabo
1206 4261 1403 4334 iugera
1441 4263 1696 4318 invenire.

2031 3196 2081 3257 C

2107 1969 2325 2026 directo
2359 1971 2514 2037 illuc,
2545 1971 2644 2026 ubi
2683 1972 2833 2027 basis
2883 1975 2944 2026 et
2970 1972 3330 2044 hypotenusa
3367 1973 3728 2044 junguntur,

2115 2061 2343 2114 oculum
2371 2076 2630 2132 apponas
2648 2059 2716 2115 ad
2750 2065 2963 2116 terram
2995 2062 3332 2131 prostratus.
3370 2060 3598 2116 Deinde
3615 2062 3732 2118 huc

2108 2146 2360 2220 illucque
2395 2148 2591 2203 tandiu
2617 2149 2904 2216 detrahas,
2929 2149 3094 2204 oculo
3125 2152 3320 2203 tamen
3353 2164 3594 2220 semper
3629 2167 3728 2224 ap-

2112 2236 2320 2308 posito,
2350 2236 2533 2291 donec
2563 2235 2665 2291 tibi
2688 2253 2982 2292 summum
3023 2236 3235 2292 catheti
3264 2236 3412 2293 illius
3432 2237 3539 2308 rei,
3563 2239 3736 2311 cujus

2110 2324 2476 2380 altitudinem
2499 2325 2726 2396 quaeris,
2763 2325 3086 2380 summitati
3113 2325 3406 2398 adaquari
3436 2325 3730 2384 videatur.

2109 2412 2232 2478 Quo
2275 2413 2426 2468 facto
2458 2429 2640 2486 ponas
2673 2413 2924 2486 signum,
2965 2413 3062 2470 ubi
3095 2415 3324 2470 oculum
3371 2415 3640 2484 tenebat,
3673 2419 3735 2472 et

2109 2517 2176 2556 ex
2206 2517 2275 2556 eo
2305 2500 2469 2572 signo
2514 2501 2721 2557 metire
2773 2501 3023 2574 spatium
3064 2519 3242 2574 usque
3288 2503 3362 2558 ad
3395 2503 3614 2574 pedem
3647 2505 3737 2562 rei

2107 2589 2281 2645 illius.
2311 2590 2449 2644 Huic
2473 2589 2658 2662 spatio
2685 2607 2790 2663 per
2817 2594 2853 2648 4
2883 2591 3094 2663 partito
3123 2594 3393 2664 quartam
3413 2607 3599 2648 unam
3633 2593 3736 2649 de-

2107 2677 2334 2747 trahas;
2363 2682 2596 2734 cmteras
2625 2682 2656 2734 3
2687 2695 2792 2752 pro
2824 2679 3127 2735 altitudine
3176 2679 3327 2734 illius
3357 2679 3462 2747 rei,
3509 2681 3583 2736 de
3618 2699 3738 2755 qua

2107 2767 2424 2839 quaerebas,
2459 2768 2692 2823 habeto.
2723 2769 2851 2823 Hec
2873 2767 3241 2824 altitudinem
3269 2767 3503 2825 videndi
3525 2770 3736 2826 certis-

2105 2855 2258 2911 sima
2280 2855 2426 2910 ratio
2459 2859 2563 2923 est,
2594 2856 2638 2911 si
2662 2859 2859 2912 tamen
2888 2873 3042 2924 area,
3092 2873 3197 2928 per
3245 2873 3422 2930 quam
3464 2857 3740 2914 cathetus

2107 2947 2330 2999 erectus
2351 2944 2673 3001 detrahitur
2696 2961 2815 3002 non
2845 2949 3177 3014 montuosa,
3208 2961 3327 3002 non
3358 2947 3599 3014 vallosa,
3631 2948 3736 3003 sed

2105 3033 2282 3104 plana
2307 3031 2500 3090 fuerit.

2654 3140 2879 3196 CAPUT
2924 3139 3184 3196 LXXXIII.

2531 3227 2698 3284 Putei
2769 3228 3054 3300 amphoras
3126 3244 3292 3284 nosse.

2178 3317 2408 3380 Puteus,
2435 3316 2594 3388 cujus
2623 3317 2696 3372 sit
2723 3317 3072 3372 diametrum
3116 3324 3170 3383 7,
3215 3317 3459 3372 altitudo
3503 3319 3576 3374 40
3629 3335 3735 3391 pe-

2109 3404 2272 3472 dum,
2314 3407 2403 3460 tot
2425 3406 2734 3477 amphoras
2763 3405 2950 3478 capiet
2971 3409 3114 3478 quot
3131 3406 3516 3478 processerint
3549 3408 3740 3478 pedes

2108 3509 2175 3548 ex
2200 3493 2529 3566 hujusmedi
2557 3493 2827 3549 diametri
2857 3511 3010 3561 area,
3043 3494 3463 3566 altitudineque
3485 3495 3545 3549 in
3577 3495 3736 3550 invi-

2107 3598 2234 3636 cem
2261 3581 2661 3654 multiplicata,
2688 3582 2732 3638 si
2764 3583 2910 3655 pede
2959 3599 3071 3638 uno
3112 3583 3285 3655 longa
3314 3586 3373 3638 et
3403 3584 3523 3638 alta
3551 3583 3737 3640 fuerit

2109 3671 2412 3744 amphora.

2641 3761 2862 3816 CAPUT
2900 3761 3156 3816 LXXXIV.

2114 3847 2310 3922 Cuppa
2338 3849 2479 3922 quod
2498 3848 2701 3922 pedum
2726 3847 3020 3923 solidorum
3047 3851 3136 3923 sit,
3181 3856 3410 3922 quotque
3444 3848 3743 3923 ampliora:

2658 3921 2858 3990 Capiet,
2893 3920 3153 3974 invenire.

2184 4009 2402 4080 Cuppa,
2432 4007 2592 4079 cujus
2615 4006 2859 4062 latitudo
2893 4006 3011 4062 ima
3038 4007 3256 4078 pedum
3311 4005 3384 4062 sit
3415 4011 3468 4075 3,
3500 4024 3744 4064 summa

2109 4101 2164 4165 2,
2187 4096 2383 4153 media
2407 4099 2458 4162 5,
2498 4095 2742 4150 altitudo
2767 4111 2900 4150 vero
2937 4099 3022 4162 12,
3057 4098 3198 4168 quot
3225 4095 3440 4168 pedum
3464 4095 3564 4166 {sit
3593 4098 3741 4153 soli-

2111 4187 2344 4251 dorum,
2377 4200 2443 4239 ac
2473 4200 2577 4256 per
2605 4183 2714 4238 hoc
2745 4187 2888 4254 quot
2910 4184 3221 4254 amphoras
3241 4183 3450 4256 capiat,
3472 4184 3552 4239 sic
3570 4201 3740 4257 qum-

2105 4290 2234 4330 ras:
2269 4271 2572 4334 latitudine
2600 4271 2796 4326 media
2824 4271 2884 4326 in
2917 4288 2976 4326 se
3003 4271 3192 4340 ducta,
3227 4289 3291 4328 ac
3308 4289 3538 4327 summa
3561 4273 3740 4329 dein-

465 4374 529 4430 ιη
549 4375 750 4430 monte
772 4369 968 4426 strabo
1014 4364 1224 4434 [Glossa
1252 4372 1380 4435 vet.,
1413 4367 1511 4440 qui
1537 4367 1596 4423 in
1623 4369 1804 4425 altera
1827 4371 2007 4425 latere
2029 4423 2077 4440 ἢ
2108 4362 2180 4416 de
2205 4363 2432 4414 excreta
2461 4359 2768 4428 triplicata,
2801 4358 3214 4432 diametrisque
3244 4376 3476 4415 summo
3511 4363 3570 4414 et
3605 4361 3735 4418 imo

393 4423 795 4537 pchi'gZ'in’
808 4423 1324 4512 Litero‘menmm
1367 4423 2004 4524 'déclivitatemihabet]
2029 4423 2081 4482 D
2108 4449 2167 4504 in
2197 4464 2257 4537 se
2285 4423 2616 4537 singulatim
2643 4423 2844 4514 ductis,
2877 4464 3067 4537 omne,
3201 4463 3382 4502 unum
3409 4448 3475 4501 ﬁt
3509 4451 3599 4504 88.
3633 4449 3736 4537 llis

393 4547 492 4624 qui
518 4548 696 4604 habet
723 4545 797 4600 ad
827 4540 1038 4616 pedem
1060 4539 1120 4594 in
1145 4539 1387 4597 circuitu
1407 4543 1580 4614 pedes
1607 4546 1764 4610 1400,
1795 4543 1852 4598 in
1873 4559 2010 4598 acu-

392 4635 552 4694 mine
581 4638 706 4699 200,
729 4632 788 4687 in
819 4626 1124 4684 altitudine
1157 4628 1402 4685 dexterae
1430 4631 1607 4702 partis
1624 4633 1748 4698 850,
1771 4630 1830 4684 in
1855 4631 2007 4684 laevis

389 4739 528 4779 vero
550 4724 676 4788 750,
706 4717 784 4772 sic
815 4729 1040 4788 quaeras
1054 4715 1279 4787 jugera.
1310 4716 1636 4790 Superioris
1657 4715 2008 4772 circuitiouis

390 4829 526 4869 cum
554 4805 827 4864 inferiore
847 4803 1064 4875 junctae
1097 4821 1261 4860 sume
1310 4805 1636 4873 dimidiam,
1688 4820 1817 4875 quae
1852 4805 1918 4857 ﬁt
1946 4803 2004 4858 in

343 4887 350 4894 ’
392 4902 496 4958 800
517 4895 775 4970 pedibus.
797 4892 910 4962 Has
932 4891 1271 4950 medietates
1300 4893 1548 4951 invicem
1583 4890 1922 4961 multiplica,
1950 4897 2006 4947 et

391 4987 538 5044 ﬁunt
567 4983 690 5038 640.
718 4981 782 5036 In
806 4979 896 5036 his
924 4978 1160 5052 vigesies
1205 4981 1292 5038 bis
1337 4981 1590 5054 reperies
1621 4977 1788 5033 unius
1812 4978 2002 5050 jugeri

389 5073 568 5150 pedes
589 5071 786 5139 28800,
822 5071 1257 5128 remanentibus
1280 5069 1441 5126 6400.

1086 5285 1530 5350 ΜοΝεΤωυε

816 5335 995 5492 εγ
1593 5335 1712 5492 lg.

920 5495 1613 5620 ᾼερρκηκι
1659 5495 1712 5530 ’³

1101 5632 1207 5691 400

2108 4533 2382 4590 undecies
2411 4534 2594 4590 ductis
2616 4551 2680 4589 ac
2713 4551 2957 4590 summae
2982 4534 3189 4589 exinde
3216 4538 3370 4592 nota:
3399 4537 3608 4606 quarta
3629 4535 3738 4590 de-

2109 4622 2262 4676 cima
2309 4625 2542 4696 sumpta
2573 4623 2718 4677 fiunt
2747 4626 2814 4678 69
2842 4626 2899 4677 et
2928 4622 3055 4677 dum
3097 4625 3316 4692 quartae
3371 4621 3642 4689 decimas,
3674 4623 3740 4678 id

2110 4715 2195 4766 est
2221 4729 2334 4767 una
2363 4712 2629 4785 septima.
2657 4712 2751 4766 llis
2782 4728 2886 4782 per
2922 4710 3152 4764 tertiam
3187 4710 3530 4776 altitudinis,
3555 4711 3614 4766 id
3648 4715 3743 4767 est

2112 4817 2215 4875 per
2245 4801 2680 4874 quaternarium
2716 4797 3108 4868 multiplicatis
3125 4797 3286 4850 venit
3308 4814 3721 4855 numerusam-

2107 4891 2425 4962 phorarum
2454 4892 2554 4945 276
2579 4893 2638 4942 et
2661 4893 2692 4943 8
2720 4888 2938 4958 quartae
2958 4883 3217 4950 decimae,
3259 4883 3318 4939 id
3363 4889 3451 4940 est
3493 4891 3526 4942 4
3556 4889 3738 4962 septi-

2273 5067 2444 5122 fuerit
2464 5080 2669 5136 cuppa,
2701 5061 2860 5134 cujus
2890 5061 3010 5116 ima
3038 5061 3283 5118 latitudo
3316 5060 3389 5118 sit
3418 5063 3643 5134 pedum
3681 5072 3738 5134 5,

2106 5174 2336 5214 summa
2366 5160 2418 5223 3,
2447 5153 2664 5209 altiudo
2697 5156 2750 5220 9,
2779 5155 2920 5224 quot
2937 5152 3249 5225 amphoras
3269 5151 3458 5224 capiat
3478 5151 3558 5208 sic
3575 5172 3738 5226 quaa-

2105 5263 2234 5302 ras:
2261 5243 2461 5299 imain
2497 5258 2558 5297 se
2581 5242 2647 5298 ﬁt
2677 5245 2766 5309 25,
2797 5257 3028 5297 summa
3057 5257 3288 5314 quoque
3333 5240 3393 5296 in
3448 5257 3508 5296 se
3555 5243 3622 5298 fit
3674 5249 3734 5312 9,

2105 5335 2400 5406 utriusque
2429 5333 2490 5388 in
2519 5331 2767 5388 invicem
2799 5331 2946 5386 fiunt
3005 5335 3091 5387 15.
3144 5331 3241 5384 llis
3267 5331 3453 5385 tribus
3478 5333 3734 5389 summis

2101 5423 2273 5479 simul
2287 5420 2502 5496 junctis
2514 5422 2661 5477 fiunt
2680 5423 2769 5478 49.
2798 5419 2888 5476 liis
2919 5419 3192 5476 undecies
3214 5418 3398 5475 ductis
3422 5419 3570 5474 ﬂunt
3591 5423 3722 5478 539.

2102 5515 2317 5571 Horum
2343 5528 2476 5586 pars
2505 5511 2732 5568 decima
2756 5512 2963 5582 quarta
2981 5510 3048 5567 fit
3069 5512 3136 5567 38
3160 5508 3218 5564 S.
3247 5509 3376 5565 Haec
3403 5525 3506 5582 per
3534 5507 3731 5566 altitu-

2102 5602 2254 5661 diuis
2283 5601 2516 5657 tertiam
2542 5601 2715 5656 ducta
2742 5599 2891 5656 ﬁunt
2934 5601 3032 5655 115
3063 5597 3124 5656 S.
3149 5597 3257 5654 Tot
3279 5599 3452 5654 erunt
3479 5597 3727 5670 ampho-

2100 5709 2181 5751 ras
2205 5691 2294 5748 vel
2321 5688 2498 5763 pedes
2521 5686 2706 5744 solidi.

3861 788 3877 1032 Ι

3851 1057 3877 1449 ‘.

3861 2696 3878 3110 ί

3869 3293 3880 3524 1

3871 4219 3874 4306 ι
