3882 6230
233 413 334 470 149

237 645 442 717 cuppis
470 643 789 717 diligenter
816 642 1108 716 inspectis,
1129 658 1280 713 pene
1300 641 1488 696 nullus
1511 638 1620 695 erit
1634 640 1858 710 puteus,

235 735 325 788 vel
367 749 576 805 cuppa,
598 734 686 787 vel
725 734 917 787 tonna
944 731 1153 802 aliqua,
1185 730 1323 801 quin
1353 730 1474 801 ejus
1505 729 1680 802 possit
1703 727 1861 783 inda-

244 821 373 894 gari
400 821 789 894 profunditas,
821 820 930 874 nisi
958 818 1107 873 mira
1132 817 1192 873 in
1234 818 1312 872 eis
1339 817 1512 873 fuerit
1543 818 1856 874 diversitas.

809 962 1033 1020 CAPUT
1069 960 1309 1017 LXXXV.

234 1096 328 1153 Ea:
368 1096 698 1151 adunatioue
739 1094 975 1148 omnium
1021 1104 1385 1155 numerorum,
1434 1086 1725 1142 secundum
1769 1103 1860 1141 or-

310 1168 493 1222 dinem
532 1165 831 1222 naturalem
851 1162 1211 1235 prolatorum,
1240 1161 1372 1214 scire
1398 1162 1604 1232 quanta
1628 1158 1855 1229 profun-

307 1238 472 1304 ditas,
501 1243 718 1303 crescat,
751 1239 861 1291 etc.

313 1345 393 1399 Ex
430 1343 785 1397 adunatione
820 1339 1084 1395 omnium
1122 1351 1499 1393 numerorum
1538 1333 1854 1389 secundum

232 1432 510 1489 ordinem
540 1431 866 1485 naturalem
896 1429 1253 1501 prolatorum
1282 1425 1327 1480 si
1365 1424 1444 1479 vis
1475 1423 1617 1478 scire
1638 1424 1855 1494 quanta

232 1518 604 1594 profunditas
655 1519 896 1584 crescat,
946 1516 1068 1570 haec
1108 1512 1211 1569 tibi
1261 1514 1461 1584 regula
1502 1510 1764 1575 sufficiat,
1808 1508 1854 1563 si

233 1610 479 1664 tantum
508 1604 853 1661 coadunatio
886 1605 983 1660 illa
1025 1605 1097 1659 ab
1144 1601 1363 1658 unitate
1409 1599 1661 1670 incipiat,
1692 1600 1752 1652 et
1779 1598 1857 1652 sic

232 1714 346 1770 per
375 1695 610 1767 regulas
636 1697 694 1749 et
728 1709 835 1767 per
861 1691 1124 1757 ordinem
1151 1690 1529 1747 continuatim
1562 1690 1855 1763 procedat.

232 1785 300 1841 Si
342 1800 452 1856 par
479 1798 758 1837 numerus
788 1780 1234 1847 coacervabitur,
1261 1796 1364 1852 per
1392 1778 1646 1834 medium
1675 1777 1859 1833 ultimi

232 1888 491 1946 sequens
557 1868 1053 1942 multiplicabitur,
1104 1886 1154 1922 v.
1197 1886 1279 1940 g.,
1327 1873 1346 1923 1
1400 1871 1433 1923 2
1474 1871 1504 1923 3
1542 1869 1576 1922 4
1613 1870 1643 1921 5
1682 1868 1735 1933 6,
1773 1865 1857 1920 vel

233 1961 391 2017 scire
409 1963 552 2032 quot
567 1958 704 2025 sint,
722 1974 826 2031 per
861 1958 1073 2012 senarii
1096 1958 1466 2014 medietatem
1489 1956 1859 2026 subsequens,

231 2050 295 2105 id
327 2051 416 2105 est
445 2046 806 2119 septenarius
836 2046 1266 2118 multiplicetur,
1299 2050 1356 2101 et
1376 2046 1516 2100 ﬁent
1558 2048 1655 2111 2t;
1688 2060 1859 2114 quam

232 2153 543 2192 summam
572 2134 841 2191 similiter
857 2134 1060 2189 reddet
1076 2133 1400 2207 supradicta
1416 2132 1779 2191 coadunatio.
1804 2131 1861 2185 Si

232 2228 445 2280 autem
479 2225 671 2296 impar
720 2237 994 2280 numerus
1022 2238 1399 2277 numerorum
1431 2218 1862 2292 aggregabitur,

230 2329 343 2385 per
388 2314 672 2384 majorem
706 2311 791 2367 sui
814 2315 1038 2383 partem
1060 2310 1285 2366 ultimus
1307 2311 1651 2380 aggregatus
1668 2305 1862 2362 multi-

230 2401 567 2475 plicabitur,
602 2405 665 2455 ut
692 2403 778 2454 est
807 2404 826 2454 1
860 2402 893 2453 2
932 2402 962 2454 3
1003 2403 1036 2455 4
1065 2404 1094 2453 5
1125 2405 1157 2455 6
1195 2398 1584 2468 7.]Multiplica
1607 2399 1865 2468 septena-

232 2489 396 2543 rium
433 2506 540 2562 per
566 2488 881 2543 maximam
912 2488 995 2542 sui
1031 2491 1276 2560 partem,
1305 2488 1363 2541 id
1394 2489 1478 2541 est
1516 2502 1618 2559 per
1645 2489 1699 2540 4.
1721 2486 1865 2549 Qua-

234 2580 328 2631 ter
359 2582 392 2631 7
432 2577 581 2631 ﬁunt
607 2578 698 2643 28,
740 2575 840 2648 qui
880 2592 1081 2631 omnes
1108 2592 1281 2649 supra
1318 2575 1558 2647 scriptos
1585 2572 1863 2628 terminos

230 2664 538 2721 claudunt.
575 2664 634 2720 Si
660 2664 1029 2721 solummodo
1059 2680 1184 2735 par,
1216 2668 1279 2718 ut
1324 2667 1409 2718 est
1430 2666 1462 2718 2
1487 2665 1520 2717 4
1551 2664 1582 2717 6
1612 2664 1667 2724 8,
1698 2661 1864 2716 duca.

230 2754 329 2807 tur
358 2752 646 2807 medietas
670 2751 855 2805 ultimi
883 2751 1181 2823 aggregati
1213 2768 1318 2823 per
1344 2750 1526 2818 illum,
1558 2750 1654 2821 qui
1673 2748 1861 2821 sequi-

227 2827 328 2895 tur
358 2840 571 2912 ipsam,
611 2843 670 2896 et
698 2839 745 2895 si
802 2839 1010 2913 impar,
1043 2842 1104 2895 ut
1137 2843 1158 2895 1
1206 2843 1237 2895 3
1281 2843 1311 2893 5
1352 2842 1384 2892 7
1424 2842 1477 2906 9,
1514 2838 1704 2909 major
1730 2853 1863 2911 pars

238 2928 435 2983 ultimi
464 2927 522 2982 in
549 2944 612 2983 se
642 2927 901 2983 ducatur.

784 3086 1009 3143 CAPUT
1060 3087 1323 3142 LXXXVI.

603 3212 810 3270 Circuli
836 3213 1209 3266 inauratarum
1247 3215 1499 3268 invenire.

311 3320 522 3376 Circuli
552 3321 946 3377 iuauraturam
973 3324 1052 3377 sic
1081 3338 1305 3393 quaeras
1331 3337 1342 3375 :
1376 3320 1725 3375 diametrum
1749 3318 1855 3374 cir-

234 3409 351 3463 culi
379 3408 439 3463 in
467 3427 527 3464 se
554 3410 788 3466 ductum
842 3412 1079 3483 vigesies
1122 3411 1207 3466 bis
1253 3404 1585 3481 multiplica.
1634 3409 1860 3462 Effectus

232 3514 485 3553 summa:
545 3500 852 3570 septimam
910 3500 1170 3571 accipias,
1233 3503 1292 3553 et
1342 3500 1463 3552 haec
1511 3496 1703 3552 circuli
1753 3497 1864 3551 erit

235 3588 603 3655 inauratura;
658 3588 813 3660 quod
870 3588 1025 3643 idem
1075 3588 1228 3649 isset.
1279 3586 1325 3641 si
1367 3603 1472 3658 per
1513 3586 1860 3640 diametrum

234 3675 520 3730 circulum
551 3675 980 3748 multiplicares.

770 3834 994 3891 CAPUT
1046 3834 1335 3889 LXXXVII.

526 3957 807 4014 Columnae
837 3958 1110 4030 inaequalis
1128 3958 1282 4029 pedes
1310 3960 1561 4013 invenire.

316 4067 372 4121 Si
404 4065 579 4122 fuerit
601 4066 873 4121 columna
905 4064 1218 4137 inaequalis.
1255 4065 1415 4136 cujus
1458 4064 1576 4119 ima
1616 4064 1856 4119 latitudo

233 4155 455 4228 pedum
502 4153 574 4208 sit
614 4158 700 4221 13,
741 4170 970 4208 summa
1008 4157 1059 4219 5,
1102 4152 1340 4207 altitudo
1389 4156 1475 4221 30,
1521 4154 1643 4223 ejus
1686 4152 1861 4224 pedes

234 4245 312 4299 sic
358 4260 604 4316 qumras.
647 4244 771 4297 Ima
817 4242 1118 4296 latitudine
1162 4242 1221 4295 in
1269 4259 1326 4296 se
1375 4241 1770 4312 multiplicata,
1798 4258 1862 4296 ac

233 4349 469 4387 summa
516 4332 576 4386 in
614 4348 694 4399 se,
736 4347 802 4386 ac
846 4334 1089 4403 utraque
1136 4329 1407 4394 invicem,
1457 4330 1658 4401 bisque
1685 4330 1864 4385 tribus

239 4420 488 4475 summis
512 4421 682 4474 simul
711 4419 1042 4491 compositis
1072 4419 1220 4473 fiunt
1249 4418 1422 4489 pedes
1451 4420 1575 4473 259.
1629 4418 1722 4473 His
1764 4436 1865 4475 un-

234 4508 430 4563 decies
480 4508 683 4574 ductis,
742 4523 808 4561 ac
860 4507 1065 4561 exinde
1108 4506 1325 4561 effectae
1367 4523 1609 4561 summae
1631 4512 1860 4579 quarta-
1886 4526 1939 4584 I,

233 4597 462 4651 decima
511 4595 770 4650 detracta
829 4594 1060 4649 venient
1115 4597 1218 4649 203
1272 4596 1355 4662 S.,
1419 4596 1633 4650 scilicet
1688 4596 1862 4666 pedes

233 4700 509 4739 arearum
539 4700 784 4738 summa:
814 4686 871 4737 et
898 4683 1104 4737 mediae
1135 4699 1201 4737 ac
1243 4683 1480 4738 infima}.
1531 4684 1624 4739 His
1654 4684 1860 4739 deinde

232 4790 335 4846 per
380 4773 620 4828 tertiam
675 4770 996 4827 altitudinis
1036 4771 1426 4843 multiplicatis
1473 4776 1644 4827 erunt
1691 4773 1837 4827 solid

238 4879 418 4934 penes
449 4864 613 4917 2035.

759 5014 983 5067 CAPUT
1040 5012 1348 5068 LXXXVIII.

765 5119 1126 5189 Hexagonum
1147 5119 1342 5189 facere.

308 5211 367 5268 Si
395 5209 647 5267 volueris
666 5208 1037 5278 hexagonum
1067 5208 1278 5271 facere,
1298 5209 1459 5280 cujus
1487 5210 1635 5265 latus
1654 5210 1863 5267 habeat

230 5300 405 5372 pedes
447 5303 534 5366 10,
568 5296 749 5352 facies
783 5299 847 5351 10
874 5296 1111 5367 pedum,
1145 5296 1361 5352 lineam
1390 5300 1447 5351 et
1480 5298 1538 5352 in
1582 5299 1860 5353 extremi-

229 5392 343 5444 tate
392 5390 518 5461 ejus
571 5384 857 5441 circinum
907 5384 1068 5454 ﬁgas,
1129 5387 1187 5439 et
1233 5384 1510 5440 circulum
1548 5386 1751 5456 facias;
1804 5376 1862 5443 et

227 5478 407 5550 qualis
445 5481 537 5534 est
579 5474 743 5530 linea
778 5489 813 5527 a
848 5473 1040 5528 medio
1083 5477 1282 5530 centro
1326 5475 1521 5532 circuli
1562 5492 1742 5548 usque
1788 5476 1863 5532 ad
1940 5514 1943 5517 λ

227 5565 669 5623 extremitatem
696 5560 976 5633 ejusdem,
999 5560 1214 5617 similes
1234 5580 1328 5617 sex
1350 5581 1452 5636 per
1471 5565 1861 5619 extremitates

214 5656 413 5715 circuli
436 5655 648 5720 ducas,
685 5651 743 5705 et
773 5648 1139 5723 hexagonum
1172 5651 1427 5708 habebis.

1177 488 1181 492 ,
1646 410 1737 468 DE
1760 406 2170 467 caesurum.

309 556 403 612 His
429 554 614 611 tribus
637 554 885 629 regulis,
917 554 988 610 de
1013 556 1186 627 puteo
1215 552 1428 609 scilicet
1449 557 1508 608 et
1544 549 1615 606 de
1644 548 1862 605 duabus
1883 533 1939 594 Α

3464 423 3565 480 150

2398 564 2405 571 -
2491 537 2715 594 CAPUT
2754 539 3011 596 LXXXIX.

1964 636 2117 693 Intra
2159 642 2483 712 quadratum
2515 645 2882 717 tequitaterum
2918 653 3232 719 octogonum
3269 652 3557 725 designare.

2032 747 2089 802 Si
2116 749 2359 806 volueris
2385 751 2537 807 intra
2575 754 2921 826 quadratum
2960 759 3359 830 aequilaterum
3397 764 3562 818 octo—

1959 852 2180 908 gonum
2213 837 2536 910 designare,
2579 842 2889 913 diagonum
2938 846 3195 902 medium
3226 866 3436 905 sumas.
3462 851 3559 906 Hic

1964 924 2244 981 circinum
2277 928 2583 999 spatiatum
2635 932 2843 1002 [Glossa
2872 940 2998 1001 vet,
3031 938 3347 1007 extentum]
3376 939 3433 993 in
3456 956 3558 995 an-

1958 1015 2093 1086 gulo
2122 1015 2387 1087 quadrati
2436 1017 2664 1089 inligas,
2713 1023 2770 1074 et
2810 1022 2870 1075 in
2914 1026 3159 1095 utroque
3199 1026 3379 1081 latere
3408 1044 3557 1100 pun-

1963 1104 2143 1169 ctum,
2176 1120 2472 1176 quousque
2538 1106 2780 1163 circulus
2838 1111 3181 1181 pervenerit,
3246 1113 3442 1182 facias,
3492 1132 3557 1171 ac

1956 1189 2036 1244 sic
2068 1207 2171 1262 per
2209 1191 2462 1263 singulos
2491 1196 2731 1265 angulos
2771 1214 2985 1270 perque
3026 1200 3206 1256 latera
3235 1195 3555 1274 percurras.

1952 1277 2170 1332 Deinde
2188 1296 2222 1333 a
2236 1285 2449 1351 puncto
2474 1282 2530 1336 in
2546 1287 2822 1353 punctum
2846 1288 3071 1357 angulis
3092 1289 3354 1361 quadrati
3372 1294 3555 1348 extra-

1952 1366 2155 1422 clausis
2166 1370 2619 1443 semperlineam
2641 1373 2835 1442 ducas,
2851 1378 2908 1429 et
2924 1380 3277 1449 octogonum
3295 1380 3553 1437 habebis.

2566 1506 2790 1563 CAPUT
2829 1510 2934 1564 XC.

2079 1626 2379 1683 Structurae
2399 1632 2539 1684 circa
2558 1638 2779 1702 puteum
2793 1636 2986 1704 posita’
2998 1636 3157 1706 pedes
3182 1639 3433 1694 invenire.

2030 1735 2087 1790 Si
2124 1737 2271 1792 datis
2309 1738 2479 1792 fuerit
2508 1743 2732 1810 puteus,
2783 1743 2943 1813 cujus
2991 1744 3341 1800 diametrum
3360 1747 3434 1801 sit
3459 1762 3558 1818 pe-

1883 1855 1935 1912 B
1964 1824 2101 1878 dum
2130 1829 2181 1889 5,
2208 1829 2264 1879 et
2289 1826 2438 1881 circa
2455 1844 2586 1881 eum
2610 1829 3080 1887 fueritstructura
3101 1836 3215 1887 alta
3232 1834 3444 1904 pedum
3468 1838 3557 1902 20,

1958 1915 2077 1968 lata
2120 1915 2334 1984 pedum
2387 1919 2440 1978 2,
2488 1917 2608 1985 eius
2656 1922 2953 1976 structurae
2995 1923 3170 1992 pedes
3194 1922 3271 1976 sic
3301 1939 3558 1994 quaeras:

1962 2004 2262 2057 structurae
2317 2002 2681 2059 latitudinem
2728 2007 2901 2061 ducas
2940 2008 2999 2062 in
3047 2026 3127 2075 se,
3182 2009 3329 2063 ﬁunt
3372 2014 3426 2064 4.
3469 2010 3565 2065 His

1964 2090 2199 2160 adjicias
2228 2091 2384 2161 putei
2404 2091 2779 2162 diametrum,
2800 2100 3037 2152 erunt9.
3074 2098 3138 2150 Hi
3157 2097 3215 2150 in
3231 2098 3446 2152 sefient
3471 2101 3563 2153 81.

1960 2179 2045 2233 Ab
2079 2177 2169 2232 his
2193 2178 2475 2233 diametro
2496 2181 2675 2249 ,putei
2720 2182 2890 2237 ducto
2930 2184 2989 2238 in
3025 2201 3084 2239 se
3111 2185 3348 2257 dempto
3377 2201 3564 2240 rema-

1963 2269 2103 2321 nent
2133 2270 2219 2323 56.
2271 2267 2365 2320 His
2404 2268 2672 2322 undecies
2707 2270 2909 2336 ductis,
2957 2276 3016 2326 et
3061 2288 3096 2327 a
3134 2289 3386 2337 summa,
3434 2291 3563 2346 qua:

1962 2353 2098 2409 inde
2130 2354 2459 2421 excreverit,
2489 2360 2694 2426 quarta
2711 2358 2936 2413 decima
2953 2364 3185 2432 sumpta
3205 2364 3376 2415 erunt
3390 2363 3567 2435 pedes

1963 2459 2112 2498 areae
2144 2445 2231 2497 44.
2258 2443 2322 2496 Hi
2355 2459 2457 2514 per
2481 2444 2866 2513 altitudinem,
2910 2446 2970 2501 id
3014 2451 3101 2502 est
3134 2448 3374 2519 vigesies
3410 2450 3566 2506 ducti

1963 2531 2107 2584 fiunt
2134 2532 2257 2595 880,
2299 2530 2405 2585 Tot
2445 2536 2614 2585 erunt
2654 2533 2829 2602 pedes
2875 2550 3024 2590 arcte
3045 2538 3133 2591 44.
3160 2536 3225 2589 Hi
3246 2552 3351 2607 per
3377 2538 3567 2594 altitu-

1963 2618 2182 2687 dinem,
2226 2619 2283 2673 id
2327 2623 2411 2675 est
2446 2621 2685 2693 vigesies
2730 2623 2884 2677 ducti
2921 2625 3070 2680 ﬁunt
3116 2625 3240 2681 880.
3263 2627 3368 2681 Tot
3396 2629 3567 2682 erunt

1961 2707 2135 2778 pedes
2163 2709 2480 2763 structurae.

2570 2845 2795 2902 CAPUT
2831 2847 2956 2903 XCI.

2164 2948 2452 3005 Prismatis
2478 2952 2636 3022 pedes
2668 2955 2903 3009 invenire
2943 2957 2999 3008 in
3027 2956 3356 3027 orthogonio.

2031 3055 2089 3110 Si
2120 3056 2255 3112 data
2300 3056 2519 3128 prisma
2555 3059 2726 3115 fuerit
2773 3061 3126 3134 orthogonii,
3163 3063 3323 3133 cuius
3354 3063 3427 3119 sit
3467 3082 3564 3119 ca-

1878 3173 1926 3231 Ο
1958 3143 2148 3198 thetus
2199 3148 2286 3214 19,
2340 3146 2489 3200 basis
2538 3151 2621 3214 12,
2662 3149 2903 3204 altitudo
2953 3154 3041 3217 20,
3086 3152 3208 3223 ejus
3260 3153 3436 3224 pedes
3484 3153 3565 3208 sic
3626 3172 3631 3177 '

1960 3248 2183 3303 quaeras
2205 3249 2218 3288 :
2243 3250 2346 3304 per
2375 3236 2665 3291 cathetum
2690 3238 2943 3293 ethasim
2965 3256 3163 3294 aream
3184 3239 3341 3311 prius
3366 3242 3564 3296 ortho-

1964 3320 2125 3392 gonii
2155 3323 2429 3392 reperias,
2454 3340 2581 3394 qua:
2614 3326 2723 3380 erit
2749 3331 2835 3383 54.
2867 3332 3034 3387 Hanc
3056 3347 3158 3401 per
3173 3328 3562 3399 altitudinem,

1960 3414 2017 3468 id
2048 3415 2134 3466 est
2162 3422 2230 3473 2O
2244 3418 2592 3484 ducas,lient
2620 3424 2788 3486 1080;
2822 3424 2910 3474 tot
2938 3424 3107 3475 erunt
3124 3418 3297 3491 pedes
3310 3418 3561 3490 prismte.

2034 3503 2219 3567 Quam
2260 3505 2526 3561 iuaurare
2558 3507 2604 3560 si
2648 3507 2754 3573 vis,
2789 3507 3089 3561 circuitum
3143 3506 3319 3577 ipsius
3365 3507 3563 3562 ortho-

1961 3592 2143 3663 gonii,
2177 3592 2235 3647 id
2257 3597 2342 3648 est
2363 3597 2427 3649 36
2461 3611 2562 3665 per
2592 3594 2976 3660 altitudinem,
3009 3593 3067 3647 id
3099 3597 3183 3648 est
3212 3596 3279 3647 20
3305 3594 3477 3648 ducas
3506 3596 3566 3649 et

1959 3683 2102 3736 fient
2124 3684 2258 3750 720;
2286 3682 2384 3754 qui
2415 3686 2586 3738 erunt
2615 3682 2791 3754 pedes
2822 3682 3192 3740 inauraturae.

2549 3845 2773 3901 CAPUT
2809 3842 2966 3900 XCII.

2096 3952 2166 4006 In
2192 3953 2340 4007 omni
2385 3960 2657 4024 tetragono
2685 3951 2997 4023 diagonium
3025 3930 3281 4017 inventae,
3309 3951 3418 4005 etc.

2030 4062 2092 4114 In
2117 4060 2277 4115 omni
2306 4062 2613 4131 tetragono
2631 4059 2748 4114 sive
2769 4058 3126 4131 aequilatero,
3170 4056 3284 4111 sive
3318 4055 3563 4127 longila-

1960 4152 2085 4204 tero
2110 4149 2444 4220 diagonium
2477 4148 2557 4203 sic
2586 4148 2868 4203 invenies:
2901 4147 3266 4203 latitudinem
3293 4149 3351 4201 et
3378 4144 3566 4217 longi-

1959 4237 2223 4291 tudinem
2263 4237 2555 4309 sigillatim
2586 4237 2645 4291 in
2689 4254 2748 4291 se
2787 4236 3151 4308 multiplices,
3202 4250 3564 4290 summarum

1961 4327 2341 4381 crescentium
2371 4326 2428 4380 in
2461 4344 2641 4381 unum
2682 4328 2830 4382 latus
2870 4342 3113 4398 quaeras.
3156 4327 3273 4381 Hoc
3297 4342 3401 4398 pro
3440 4325 3564 4380 dia-

1962 4431 2117 4487 gono
2157 4415 2387 4469 habeto.

2032 4502 2264 4576 Trigoni
2301 4502 2629 4574 orthogonii
2660 4520 2764 4576 per
2792 4504 3084 4558 catlietum
3107 4504 3185 4558 sic
3213 4503 3434 4559 invenis
3460 4505 3562 4559 ba-

1961 4591 2098 4645 sim:
2131 4593 2389 4646 cathetus
2442 4595 2529 4646 ter
2581 4593 2842 4660 ducatur,
2892 4610 3047 4648 nona
3084 4609 3215 4664 pars
3249 4594 3562 4657 auferatur,

1959 4680 2166 4751 reliqui
2188 4679 2493 4736 dimidium
2519 4684 2800 4749 sumatur,
2821 4682 2927 4737 erit
2959 4683 3103 4737 basis
3156 4683 3279 4737 Basi
3303 4684 3561 4739 ablatum

1962 4768 2316 4831 restituatur,
2340 4768 2450 4823 erit
2478 4769 2859 4842 hypotenusa.
2891 4772 2989 4826 Vel
3020 4772 3125 4826 ita:
3151 4772 3361 4826 catheti
3392 4772 3564 4825 dimi-

1962 4856 2121 4911 dium
2155 4860 2436 4923 sumatur,
2470 4858 2625 4930 quod
2657 4861 2745 4913 ter
2782 4860 3043 4923 ducatur,
3090 4861 3353 4912 remanet
3390 4857 3564 4913 basis.

1962 4946 2055 5000 Vel
2086 4945 2392 5000 dimidium
2422 4947 2633 5002 catheti
2659 4946 2841 5002 sexies
2855 4948 3115 5010 ducatur,
3140 4945 3562 5011 nonatollatur,

1964 5033 2168 5106 reliqui
2203 5033 2511 5089 dimidium
2540 5034 2649 5088 erit
2676 5035 2842 5087 basis.
2868 5034 2985 5087 Basi
3016 5030 3239 5085 reddita
3270 5048 3427 5085 noua
3455 5030 3567 5086 erit.

1962 5122 2340 5194 hypotenusa.

2532 5262 2756 5319 CAPUT
2792 5262 2975 5316 XCIII.

2133 5377 2290 5444 Quod
2317 5376 2491 5433 stadia
2533 5380 2589 5431 in
2616 5382 2770 5431 terris
2799 5375 3143 5447 respondeant
3170 5376 3226 5430 Ζ
3228 5376 3405 5432 οᾱίασί

2558 5446 2828 5519 partibus,
2852 5446 2959 5503 etc.

2034 5558 2170 5612 Erat
2199 5557 2476 5613 Osthenes
2507 5554 2901 5628 philosophus,
2945 5552 3216 5628 idemque
3262 5555 3565 5624 geometra

1962 5643 2382 5714 subtilissimus,
2417 5642 2881 5717 magnitudinem
2903 5639 3140 5709 terreni,
3160 5640 3311 5697 orbis
3334 5650 3569 5697 nascere
