3882 6230
428 420 526 484 illi

1098 416 1450 477 SILVESTRI
1474 420 1520 476 ll
1544 419 1743 476 PAPE
1772 418 1925 477 OPP.
1951 420 2130 478 PARS
2165 424 2205 478 l.
2237 453 2304 464 ——
2333 424 2421 480 DE
2449 423 2733 480 DlSClPL.
2767 423 3068 481 MATHEM.

3653 420 3749 476 152

428 546 647 615 volens,
678 544 778 602 tali
821 542 991 615 hujus
1037 543 1178 600 artis
1223 544 1432 600 dicitur
1484 562 1615 600 usus
1664 548 2033 615 argumento.
2067 546 2623 621 Acircumferentia:
2651 550 2864 604 locum.
2898 547 3176 603 Similiter
3202 547 3513 602 exeuntem
3532 543 3749 599 notabi-

430 636 577 693 Nam
625 651 660 689 a
705 632 1066 690 mensoribus
1117 632 1272 706 regis
1324 633 1648 702 Ptolomaei,
1696 632 1793 705 qui
1854 636 2038 689 totam

430 723 737 794 Egyptum
767 720 1022 787 tenebat,
1048 720 1279 791 adjutus
1320 737 1354 775 a
1402 720 1571 777 Siene
1622 738 1800 794 usque
1830 723 1905 777 ad
1930 723 2041 777 Me-

432 825 576 867 roen
602 808 919 864 stadiorum
946 826 1258 864 numerum
1289 808 1527 864 invenit.
1560 809 1857 881 Dispositis
1876 828 2044 866 nam-

432 913 544 970 que
556 912 662 968 per
682 896 982 952 intervalla
994 898 1253 952 locorum
1283 913 1317 950 a
1328 897 1723 968 septentrione
1736 898 2043 954 meridiem

432 1001 626 1040 versus
663 984 1050 1056 horoscopicis
1071 983 1213 1039 vasis
1236 983 1407 1039 simili
1432 984 1795 1041 dimensione
1815 989 1874 1041 et
1896 1003 2042 1057 gno-

434 1090 679 1131 monum
705 1090 872 1146 equa
896 1071 1262 1144 longitudine
1294 1070 1553 1127 formatis
1574 1073 1817 1129 totidem
1848 1074 2045 1131 doctos

434 1159 799 1235 gnomonice:
828 1158 1254 1232 supputationis
1275 1159 1561 1227 homines,
1592 1164 1732 1232 quot
1760 1178 1895 1216 vasa
1922 1162 2044 1217 fue-

433 1252 586 1317 rant,
622 1247 861 1321 singulis
902 1248 1222 1321 quibusque
1263 1247 1322 1303 in
1359 1248 1498 1303 locis
1544 1248 1837 1322 imposuit,
1872 1256 2042 1322 atque

436 1354 553 1394 una
581 1336 672 1393 die
699 1353 902 1392 omnes
927 1335 1199 1391 umbram
1226 1335 1534 1391 meridiani
1562 1336 1837 1409 temporis
1852 1338 2043 1393 obser-

434 1442 569 1482 vare
599 1424 752 1493 fecit,
803 1428 1006 1481 notare
1045 1423 1224 1479 etiam
1264 1440 1736 1497 unumquemque
1766 1424 1851 1480 sui
1894 1442 2040 1496 gno-

440 1512 614 1569 minis
644 1511 935 1579 umbram,
959 1512 1193 1583 quantae
1224 1510 1834 1583 fuissetlongitudinis.
1855 1514 2040 1584 Atque

438 1601 520 1657 ita
537 1598 843 1673 comperit,
866 1598 1023 1671 quod
1052 1599 1201 1654 ultra
1231 1601 1337 1654 700
1364 1599 1547 1654 stadia
1568 1600 1641 1655 ad
1672 1601 1840 1655 unius
1861 1600 2044 1672 longi-

439 1688 655 1744 tudinis
676 1702 1035 1760 gnomonem
1052 1687 1260 1743 umbra
1272 1703 1390 1742 non
1412 1688 1731 1759 respondit,
1751 1692 1922 1761 atque
1939 1690 2044 1745 hac

438 1776 537 1833 tali
570 1776 913 1850 probatione
944 1774 1225 1829 conclusit
1254 1776 1407 1847 quod
1439 1779 1628 1847 partes
1668 1779 1791 1843 360,
1840 1776 2047 1847 quibus

441 1863 630 1921 omnis
641 1862 856 1919 zodiaci
866 1862 1060 1918 circuli
1072 1866 1287 1919 tractus
1298 1862 1664 1930 dividitur,ad
1675 1866 1856 1919 terras
1871 1881 2045 1937 usque

440 1952 805 2027 proveniant,
836 1954 896 2007 et
922 1967 1077 2024 pars,
1096 1968 1224 2024 qua:
1254 1950 1332 2007 ibi
1363 1951 1726 2023 incomperta
1755 1957 1811 2007 et
1837 1953 2048 2007 inaesti-

442 2040 672 2099 mabilis
707 2055 996 2095 mensura:
1022 2040 1127 2107 est,
1165 2038 1225 2094 in
1251 2038 1422 2094 terris
1446 2056 1564 2095 non
1596 2040 1840 2111 amplius
1869 2057 2044 2112 quam

442 2128 968 2203 septingentorum,
994 2129 1096 2183 aut
1111 2128 1280 2200 paulo
1305 2127 1519 2195 minus,
1551 2127 1872 2183 stadiorum
1897 2144 2055 2183 men-

444 2233 637 2273 suram
669 2215 946 2271 obtineat.
966 2215 1392 2288 Compertaque
1409 2214 1466 2270 in
1490 2215 1659 2271 terris
1676 2216 1841 2270 unius
1855 2216 2054 2288 partis,

445 2322 574 2380 quae
602 2304 675 2360 ad
703 2303 1000 2360 zodiacum
1026 2304 1297 2376 pertinet,
1331 2307 1388 2359 et
1413 2304 1877 2376 magnitudinem
1907 2302 2056 2355 hanc

445 2398 536 2449 ter
567 2392 752 2449 centis
774 2391 1033 2463 sexagies
1061 2391 1487 2463 complicando,
1525 2392 1799 2447 circulum
1831 2406 2057 2444 mensu-

445 2499 689 2555 ramque
702 2483 873 2536 terra:
888 2480 1293 2535 incunctanter
1303 2480 1457 2552 quod
1472 2480 1724 2534 millibus
1736 2479 2052 2533 stadiorum

448 2571 769 2629 ambiretur
789 2568 1047 2624 absolvit.
1064 2568 1205 2622 Nam
1222 2570 1398 2623 25000
1408 2568 1726 2622 stadiorum
1750 2566 2053 2621 circuitum

447 2658 697 2717 universi
719 2655 934 2713 terreni
956 2656 1113 2712 orbis
1144 2672 1264 2710 esse
1298 2656 1711 2726 pronuntiavit.
1740 2656 1875 2719 Quae
1895 2670 2054 2708 sum-

448 2765 569 2816 ma,
599 2746 645 2801 si
675 2747 736 2802 in
769 2747 873 2801 360
902 2746 1094 2817 partes
1123 2744 1423 2815 aequaliter
1454 2744 1757 2810 dividatur,
1791 2741 2051 2814 liquebit,

449 2835 605 2911 quod
628 2832 949 2891 stadiorum
984 2848 1347 2903 unaquaeque
1386 2830 1574 2903 portio
1616 2832 1676 2886 in
1723 2831 1887 2885 terris
1932 2847 2052 2885 esse

445 2924 674 2988 debeat,
704 2938 833 2995 qua
858 2920 918 2976 in
954 2919 1167 2976 caelesti
1210 2918 1420 2974 circulo
1447 2919 1517 2973 ab
1550 2920 1663 2976 ullo
1693 2920 1914 2973 nullam
1948 2919 2055 2972 hu-

444 3028 638 3070 manm
666 3010 1014 3082 conjecturae
1034 3006 1459 3064 dimensionem
1488 3008 1763 3063 admittit.

519 3081 817 3173 Optimum
835 3100 922 3154 est
942 3112 1080 3167 ergo
1101 3096 1367 3151 umbram
1381 3096 1536 3150 hora}
1549 3099 1719 3151 sextae
1733 3094 2048 3166 deprehen—
2072 3081 2120 3141 C

448 3189 609 3258 dere,
652 3191 713 3243 et
747 3186 821 3242 ab
868 3201 938 3242 ea
975 3183 1229 3240 limitem
1259 3183 1553 3251 inchoare,
1588 3186 1651 3239 ut
1678 3183 1793 3238 sint
1823 3198 2053 3254 semper

447 3275 775 3334 meridiano
798 3277 1064 3345 tempore
1090 3271 1363 3339 ordinati,
1396 3272 1673 3344 sequitur,
1726 3275 1789 3325 ut
1817 3270 2057 3326 orientis

451 3362 874 3435 occidentisque
894 3360 1048 3417 linea
1060 3358 1193 3417 huic
1207 3360 1553 3416 normaliter
1572 3358 1897 3415 conveniat.
1914 3357 2059 3413 Scri-

450 3454 660 3511 bamus
687 3450 939 3523 primum
968 3448 1246 3505 circulum
1276 3448 1337 3504 in
1365 3452 1522 3505 terra
1559 3449 1685 3503 loco
1711 3446 1970 3520 plano,et
1998 3446 2056 3501 in

453 3544 667 3616 puncto
693 3540 817 3611 ejus
845 3536 1195 3594 sciotherum
1227 3553 1535 3610 ponemus,
1588 3535 1748 3606 cujus
1774 3534 1984 3590 umbra
2003 3537 2063 3590 et

453 3630 609 3688 intra
637 3628 911 3684 circulum
925 3626 1238 3700 aliquando
1256 3627 1440 3691 exeat,
1455 3626 1513 3678 et
1538 3622 1846 3695 aliquando
1861 3623 2059 3681 intret.

455 3718 689 3775 Certum
708 3718 793 3773 est
809 3715 968 3772 enim
992 3718 1114 3771 tam
1141 3712 1384 3770 orientis
1400 3727 1577 3785 quam
1599 3710 1912 3793 occidentis
1936 3726 2064 3766 um-

455 3804 1054 3879 brasdeprehendere.
1075 3797 1665 3871 Attendemusigitur,
1690 3798 2066 3871 quemadmo-

457 3894 598 3951 dum
618 3911 654 3950 a
681 3892 871 3966 primo
892 3891 1026 3949 solis
1063 3892 1197 3947 ortu
1226 3887 1437 3945 umbra
1464 3886 1824 3942 cohibeatur.
1848 3886 2068 3942 Deinde

457 3997 591 4038 cum
611 3981 686 4038 ad
712 3980 907 4037 circuli
924 3979 1142 4036 lineam
1167 3973 1513 4050 pervenerit,
1556 3974 1888 4030 notabimus
1934 3990 2068 4029 eum

527 4071 579 4141 (ί
591 4069 847 4141 3)Textus
859 4068 956 4142 huj
964 4086 1029 4125 us
1038 4066 1240 4143 capitis
1250 4062 1619 4139 perturbatus
1631 4066 1689 4119 et
1702 4063 1975 4119 obscurus
1985 4064 2072 4118 est

2144 651 2290 691 mus.
2324 636 2541 691 Notatis
2572 653 2709 708 ergo
2735 637 2952 692 duabus
2979 636 3171 691 circuli
3192 634 3452 706 partibus
3481 633 3751 688 intrantis

2146 726 2366 780 umbrae
2399 729 2458 779 et
2496 726 2753 781 exeuntis
2778 727 2901 781 loco
2929 729 3147 779 rectam
3180 724 3397 778 lineam
3426 739 3462 776 a
3490 720 3660 793 signo
3682 720 3749 775 ad

2145 814 2378 885 signum
2407 813 2889 869 circumferentia:
2912 813 3279 879 ducemus,et
3299 810 3563 867 medium
3596 811 3752 863 nota-

2148 902 2357 968 bimus,
2384 919 2486 974 per
2512 919 2683 974 quem
2710 903 2901 957 locum
2959 905 3117 956 recta
3144 900 3296 955 linea
3334 898 3489 953 exire
3520 897 3695 951 debet
3718 910 3750 949 a

2147 994 2358 1063 puncto
2386 990 2577 1044 circuli
2600 1007 2614 1057 ;
2650 1006 2752 1063 per
2774 1006 2948 1062 quam
2980 989 3194 1043 lineam
3222 987 3520 1042 cardinem
3545 984 3750 1055 dirige-

2147 1096 2292 1145 mus,
2344 1081 2401 1133 et
2438 1079 2510 1133 ab
2553 1095 2621 1133 ea
2661 1078 3002 1133 normaliter
3039 1077 3098 1132 in
3144 1079 3367 1131 rectum
3401 1075 3749 1129 decumanos

2147 1167 2505 1235 emittemus,
2538 1168 2596 1220 et
2622 1183 2688 1222 ex
2720 1182 3060 1237 quacunque
3090 1165 3213 1235 ejus
3240 1163 3409 1217 linea:
3426 1165 3596 1234 parte
3626 1176 3750 1215 nor-

2146 1254 2378 1309 maliter
2433 1254 2849 1321 invenerimus,
2899 1253 3288 1308 decumanum
3337 1252 3493 1304 recte
3542 1246 3748 1304 consti-

2140 1345 2391 1397 tuamus.

2732 1502 2956 1557 CAPUT
2994 1501 3167 1556 XCIV.

2416 1625 2547 1679 Alia
2581 1626 2724 1680 ratio
2751 1625 3106 1682 meridianum
3133 1622 3304 1679 deseri
3310 1621 3482 1676 bendi.

2222 1735 2270 1794 (l
2285 1731 2439 1802 3)Est
2454 1735 2511 1785 et
2525 1731 2635 1785 alia
2656 1730 2943 1803 ratio,qua
2954 1730 3135 1785 tribus
3149 1728 3368 1783 umbris
3378 1743 3506 1781 com
3516 1724 3752 1797 prehen-

2070 1848 2116 1907 Β
2146 1818 2220 1873 sis
2240 1819 2634 1874 meridianum
2659 1819 3065 1873 describemus.
3084 1820 3144 1872 In
3161 1820 3286 1872 loco
3316 1816 3486 1888 plano
3506 1827 3750 1884 gnomo-

2145 1923 2281 1961 nem
2293 1906 2747 1961 constituemusa
2764 1906 2874 1973 b,et
2888 1907 3120 1961 umbras
3132 1906 3252 1975 ejus
3264 1906 3379 1958 tres
3391 1900 3752 1957 enotabimus

2145 2012 2171 2048 c
2194 1995 2222 2048 b
2239 2013 2285 2049 e.
2310 1997 2416 2049 Has
2432 1996 2669 2050 umbras
2687 1994 3024 2050 normaliter
3044 1991 3631 2064 comprehendamus,
3647 2003 3754 2060 qua

2157 2082 2457 2138 latitudine
2485 2084 2665 2137 altera
2697 2083 2768 2137 ab
2799 2084 2978 2137 altera
2998 2082 3224 2137 distent.
3262 2080 3319 2136 Si
3354 2081 3546 2133 autem
3584 2074 3749 2130 meri-

2158 2171 2309 2225 diem
2357 2171 2791 2236 constituamus,
2820 2170 3008 2241 prima
3033 2170 3236 2223 umbra
3267 2168 3376 2223 erit
3399 2165 3754 2236 longissima.

2156 2258 2212 2312 Si
2248 2265 2375 2329 post
2408 2259 2734 2323 meridiem,
2787 2258 3111 2312 novissima.
3146 2258 3255 2311 Has
3286 2255 3494 2310 deinde
3528 2253 3758 2307 umbras

2155 2346 2530 2420 proportione
2551 2346 2621 2399 ad
2637 2346 3176 2417 multiplicationem
3196 2345 3253 2398 in
3279 2343 3472 2397 tabula
3486 2340 3759 2394 describe-

2158 2452 2305 2501 mus,
2332 2437 2389 2487 et
2413 2433 2486 2486 sic
2534 2433 2591 2485 in
2629 2435 2845 2487 terram
2885 2431 3255 2486 servabimus.
3281 2429 3599 2499 Statigitur
3620 2443 3758 2499 gno-

2156 2540 2293 2577 mon
2321 2541 2351 2575 a
2385 2521 2412 2574 ὀ
2430 2520 2667 2592 planitie
2690 2520 2738 2573 ὁ.
2766 2521 3051 2574 Tollamus
3073 2517 3392 2572 maximam
3411 2516 3683 2570 umbram
3704 2514 3758 2567 in

2155 2611 2413 2683 planitie,
2438 2612 2703 2662 notemus
2733 2609 2893 2679 signo
2924 2608 2976 2661 d.
3003 2608 3094 2662 Sic
3115 2610 3173 2661 et
3202 2610 3417 2659 terram
3438 2604 3607 2674 signo
3624 2620 3673 2669 ε,
3704 2604 3761 2655 ut

2156 2700 2269 2754 sint
2299 2698 2358 2752 in
2391 2696 2504 2751 vasi
2536 2696 2906 2767 proportione
2949 2694 3323 2766 longitudinis
3340 2694 3460 2747 sine
3484 2692 3512 2744 ὁ
3542 2708 3570 2744 c
3598 2691 3635 2743 (ἰ
3661 2705 3691 2746 c
3712 2707 3755 2753 e,

2154 2800 2531 2841 numeramus
2556 2784 2942 2855 hypoteuusas
2991 2800 3057 2837 ex
3092 2800 3140 2849 c,
3190 2782 3247 2836 in
3275 2800 3328 2850 a,
3362 2784 3419 2835 et
3444 2797 3511 2834 ex
3540 2778 3578 2832 d
3608 2778 3666 2833 in
3696 2794 3759 2842 a;

2160 2890 2313 2929 nunc
2346 2874 2559 2944 puncto
2587 2888 2620 2925 a
2660 2874 2717 2926 et
2744 2870 3044 2926 intervallo
3076 2888 3103 2926 e
3143 2870 3413 2924 circulum
3435 2866 3759 2923 scribimus.

2770 3175 2849 3212 ως
2952 3180 3125 3216 ωιοηο

484 4216 3770 4258 _______________________________..____.

488 4246 2699 4258 W
2716 4246 2719 4247 ,

1652 4426 2598 4572 GEBBERTI

1116 4721 1817 4831 EPISTOLA
1884 4722 2072 4825 AD
2144 4709 3131 4821 ADELBOLDUM

458 4970 558 5029 De
579 4975 797 5027 causa
825 4960 1248 5026 divam-italis
1269 4972 1610 5024 arearum
1637 4957 1713 5018 in
1737 4956 2011 5030 trigono
2038 4949 2464 5025 aequitatem,
2485 4946 2898 5023 geometriae
2919 4941 3432 5005 arithmeticeve
3458 4948 3773 5014 expenso.

1767 5144 1955 5219 (Apud
1983 5144 2110 5211 Pez,
2144 5141 2234 5197 ubi
2264 5139 2473 5213 supra.)

520 5538 1198 5609 Auammnuncusque
1219 5530 1428 5588 dilecto
1455 5541 1800 5601 semperque
1822 5522 2063 5600 diligen-
2084 5528 2136 5589 D
2236 5525 2299 5579 In
2331 5519 2419 5578 his
2444 5520 2814 5595 geometricis
2837 5514 3058 5609 ﬁguris,
3090 5529 3234 5609 quas
3263 5527 3299 5609 a
3326 5511 3491 5570 nobis
3517 5523 3767 5609 sumpse:

336 5698 337 5701 η
449 5631 525 5689 do
538 5626 670 5688 ﬁdei
701 5624 1118 5703 integritatem,
1146 5617 1609 5693 integritatisque
1644 5613 2055 5673 constantiam.

2160 5629 2271 5680 ras,
2314 5590 2738 5684 erat‘trigonus
2794 5605 3030 5680 quidam
3054 5602 3440 5677 aequilaterus,
3461 5601 3621 5675 cujus
3651 5590 3767 5656 eral»
