3882 6230
273 367 406 422 153
1085 367 1175 425 DE
1202 366 1431 426 CAUSA
1461 365 1793 427 DIVERSIT.
1821 367 2078 424 AREAR.
2111 368 2181 424 IN
2204 366 2505 423 TRIGONO
2535 364 2878 433 IEOUILAT.
3538 366 3640 424 154

280 486 463 543 latus
484 486 552 543 30
567 484 1081 559 pedum,cathetus
1096 492 1182 557 26,
1207 490 1523 545 secundum
1553 488 1921 545 collationem
1943 493 2000 551 Α
2021 487 2389 543 mus.Eorum
2403 489 2910 560 quantamcumque
2934 484 3160 559 partem
3173 482 3434 557 trigonus
3453 486 3600 541 attin
3613 518 3636 530 -

278 575 515 631 lateris
537 579 596 631 et
622 575 842 631 catheti
869 594 1006 633 area
1026 581 1147 635 390.
1163 579 1321 634 Hunc
1341 578 1610 633 eumdem
1628 577 1924 649 trigonum
2022 579 2140 648 gat,
2166 576 2603 633 arithmeticalis
2626 577 2826 650 regula
2847 568 2945 631 eos
2983 591 3087 649 pro
3120 573 3359 646 integris
3386 590 3629 648 compu-

273 663 337 718 si
378 665 609 736 absque
634 665 871 722 ratione
901 667 1112 722 catheti
1152 668 1468 722 secundum
1498 664 1923 722 arithmeticam
2021 664 2705 739 tat.Depingerelibet,ut
2720 664 3079 722 manifestius
3099 662 3192 731 sit,
3222 661 3377 735 quod
3398 661 3625 718 dicitur.

273 753 585 823 regulam
598 754 883 822 metiaris,
902 755 982 809 sic
999 758 1059 810 ut
1075 756 1222 810 latus
1249 772 1425 810 unum
1438 755 1498 809 in
1513 770 1571 809 se
1587 752 1751 808 multi
1759 751 1927 825 plice-

272 842 400 893 tur
428 840 602 912 eique
614 842 1085 914 multiplicationi
1112 844 1305 897 lateris
1335 842 1500 897 unius
1529 857 1803 897 numerus
1822 840 1925 895 ad-

260 927 571 997 jiciatur,
605 933 665 983 et
709 946 777 983 ex
813 930 922 985 hac
957 946 1181 985 summa
1206 930 1484 985 medietas
1513 932 1792 995 sumatur,
1819 927 1930 983 erit

272 1030 456 1069 area
478 1018 606 1072 462.
630 1015 881 1072 Videsne
908 1018 1153 1090 qualiter
1178 1019 1268 1072 ha:
1308 1019 1436 1073 dum
1473 1017 1688 1089 regula:
1705 1015 1925 1071 dissen-

273 1101 508 1159 tiant?
530 1104 646 1159 Sed
663 1108 721 1160 et
738 1104 838 1160 illa
881 1105 1321 1178 geometricalis,
1355 1123 1480 1178 quae
1506 1121 1609 1178 per
1639 1104 1927 1160 rationem

270 1191 540 1245 catheti
570 1209 767 1247 aream
786 1193 842 1247 in
875 1196 978 1250 390
1009 1195 1183 1264 pedes
1202 1192 1930 1261 metiebatur,subtiliusest

272 1292 320 1330 a
352 1294 471 1331 me
495 1277 770 1345 discussa,
793 1284 852 1334 et
875 1280 1101 1335 catheto
1123 1298 1223 1336 suo
1255 1298 1375 1336 non
1403 1281 1510 1335 nisi
1554 1285 1621 1337 25
1654 1280 1928 1351 septimas

274 1365 490 1419 unius
510 1367 791 1435 concedo,
820 1370 879 1422 et
915 1384 1063 1424 areae
1081 1371 1181 1424 385
1204 1372 1260 1424 et
1276 1368 1529 1442 quinque
1543 1368 1834 1441 septimas.
1860 1367 1930 1421 Et

283 1451 383 1507 sit
416 1453 531 1508 tibi
558 1457 763 1526 regula
784 1455 1114 1511 universalis
1154 1456 1213 1511 in
1240 1456 1399 1511 omni
1426 1456 1659 1528 trigono
1691 1455 1926 1527 aequila-

282 1545 443 1597 tero
467 1545 768 1599 cathetum
796 1545 1156 1613 inveniendi;
1189 1563 1295 1617 per
1332 1547 1478 1600 latus
1503 1561 1732 1615 semper
1753 1543 1927 1614 septi-

2749 868 3023 1190 ut“.

2590 1199 3169 1432 aeri.

2491 1440 3226 1663 aea-:1

2491 1440 3274 1663 dim

286 1646 483 1684 mam
518 1630 711 1698 deme,
741 1635 799 1686 et
817 1649 911 1686 sex
924 1633 1172 1705 reliquas
1193 1636 1383 1704 partes
1407 1633 1634 1687 catheto
1654 1631 1924 1687 concede.
2410 1630 3335 1789 Μ

378 1719 460 1772 Et
482 1722 547 1772 ut
568 1720 721 1792 quod
752 1720 979 1789 dicitur,
1006 1721 1210 1776 melius
1240 1721 1545 1793 intelligas,
1596 1721 1654 1775 in
1686 1718 1926 1775 minori-

287 1806 424 1862 bus
452 1809 720 1863 numeris
740 1808 878 1864 libet
902 1810 1343 1881 exempliticare.
1390 1811 1471 1865 Do
1501 1808 1604 1864 tibi
1631 1808 1927 1880 trigonum
1946 1803 1998 1864 Β

296 1895 375 1949 in
412 1897 601 1951 latere
628 1903 659 1953 7
694 1898 929 1965 pedum,
958 1898 1383 1970 longitudinem
1415 1898 1680 1971 pedalem
1710 1899 1931 1954 haben-

3274 1548 3287 1593 l

3274 1657 3352 1721 .7

300 1988 464 2038 tem.
502 1986 665 2039 Hunc
693 2002 795 2058 per
813 1987 1282 2058 geometricalem
1311 1988 1572 2056 regulam
1593 1986 1670 2041 sic
1699 1987 1926 2041 metior.
2103 1989 2242 2041 Ecce
2278 1987 2338 2041 in
2383 1986 2489 2039 hac
2521 1979 2992 2050 discriptiuncula
3022 1980 3089 2033 28
3130 1978 3328 2048 pedes,
3378 1981 3637 2054 quamvis

293 2072 482 2128 Tolle
511 2074 827 2145 septimam
867 2075 1031 2129 lateri
1088 2078 1146 2129 et
1196 2074 1511 2142 senarium,
1552 2074 1649 2147 qui
1678 2075 1933 2147 reliquus
2032 2094 2150 2132 non
2172 2074 2385 2147 integri
2416 2072 2720 2128 habentur.
2773 2069 2934 2125 Unde
2967 2067 3409 2123 arithmeticalis
3437 2071 3639 2142 regula

303 2164 428 2228 est,
457 2161 535 2215 do
568 2162 1001 2233 perpendiculo.
1032 2163 1138 2217 Per
1165 2162 1273 2217 hoc
1302 2163 1449 2216 latus
1479 2163 1645 2229 duco,
1683 2165 1740 2217 et
1772 2163 1930 2218 dico:
2033 2182 2137 2237 pro
2169 2168 2288 2219 toto
2317 2166 2543 2236 partem
2571 2160 2854 2231 accipiens
2898 2174 3030 2212 cum
3076 2156 3326 2227 integris
3370 2156 3644 2210 dimidia-

304 2247 509 2301 sexies
533 2252 780 2319 septem,
805 2249 903 2320 qui
934 2249 1187 2303 reddunt
1204 2254 1293 2305 42.
1328 2250 1402 2303 Ex
1434 2248 1524 2304 his
1565 2250 1845 2305 medietas
1866 2254 1925 2305 21
2034 2256 2120 2308 tos
2143 2252 2366 2324 recipit.
2395 2249 2642 2306 Solertia
2670 2251 2865 2303 autem
2898 2244 3274 2317 geometricas
3324 2243 3642 2314 disciplinac

306 2352 462 2390 area
486 2340 573 2391 est
595 2336 730 2391 dicti
756 2337 992 2408 trigoni.
2030 2341 2357 2412 particulas,
2400 2341 2582 2394 latera
2631 2337 2971 2392 excedentes
2990 2334 3287 2405 abjiciens,
3331 2333 3638 2389 recisuras-

392 2425 557 2479 Hunc
587 2425 863 2481 eumdem
893 2425 1184 2497 trigonum
1214 2425 1257 2480 si
1293 2443 1395 2497 per
1415 2424 1835 2481 arithmeticam
1852 2442 1935 2482 re-
2037 2448 2148 2503 que
2199 2429 2526 2484 dimidiatas
2565 2428 2718 2483 intra
2757 2428 2939 2482 latera
2990 2426 3363 2479 remanentes
3403 2438 3642 2494 compo-

313 2514 523 2582 gulam
555 2511 835 2579 metiaris,
864 2516 925 2567 et
955 2513 1108 2568 dicas
1151 2531 1163 2568 :
1192 2513 1402 2585 septies
1438 2518 1683 2585 septem,
1712 2518 1774 2567 ut
1795 2513 1937 2569 ﬁant
2038 2534 2202 2586 nens,
2232 2517 2386 2589 quod
2410 2516 2577 2571 lineis
2608 2514 3029 2582 clauditur,hoc
3060 2515 3291 2567 tantum
3321 2514 3638 2583 computat.

312 2606 411 2669 49,
446 2603 710 2673 latusque
744 2601 982 2672 adjicias
1004 2604 1064 2655 ut
1092 2601 1208 2656 siut
1253 2605 1339 2667 56,
1387 2601 1738 2674 dividasque,
1773 2605 1835 2657 ut
1864 2604 1936 2658 ad
2037 2607 2179 2661 Nam
2210 2606 2267 2660 in
2288 2607 2395 2661 hac
2422 2604 2925 2677 descriptiuncula,
2951 2618 3068 2675 qua
3084 2599 3442 2674 septenarius
3461 2600 3652 2671 perla-

319 2707 520 2745 aream
556 2690 882 2762 pervenias,
911 2694 979 2746 28
1030 2689 1305 2745 invenies.
1340 2692 1478 2745 Ecce
1504 2690 1582 2745 sic
1610 2690 1669 2745 in
1704 2690 1934 2762 trigono
2038 2698 2161 2749 tera
2207 2695 2462 2761 metitur,
2493 2693 2539 2747 si
2589 2692 3070 2765 perpendiculum
3103 2705 3347 2761 quaeras,
3394 2686 3653 2742 senarius

320 2779 491 2833 unius
512 2777 942 2851 magnitudinis
973 2778 1207 2833 diversae
1234 2782 1367 2833 sunt
1399 2795 1570 2845 areae,
1621 2780 1776 2851 quod
1810 2779 1935 2835 fieri
2035 2784 2315 2838 est.Hunc
2335 2788 2483 2854 per‘7
2506 2782 2720 2838 ducens
2754 2780 2917 2854 quasi
2950 2778 3303 2851 quadratum
3323 2776 3653 2849 imples,cu-

321 2868 544 2941 Πθίῖιιίιο
2030 2875 2123 2947 jus
2144 2872 2215 2926 sit
2241 2873 2400 2926 frons
2429 2876 2459 2927 6
2490 2872 2729 2943 pedum,
2772 2872 2921 2925 latus
2972 2872 3004 2923 ’7
3049 2866 3290 2938 pedum,
3335 2867 3394 2918 et
3446 2877 3649 2916 aream

388 2957 497 3012 Sed
512 2973 587 3011 ne
609 2955 836 3011 diutius
867 2954 1132 3024 moreris,
1163 2972 1392 3011 causam
1437 2954 1778 3011 diversitatis
1808 2973 1938 3030 ape-
2036 2960 2158 3030 ejus
2187 2958 2268 3013 sic
2290 2958 2349 3013 in
2381 2962 2450 3015 42
2475 2958 2793 3014 constituis.
2828 2958 2945 3012 Hoc
2969 2955 3014 3011 si
3043 2950 3436 3010 dimidiaveris
3465 2949 3653 3019 trigo-

314 3044 479 3100 riam.
512 3046 733 3100 Notum
780 3044 889 3099 tibi
921 3061 1043 3099 esse
1078 3046 1249 3100 credo
1279 3044 1377 3117 qui
1419 3044 1593 3117 pedes
1623 3044 1803 3116 longi,
1837 3045 1933 3118 qui
1956 3071 2003 3130 ο
2036 3065 2196 3115 num,
2221 3048 2280 3102 in
2308 3051 2369 3103 21
2410 3048 2554 3119 pede
2580 3046 2876 3119 relinquis.

310 3133 597 3206 quadrati,
633 3134 738 3205 qui
756 3133 1244 3199 crassidicantur,
1271 3133 1800 3207 quodqueadareas
1824 3151 1940 3189 me-
1962 3122 2015 3131 ’⁷
2113 3137 2181 3191 Ut
2211 3135 2453 3191 lucidius
2496 3135 2813 3206 intelligas,
2874 3133 3070 3189 oculos
3122 3143 3373 3202 appone,
3434 3127 3487 3179 et
3539 3122 3655 3177 mei

303 3223 525 3280 tiendas
543 3239 670 3279 non
685 3222 807 3278 nisi
845 3224 1171 3278 constratos
1191 3222 1503 3295 quadratos
1521 3222 1779 3295 recipere
1791 3224 1936 3279 sole-
2038 3239 2268 3295 semper
2299 3239 2492 3278 meme
2507 3227 2628 3277 nto.
