  <div class='ocr_page' id='page_1' title='image "/cluster/home/n/w/nwhite01/storage/ocr_20150623/139/uva.x000829787/085.png"; bbox 0 0 3882 6230; ppageno 0'>
   <div class='ocr_carea' id='block_1_1' title="bbox 387 427 486 482">
    <p class='ocr_par' dir='ltr' id='par_1_1' title="bbox 387 427 486 482">
     <span class='ocr_line' id='line_1_1' title="bbox 387 427 486 482; baseline 0 0"><span class='ocrx_word' id='word_1_1' title='bbox 387 427 486 482; x_wconf 75' lang='grc'>159</span> 
     </span>
    </p>
   </div>
   <div class='ocr_carea' id='block_1_2' title="bbox 1014 413 1995 478">
    <p class='ocr_par' dir='ltr' id='par_1_2' title="bbox 1014 419 1995 478">
     <span class='ocr_line' id='line_1_2' title="bbox 1014 419 1995 478; baseline -0.004 -1"><span class='ocrx_word' id='word_1_2' title='bbox 1014 419 1363 477; x_wconf 84' lang='lat' dir='ltr'>SILVESTRI</span> <span class='ocrx_word' id='word_1_3' title='bbox 1385 419 1426 476; x_wconf 92' lang='lat' dir='ltr'>ll</span> <span class='ocrx_word' id='word_1_4' title='bbox 1455 420 1656 477; x_wconf 66' lang='grc' dir='ltr'>ΡΑΡΛΕ</span> <span class='ocrx_word' id='word_1_5' title='bbox 1692 419 1848 478; x_wconf 86' lang='grc' dir='ltr'>ΟΡΡ.</span> <span class='ocrx_word' id='word_1_6' title='bbox 1877 419 1995 476; x_wconf 67' lang='lat' dir='ltr'>PAF</span> 
     </span>
    </p>
   </div>
   <div class='ocr_carea' id='block_1_3' title="bbox 2141 413 3065 478">
    <p class='ocr_par' dir='ltr' id='par_1_3' title="bbox 2159 413 3065 475">
     <span class='ocr_line' id='line_1_3' title="bbox 2159 413 3065 475; baseline -0.006 -2"><span class='ocrx_word' id='word_1_7' title='bbox 2159 449 2228 459; x_wconf 91' lang='lat'><em>—</em></span> <span class='ocrx_word' id='word_1_8' title='bbox 2255 417 2349 473; x_wconf 83' lang='lat' dir='ltr'>DE</span> <span class='ocrx_word' id='word_1_9' title='bbox 2374 416 2734 475; x_wconf 85' lang='lat' dir='ltr'>DISCIPLIN.</span> <span class='ocrx_word' id='word_1_10' title='bbox 2760 413 3065 473; x_wconf 78' lang='lat' dir='ltr'>MATHEM.</span> 
     </span>
    </p>
   </div>
   <div class='ocr_carea' id='block_1_4' title="bbox 3601 417 3702 477">
    <p class='ocr_par' dir='ltr' id='par_1_4' title="bbox 3601 417 3702 477">
     <span class='ocr_line' id='line_1_4' title="bbox 3601 417 3702 477; baseline 0.05 -5"><span class='ocrx_word' id='word_1_11' title='bbox 3601 417 3702 477; x_wconf 71' lang='grc' dir='ltr'>ιδο</span> 
     </span>
    </p>
   </div>
   <div class='ocr_carea' id='block_1_5' title="bbox 669 539 3415 846">
    <p class='ocr_par' dir='ltr' id='par_1_5' title="bbox 669 539 3415 846">
     <span class='ocr_line' id='line_1_5' title="bbox 669 539 3415 846; baseline -0.003 -15"><span class='ocrx_word' id='word_1_12' title='bbox 669 708 894 831; x_wconf 89' lang='lat' dir='ltr'><strong>DE</strong></span> <span class='ocrx_word' id='word_1_13' title='bbox 981 539 3021 832; x_wconf 45' lang='lat' dir='ltr'>RATIONALIINCEIEI‘TBATIONE</span> <span class='ocrx_word' id='word_1_14' title='bbox 3095 702 3415 846; x_wconf 90' lang='lat' dir='ltr'>UTI,</span> 
     </span>
    </p>
   </div>
   <div class='ocr_carea' id='block_1_6' title="bbox 563 904 3527 974">
    <p class='ocr_par' dir='ltr' id='par_1_6' title="bbox 563 904 3527 974">
     <span class='ocr_line' id='line_1_6' title="bbox 563 904 3527 974; baseline -0.003 -6"><span class='ocrx_word' id='word_1_15' title='bbox 563 915 608 968; x_wconf 79' lang='grc' dir='ltr'><strong>Α</strong></span> <span class='ocrx_word' id='word_1_16' title='bbox 636 911 1152 969; x_wconf 82' lang='lat' dir='ltr'>SAPIENTISSIMO</span> <span class='ocrx_word' id='word_1_17' title='bbox 1177 912 1340 966; x_wconf 76' lang='grc' dir='ltr'>ἯΗο</span> <span class='ocrx_word' id='word_1_18' title='bbox 1369 911 1637 967; x_wconf 76' lang='grc' dir='ltr'>ΒΟΜΙΝΟ</span> <span class='ocrx_word' id='word_1_19' title='bbox 1667 908 2049 974; x_wconf 79' lang='lat' dir='ltr'>GERBERTO,</span> <span class='ocrx_word' id='word_1_20' title='bbox 2077 907 2162 962; x_wconf 87' lang='lat' dir='ltr'><strong>ET</strong></span> <span class='ocrx_word' id='word_1_21' title='bbox 2189 907 2647 964; x_wconf 59' lang='lat' dir='ltr'>APOSTOLICEE</span> <span class='ocrx_word' id='word_1_22' title='bbox 2677 906 2872 960; x_wconf 87' lang='lat' dir='ltr'>SEDIS</span> <span class='ocrx_word' id='word_1_23' title='bbox 2901 905 3135 963; x_wconf 84' lang='lat' dir='ltr'><strong>SUMMO</strong></span> <span class='ocrx_word' id='word_1_24' title='bbox 3168 904 3527 964; x_wconf 77' lang='lat' dir='ltr'>PONTIFICE</span> 
     </span>
    </p>
   </div>
   <div class='ocr_carea' id='block_1_7' title="bbox 1205 978 2887 1049">
    <p class='ocr_par' dir='ltr' id='par_1_7' title="bbox 1205 978 2887 1049">
     <span class='ocr_line' id='line_1_7' title="bbox 1205 978 2887 1049; baseline -0.003 -13"><span class='ocrx_word' id='word_1_25' title='bbox 1205 983 1591 1049; x_wconf 83' lang='lat' dir='ltr'>EXCUSSUM,</span> <span class='ocrx_word' id='word_1_26' title='bbox 1618 981 1949 1036; x_wconf 77' lang='lat' dir='ltr'>EXIGENTE</span> <span class='ocrx_word' id='word_1_27' title='bbox 1981 979 2250 1034; x_wconf 87' lang='lat' dir='ltr'><strong>OTTONE</strong></span> <span class='ocrx_word' id='word_1_28' title='bbox 2271 979 2592 1034; x_wconf 85' lang='lat' dir='ltr'>AUGUSTO</span> <span class='ocrx_word' id='word_1_29' title='bbox 2620 978 2887 1032; x_wconf 81' lang='lat' dir='ltr'>TERTIO.</span> 
     </span>
    </p>
   </div>
   <div class='ocr_carea' id='block_1_8' title="bbox 457 1113 3711 1192">
    <p class='ocr_par' dir='ltr' id='par_1_8' title="bbox 457 1113 3711 1192">
     <span class='ocr_line' id='line_1_8' title="bbox 457 1113 3711 1192; baseline -0.003 -14"><span class='ocrx_word' id='word_1_30' title='bbox 457 1123 708 1188; x_wconf 90' lang='lat' dir='ltr'>Domno,</span> <span class='ocrx_word' id='word_1_31' title='bbox 739 1122 796 1176; x_wconf 88' lang='lat' dir='ltr'>et</span> <span class='ocrx_word' id='word_1_32' title='bbox 825 1119 1078 1192; x_wconf 86' lang='lat' dir='ltr'>glorioso</span> <span class='ocrx_word' id='word_1_33' title='bbox 1111 1120 1356 1189; x_wconf 80' lang='lat' dir='ltr'>OTTONI,</span> <span class='ocrx_word' id='word_1_34' title='bbox 1391 1119 1600 1175; x_wconf 78' lang='lat' dir='ltr'>Caesari</span> <span class='ocrx_word' id='word_1_35' title='bbox 1623 1135 1850 1190; x_wconf 85' lang='lat' dir='ltr'>semper</span> <span class='ocrx_word' id='word_1_36' title='bbox 1874 1120 1986 1172; x_wconf 81' lang='lat' dir='ltr'>Au-</span> <span class='ocrx_word' id='word_1_37' title='bbox 2013 1120 2068 1178; x_wconf 88' lang='lat' dir='ltr'><strong>A</strong></span> <span class='ocrx_word' id='word_1_38' title='bbox 2094 1119 2228 1190; x_wconf 88' lang='lat' dir='ltr'>jora</span> <span class='ocrx_word' id='word_1_39' title='bbox 2279 1118 2349 1172; x_wconf 91' lang='lat' dir='ltr'>de</span> <span class='ocrx_word' id='word_1_40' title='bbox 2381 1116 2699 1172; x_wconf 87' lang='lat' dir='ltr'>minoribus</span> <span class='ocrx_word' id='word_1_41' title='bbox 2740 1131 2968 1187; x_wconf 86' lang='lat' dir='ltr'>semper</span> <span class='ocrx_word' id='word_1_42' title='bbox 3009 1113 3428 1187; x_wconf 62' lang='lat' dir='ltr'>prmdicentur;</span> <span class='ocrx_word' id='word_1_43' title='bbox 3478 1114 3711 1170; x_wconf 84' lang='lat' dir='ltr'>minora</span> 
     </span>
    </p>
   </div>
   <div class='ocr_carea' id='block_1_9' title="bbox 387 1207 1988 1281">
    <p class='ocr_par' dir='ltr' id='par_1_9' title="bbox 387 1207 1988 1281">
     <span class='ocr_line' id='line_1_9' title="bbox 387 1207 1988 1281; baseline -0.004 -16"><span class='ocrx_word' id='word_1_44' title='bbox 387 1213 554 1281; x_wconf 89' lang='lat' dir='ltr'>gusto</span> <span class='ocrx_word' id='word_1_45' title='bbox 584 1210 988 1264; x_wconf 78' lang='lat' dir='ltr'>Romanorum</span> <span class='ocrx_word' id='word_1_46' title='bbox 1009 1207 1368 1280; x_wconf 83' lang='lat' dir='ltr'>imperatori,</span> <span class='ocrx_word' id='word_1_47' title='bbox 1393 1208 1750 1263; x_wconf 75' lang='lat' dir='ltr'>GanBBaTUS</span> <span class='ocrx_word' id='word_1_48' title='bbox 1777 1207 1988 1279; x_wconf 90' lang='lat' dir='ltr'>episco-</span> 
     </span>
    </p>
   </div>
   <div class='ocr_carea' id='block_1_10' title="bbox 385 1295 1444 1370">
    <p class='ocr_par' dir='ltr' id='par_1_10' title="bbox 385 1295 1444 1370">
     <span class='ocr_line' id='line_1_10' title="bbox 385 1295 1444 1370; baseline -0.002 -18"><span class='ocrx_word' id='word_1_49' title='bbox 385 1315 512 1370; x_wconf 88' lang='lat' dir='ltr'>pus,</span> <span class='ocrx_word' id='word_1_50' title='bbox 546 1296 755 1351; x_wconf 70' lang='lat' dir='ltr'>debitse</span> <span class='ocrx_word' id='word_1_51' title='bbox 778 1295 1058 1350; x_wconf 79' lang='lat' dir='ltr'>servitutis</span> <span class='ocrx_word' id='word_1_52' title='bbox 1081 1297 1444 1368; x_wconf 86' lang='lat' dir='ltr'>obsequium.</span> 
     </span>
    </p>
   </div>
   <div class='ocr_carea' id='block_1_11' title="bbox 460 1383 1991 1454">
    <p class='ocr_par' dir='ltr' id='par_1_11' title="bbox 460 1383 1991 1454">
     <span class='ocr_line' id='line_1_11' title="bbox 460 1383 1991 1454; baseline -0.003 -14"><span class='ocrx_word' id='word_1_53' title='bbox 460 1385 601 1440; x_wconf 93' lang='lat' dir='ltr'>Cum</span> <span class='ocrx_word' id='word_1_54' title='bbox 627 1385 683 1438; x_wconf 92' lang='lat' dir='ltr'>in</span> <span class='ocrx_word' id='word_1_55' title='bbox 697 1383 1254 1439; x_wconf 86' lang='lat' dir='ltr'>Germaniaferventi</span> <span class='ocrx_word' id='word_1_56' title='bbox 1263 1384 1375 1438; x_wconf 90' lang='lat' dir='ltr'>oris</span> <span class='ocrx_word' id='word_1_57' title='bbox 1398 1383 1536 1438; x_wconf 92' lang='lat' dir='ltr'>anni</span> <span class='ocrx_word' id='word_1_58' title='bbox 1552 1388 1783 1454; x_wconf 81' lang='lat' dir='ltr'>tempus</span> <span class='ocrx_word' id='word_1_59' title='bbox 1796 1383 1926 1437; x_wconf 91' lang='lat' dir='ltr'>dem</span> <span class='ocrx_word' id='word_1_60' title='bbox 1935 1399 1991 1436; x_wconf 89' lang='lat' dir='ltr'>o-</span> 
     </span>
    </p>
   </div>
   <div class='ocr_carea' id='block_1_12' title="bbox 389 1471 1990 1544">
    <p class='ocr_par' dir='ltr' id='par_1_12' title="bbox 389 1471 1990 1544">
     <span class='ocr_line' id='line_1_12' title="bbox 389 1471 1990 1544; baseline -0.003 -16"><span class='ocrx_word' id='word_1_61' title='bbox 389 1490 674 1540; x_wconf 88' lang='lat' dir='ltr'>raremur,</span> <span class='ocrx_word' id='word_1_62' title='bbox 699 1471 1093 1544; x_wconf 79' lang='lat' dir='ltr'>imperialibus</span> <span class='ocrx_word' id='word_1_63' title='bbox 1115 1471 1327 1525; x_wconf 83' lang='lat' dir='ltr'>astricti</span> <span class='ocrx_word' id='word_1_64' title='bbox 1347 1471 1652 1541; x_wconf 86' lang='lat' dir='ltr'>obsequiis,</span> <span class='ocrx_word' id='word_1_65' title='bbox 1683 1474 1743 1524; x_wconf 88' lang='lat' dir='ltr'>ut</span> <span class='ocrx_word' id='word_1_66' title='bbox 1760 1487 1990 1540; x_wconf 89' lang='lat' dir='ltr'>semper</span> 
     </span>
    </p>
   </div>
   <div class='ocr_carea' id='block_1_13' title="bbox 391 1557 1991 1632">
    <p class='ocr_par' dir='ltr' id='par_1_13' title="bbox 391 1557 1991 1632">
     <span class='ocr_line' id='line_1_13' title="bbox 391 1557 1991 1632; baseline -0.003 -17"><span class='ocrx_word' id='word_1_67' title='bbox 391 1576 955 1632; x_wconf 89' lang='lat' dir='ltr'>sumus,semperque</span> <span class='ocrx_word' id='word_1_68' title='bbox 970 1559 1397 1627; x_wconf 89' lang='lat' dir='ltr'>erimus,nescio</span> <span class='ocrx_word' id='word_1_69' title='bbox 1420 1559 1557 1630; x_wconf 89' lang='lat' dir='ltr'>quid</span> <span class='ocrx_word' id='word_1_70' title='bbox 1569 1575 1780 1612; x_wconf 89' lang='lat' dir='ltr'>arcana</span> <span class='ocrx_word' id='word_1_71' title='bbox 1802 1557 1991 1612; x_wconf 89' lang='lat' dir='ltr'>divina</span> 
     </span>
    </p>
   </div>
   <div class='ocr_carea' id='block_1_14' title="bbox 392 1645 1989 1703">
    <p class='ocr_par' dir='ltr' id='par_1_14' title="bbox 392 1645 1989 1703">
     <span class='ocr_line' id='line_1_14' title="bbox 392 1645 1989 1703; baseline -0.003 0"><span class='ocrx_word' id='word_1_72' title='bbox 392 1665 726 1703; x_wconf 88' lang='lat' dir='ltr'>mensuram</span> <span class='ocrx_word' id='word_1_73' title='bbox 755 1664 949 1702; x_wconf 90' lang='lat' dir='ltr'>secum</span> <span class='ocrx_word' id='word_1_74' title='bbox 970 1646 1141 1700; x_wconf 89' lang='lat' dir='ltr'>tacite</span> <span class='ocrx_word' id='word_1_75' title='bbox 1157 1649 1473 1700; x_wconf 86' lang='lat' dir='ltr'>retractans</span> <span class='ocrx_word' id='word_1_76' title='bbox 1505 1649 1692 1700; x_wconf 90' lang='lat' dir='ltr'>motus</span> <span class='ocrx_word' id='word_1_77' title='bbox 1720 1645 1899 1699; x_wconf 92' lang='lat' dir='ltr'>animi</span> <span class='ocrx_word' id='word_1_78' title='bbox 1931 1645 1989 1698; x_wconf 93' lang='lat' dir='ltr'>in</span> 
     </span>
    </p>
   </div>
   <div class='ocr_carea' id='block_1_15' title="bbox 383 1732 1993 1806">
    <p class='ocr_par' dir='ltr' id='par_1_15' title="bbox 383 1732 1993 1806">
     <span class='ocr_line' id='line_1_15' title="bbox 383 1732 1993 1806; baseline -0.002 -16"><span class='ocrx_word' id='word_1_79' title='bbox 383 1737 556 1792; x_wconf 86' lang='lat' dir='ltr'>verba</span> <span class='ocrx_word' id='word_1_80' title='bbox 577 1734 894 1800; x_wconf 87' lang='lat' dir='ltr'>resolvit,et</span> <span class='ocrx_word' id='word_1_81' title='bbox 919 1753 1044 1806; x_wconf 72' lang='lat' dir='ltr'>quae</span> <span class='ocrx_word' id='word_1_82' title='bbox 1070 1736 1141 1789; x_wconf 91' lang='lat' dir='ltr'>ab</span> <span class='ocrx_word' id='word_1_83' title='bbox 1163 1735 1464 1789; x_wconf 80' lang='lat' dir='ltr'>Aristotele</span> <span class='ocrx_word' id='word_1_84' title='bbox 1477 1734 1831 1805; x_wconf 89' lang='lat' dir='ltr'>summisque</span> <span class='ocrx_word' id='word_1_85' title='bbox 1860 1732 1993 1786; x_wconf 89' lang='lat' dir='ltr'>viris</span> 
     </span>
    </p>
   </div>
   <div class='ocr_carea' id='block_1_16' title="bbox 388 1821 1994 1894">
    <p class='ocr_par' dir='ltr' id='par_1_16' title="bbox 388 1821 1994 1894">
     <span class='ocr_line' id='line_1_16' title="bbox 388 1821 1994 1894; baseline -0.003 -15"><span class='ocrx_word' id='word_1_86' title='bbox 388 1828 552 1879; x_wconf 89' lang='lat' dir='ltr'>erant</span> <span class='ocrx_word' id='word_1_87' title='bbox 583 1823 938 1878; x_wconf 86' lang='lat' dir='ltr'>difficillimis</span> <span class='ocrx_word' id='word_1_88' title='bbox 968 1823 1257 1894; x_wconf 87' lang='lat' dir='ltr'>descripta</span> <span class='ocrx_word' id='word_1_89' title='bbox 1283 1823 1605 1888; x_wconf 85' lang='lat' dir='ltr'>sententiis,</span> <span class='ocrx_word' id='word_1_90' title='bbox 1643 1823 1699 1875; x_wconf 89' lang='lat' dir='ltr'>in</span> <span class='ocrx_word' id='word_1_91' title='bbox 1736 1821 1994 1875; x_wconf 88' lang='lat' dir='ltr'>medium</span> 
     </span>
    </p>
   </div>
   <div class='ocr_carea' id='block_1_17' title="bbox 388 1909 1994 1985">
    <p class='ocr_par' dir='ltr' id='par_1_17' title="bbox 388 1909 1994 1985">
     <span class='ocr_line' id='line_1_17' title="bbox 388 1909 1994 1985; baseline -0.003 -17"><span class='ocrx_word' id='word_1_92' title='bbox 388 1912 626 1985; x_wconf 89' lang='lat' dir='ltr'>protulit</span> <span class='ocrx_word' id='word_1_93' title='bbox 649 1928 662 1966; x_wconf 89' lang='lat'>:</span> <span class='ocrx_word' id='word_1_94' title='bbox 694 1914 756 1965; x_wconf 90' lang='lat' dir='ltr'>ut</span> <span class='ocrx_word' id='word_1_95' title='bbox 776 1911 988 1965; x_wconf 91' lang='lat' dir='ltr'>mirum</span> <span class='ocrx_word' id='word_1_96' title='bbox 1019 1913 1168 1966; x_wconf 89' lang='lat' dir='ltr'>foret</span> <span class='ocrx_word' id='word_1_97' title='bbox 1186 1912 1335 1965; x_wconf 88' lang='lat' dir='ltr'>inter</span> <span class='ocrx_word' id='word_1_98' title='bbox 1354 1912 1645 1965; x_wconf 88' lang='lat' dir='ltr'>bellorum</span> <span class='ocrx_word' id='word_1_99' title='bbox 1663 1909 1994 1964; x_wconf 85' lang='lat' dir='ltr'>discrimina</span> 
     </span>
    </p>
   </div>
   <div class='ocr_carea' id='block_1_18' title="bbox 391 2000 1992 2072">
    <p class='ocr_par' dir='ltr' id='par_1_18' title="bbox 391 2000 1992 2072">
     <span class='ocr_line' id='line_1_18' title="bbox 391 2000 1992 2072; baseline -0.001 -17"><span class='ocrx_word' id='word_1_100' title='bbox 391 2018 518 2072; x_wconf 68' lang='lat' dir='ltr'>quae</span> <span class='ocrx_word' id='word_1_101' title='bbox 543 2003 745 2055; x_wconf 88' lang='lat' dir='ltr'>contra</span> <span class='ocrx_word' id='word_1_102' title='bbox 766 2001 1061 2054; x_wconf 85' lang='lat' dir='ltr'>Sarmatas</span> <span class='ocrx_word' id='word_1_103' title='bbox 1087 2000 1461 2072; x_wconf 87' lang='lat' dir='ltr'>parabantur,</span> <span class='ocrx_word' id='word_1_104' title='bbox 1491 2000 1742 2070; x_wconf 87' lang='lat' dir='ltr'>aliquem</span> <span class='ocrx_word' id='word_1_105' title='bbox 1776 2001 1992 2053; x_wconf 86' lang='lat' dir='ltr'>morta-</span> 
     </span>
    </p>
   </div>
   <div class='ocr_carea' id='block_1_19' title="bbox 399 2088 1995 2160">
    <p class='ocr_par' dir='ltr' id='par_1_19' title="bbox 399 2088 1995 2160">
     <span class='ocr_line' id='line_1_19' title="bbox 399 2088 1995 2160; baseline 0 -17"><span class='ocrx_word' id='word_1_106' title='bbox 399 2089 541 2144; x_wconf 91' lang='lat' dir='ltr'>lium</span> <span class='ocrx_word' id='word_1_107' title='bbox 570 2090 674 2143; x_wconf 92' lang='lat' dir='ltr'>hos</span> <span class='ocrx_word' id='word_1_108' title='bbox 703 2088 912 2142; x_wconf 86' lang='lat' dir='ltr'>mentis</span> <span class='ocrx_word' id='word_1_109' title='bbox 936 2105 1186 2143; x_wconf 88' lang='lat' dir='ltr'>recessus</span> <span class='ocrx_word' id='word_1_110' title='bbox 1205 2089 1418 2143; x_wconf 88' lang='lat' dir='ltr'>habere</span> <span class='ocrx_word' id='word_1_111' title='bbox 1440 2088 1712 2160; x_wconf 90' lang='lat' dir='ltr'>potuisse,</span> <span class='ocrx_word' id='word_1_112' title='bbox 1737 2106 1770 2142; x_wconf 91' lang='lat' dir='ltr'>a</span> <span class='ocrx_word' id='word_1_113' title='bbox 1790 2088 1995 2159; x_wconf 83' lang='lat' dir='ltr'>quibus</span> 
     </span>
    </p>
   </div>
   <div class='ocr_carea' id='block_1_20' title="bbox 394 2175 1994 2248">
    <p class='ocr_par' dir='ltr' id='par_1_20' title="bbox 394 2175 1994 2248">
     <span class='ocr_line' id='line_1_20' title="bbox 394 2175 1994 2248; baseline -0.001 -18"><span class='ocrx_word' id='word_1_114' title='bbox 394 2180 515 2230; x_wconf 88' lang='lat' dir='ltr'>tam</span> <span class='ocrx_word' id='word_1_115' title='bbox 557 2176 805 2241; x_wconf 89' lang='lat' dir='ltr'>subtilia,</span> <span class='ocrx_word' id='word_1_116' title='bbox 839 2180 957 2230; x_wconf 91' lang='lat' dir='ltr'>tam</span> <span class='ocrx_word' id='word_1_117' title='bbox 990 2178 1285 2248; x_wconf 69' lang='lat' dir='ltr'>prmclara,</span> <span class='ocrx_word' id='word_1_118' title='bbox 1336 2177 1488 2229; x_wconf 86' lang='lat' dir='ltr'>velut</span> <span class='ocrx_word' id='word_1_119' title='bbox 1545 2176 1779 2245; x_wconf 89' lang='lat' dir='ltr'>quidam</span> <span class='ocrx_word' id='word_1_120' title='bbox 1828 2175 1930 2229; x_wconf 84' lang='lat' dir='ltr'>rivi</span> <span class='ocrx_word' id='word_1_121' title='bbox 1961 2193 1994 2228; x_wconf 88' lang='lat' dir='ltr'>a</span> 
     </span>
    </p>
   </div>
   <div class='ocr_carea' id='block_1_21' title="bbox 391 2263 1996 2338">
    <p class='ocr_par' dir='ltr' id='par_1_21' title="bbox 391 2263 1996 2338">
     <span class='ocr_line' id='line_1_21' title="bbox 391 2263 1996 2338; baseline -0.001 -20"><span class='ocrx_word' id='word_1_122' title='bbox 391 2264 695 2338; x_wconf 88' lang='lat' dir='ltr'>purissimo</span> <span class='ocrx_word' id='word_1_123' title='bbox 723 2264 882 2320; x_wconf 87' lang='lat' dir='ltr'>fonte</span> <span class='ocrx_word' id='word_1_124' title='bbox 932 2267 1309 2336; x_wconf 88' lang='lat' dir='ltr'>profluerent.</span> <span class='ocrx_word' id='word_1_125' title='bbox 1364 2264 1698 2318; x_wconf 81' lang='lat' dir='ltr'>Meministis</span> <span class='ocrx_word' id='word_1_126' title='bbox 1728 2263 1904 2330; x_wconf 90' lang='lat' dir='ltr'>enim,</span> <span class='ocrx_word' id='word_1_127' title='bbox 1939 2265 1996 2318; x_wconf 91' lang='lat' dir='ltr'>et</span> 
     </span>
    </p>
   </div>
   <div class='ocr_carea' id='block_1_22' title="bbox 2095 1202 3710 1279">
    <p class='ocr_par' dir='ltr' id='par_1_22' title="bbox 2095 1202 3710 1279">
     <span class='ocr_line' id='line_1_22' title="bbox 2095 1202 3710 1279; baseline -0.004 -17"><span class='ocrx_word' id='word_1_128' title='bbox 2095 1208 2164 1262; x_wconf 87' lang='lat' dir='ltr'>de</span> <span class='ocrx_word' id='word_1_129' title='bbox 2195 1207 2511 1279; x_wconf 89' lang='lat' dir='ltr'>majoribus</span> <span class='ocrx_word' id='word_1_130' title='bbox 2545 1223 2873 1278; x_wconf 88' lang='lat' dir='ltr'>nunquam;</span> <span class='ocrx_word' id='word_1_131' title='bbox 2908 1208 2970 1262; x_wconf 93' lang='lat' dir='ltr'>ut</span> <span class='ocrx_word' id='word_1_132' title='bbox 3015 1204 3237 1270; x_wconf 91' lang='lat' dir='ltr'>animal,</span> <span class='ocrx_word' id='word_1_133' title='bbox 3272 1202 3554 1276; x_wconf 89' lang='lat' dir='ltr'>quoniam</span> <span class='ocrx_word' id='word_1_134' title='bbox 3594 1218 3710 1258; x_wconf 88' lang='lat' dir='ltr'>ma-</span> 
     </span>
    </p>
   </div>
   <div class='ocr_carea' id='block_1_23' title="bbox 2087 1292 3712 1368">
    <p class='ocr_par' dir='ltr' id='par_1_23' title="bbox 2087 1292 3712 1368">
     <span class='ocr_line' id='line_1_23' title="bbox 2087 1292 3712 1368; baseline -0.003 -18"><span class='ocrx_word' id='word_1_135' title='bbox 2087 1297 2181 1368; x_wconf 88' lang='lat' dir='ltr'>jus</span> <span class='ocrx_word' id='word_1_136' title='bbox 2218 1301 2302 1350; x_wconf 91' lang='lat' dir='ltr'>est</span> <span class='ocrx_word' id='word_1_137' title='bbox 2325 1313 2495 1368; x_wconf 86' lang='lat' dir='ltr'>equo.</span> <span class='ocrx_word' id='word_1_138' title='bbox 2523 1299 2580 1350; x_wconf 89' lang='lat' dir='ltr'>et</span> <span class='ocrx_word' id='word_1_139' title='bbox 2610 1297 2787 1351; x_wconf 92' lang='lat' dir='ltr'>homo</span> <span class='ocrx_word' id='word_1_140' title='bbox 2833 1297 2936 1361; x_wconf 91' lang='lat' dir='ltr'>est,</span> <span class='ocrx_word' id='word_1_141' title='bbox 2983 1292 3350 1364; x_wconf 70' lang='lat' dir='ltr'>praedicatur,</span> <span class='ocrx_word' id='word_1_142' title='bbox 3408 1293 3480 1346; x_wconf 91' lang='lat' dir='ltr'>de</span> <span class='ocrx_word' id='word_1_143' title='bbox 3510 1306 3628 1364; x_wconf 88' lang='lat' dir='ltr'>quo</span> <span class='ocrx_word' id='word_1_144' title='bbox 3654 1294 3712 1346; x_wconf 89' lang='lat' dir='ltr'>et</span> 
     </span>
    </p>
   </div>
   <div class='ocr_carea' id='block_1_24' title="bbox 2090 1379 3711 1456">
    <p class='ocr_par' dir='ltr' id='par_1_24' title="bbox 2090 1379 3711 1456">
     <span class='ocr_line' id='line_1_24' title="bbox 2090 1379 3711 1456; baseline -0.004 -17"><span class='ocrx_word' id='word_1_145' title='bbox 2090 1387 2267 1439; x_wconf 88' lang='lat' dir='ltr'>homo</span> <span class='ocrx_word' id='word_1_146' title='bbox 2313 1387 2399 1439; x_wconf 90' lang='lat' dir='ltr'>est</span> <span class='ocrx_word' id='word_1_147' title='bbox 2427 1401 2439 1438; x_wconf 92' lang='lat'>:</span> <span class='ocrx_word' id='word_1_148' title='bbox 2475 1384 2769 1456; x_wconf 89' lang='lat' dir='ltr'>quomodo</span> <span class='ocrx_word' id='word_1_149' title='bbox 2803 1399 2942 1454; x_wconf 85' lang='lat' dir='ltr'>ergo</span> <span class='ocrx_word' id='word_1_150' title='bbox 2973 1381 3207 1436; x_wconf 86' lang='lat' dir='ltr'>Ratione</span> <span class='ocrx_word' id='word_1_151' title='bbox 3247 1381 3334 1436; x_wconf 84' lang='lat' dir='ltr'>uti</span> <span class='ocrx_word' id='word_1_152' title='bbox 3362 1379 3711 1452; x_wconf 67' lang='lat' dir='ltr'>predicatur</span> 
     </span>
    </p>
   </div>
   <div class='ocr_carea' id='block_1_25' title="bbox 2093 1466 3710 1542">
    <p class='ocr_par' dir='ltr' id='par_1_25' title="bbox 2093 1466 3710 1542">
     <span class='ocr_line' id='line_1_25' title="bbox 2093 1466 3710 1542; baseline -0.005 -14"><span class='ocrx_word' id='word_1_153' title='bbox 2093 1474 2163 1528; x_wconf 89' lang='lat' dir='ltr'>de</span> <span class='ocrx_word' id='word_1_154' title='bbox 2195 1474 2272 1527; x_wconf 79' lang='lat' dir='ltr'>Ra</span> <span class='ocrx_word' id='word_1_155' title='bbox 2300 1472 2519 1536; x_wconf 87' lang='lat' dir='ltr'>tionali,</span> <span class='ocrx_word' id='word_1_156' title='bbox 2549 1489 2678 1526; x_wconf 92' lang='lat' dir='ltr'>cum</span> <span class='ocrx_word' id='word_1_157' title='bbox 2704 1473 2891 1542; x_wconf 89' lang='lat' dir='ltr'>majus</span> <span class='ocrx_word' id='word_1_158' title='bbox 2933 1487 3053 1525; x_wconf 86' lang='lat' dir='ltr'>esse</span> <span class='ocrx_word' id='word_1_159' title='bbox 3111 1469 3373 1523; x_wconf 89' lang='lat' dir='ltr'>videatur</span> <span class='ocrx_word' id='word_1_160' title='bbox 3415 1466 3710 1521; x_wconf 77' lang='lat' dir='ltr'>Rationale</span> 
     </span>
    </p>
   </div>
   <div class='ocr_carea' id='block_1_26' title="bbox 2095 1555 3711 1633">
    <p class='ocr_par' dir='ltr' id='par_1_26' title="bbox 2095 1555 3711 1633">
     <span class='ocr_line' id='line_1_26' title="bbox 2095 1555 3711 1633; baseline -0.004 -17"><span class='ocrx_word' id='word_1_161' title='bbox 2095 1578 2273 1633; x_wconf 90' lang='lat' dir='ltr'>quam</span> <span class='ocrx_word' id='word_1_162' title='bbox 2293 1560 2527 1615; x_wconf 85' lang='lat' dir='ltr'>Ratione</span> <span class='ocrx_word' id='word_1_163' title='bbox 2567 1559 2684 1615; x_wconf 82' lang='lat' dir='ltr'>uti?</span> <span class='ocrx_word' id='word_1_164' title='bbox 2717 1559 2899 1615; x_wconf 90' lang='lat' dir='ltr'>Omne</span> <span class='ocrx_word' id='word_1_165' title='bbox 2913 1559 3091 1625; x_wconf 91' lang='lat' dir='ltr'>enim,</span> <span class='ocrx_word' id='word_1_166' title='bbox 3111 1557 3267 1630; x_wconf 90' lang='lat' dir='ltr'>quod</span> <span class='ocrx_word' id='word_1_167' title='bbox 3284 1555 3512 1611; x_wconf 89' lang='lat' dir='ltr'>ratione</span> <span class='ocrx_word' id='word_1_168' title='bbox 3528 1555 3711 1610; x_wconf 88' lang='lat' dir='ltr'>utitur</span> 
     </span>
    </p>
   </div>
   <div class='ocr_carea' id='block_1_27' title="bbox 2094 1645 3712 1718">
    <p class='ocr_par' dir='ltr' id='par_1_27' title="bbox 2094 1645 3712 1718">
     <span class='ocr_line' id='line_1_27' title="bbox 2094 1645 3712 1718; baseline -0.004 -14"><span class='ocrx_word' id='word_1_169' title='bbox 2094 1650 2375 1705; x_wconf 88' lang='lat' dir='ltr'>rationale</span> <span class='ocrx_word' id='word_1_170' title='bbox 2407 1652 2519 1716; x_wconf 88' lang='lat' dir='ltr'>est;</span> <span class='ocrx_word' id='word_1_171' title='bbox 2555 1649 2656 1703; x_wconf 91' lang='lat' dir='ltr'>sed</span> <span class='ocrx_word' id='word_1_172' title='bbox 2702 1647 3010 1714; x_wconf 71' lang='lat' dir='ltr'>Rationale,</span> <span class='ocrx_word' id='word_1_173' title='bbox 3068 1645 3359 1718; x_wconf 90' lang='lat' dir='ltr'>inquiunt,</span> <span class='ocrx_word' id='word_1_174' title='bbox 3409 1645 3712 1717; x_wconf 83' lang='lat' dir='ltr'>potestatis</span> 
     </span>
    </p>
   </div>
   <div class='ocr_carea' id='block_1_28' title="bbox 2095 1732 3712 1807">
    <p class='ocr_par' dir='ltr' id='par_1_28' title="bbox 2095 1732 3712 1807">
     <span class='ocr_line' id='line_1_28' title="bbox 2095 1732 3712 1807; baseline -0.004 -15"><span class='ocrx_word' id='word_1_175' title='bbox 2095 1741 2180 1792; x_wconf 89' lang='lat' dir='ltr'>est</span> <span class='ocrx_word' id='word_1_176' title='bbox 2204 1739 2326 1792; x_wconf 91' lang='lat' dir='ltr'>sine</span> <span class='ocrx_word' id='word_1_177' title='bbox 2351 1741 2481 1792; x_wconf 91' lang='lat' dir='ltr'>actu</span> <span class='ocrx_word' id='word_1_178' title='bbox 2515 1754 2527 1790; x_wconf 89' lang='lat'><strong>:</strong></span> <span class='ocrx_word' id='word_1_179' title='bbox 2559 1736 2900 1802; x_wconf 85' lang='lat' dir='ltr'>Rationeuti,</span> <span class='ocrx_word' id='word_1_180' title='bbox 2941 1734 3248 1807; x_wconf 83' lang='lat' dir='ltr'>potestatis</span> <span class='ocrx_word' id='word_1_181' title='bbox 3263 1749 3396 1788; x_wconf 91' lang='lat' dir='ltr'>cum</span> <span class='ocrx_word' id='word_1_182' title='bbox 3415 1732 3712 1787; x_wconf 86' lang='lat' dir='ltr'>actu.Plus</span> 
     </span>
    </p>
   </div>
   <div class='ocr_carea' id='block_1_29' title="bbox 2093 1822 3708 1896">
    <p class='ocr_par' dir='ltr' id='par_1_29' title="bbox 2093 1822 3708 1896">
     <span class='ocr_line' id='line_1_29' title="bbox 2093 1822 3708 1896; baseline -0.002 -18"><span class='ocrx_word' id='word_1_183' title='bbox 2093 1842 2228 1881; x_wconf 90' lang='lat' dir='ltr'>vero</span> <span class='ocrx_word' id='word_1_184' title='bbox 2263 1829 2349 1880; x_wconf 89' lang='lat' dir='ltr'>est</span> <span class='ocrx_word' id='word_1_185' title='bbox 2379 1824 2678 1896; x_wconf 84' lang='lat' dir='ltr'>potestatis</span> <span class='ocrx_word' id='word_1_186' title='bbox 2697 1840 2828 1878; x_wconf 91' lang='lat' dir='ltr'>cum</span> <span class='ocrx_word' id='word_1_187' title='bbox 2876 1827 3004 1877; x_wconf 89' lang='lat' dir='ltr'>actu</span> <span class='ocrx_word' id='word_1_188' title='bbox 3037 1839 3215 1895; x_wconf 90' lang='lat' dir='ltr'>quam</span> <span class='ocrx_word' id='word_1_189' title='bbox 3261 1822 3382 1876; x_wconf 90' lang='lat' dir='ltr'>sola</span> <span class='ocrx_word' id='word_1_190' title='bbox 3433 1822 3708 1892; x_wconf 73' lang='lat' dir='ltr'>potestas.</span> 
     </span>
    </p>
   </div>
   <div class='ocr_carea' id='block_1_30' title="bbox 2093 1906 3714 1985">
    <p class='ocr_par' dir='ltr' id='par_1_30' title="bbox 2093 1906 3714 1985">
     <span class='ocr_line' id='line_1_30' title="bbox 2093 1906 3714 1985; baseline -0.004 -18"><span class='ocrx_word' id='word_1_191' title='bbox 2093 1914 2244 1979; x_wconf 86' lang='lat' dir='ltr'>Jure,</span> <span class='ocrx_word' id='word_1_192' title='bbox 2281 1913 2566 1985; x_wconf 86' lang='lat' dir='ltr'>inquiunt,</span> <span class='ocrx_word' id='word_1_193' title='bbox 2597 1929 2734 1982; x_wconf 87' lang='lat' dir='ltr'>ergo</span> <span class='ocrx_word' id='word_1_194' title='bbox 2767 1911 3114 1983; x_wconf 64' lang='lat' dir='ltr'>praedicatur</span> <span class='ocrx_word' id='word_1_195' title='bbox 3140 1909 3374 1965; x_wconf 75' lang='lat' dir='ltr'>Ratione</span> <span class='ocrx_word' id='word_1_196' title='bbox 3401 1910 3484 1962; x_wconf 89' lang='lat' dir='ltr'>uti</span> <span class='ocrx_word' id='word_1_197' title='bbox 3517 1908 3593 1962; x_wconf 87' lang='lat' dir='ltr'>de</span> <span class='ocrx_word' id='word_1_198' title='bbox 3608 1906 3714 1962; x_wconf 86' lang='lat' dir='ltr'>Ra-</span> 
     </span>
    </p>
   </div>
   <div class='ocr_carea' id='block_1_31' title="bbox 2097 1997 3180 2072">
    <p class='ocr_par' dir='ltr' id='par_1_31' title="bbox 2097 1997 3180 2072">
     <span class='ocr_line' id='line_1_31' title="bbox 2097 1997 3180 2072; baseline -0.003 -16"><span class='ocrx_word' id='word_1_199' title='bbox 2097 2001 2301 2066; x_wconf 86' lang='lat' dir='ltr'>tionali,</span> <span class='ocrx_word' id='word_1_200' title='bbox 2336 2003 2616 2072; x_wconf 89' lang='lat' dir='ltr'>tanquam</span> <span class='ocrx_word' id='word_1_201' title='bbox 2639 2001 2825 2071; x_wconf 90' lang='lat' dir='ltr'>majus</span> <span class='ocrx_word' id='word_1_202' title='bbox 2851 2000 2922 2054; x_wconf 91' lang='lat' dir='ltr'>de</span> <span class='ocrx_word' id='word_1_203' title='bbox 2945 1997 3180 2053; x_wconf 92' lang='lat' dir='ltr'>minori.</span> 
     </span>
    </p>
   </div>
   <div class='ocr_carea' id='block_1_32' title="bbox 2166 2086 3713 2158">
    <p class='ocr_par' dir='ltr' id='par_1_32' title="bbox 2166 2086 3713 2158">
     <span class='ocr_line' id='line_1_32' title="bbox 2166 2086 3713 2158; baseline -0.003 -15"><span class='ocrx_word' id='word_1_204' title='bbox 2166 2092 2229 2143; x_wconf 88' lang='lat' dir='ltr'>II.</span> <span class='ocrx_word' id='word_1_205' title='bbox 2255 2090 2342 2142; x_wconf 81' lang='lat' dir='ltr'>Ad</span> <span class='ocrx_word' id='word_1_206' title='bbox 2372 2090 2480 2144; x_wconf 92' lang='lat' dir='ltr'>hoc</span> <span class='ocrx_word' id='word_1_207' title='bbox 2508 2089 2892 2158; x_wconf 86' lang='lat' dir='ltr'>respondetur</span> <span class='ocrx_word' id='word_1_208' title='bbox 2921 2104 2934 2142; x_wconf 88' lang='lat'><strong>:</strong></span> <span class='ocrx_word' id='word_1_209' title='bbox 2970 2086 3274 2151; x_wconf 86' lang='lat' dir='ltr'>Quomodo</span> <span class='ocrx_word' id='word_1_210' title='bbox 3310 2101 3437 2158; x_wconf 55' lang='lat' dir='ltr'>quas</span> <span class='ocrx_word' id='word_1_211' title='bbox 3471 2101 3506 2140; x_wconf 86' lang='lat' dir='ltr'>a</span> <span class='ocrx_word' id='word_1_212' title='bbox 3534 2100 3713 2156; x_wconf 88' lang='lat' dir='ltr'>gene-</span> 
     </span>
    </p>
   </div>
   <div class='ocr_carea' id='block_1_33' title="bbox 2094 2171 3714 2247">
    <p class='ocr_par' dir='ltr' id='par_1_33' title="bbox 2094 2171 3714 2247">
     <span class='ocr_line' id='line_1_33' title="bbox 2094 2171 3714 2247; baseline -0.005 -15"><span class='ocrx_word' id='word_1_213' title='bbox 2094 2177 2395 2232; x_wconf 89' lang='lat' dir='ltr'>ralissimis</span> <span class='ocrx_word' id='word_1_214' title='bbox 2415 2177 2487 2231; x_wconf 89' lang='lat' dir='ltr'>ad</span> <span class='ocrx_word' id='word_1_215' title='bbox 2506 2175 2915 2247; x_wconf 88' lang='lat' dir='ltr'>spccialissima</span> <span class='ocrx_word' id='word_1_216' title='bbox 2932 2177 3087 2230; x_wconf 89' lang='lat' dir='ltr'>recta</span> <span class='ocrx_word' id='word_1_217' title='bbox 3123 2175 3281 2229; x_wconf 92' lang='lat' dir='ltr'>linea</span> <span class='ocrx_word' id='word_1_218' title='bbox 3333 2171 3714 2236; x_wconf 90' lang='lat' dir='ltr'>descendunt,</span> 
     </span>
    </p>
   </div>
   <div class='ocr_carea' id='block_1_34' title="bbox 2094 2249 3716 2335">
    <p class='ocr_par' dir='ltr' id='par_1_34' title="bbox 2094 2249 3716 2335">
     <span class='ocr_line' id='line_1_34' title="bbox 2094 2249 3716 2335; baseline -0.004 -17"><span class='ocrx_word' id='word_1_219' title='bbox 2094 2268 2176 2320; x_wconf 90' lang='lat' dir='ltr'>vel</span> <span class='ocrx_word' id='word_1_220' title='bbox 2218 2249 2813 2335; x_wconf 31' lang='lat' dir='ltr'>subalterna‘gcnera,</span> <span class='ocrx_word' id='word_1_221' title='bbox 2868 2265 2952 2317; x_wconf 90' lang='lat' dir='ltr'>vel</span> <span class='ocrx_word' id='word_1_222' title='bbox 3000 2280 3106 2335; x_wconf 89' lang='lat' dir='ltr'>per</span> <span class='ocrx_word' id='word_1_223' title='bbox 3160 2260 3537 2328; x_wconf 72' lang='lat' dir='ltr'>differentias,</span> <span class='ocrx_word' id='word_1_224' title='bbox 3601 2259 3716 2313; x_wconf 80' lang='lat' dir='ltr'>sive</span> 
     </span>
    </p>
   </div>
   <div class='ocr_carea' id='block_1_35' title="bbox 389 2329 3719 2423">
    <p class='ocr_par' dir='ltr' id='par_1_35' title="bbox 389 2329 3719 2423">
     <span class='ocr_line' id='line_1_35' title="bbox 389 2329 3719 2423; baseline -0.002 -15"><span class='ocrx_word' id='word_1_225' title='bbox 389 2353 723 2408; x_wconf 86' lang='lat' dir='ltr'>meminisse</span> <span class='ocrx_word' id='word_1_226' title='bbox 746 2370 1067 2423; x_wconf 88' lang='lat' dir='ltr'>possumus,</span> <span class='ocrx_word' id='word_1_227' title='bbox 1089 2352 1334 2407; x_wconf 83' lang='lat' dir='ltr'>adfuisse</span> <span class='ocrx_word' id='word_1_228' title='bbox 1379 2356 1501 2405; x_wconf 91' lang='lat' dir='ltr'>tum</span> <span class='ocrx_word' id='word_1_229' title='bbox 1543 2353 1753 2406; x_wconf 87' lang='lat' dir='ltr'>multos</span> <span class='ocrx_word' id='word_1_230' title='bbox 1776 2352 1994 2406; x_wconf 88' lang='lat' dir='ltr'>nobiles</span> <span class='ocrx_word' id='word_1_231' title='bbox 2024 2329 2074 2386; x_wconf 84' lang='lat' dir='ltr'><strong>B</strong></span> <span class='ocrx_word' id='word_1_232' title='bbox 2097 2355 2210 2409; x_wconf 90' lang='lat' dir='ltr'>sint</span> <span class='ocrx_word' id='word_1_233' title='bbox 2235 2373 2302 2409; x_wconf 89' lang='lat' dir='ltr'>ea</span> <span class='ocrx_word' id='word_1_234' title='bbox 2337 2355 2393 2408; x_wconf 92' lang='lat' dir='ltr'>in</span> <span class='ocrx_word' id='word_1_235' title='bbox 2422 2352 2772 2417; x_wconf 87' lang='lat' dir='ltr'>substantiis,</span> <span class='ocrx_word' id='word_1_236' title='bbox 2807 2352 2920 2407; x_wconf 83' lang='lat' dir='ltr'>sive</span> <span class='ocrx_word' id='word_1_237' title='bbox 2947 2353 3002 2406; x_wconf 85' lang='lat' dir='ltr'>in</span> <span class='ocrx_word' id='word_1_238' title='bbox 3037 2350 3437 2406; x_wconf 85' lang='lat' dir='ltr'>accidentibus</span> <span class='ocrx_word' id='word_1_239' title='bbox 3469 2349 3719 2403; x_wconf 85' lang='lat' dir='ltr'>colloca-</span> 
     </span>
    </p>
   </div>
   <div class='ocr_carea' id='block_1_36' title="bbox 389 2440 1993 2510">
    <p class='ocr_par' dir='ltr' id='par_1_36' title="bbox 389 2440 1993 2510">
     <span class='ocr_line' id='line_1_36' title="bbox 389 2440 1993 2510; baseline -0.001 -15"><span class='ocrx_word' id='word_1_240' title='bbox 389 2443 774 2506; x_wconf 88' lang='lat' dir='ltr'>scholasticos,</span> <span class='ocrx_word' id='word_1_241' title='bbox 801 2445 857 2496; x_wconf 94' lang='lat' dir='ltr'>et</span> <span class='ocrx_word' id='word_1_242' title='bbox 879 2441 1150 2502; x_wconf 86' lang='lat' dir='ltr'>eruditos,</span> <span class='ocrx_word' id='word_1_243' title='bbox 1178 2441 1329 2494; x_wconf 89' lang='lat' dir='ltr'>inter</span> <span class='ocrx_word' id='word_1_244' title='bbox 1373 2457 1516 2510; x_wconf 90' lang='lat' dir='ltr'>quos</span> <span class='ocrx_word' id='word_1_245' title='bbox 1567 2440 1828 2494; x_wconf 90' lang='lat' dir='ltr'>nonnulli</span> <span class='ocrx_word' id='word_1_246' title='bbox 1859 2441 1993 2494; x_wconf 88' lang='lat' dir='ltr'>ade-</span> 
     </span>
    </p>
   </div>
   <div class='ocr_carea' id='block_1_37' title="bbox 394 2527 1995 2601">
    <p class='ocr_par' dir='ltr' id='par_1_37' title="bbox 394 2527 1995 2601">
     <span class='ocr_line' id='line_1_37' title="bbox 394 2527 1995 2601; baseline -0.002 -16"><span class='ocrx_word' id='word_1_247' title='bbox 394 2535 527 2586; x_wconf 88' lang='lat' dir='ltr'>rant</span> <span class='ocrx_word' id='word_1_248' title='bbox 556 2530 830 2601; x_wconf 89' lang='lat' dir='ltr'>episcopi,</span> <span class='ocrx_word' id='word_1_249' title='bbox 867 2529 1147 2600; x_wconf 86' lang='lat' dir='ltr'>sapientia</span> <span class='ocrx_word' id='word_1_250' title='bbox 1177 2528 1433 2598; x_wconf 67' lang='lat' dir='ltr'>praaclari</span> <span class='ocrx_word' id='word_1_251' title='bbox 1462 2533 1518 2581; x_wconf 91' lang='lat' dir='ltr'>et</span> <span class='ocrx_word' id='word_1_252' title='bbox 1547 2527 1877 2598; x_wconf 84' lang='lat' dir='ltr'>eloquentia</span> <span class='ocrx_word' id='word_1_253' title='bbox 1907 2528 1995 2582; x_wconf 90' lang='lat' dir='ltr'>in-</span> 
     </span>
    </p>
   </div>
   <div class='ocr_carea' id='block_1_38' title="bbox 394 2616 1992 2690">
    <p class='ocr_par' dir='ltr' id='par_1_38' title="bbox 394 2616 1992 2690">
     <span class='ocr_line' id='line_1_38' title="bbox 394 2616 1992 2690; baseline -0.002 -16"><span class='ocrx_word' id='word_1_254' title='bbox 394 2620 602 2690; x_wconf 83' lang='lat' dir='ltr'>signes.</span> <span class='ocrx_word' id='word_1_255' title='bbox 643 2620 853 2672; x_wconf 88' lang='lat' dir='ltr'>Eorum</span> <span class='ocrx_word' id='word_1_256' title='bbox 887 2621 1078 2670; x_wconf 86' lang='lat' dir='ltr'>tamen</span> <span class='ocrx_word' id='word_1_257' title='bbox 1132 2617 1375 2669; x_wconf 81' lang='lat' dir='ltr'>vidimus</span> <span class='ocrx_word' id='word_1_258' title='bbox 1410 2617 1728 2685; x_wconf 89' lang='lat' dir='ltr'>neminem,</span> <span class='ocrx_word' id='word_1_259' title='bbox 1774 2616 1867 2688; x_wconf 89' lang='lat' dir='ltr'>qui</span> <span class='ocrx_word' id='word_1_260' title='bbox 1900 2634 1992 2671; x_wconf 89' lang='lat' dir='ltr'>ea-</span> 
     </span>
    </p>
   </div>
   <div class='ocr_carea' id='block_1_39' title="bbox 387 2705 1997 2778">
    <p class='ocr_par' dir='ltr' id='par_1_39' title="bbox 387 2705 1997 2778">
     <span class='ocr_line' id='line_1_39' title="bbox 387 2705 1997 2778; baseline -0.002 -16"><span class='ocrx_word' id='word_1_261' title='bbox 387 2725 522 2762; x_wconf 87' lang='lat' dir='ltr'>rum</span> <span class='ocrx_word' id='word_1_262' title='bbox 550 2705 935 2778; x_wconf 55' lang='lat' dir='ltr'>quaestionum</span> <span class='ocrx_word' id='word_1_263' title='bbox 971 2706 1144 2758; x_wconf 89' lang='lat' dir='ltr'>ullam</span> <span class='ocrx_word' id='word_1_264' title='bbox 1205 2705 1377 2773; x_wconf 81' lang='lat' dir='ltr'>digne</span> <span class='ocrx_word' id='word_1_265' title='bbox 1434 2705 1787 2774; x_wconf 87' lang='lat' dir='ltr'>explicuerit,</span> <span class='ocrx_word' id='word_1_266' title='bbox 1842 2705 1997 2775; x_wconf 90' lang='lat' dir='ltr'>quod</span> 
     </span>
    </p>
   </div>
   <div class='ocr_carea' id='block_1_40' title="bbox 394 2793 1997 2868">
    <p class='ocr_par' dir='ltr' id='par_1_40' title="bbox 394 2793 1997 2868">
     <span class='ocr_line' id='line_1_40' title="bbox 394 2793 1997 2868; baseline -0.002 -18"><span class='ocrx_word' id='word_1_267' title='bbox 394 2796 662 2868; x_wconf 63' lang='lat' dir='ltr'>quasdam</span> <span class='ocrx_word' id='word_1_268' title='bbox 696 2794 868 2847; x_wconf 90' lang='lat' dir='ltr'>nimis</span> <span class='ocrx_word' id='word_1_269' title='bbox 895 2794 967 2847; x_wconf 88' lang='lat' dir='ltr'>ab</span> <span class='ocrx_word' id='word_1_270' title='bbox 1000 2811 1100 2846; x_wconf 86' lang='lat' dir='ltr'>usu</span> <span class='ocrx_word' id='word_1_271' title='bbox 1131 2796 1390 2858; x_wconf 81' lang='lat' dir='ltr'>remotae,</span> <span class='ocrx_word' id='word_1_272' title='bbox 1427 2809 1530 2846; x_wconf 91' lang='lat' dir='ltr'>nec</span> <span class='ocrx_word' id='word_1_273' title='bbox 1578 2793 1997 2848; x_wconf 88' lang='lat' dir='ltr'>dubitationem</span> 
     </span>
    </p>
   </div>
   <div class='ocr_carea' id='block_1_41' title="bbox 389 2883 1995 2952">
    <p class='ocr_par' dir='ltr' id='par_1_41' title="bbox 389 2883 1995 2952">
     <span class='ocr_line' id='line_1_41' title="bbox 389 2883 1995 2952; baseline -0.002 -14"><span class='ocrx_word' id='word_1_274' title='bbox 389 2887 527 2938; x_wconf 90' lang='lat' dir='ltr'>ante</span> <span class='ocrx_word' id='word_1_275' title='bbox 559 2883 886 2948; x_wconf 89' lang='lat' dir='ltr'>habuerint,</span> <span class='ocrx_word' id='word_1_276' title='bbox 913 2886 968 2935; x_wconf 92' lang='lat' dir='ltr'>et</span> <span class='ocrx_word' id='word_1_277' title='bbox 1001 2883 1267 2952; x_wconf 69' lang='lat' dir='ltr'>quaedam</span> <span class='ocrx_word' id='word_1_278' title='bbox 1297 2899 1449 2952; x_wconf 52' lang='lat' dir='ltr'>sape</span> <span class='ocrx_word' id='word_1_279' title='bbox 1482 2898 1725 2936; x_wconf 90' lang='lat' dir='ltr'>numero</span> <span class='ocrx_word' id='word_1_280' title='bbox 1757 2883 1995 2935; x_wconf 86' lang='lat' dir='ltr'>ventila-</span> 
     </span>
    </p>
   </div>
   <div class='ocr_carea' id='block_1_42' title="bbox 397 2969 2003 3041">
    <p class='ocr_par' dir='ltr' id='par_1_42' title="bbox 397 2969 2003 3041">
     <span class='ocr_line' id='line_1_42' title="bbox 397 2969 2003 3041; baseline -0.002 -15"><span class='ocrx_word' id='word_1_281' title='bbox 397 2975 467 3026; x_wconf 71' lang='lat' dir='ltr'>tae</span> <span class='ocrx_word' id='word_1_282' title='bbox 495 2970 719 3025; x_wconf 89' lang='lat' dir='ltr'>dissolvi</span> <span class='ocrx_word' id='word_1_283' title='bbox 764 2987 878 3024; x_wconf 92' lang='lat' dir='ltr'>non</span> <span class='ocrx_word' id='word_1_284' title='bbox 914 2969 1226 3039; x_wconf 88' lang='lat' dir='ltr'>potuerint.</span> <span class='ocrx_word' id='word_1_285' title='bbox 1277 2970 1473 3024; x_wconf 87' lang='lat' dir='ltr'>Vestra</span> <span class='ocrx_word' id='word_1_286' title='bbox 1527 2987 1753 3041; x_wconf 88' lang='lat' dir='ltr'>quoque</span> <span class='ocrx_word' id='word_1_287' title='bbox 1810 2969 2003 3023; x_wconf 90' lang='lat' dir='ltr'>divina</span> 
     </span>
    </p>
   </div>
   <div class='ocr_carea' id='block_1_43' title="bbox 391 3057 1999 3133">
    <p class='ocr_par' dir='ltr' id='par_1_43' title="bbox 391 3057 1999 3133">
     <span class='ocr_line' id='line_1_43' title="bbox 391 3057 1999 3133; baseline -0.002 -20"><span class='ocrx_word' id='word_1_288' title='bbox 391 3059 755 3133; x_wconf 88' lang='lat' dir='ltr'>providentia</span> <span class='ocrx_word' id='word_1_289' title='bbox 785 3057 1176 3129; x_wconf 84' lang='lat' dir='ltr'>ignorantiam</span> <span class='ocrx_word' id='word_1_290' title='bbox 1213 3075 1373 3112; x_wconf 89' lang='lat' dir='ltr'>sacro</span> <span class='ocrx_word' id='word_1_291' title='bbox 1433 3059 1644 3128; x_wconf 85' lang='lat' dir='ltr'>palatio</span> <span class='ocrx_word' id='word_1_292' title='bbox 1700 3057 1999 3127; x_wconf 81' lang='lat' dir='ltr'>indignam</span> 
     </span>
    </p>
   </div>
   <div class='ocr_carea' id='block_1_44' title="bbox 375 3146 2004 3218">
    <p class='ocr_par' dir='ltr' id='par_1_44' title="bbox 375 3146 2004 3218">
     <span class='ocr_line' id='line_1_44' title="bbox 375 3146 2004 3218; baseline -0.002 -16"><span class='ocrx_word' id='word_1_293' title='bbox 375 3148 659 3218; x_wconf 88' lang='lat' dir='ltr'>judicans,</span> <span class='ocrx_word' id='word_1_294' title='bbox 704 3164 790 3213; x_wconf 87' lang='lat' dir='ltr'>ea,</span> <span class='ocrx_word' id='word_1_295' title='bbox 823 3163 948 3216; x_wconf 84' lang='lat' dir='ltr'>quae</span> <span class='ocrx_word' id='word_1_296' title='bbox 980 3146 1042 3199; x_wconf 87' lang='lat' dir='ltr'>de</span> <span class='ocrx_word' id='word_1_297' title='bbox 1073 3146 1350 3199; x_wconf 87' lang='lat' dir='ltr'>Rationali</span> <span class='ocrx_word' id='word_1_298' title='bbox 1374 3152 1423 3202; x_wconf 88' lang='lat' dir='ltr'>et</span> <span class='ocrx_word' id='word_1_299' title='bbox 1468 3149 1675 3200; x_wconf 79' lang='lat' dir='ltr'>ratione</span> <span class='ocrx_word' id='word_1_300' title='bbox 1713 3148 1794 3198; x_wconf 91' lang='lat' dir='ltr'>uti</span> <span class='ocrx_word' id='word_1_301' title='bbox 1822 3146 2004 3199; x_wconf 88' lang='lat' dir='ltr'>diver-</span> 
     </span>
    </p>
   </div>
   <div class='ocr_carea' id='block_1_45' title="bbox 380 3235 2004 3306">
    <p class='ocr_par' dir='ltr' id='par_1_45' title="bbox 380 3235 2004 3306">
     <span class='ocr_line' id='line_1_45' title="bbox 380 3235 2004 3306; baseline -0.003 -14"><span class='ocrx_word' id='word_1_302' title='bbox 380 3254 442 3292; x_wconf 90' lang='lat' dir='ltr'>so</span> <span class='ocrx_word' id='word_1_303' title='bbox 466 3236 640 3291; x_wconf 89' lang='lat' dir='ltr'>modo</span> <span class='ocrx_word' id='word_1_304' title='bbox 669 3253 701 3290; x_wconf 90' lang='lat' dir='ltr'>a</span> <span class='ocrx_word' id='word_1_305' title='bbox 726 3235 960 3290; x_wconf 89' lang='lat' dir='ltr'>diversis</span> <span class='ocrx_word' id='word_1_306' title='bbox 987 3236 1442 3306; x_wconf 86' lang='lat' dir='ltr'>objectabantur,</span> <span class='ocrx_word' id='word_1_307' title='bbox 1472 3253 1562 3290; x_wconf 90' lang='lat' dir='ltr'>me</span> <span class='ocrx_word' id='word_1_308' title='bbox 1593 3235 1871 3290; x_wconf 87' lang='lat' dir='ltr'>discutere</span> <span class='ocrx_word' id='word_1_309' title='bbox 1898 3235 2004 3287; x_wconf 92' lang='lat' dir='ltr'>im-</span> 
     </span>
    </p>
   </div>
   <div class='ocr_carea' id='block_1_46' title="bbox 379 3322 2008 3399">
    <p class='ocr_par' dir='ltr' id='par_1_46' title="bbox 379 3322 2008 3399">
     <span class='ocr_line' id='line_1_46' title="bbox 379 3322 2008 3399; baseline -0.002 -19"><span class='ocrx_word' id='word_1_310' title='bbox 379 3326 620 3399; x_wconf 89' lang='lat' dir='ltr'>peravit.</span> <span class='ocrx_word' id='word_1_311' title='bbox 645 3325 808 3390; x_wconf 87' lang='lat' dir='ltr'>Quod</span> <span class='ocrx_word' id='word_1_312' title='bbox 832 3325 1068 3396; x_wconf 91' lang='lat' dir='ltr'>quidem</span> <span class='ocrx_word' id='word_1_313' title='bbox 1110 3328 1245 3378; x_wconf 93' lang='lat' dir='ltr'>tunc</span> <span class='ocrx_word' id='word_1_314' title='bbox 1278 3328 1336 3378; x_wconf 88' lang='lat' dir='ltr'>et</span> <span class='ocrx_word' id='word_1_315' title='bbox 1383 3326 1629 3396; x_wconf 86' lang='lat' dir='ltr'>languor</span> <span class='ocrx_word' id='word_1_316' title='bbox 1658 3322 1914 3393; x_wconf 89' lang='lat' dir='ltr'>corporis</span> <span class='ocrx_word' id='word_1_317' title='bbox 1950 3326 2008 3377; x_wconf 89' lang='lat' dir='ltr'>et</span> 
     </span>
    </p>
   </div>
   <div class='ocr_carea' id='block_1_47' title="bbox 373 3411 2005 3486">
    <p class='ocr_par' dir='ltr' id='par_1_47' title="bbox 373 3411 2005 3486">
     <span class='ocr_line' id='line_1_47' title="bbox 373 3411 2005 3486; baseline -0.002 -17"><span class='ocrx_word' id='word_1_318' title='bbox 373 3414 636 3486; x_wconf 85' lang='lat' dir='ltr'>graviora</span> <span class='ocrx_word' id='word_1_319' title='bbox 667 3413 1011 3469; x_wconf 89' lang='lat' dir='ltr'>distulerunt</span> <span class='ocrx_word' id='word_1_320' title='bbox 1039 3413 1302 3485; x_wconf 86' lang='lat' dir='ltr'>negotia:</span> <span class='ocrx_word' id='word_1_321' title='bbox 1335 3429 1488 3467; x_wconf 90' lang='lat' dir='ltr'>nunc</span> <span class='ocrx_word' id='word_1_322' title='bbox 1524 3411 1778 3466; x_wconf 91' lang='lat' dir='ltr'>secunda</span> <span class='ocrx_word' id='word_1_323' title='bbox 1796 3413 2005 3466; x_wconf 89' lang='lat' dir='ltr'>valetu-</span> 
     </span>
    </p>
   </div>
   <div class='ocr_carea' id='block_1_48' title="bbox 378 3499 1997 3574">
    <p class='ocr_par' dir='ltr' id='par_1_48' title="bbox 378 3499 1997 3574">
     <span class='ocr_line' id='line_1_48' title="bbox 378 3499 1997 3574; baseline -0.003 -16"><span class='ocrx_word' id='word_1_324' title='bbox 378 3502 771 3568; x_wconf 89' lang='lat' dir='ltr'>dinereddita,</span> <span class='ocrx_word' id='word_1_325' title='bbox 803 3502 958 3556; x_wconf 88' lang='lat' dir='ltr'>inter</span> <span class='ocrx_word' id='word_1_326' title='bbox 987 3502 1067 3557; x_wconf 87' lang='lat' dir='ltr'>rei</span> <span class='ocrx_word' id='word_1_327' title='bbox 1103 3502 1347 3574; x_wconf 65' lang='lat' dir='ltr'>publica:</span> <span class='ocrx_word' id='word_1_328' title='bbox 1392 3517 1456 3554; x_wconf 89' lang='lat' dir='ltr'>ac</span> <span class='ocrx_word' id='word_1_329' title='bbox 1481 3499 1719 3571; x_wconf 69' lang='lat' dir='ltr'>privata:</span> <span class='ocrx_word' id='word_1_330' title='bbox 1750 3516 1910 3554; x_wconf 89' lang='lat' dir='ltr'>curas</span> <span class='ocrx_word' id='word_1_331' title='bbox 1941 3499 1997 3553; x_wconf 92' lang='lat' dir='ltr'>in</span> 
     </span>
    </p>
   </div>
   <div class='ocr_carea' id='block_1_49' title="bbox 2096 2438 3716 2508">
    <p class='ocr_par' dir='ltr' id='par_1_49' title="bbox 2096 2438 3716 2508">
     <span class='ocr_line' id='line_1_49' title="bbox 2096 2438 3716 2508; baseline -0.004 -11"><span class='ocrx_word' id='word_1_332' title='bbox 2096 2447 2174 2508; x_wconf 90' lang='lat' dir='ltr'>ta,</span> <span class='ocrx_word' id='word_1_333' title='bbox 2208 2443 2342 2496; x_wconf 89' lang='lat' dir='ltr'>talia</span> <span class='ocrx_word' id='word_1_334' title='bbox 2375 2444 2538 2507; x_wconf 88' lang='lat' dir='ltr'>sunt;</span> <span class='ocrx_word' id='word_1_335' title='bbox 2591 2443 2652 2493; x_wconf 89' lang='lat' dir='ltr'>ut</span> <span class='ocrx_word' id='word_1_336' title='bbox 2681 2440 2958 2494; x_wconf 89' lang='lat' dir='ltr'>inferiora</span> <span class='ocrx_word' id='word_1_337' title='bbox 3012 2438 3414 2494; x_wconf 88' lang='lat' dir='ltr'>universaliter</span> <span class='ocrx_word' id='word_1_338' title='bbox 3466 2438 3716 2508; x_wconf 86' lang='lat' dir='ltr'>prolata,</span> 
     </span>
    </p>
   </div>
   <div class='ocr_carea' id='block_1_50' title="bbox 2097 2527 3720 2602">
    <p class='ocr_par' dir='ltr' id='par_1_50' title="bbox 2097 2527 3720 2602">
     <span class='ocr_line' id='line_1_50' title="bbox 2097 2527 3720 2602; baseline -0.004 -17"><span class='ocrx_word' id='word_1_339' title='bbox 2097 2532 2460 2602; x_wconf 89' lang='lat' dir='ltr'>superiorum</span> <span class='ocrx_word' id='word_1_340' title='bbox 2493 2528 2753 2583; x_wconf 91' lang='lat' dir='ltr'>omnium</span> <span class='ocrx_word' id='word_1_341' title='bbox 2815 2528 3072 2595; x_wconf 90' lang='lat' dir='ltr'>nomina,</span> <span class='ocrx_word' id='word_1_342' title='bbox 3127 2527 3631 2596; x_wconf 86' lang='lat' dir='ltr'>diffinitionesque</span> <span class='ocrx_word' id='word_1_343' title='bbox 3658 2528 3720 2580; x_wconf 89' lang='lat' dir='ltr'>ut</span> 
     </span>
    </p>
   </div>
   <div class='ocr_carea' id='block_1_51' title="bbox 2101 2614 3713 2686">
    <p class='ocr_par' dir='ltr' id='par_1_51' title="bbox 2101 2614 3713 2686">
     <span class='ocr_line' id='line_1_51' title="bbox 2101 2614 3713 2686; baseline -0.004 -13"><span class='ocrx_word' id='word_1_344' title='bbox 2101 2619 2386 2684; x_wconf 87' lang='lat' dir='ltr'>sensibile,</span> <span class='ocrx_word' id='word_1_345' title='bbox 2413 2634 2544 2671; x_wconf 92' lang='lat' dir='ltr'>cum</span> <span class='ocrx_word' id='word_1_346' title='bbox 2568 2616 2641 2670; x_wconf 88' lang='lat' dir='ltr'>sit</span> <span class='ocrx_word' id='word_1_347' title='bbox 2670 2616 2999 2670; x_wconf 84' lang='lat' dir='ltr'>differentia</span> <span class='ocrx_word' id='word_1_348' title='bbox 3045 2616 3230 2686; x_wconf 90' lang='lat' dir='ltr'>posita</span> <span class='ocrx_word' id='word_1_349' title='bbox 3285 2615 3387 2669; x_wconf 89' lang='lat' dir='ltr'>sub</span> <span class='ocrx_word' id='word_1_350' title='bbox 3449 2614 3713 2668; x_wconf 88' lang='lat' dir='ltr'>animato</span> 
     </span>
    </p>
   </div>
   <div class='ocr_carea' id='block_1_52' title="bbox 2100 2703 3719 2777">
    <p class='ocr_par' dir='ltr' id='par_1_52' title="bbox 2100 2703 3719 2777">
     <span class='ocr_line' id='line_1_52' title="bbox 2100 2703 3719 2777; baseline -0.004 -16"><span class='ocrx_word' id='word_1_351' title='bbox 2100 2724 2361 2777; x_wconf 81' lang='lat' dir='ltr'>corpore,</span> <span class='ocrx_word' id='word_1_352' title='bbox 2415 2703 2813 2759; x_wconf 82' lang='lat' dir='ltr'>universaliter</span> <span class='ocrx_word' id='word_1_353' title='bbox 2843 2705 3087 2775; x_wconf 89' lang='lat' dir='ltr'>prolata,</span> <span class='ocrx_word' id='word_1_354' title='bbox 3113 2703 3346 2774; x_wconf 90' lang='lat' dir='ltr'>suscipit</span> <span class='ocrx_word' id='word_1_355' title='bbox 3387 2718 3630 2768; x_wconf 87' lang='lat' dir='ltr'>nomen,</span> <span class='ocrx_word' id='word_1_356' title='bbox 3659 2705 3719 2756; x_wconf 89' lang='lat' dir='ltr'>et</span> 
     </span>
    </p>
   </div>
   <div class='ocr_carea' id='block_1_53' title="bbox 2102 2789 3720 2863">
    <p class='ocr_par' dir='ltr' id='par_1_53' title="bbox 2102 2789 3720 2863">
     <span class='ocr_line' id='line_1_53' title="bbox 2102 2789 3720 2863; baseline -0.003 -14"><span class='ocrx_word' id='word_1_357' title='bbox 2102 2794 2502 2849; x_wconf 84' lang='lat' dir='ltr'>definitionem</span> <span class='ocrx_word' id='word_1_358' title='bbox 2542 2792 2904 2863; x_wconf 87' lang='lat' dir='ltr'>superiorum</span> <span class='ocrx_word' id='word_1_359' title='bbox 2936 2809 2947 2846; x_wconf 94' lang='lat'>:</span> <span class='ocrx_word' id='word_1_360' title='bbox 2986 2808 3160 2846; x_wconf 91' lang='lat' dir='ltr'>omne</span> <span class='ocrx_word' id='word_1_361' title='bbox 3222 2790 3378 2845; x_wconf 91' lang='lat' dir='ltr'>enim</span> <span class='ocrx_word' id='word_1_362' title='bbox 3449 2789 3720 2844; x_wconf 87' lang='lat' dir='ltr'>sensibile</span> 
     </span>
    </p>
   </div>
   <div class='ocr_carea' id='block_1_54' title="bbox 2103 2879 3721 2950">
    <p class='ocr_par' dir='ltr' id='par_1_54' title="bbox 2103 2879 3721 2950">
     <span class='ocr_line' id='line_1_54' title="bbox 2103 2879 3721 2950; baseline -0.004 -13"><span class='ocrx_word' id='word_1_363' title='bbox 2103 2887 2160 2937; x_wconf 90' lang='lat' dir='ltr'>et</span> <span class='ocrx_word' id='word_1_364' title='bbox 2190 2883 2510 2936; x_wconf 87' lang='lat' dir='ltr'>animatum</span> <span class='ocrx_word' id='word_1_365' title='bbox 2537 2896 2762 2950; x_wconf 88' lang='lat' dir='ltr'>corpus,</span> <span class='ocrx_word' id='word_1_366' title='bbox 2792 2883 2850 2934; x_wconf 91' lang='lat' dir='ltr'>et</span> <span class='ocrx_word' id='word_1_367' title='bbox 2882 2879 3197 2934; x_wconf 85' lang='lat' dir='ltr'>substantia</span> <span class='ocrx_word' id='word_1_368' title='bbox 3247 2882 3352 2945; x_wconf 91' lang='lat' dir='ltr'>est,</span> <span class='ocrx_word' id='word_1_369' title='bbox 3405 2882 3463 2932; x_wconf 91' lang='lat' dir='ltr'>et</span> <span class='ocrx_word' id='word_1_370' title='bbox 3525 2879 3721 2934; x_wconf 88' lang='lat' dir='ltr'>omnis</span> 
     </span>
    </p>
   </div>
   <div class='ocr_carea' id='block_1_55' title="bbox 2103 2967 3715 3039">
    <p class='ocr_par' dir='ltr' id='par_1_55' title="bbox 2103 2967 3715 3039">
     <span class='ocr_line' id='line_1_55' title="bbox 2103 2967 3715 3039; baseline -0.002 -15"><span class='ocrx_word' id='word_1_371' title='bbox 2103 2971 2298 3036; x_wconf 90' lang='lat' dir='ltr'>virtus,</span> <span class='ocrx_word' id='word_1_372' title='bbox 2319 2973 2375 3023; x_wconf 92' lang='lat' dir='ltr'>et</span> <span class='ocrx_word' id='word_1_373' title='bbox 2404 2969 2652 3035; x_wconf 87' lang='lat' dir='ltr'>habitus,</span> <span class='ocrx_word' id='word_1_374' title='bbox 2685 2971 2742 3022; x_wconf 87' lang='lat' dir='ltr'>et</span> <span class='ocrx_word' id='word_1_375' title='bbox 2769 2968 3031 3039; x_wconf 84' lang='lat' dir='ltr'>qualitas.</span> <span class='ocrx_word' id='word_1_376' title='bbox 3061 2967 3225 3030; x_wconf 88' lang='lat' dir='ltr'>Quod</span> <span class='ocrx_word' id='word_1_377' title='bbox 3241 2967 3286 3021; x_wconf 90' lang='lat' dir='ltr'>si</span> <span class='ocrx_word' id='word_1_378' title='bbox 3310 2967 3521 3022; x_wconf 88' lang='lat' dir='ltr'>eodem</span> <span class='ocrx_word' id='word_1_379' title='bbox 3535 2967 3715 3022; x_wconf 89' lang='lat' dir='ltr'>modo</span> 
     </span>
    </p>
   </div>
   <div class='ocr_carea' id='block_1_56' title="bbox 2104 3056 3715 3128">
    <p class='ocr_par' dir='ltr' id='par_1_56' title="bbox 2104 3056 3715 3128">
     <span class='ocr_line' id='line_1_56' title="bbox 2104 3056 3715 3128; baseline -0.001 -15"><span class='ocrx_word' id='word_1_380' title='bbox 2104 3060 2389 3114; x_wconf 75' lang='lat' dir='ltr'>Rationale</span> <span class='ocrx_word' id='word_1_381' title='bbox 2418 3059 2519 3112; x_wconf 90' lang='lat' dir='ltr'>sub</span> <span class='ocrx_word' id='word_1_382' title='bbox 2548 3057 2775 3112; x_wconf 72' lang='lat' dir='ltr'>Ratione</span> <span class='ocrx_word' id='word_1_383' title='bbox 2833 3059 2915 3111; x_wconf 90' lang='lat' dir='ltr'>uti</span> <span class='ocrx_word' id='word_1_384' title='bbox 2953 3056 3208 3128; x_wconf 88' lang='lat' dir='ltr'>positum</span> <span class='ocrx_word' id='word_1_385' title='bbox 3261 3056 3352 3123; x_wconf 85' lang='lat' dir='ltr'>sit,</span> <span class='ocrx_word' id='word_1_386' title='bbox 3417 3057 3715 3128; x_wconf 87' lang='lat' dir='ltr'>quomodo</span> 
     </span>
    </p>
   </div>
   <div class='ocr_carea' id='block_1_57' title="bbox 2108 3136 3719 3216">
    <p class='ocr_par' dir='ltr' id='par_1_57' title="bbox 2108 3136 3719 3216">
     <span class='ocr_line' id='line_1_57' title="bbox 2108 3136 3719 3216; baseline -0.001 -15"><span class='ocrx_word' id='word_1_387' title='bbox 2108 3147 2501 3202; x_wconf 82' lang='lat' dir='ltr'>universaliter</span> <span class='ocrx_word' id='word_1_388' title='bbox 2530 3149 2822 3216; x_wconf 86' lang='lat' dir='ltr'>prolatum</span> <span class='ocrx_word' id='word_1_389' title='bbox 2854 3145 3124 3216; x_wconf 86' lang='lat' dir='ltr'>suscipiet</span> <span class='ocrx_word' id='word_1_390' title='bbox 3153 3136 3369 3199; x_wconf 82' lang='lat' dir='ltr'>nomen</span> <span class='ocrx_word' id='word_1_391' title='bbox 3398 3144 3479 3198; x_wconf 93' lang='lat' dir='ltr'>sui</span> <span class='ocrx_word' id='word_1_392' title='bbox 3510 3145 3719 3215; x_wconf 59' lang='lat' dir='ltr'>praedi~</span> 
     </span>
    </p>
   </div>
   <div class='ocr_carea' id='block_1_58' title="bbox 2106 3230 3725 3303">
    <p class='ocr_par' dir='ltr' id='par_1_58' title="bbox 2106 3230 3725 3303">
     <span class='ocr_line' id='line_1_58' title="bbox 2106 3230 3725 3303; baseline -0.001 -14"><span class='ocrx_word' id='word_1_393' title='bbox 2106 3236 2214 3290; x_wconf 90' lang='lat' dir='ltr'>cati</span> <span class='ocrx_word' id='word_1_394' title='bbox 2249 3234 2400 3289; x_wconf 91' lang='lat' dir='ltr'>idem</span> <span class='ocrx_word' id='word_1_395' title='bbox 2431 3234 2756 3287; x_wconf 76' lang='lat' dir='ltr'>Rationale?</span> <span class='ocrx_word' id='word_1_396' title='bbox 2788 3234 2909 3287; x_wconf 75' lang='lat' dir='ltr'>Non</span> <span class='ocrx_word' id='word_1_397' title='bbox 2942 3233 3099 3288; x_wconf 91' lang='lat' dir='ltr'>enim</span> <span class='ocrx_word' id='word_1_398' title='bbox 3129 3249 3303 3286; x_wconf 91' lang='lat' dir='ltr'>omne</span> <span class='ocrx_word' id='word_1_399' title='bbox 3341 3232 3498 3303; x_wconf 88' lang='lat' dir='ltr'>quod</span> <span class='ocrx_word' id='word_1_400' title='bbox 3535 3230 3725 3288; x_wconf 81' lang='lat' dir='ltr'>Ratio-</span> 
     </span>
    </p>
   </div>
   <div class='ocr_carea' id='block_1_59' title="bbox 2103 3321 3715 3394">
    <p class='ocr_par' dir='ltr' id='par_1_59' title="bbox 2103 3321 3715 3394">
     <span class='ocr_line' id='line_1_59' title="bbox 2103 3321 3715 3394; baseline -0.001 -16"><span class='ocrx_word' id='word_1_401' title='bbox 2103 3324 2226 3379; x_wconf 83' lang='lat' dir='ltr'>nale</span> <span class='ocrx_word' id='word_1_402' title='bbox 2256 3327 2360 3391; x_wconf 89' lang='lat' dir='ltr'>est,</span> <span class='ocrx_word' id='word_1_403' title='bbox 2392 3323 2620 3378; x_wconf 78' lang='lat' dir='ltr'>Ratione</span> <span class='ocrx_word' id='word_1_404' title='bbox 2649 3325 2732 3375; x_wconf 88' lang='lat' dir='ltr'>uti</span> <span class='ocrx_word' id='word_1_405' title='bbox 2754 3325 3005 3394; x_wconf 89' lang='lat' dir='ltr'>putatur.</span> <span class='ocrx_word' id='word_1_406' title='bbox 3034 3324 3182 3392; x_wconf 86' lang='lat' dir='ltr'>Ergo</span> <span class='ocrx_word' id='word_1_407' title='bbox 3213 3322 3257 3375; x_wconf 89' lang='lat' dir='ltr'>si</span> <span class='ocrx_word' id='word_1_408' title='bbox 3286 3321 3572 3377; x_wconf 76' lang='lat' dir='ltr'>Rationale</span> <span class='ocrx_word' id='word_1_409' title='bbox 3591 3324 3715 3376; x_wconf 86' lang='lat' dir='ltr'>tan-</span> 
     </span>
    </p>
   </div>
   <div class='ocr_carea' id='block_1_60' title="bbox 2105 3409 3718 3481">
    <p class='ocr_par' dir='ltr' id='par_1_60' title="bbox 2105 3409 3718 3481">
     <span class='ocr_line' id='line_1_60' title="bbox 2105 3409 3718 3481; baseline -0.001 -15"><span class='ocrx_word' id='word_1_410' title='bbox 2105 3415 2228 3466; x_wconf 90' lang='lat' dir='ltr'>tum</span> <span class='ocrx_word' id='word_1_411' title='bbox 2259 3411 2557 3481; x_wconf 86' lang='lat' dir='ltr'>potestatis</span> <span class='ocrx_word' id='word_1_412' title='bbox 2575 3414 2677 3478; x_wconf 91' lang='lat' dir='ltr'>est,</span> <span class='ocrx_word' id='word_1_413' title='bbox 2699 3413 2756 3464; x_wconf 89' lang='lat' dir='ltr'>et</span> <span class='ocrx_word' id='word_1_414' title='bbox 2783 3411 3015 3465; x_wconf 77' lang='lat' dir='ltr'>Ratione</span> <span class='ocrx_word' id='word_1_415' title='bbox 3040 3413 3124 3464; x_wconf 88' lang='lat' dir='ltr'>uti</span> <span class='ocrx_word' id='word_1_416' title='bbox 3152 3409 3450 3480; x_wconf 88' lang='lat' dir='ltr'>potestatis</span> <span class='ocrx_word' id='word_1_417' title='bbox 3463 3411 3718 3472; x_wconf 88' lang='lat' dir='ltr'>etactus,</span> 
     </span>
    </p>
   </div>
   <div class='ocr_carea' id='block_1_61' title="bbox 2103 3497 3716 3570">
    <p class='ocr_par' dir='ltr' id='par_1_61' title="bbox 2103 3497 3716 3570">
     <span class='ocr_line' id='line_1_61' title="bbox 2103 3497 3716 3570; baseline -0.001 -16"><span class='ocrx_word' id='word_1_418' title='bbox 2103 3499 2506 3570; x_wconf 73' lang='lat' dir='ltr'>praedicabitur</span> <span class='ocrx_word' id='word_1_419' title='bbox 2535 3498 2762 3553; x_wconf 87' lang='lat' dir='ltr'>Ratione</span> <span class='ocrx_word' id='word_1_420' title='bbox 2791 3499 2874 3553; x_wconf 86' lang='lat' dir='ltr'>uti</span> <span class='ocrx_word' id='word_1_421' title='bbox 2913 3498 2982 3553; x_wconf 89' lang='lat' dir='ltr'>de</span> <span class='ocrx_word' id='word_1_422' title='bbox 3011 3498 3305 3554; x_wconf 81' lang='lat' dir='ltr'>Rationali.</span> <span class='ocrx_word' id='word_1_423' title='bbox 3344 3499 3408 3551; x_wconf 88' lang='lat' dir='ltr'>Et</span> <span class='ocrx_word' id='word_1_424' title='bbox 3428 3514 3644 3565; x_wconf 89' lang='lat' dir='ltr'>rursus,</span> <span class='ocrx_word' id='word_1_425' title='bbox 3672 3497 3716 3552; x_wconf 91' lang='lat' dir='ltr'>si</span> 
     </span>
    </p>
   </div>
   <div class='ocr_carea' id='block_1_62' title="bbox 386 3585 3721 3662">
    <p class='ocr_par' dir='ltr' id='par_1_62' title="bbox 386 3585 3721 3662">
     <span class='ocr_line' id='line_1_62' title="bbox 386 3585 3721 3662; baseline -0.001 -17"><span class='ocrx_word' id='word_1_426' title='bbox 386 3592 494 3646; x_wconf 91' lang='lat' dir='ltr'>hoc</span> <span class='ocrx_word' id='word_1_427' title='bbox 524 3589 646 3662; x_wconf 90' lang='lat' dir='ltr'>ipso</span> <span class='ocrx_word' id='word_1_428' title='bbox 676 3589 884 3645; x_wconf 89' lang='lat' dir='ltr'>itinere</span> <span class='ocrx_word' id='word_1_429' title='bbox 912 3591 1106 3645; x_wconf 88' lang='lat' dir='ltr'>Italico</span> <span class='ocrx_word' id='word_1_430' title='bbox 1158 3590 1395 3661; x_wconf 90' lang='lat' dir='ltr'>positus,</span> <span class='ocrx_word' id='word_1_431' title='bbox 1445 3604 1756 3659; x_wconf 88' lang='lat' dir='ltr'>comesque</span> <span class='ocrx_word' id='word_1_432' title='bbox 1788 3587 1992 3641; x_wconf 87' lang='lat' dir='ltr'>indivi-</span> <span class='ocrx_word' id='word_1_433' title='bbox 2028 3598 2076 3657; x_wconf 75' lang='grc' dir='ltr'>α</span> <span class='ocrx_word' id='word_1_434' title='bbox 2100 3587 2382 3642; x_wconf 89' lang='lat' dir='ltr'>Rationale</span> <span class='ocrx_word' id='word_1_435' title='bbox 2431 3587 2833 3641; x_wconf 89' lang='lat' dir='ltr'>universaliter</span> <span class='ocrx_word' id='word_1_436' title='bbox 2868 3587 3162 3658; x_wconf 89' lang='lat' dir='ltr'>prolatum</span> <span class='ocrx_word' id='word_1_437' title='bbox 3195 3604 3312 3641; x_wconf 89' lang='lat' dir='ltr'>non</span> <span class='ocrx_word' id='word_1_438' title='bbox 3343 3585 3578 3657; x_wconf 86' lang='lat' dir='ltr'>suscipit</span> <span class='ocrx_word' id='word_1_439' title='bbox 3615 3604 3721 3643; x_wconf 84' lang='lat' dir='ltr'>no-</span> 
     </span>
    </p>
   </div>
   <div class='ocr_carea' id='block_1_63' title="bbox 380 3675 1995 3751">
    <p class='ocr_par' dir='ltr' id='par_1_63' title="bbox 380 3675 1995 3751">
     <span class='ocr_line' id='line_1_63' title="bbox 380 3675 1995 3751; baseline -0.003 -18"><span class='ocrx_word' id='word_1_440' title='bbox 380 3680 548 3745; x_wconf 89' lang='lat' dir='ltr'>duus,</span> <span class='ocrx_word' id='word_1_441' title='bbox 583 3678 776 3750; x_wconf 89' lang='lat' dir='ltr'>quoad</span> <span class='ocrx_word' id='word_1_442' title='bbox 808 3679 922 3733; x_wconf 90' lang='lat' dir='ltr'>vita</span> <span class='ocrx_word' id='word_1_443' title='bbox 950 3675 1319 3751; x_wconf 85' lang='lat' dir='ltr'>superfuerit,</span> <span class='ocrx_word' id='word_1_444' title='bbox 1344 3675 1405 3730; x_wconf 92' lang='lat' dir='ltr'>in</span> <span class='ocrx_word' id='word_1_445' title='bbox 1429 3676 1589 3729; x_wconf 92' lang='lat' dir='ltr'>omni</span> <span class='ocrx_word' id='word_1_446' title='bbox 1614 3675 1886 3746; x_wconf 88' lang='lat' dir='ltr'>obsequio</span> <span class='ocrx_word' id='word_1_447' title='bbox 1909 3675 1995 3728; x_wconf 90' lang='lat' dir='ltr'>fu-</span> 
     </span>
    </p>
   </div>
   <div class='ocr_carea' id='block_1_64' title="bbox 379 3763 2000 3839">
    <p class='ocr_par' dir='ltr' id='par_1_64' title="bbox 379 3763 2000 3839">
     <span class='ocr_line' id='line_1_64' title="bbox 379 3763 2000 3839; baseline -0.003 -17"><span class='ocrx_word' id='word_1_448' title='bbox 379 3771 560 3835; x_wconf 90' lang='lat' dir='ltr'>turus,</span> <span class='ocrx_word' id='word_1_449' title='bbox 580 3784 711 3838; x_wconf 79' lang='lat' dir='ltr'>quae</span> <span class='ocrx_word' id='word_1_450' title='bbox 735 3768 806 3822; x_wconf 90' lang='lat' dir='ltr'>de</span> <span class='ocrx_word' id='word_1_451' title='bbox 826 3768 934 3822; x_wconf 88' lang='lat' dir='ltr'>hac</span> <span class='ocrx_word' id='word_1_452' title='bbox 967 3765 1290 3839; x_wconf 66' lang='lat' dir='ltr'>quiestione</span> <span class='ocrx_word' id='word_1_453' title='bbox 1326 3765 1568 3836; x_wconf 89' lang='lat' dir='ltr'>concepi</span> <span class='ocrx_word' id='word_1_454' title='bbox 1612 3763 1860 3818; x_wconf 86' lang='lat' dir='ltr'>breviter</span> <span class='ocrx_word' id='word_1_455' title='bbox 1906 3763 2000 3818; x_wconf 88' lang='lat' dir='ltr'>de-</span> 
     </span>
    </p>
   </div>
   <div class='ocr_carea' id='block_1_65' title="bbox 381 3851 1995 3928">
    <p class='ocr_par' dir='ltr' id='par_1_65' title="bbox 381 3851 1995 3928">
     <span class='ocr_line' id='line_1_65' title="bbox 381 3851 1995 3928; baseline -0.002 -19"><span class='ocrx_word' id='word_1_456' title='bbox 381 3855 589 3924; x_wconf 90' lang='lat' dir='ltr'>scribo,</span> <span class='ocrx_word' id='word_1_457' title='bbox 618 3873 690 3911; x_wconf 90' lang='lat' dir='ltr'>ne</span> <span class='ocrx_word' id='word_1_458' title='bbox 720 3873 947 3911; x_wconf 89' lang='lat' dir='ltr'>sacrum</span> <span class='ocrx_word' id='word_1_459' title='bbox 981 3854 1264 3928; x_wconf 90' lang='lat' dir='ltr'>palatium</span> <span class='ocrx_word' id='word_1_460' title='bbox 1296 3852 1584 3924; x_wconf 89' lang='lat' dir='ltr'>torpuisse</span> <span class='ocrx_word' id='word_1_461' title='bbox 1628 3855 1790 3923; x_wconf 91' lang='lat' dir='ltr'>putet</span> <span class='ocrx_word' id='word_1_462' title='bbox 1816 3851 1995 3915; x_wconf 87' lang='lat' dir='ltr'>Italia,</span> 
     </span>
    </p>
   </div>
   <div class='ocr_carea' id='block_1_66' title="bbox 379 3940 1995 4014">
    <p class='ocr_par' dir='ltr' id='par_1_66' title="bbox 379 3940 1995 4014">
     <span class='ocr_line' id='line_1_66' title="bbox 379 3940 1995 4014; baseline -0.002 -16"><span class='ocrx_word' id='word_1_463' title='bbox 379 3946 437 3998; x_wconf 90' lang='lat' dir='ltr'>et</span> <span class='ocrx_word' id='word_1_464' title='bbox 469 3961 542 4000; x_wconf 91' lang='lat' dir='ltr'>ne</span> <span class='ocrx_word' id='word_1_465' title='bbox 573 3961 631 3999; x_wconf 90' lang='lat' dir='ltr'>se</span> <span class='ocrx_word' id='word_1_466' title='bbox 667 3946 852 3999; x_wconf 90' lang='lat' dir='ltr'>solam</span> <span class='ocrx_word' id='word_1_467' title='bbox 870 3945 1058 4014; x_wconf 88' lang='lat' dir='ltr'>jactet</span> <span class='ocrx_word' id='word_1_468' title='bbox 1093 3941 1309 3997; x_wconf 68' lang='lat' dir='ltr'>Graecia</span> <span class='ocrx_word' id='word_1_469' title='bbox 1337 3941 1396 3996; x_wconf 92' lang='lat' dir='ltr'>in</span> <span class='ocrx_word' id='word_1_470' title='bbox 1437 3940 1720 4012; x_wconf 88' lang='lat' dir='ltr'>imperiali</span> <span class='ocrx_word' id='word_1_471' title='bbox 1745 3940 1995 4012; x_wconf 77' lang='lat' dir='ltr'>philoso-</span> 
     </span>
    </p>
   </div>
   <div class='ocr_carea' id='block_1_67' title="bbox 384 4029 1996 4102">
    <p class='ocr_par' dir='ltr' id='par_1_67' title="bbox 384 4029 1996 4102">
     <span class='ocr_line' id='line_1_67' title="bbox 384 4029 1996 4102; baseline -0.004 -14"><span class='ocrx_word' id='word_1_472' title='bbox 384 4032 541 4102; x_wconf 88' lang='lat' dir='ltr'>phia,</span> <span class='ocrx_word' id='word_1_473' title='bbox 570 4036 628 4087; x_wconf 90' lang='lat' dir='ltr'>et</span> <span class='ocrx_word' id='word_1_474' title='bbox 657 4033 928 4087; x_wconf 81' lang='lat' dir='ltr'>Romana</span> <span class='ocrx_word' id='word_1_475' title='bbox 955 4029 1218 4102; x_wconf 89' lang='lat' dir='ltr'>potentia</span> <span class='ocrx_word' id='word_1_476' title='bbox 1245 4031 1377 4099; x_wconf 79' lang='lat' dir='ltr'>(l5).</span> <span class='ocrx_word' id='word_1_477' title='bbox 1416 4031 1706 4095; x_wconf 84' lang='lat' dir='ltr'>Nostrum,</span> <span class='ocrx_word' id='word_1_478' title='bbox 1734 4031 1996 4083; x_wconf 88' lang='lat' dir='ltr'>nostrum</span> 
     </span>
    </p>
   </div>
   <div class='ocr_carea' id='block_1_68' title="bbox 384 4117 1997 4190">
    <p class='ocr_par' dir='ltr' id='par_1_68' title="bbox 384 4117 1997 4190">
     <span class='ocr_line' id='line_1_68' title="bbox 384 4117 1997 4190; baseline 0 -16"><span class='ocrx_word' id='word_1_479' title='bbox 384 4123 471 4174; x_wconf 88' lang='lat' dir='ltr'>est</span> <span class='ocrx_word' id='word_1_480' title='bbox 501 4123 835 4176; x_wconf 84' lang='lat' dir='ltr'>Romanum</span> <span class='ocrx_word' id='word_1_481' title='bbox 862 4118 1194 4190; x_wconf 90' lang='lat' dir='ltr'>imperium.</span> <span class='ocrx_word' id='word_1_482' title='bbox 1225 4118 1378 4172; x_wconf 89' lang='lat' dir='ltr'>Dant</span> <span class='ocrx_word' id='word_1_483' title='bbox 1406 4117 1550 4171; x_wconf 87' lang='lat' dir='ltr'>vires</span> <span class='ocrx_word' id='word_1_484' title='bbox 1574 4117 1733 4172; x_wconf 83' lang='lat' dir='ltr'>ferax</span> <span class='ocrx_word' id='word_1_485' title='bbox 1765 4117 1997 4189; x_wconf 86' lang='lat' dir='ltr'>frugum</span> 
     </span>
    </p>
   </div>
   <div class='ocr_carea' id='block_1_69' title="bbox 386 4206 2000 4277">
    <p class='ocr_par' dir='ltr' id='par_1_69' title="bbox 386 4206 2000 4277">
     <span class='ocr_line' id='line_1_69' title="bbox 386 4206 2000 4277; baseline 0 -12"><span class='ocrx_word' id='word_1_486' title='bbox 386 4209 572 4277; x_wconf 82' lang='lat' dir='ltr'>Italia,</span> <span class='ocrx_word' id='word_1_487' title='bbox 595 4212 654 4264; x_wconf 89' lang='lat' dir='ltr'>et</span> <span class='ocrx_word' id='word_1_488' title='bbox 683 4209 843 4263; x_wconf 83' lang='lat' dir='ltr'>ferax</span> <span class='ocrx_word' id='word_1_489' title='bbox 891 4206 1142 4261; x_wconf 90' lang='lat' dir='ltr'>militum</span> <span class='ocrx_word' id='word_1_490' title='bbox 1195 4206 1375 4260; x_wconf 88' lang='lat' dir='ltr'>Gallia</span> <span class='ocrx_word' id='word_1_491' title='bbox 1422 4209 1479 4260; x_wconf 91' lang='lat' dir='ltr'>et</span> <span class='ocrx_word' id='word_1_492' title='bbox 1521 4206 1843 4274; x_wconf 78' lang='lat' dir='ltr'>Germania,</span> <span class='ocrx_word' id='word_1_493' title='bbox 1895 4224 2000 4267; x_wconf 88' lang='lat' dir='ltr'>nec</span> 
     </span>
    </p>
   </div>
   <div class='ocr_carea' id='block_1_70' title="bbox 388 4293 2000 4369">
    <p class='ocr_par' dir='ltr' id='par_1_70' title="bbox 388 4293 2000 4369">
     <span class='ocr_line' id='line_1_70' title="bbox 388 4293 2000 4369; baseline -0.001 -16"><span class='ocrx_word' id='word_1_494' title='bbox 388 4297 668 4369; x_wconf 64' lang='lat' dir='ltr'>Scythicae</span> <span class='ocrx_word' id='word_1_495' title='bbox 693 4295 862 4351; x_wconf 90' lang='lat' dir='ltr'>nobis</span> <span class='ocrx_word' id='word_1_496' title='bbox 887 4295 1095 4349; x_wconf 90' lang='lat' dir='ltr'>desunt</span> <span class='ocrx_word' id='word_1_497' title='bbox 1116 4293 1432 4350; x_wconf 87' lang='lat' dir='ltr'>fortissima</span> <span class='ocrx_word' id='word_1_498' title='bbox 1456 4312 1655 4366; x_wconf 86' lang='lat' dir='ltr'>regna.</span> <span class='ocrx_word' id='word_1_499' title='bbox 1712 4297 1913 4351; x_wconf 81' lang='lat' dir='ltr'>Noster</span> <span class='ocrx_word' id='word_1_500' title='bbox 1942 4313 2000 4353; x_wconf 89' lang='lat' dir='ltr'>es</span> 
     </span>
    </p>
   </div>
   <div class='ocr_carea' id='block_1_71' title="bbox 388 4382 1999 4456">
    <p class='ocr_par' dir='ltr' id='par_1_71' title="bbox 388 4382 1999 4456">
     <span class='ocr_line' id='line_1_71' title="bbox 388 4382 1999 4456; baseline -0.001 -16"><span class='ocrx_word' id='word_1_501' title='bbox 388 4386 598 4450; x_wconf 60' lang='lat' dir='ltr'>Cassar,</span> <span class='ocrx_word' id='word_1_502' title='bbox 636 4385 1039 4438; x_wconf 82' lang='lat' dir='ltr'>Romanorum</span> <span class='ocrx_word' id='word_1_503' title='bbox 1096 4382 1414 4454; x_wconf 86' lang='lat' dir='ltr'>imperator</span> <span class='ocrx_word' id='word_1_504' title='bbox 1471 4387 1526 4437; x_wconf 90' lang='lat' dir='ltr'>et</span> <span class='ocrx_word' id='word_1_505' title='bbox 1569 4386 1842 4456; x_wconf 87' lang='lat' dir='ltr'>Auguste,</span> <span class='ocrx_word' id='word_1_506' title='bbox 1903 4383 1999 4456; x_wconf 91' lang='lat' dir='ltr'>qui</span> 
     </span>
    </p>
   </div>
   <div class='ocr_carea' id='block_1_72' title="bbox 384 4471 2002 4546">
    <p class='ocr_par' dir='ltr' id='par_1_72' title="bbox 384 4471 2002 4546">
     <span class='ocr_line' id='line_1_72' title="bbox 384 4471 2002 4546; baseline -0.001 -18"><span class='ocrx_word' id='word_1_507' title='bbox 384 4489 618 4528; x_wconf 87' lang='lat' dir='ltr'>summo</span> <span class='ocrx_word' id='word_1_508' title='bbox 651 4471 980 4526; x_wconf 82' lang='lat' dir='ltr'>Graecorum</span> <span class='ocrx_word' id='word_1_509' title='bbox 1014 4471 1296 4542; x_wconf 86' lang='lat' dir='ltr'>sanguine</span> <span class='ocrx_word' id='word_1_510' title='bbox 1341 4475 1520 4539; x_wconf 91' lang='lat' dir='ltr'>ortus,</span> <span class='ocrx_word' id='word_1_511' title='bbox 1556 4473 1778 4528; x_wconf 84' lang='lat' dir='ltr'>Graecos</span> <span class='ocrx_word' id='word_1_512' title='bbox 1812 4473 2002 4546; x_wconf 90' lang='lat' dir='ltr'>impe-</span> 
     </span>
    </p>
   </div>
   <div class='ocr_carea' id='block_1_73' title="bbox 389 4559 2004 4632">
    <p class='ocr_par' dir='ltr' id='par_1_73' title="bbox 389 4559 2004 4632">
     <span class='ocr_line' id='line_1_73' title="bbox 389 4559 2004 4632; baseline -0.001 -15"><span class='ocrx_word' id='word_1_513' title='bbox 389 4561 478 4617; x_wconf 85' lang='lat' dir='ltr'>rio</span> <span class='ocrx_word' id='word_1_514' title='bbox 528 4575 786 4630; x_wconf 86' lang='lat' dir='ltr'>superas,</span> <span class='ocrx_word' id='word_1_515' title='bbox 839 4559 1109 4613; x_wconf 78' lang='lat' dir='ltr'>Romanis</span> <span class='ocrx_word' id='word_1_516' title='bbox 1161 4560 1524 4616; x_wconf 62' lang='lat' dir='ltr'>haereditario</span> <span class='ocrx_word' id='word_1_517' title='bbox 1566 4561 2004 4632; x_wconf 80' lang='lat' dir='ltr'>jurcimperas-</span> 
     </span>
    </p>
   </div>
   <div class='ocr_carea' id='block_1_74' title="bbox 394 4646 2002 4722">
    <p class='ocr_par' dir='ltr' id='par_1_74' title="bbox 394 4646 2002 4722">
     <span class='ocr_line' id='line_1_74' title="bbox 394 4646 2002 4722; baseline -0.002 -19"><span class='ocrx_word' id='word_1_518' title='bbox 394 4652 668 4718; x_wconf 86' lang='lat' dir='ltr'>utrosque</span> <span class='ocrx_word' id='word_1_519' title='bbox 712 4646 946 4717; x_wconf 87' lang='lat' dir='ltr'>ingenio</span> <span class='ocrx_word' id='word_1_520' title='bbox 1003 4651 1060 4700; x_wconf 90' lang='lat' dir='ltr'>et</span> <span class='ocrx_word' id='word_1_521' title='bbox 1097 4647 1326 4719; x_wconf 90' lang='lat' dir='ltr'>eloquio</span> <span class='ocrx_word' id='word_1_522' title='bbox 1377 4651 1678 4722; x_wconf 65' lang='lat' dir='ltr'>praivenis.</span> <span class='ocrx_word' id='word_1_523' title='bbox 1737 4649 2002 4704; x_wconf 85' lang='lat' dir='ltr'>Dicemus</span> 
     </span>
    </p>
   </div>
   <div class='ocr_carea' id='block_1_75' title="bbox 390 4735 1999 4811">
    <p class='ocr_par' dir='ltr' id='par_1_75' title="bbox 390 4735 1999 4811">
     <span class='ocr_line' id='line_1_75' title="bbox 390 4735 1999 4811; baseline -0.001 -19"><span class='ocrx_word' id='word_1_524' title='bbox 390 4752 535 4808; x_wconf 88' lang='lat' dir='ltr'>ergo</span> <span class='ocrx_word' id='word_1_525' title='bbox 561 4735 618 4790; x_wconf 90' lang='lat' dir='ltr'>in</span> <span class='ocrx_word' id='word_1_526' title='bbox 652 4735 966 4806; x_wconf 76' lang='lat' dir='ltr'>praesentia</span> <span class='ocrx_word' id='word_1_527' title='bbox 1009 4737 1153 4790; x_wconf 89' lang='lat' dir='ltr'>tanti</span> <span class='ocrx_word' id='word_1_528' title='bbox 1177 4736 1404 4807; x_wconf 87' lang='lat' dir='ltr'>judicis,</span> <span class='ocrx_word' id='word_1_529' title='bbox 1448 4739 1704 4811; x_wconf 90' lang='lat' dir='ltr'>primum</span> <span class='ocrx_word' id='word_1_530' title='bbox 1731 4738 1999 4809; x_wconf 63' lang='lat' dir='ltr'>quaedam</span> 
     </span>
    </p>
   </div>
   <div class='ocr_carea' id='block_1_76' title="bbox 385 4822 1996 4898">
    <p class='ocr_par' dir='ltr' id='par_1_76' title="bbox 385 4822 1996 4898">
     <span class='ocr_line' id='line_1_76' title="bbox 385 4822 1996 4898; baseline 0.002 -18"><span class='ocrx_word' id='word_1_531' title='bbox 385 4822 859 4880; x_wconf 86' lang='lat' dir='ltr'>scholasticorum</span> <span class='ocrx_word' id='word_1_532' title='bbox 911 4825 1207 4896; x_wconf 72' lang='lat' dir='ltr'>przeludia,</span> <span class='ocrx_word' id='word_1_533' title='bbox 1262 4827 1348 4880; x_wconf 91' lang='lat' dir='ltr'>vel</span> <span class='ocrx_word' id='word_1_534' title='bbox 1407 4828 1597 4898; x_wconf 89' lang='lat' dir='ltr'>potius</span> <span class='ocrx_word' id='word_1_535' title='bbox 1641 4825 1996 4897; x_wconf 89' lang='lat' dir='ltr'>sophistica:</span> 
     </span>
    </p>
   </div>
   <div class='ocr_carea' id='block_1_77' title="bbox 386 4913 1998 4986">
    <p class='ocr_par' dir='ltr' id='par_1_77' title="bbox 386 4913 1998 4986">
     <span class='ocr_line' id='line_1_77' title="bbox 386 4913 1998 4986; baseline -0.001 -18"><span class='ocrx_word' id='word_1_536' title='bbox 386 4917 526 4968; x_wconf 89' lang='lat' dir='ltr'>tunc</span> <span class='ocrx_word' id='word_1_537' title='bbox 555 4913 1034 4986; x_wconf 88' lang='lat' dir='ltr'>philosophorum</span> <span class='ocrx_word' id='word_1_538' title='bbox 1074 4913 1131 4968; x_wconf 93' lang='lat' dir='ltr'>in</span> <span class='ocrx_word' id='word_1_539' title='bbox 1162 4913 1250 4969; x_wconf 91' lang='lat' dir='ltr'>his</span> <span class='ocrx_word' id='word_1_540' title='bbox 1276 4914 1509 4970; x_wconf 86' lang='lat' dir='ltr'>inventa</span> <span class='ocrx_word' id='word_1_541' title='bbox 1542 4930 1954 4986; x_wconf 88' lang='lat' dir='ltr'>persequemur</span> <span class='ocrx_word' id='word_1_542' title='bbox 1985 4934 1998 4985; x_wconf 87' lang='lat'><strong>;</strong></span> 
     </span>
    </p>
   </div>
   <div class='ocr_carea' id='block_1_78' title="bbox 393 5002 2004 5076">
    <p class='ocr_par' dir='ltr' id='par_1_78' title="bbox 393 5002 2004 5076">
     <span class='ocr_line' id='line_1_78' title="bbox 393 5002 2004 5076; baseline 0 -18"><span class='ocrx_word' id='word_1_543' title='bbox 393 5002 606 5059; x_wconf 90' lang='lat' dir='ltr'>deinde</span> <span class='ocrx_word' id='word_1_544' title='bbox 639 5002 817 5058; x_wconf 85' lang='lat' dir='ltr'>ﬁnem</span> <span class='ocrx_word' id='word_1_545' title='bbox 870 5003 1179 5076; x_wconf 63' lang='lat' dir='ltr'>propositae</span> <span class='ocrx_word' id='word_1_546' title='bbox 1225 5003 1561 5076; x_wconf 70' lang='lat' dir='ltr'>quaestionis</span> <span class='ocrx_word' id='word_1_547' title='bbox 1613 5003 1914 5074; x_wconf 84' lang='lat' dir='ltr'>multiplex</span> <span class='ocrx_word' id='word_1_548' title='bbox 1945 5006 2004 5058; x_wconf 91' lang='lat' dir='ltr'>et</span> 
     </span>
    </p>
   </div>
   <div class='ocr_carea' id='block_1_79' title="bbox 385 5091 1299 5164">
    <p class='ocr_par' dir='ltr' id='par_1_79' title="bbox 385 5091 1299 5164">
     <span class='ocr_line' id='line_1_79' title="bbox 385 5091 1299 5164; baseline 0.002 -19"><span class='ocrx_word' id='word_1_549' title='bbox 385 5091 620 5164; x_wconf 87' lang='lat' dir='ltr'>spinosa</span> <span class='ocrx_word' id='word_1_550' title='bbox 650 5091 965 5162; x_wconf 89' lang='lat' dir='ltr'>complebit</span> <span class='ocrx_word' id='word_1_551' title='bbox 987 5092 1299 5149; x_wconf 88' lang='lat' dir='ltr'>dialectica.</span> 
     </span>
    </p>
   </div>
   <div class='ocr_carea' id='block_1_80' title="bbox 451 5180 2006 5256">
    <p class='ocr_par' dir='ltr' id='par_1_80' title="bbox 451 5180 2006 5256">
     <span class='ocr_line' id='line_1_80' title="bbox 451 5180 2006 5256; baseline -0.001 -19"><span class='ocrx_word' id='word_1_552' title='bbox 451 5183 495 5238; x_wconf 91' lang='grc' dir='ltr'>Ι.</span> <span class='ocrx_word' id='word_1_553' title='bbox 518 5180 1272 5256; x_wconf 73' lang='lat' dir='ltr'>Quaaritur,inquiunt,quid</span> <span class='ocrx_word' id='word_1_554' title='bbox 1291 5180 1636 5252; x_wconf 88' lang='lat' dir='ltr'>sit,quodait</span> <span class='ocrx_word' id='word_1_555' title='bbox 1652 5181 2006 5253; x_wconf 87' lang='lat' dir='ltr'>Porphyrius</span> 
     </span>
    </p>
   </div>
   <div class='ocr_carea' id='block_1_81' title="bbox 383 5267 2004 5344">
    <p class='ocr_par' dir='ltr' id='par_1_81' title="bbox 383 5267 2004 5344">
     <span class='ocr_line' id='line_1_81' title="bbox 383 5267 2004 5344; baseline 0.001 -17"><span class='ocrx_word' id='word_1_556' title='bbox 383 5268 776 5327; x_wconf 78' lang='lat' dir='ltr'>differentiam</span> <span class='ocrx_word' id='word_1_557' title='bbox 803 5270 953 5325; x_wconf 90' lang='lat' dir='ltr'>velut</span> <span class='ocrx_word' id='word_1_558' title='bbox 984 5271 1058 5327; x_wconf 88' lang='lat' dir='ltr'>ad</span> <span class='ocrx_word' id='word_1_559' title='bbox 1090 5274 1402 5344; x_wconf 85' lang='lat' dir='ltr'>cognatam</span> <span class='ocrx_word' id='word_1_560' title='bbox 1462 5267 1569 5322; x_wconf 88' lang='lat' dir='ltr'>sibi</span> <span class='ocrx_word' id='word_1_561' title='bbox 1615 5267 2004 5329; x_wconf 76' lang='lat' dir='ltr'>differentiam</span> 
     </span>
    </p>
   </div>
   <div class='ocr_carea' id='block_1_82' title="bbox 374 5356 2004 5433">
    <p class='ocr_par' dir='ltr' id='par_1_82' title="bbox 374 5356 2004 5433">
     <span class='ocr_line' id='line_1_82' title="bbox 374 5356 2004 5433; baseline 0.002 -19"><span class='ocrx_word' id='word_1_562' title='bbox 374 5357 696 5433; x_wconf 56' lang='lat' dir='ltr'>praedicari,</span> <span class='ocrx_word' id='word_1_563' title='bbox 734 5361 794 5414; x_wconf 91' lang='lat' dir='ltr'>ut</span> <span class='ocrx_word' id='word_1_564' title='bbox 824 5359 1055 5416; x_wconf 88' lang='lat' dir='ltr'>Ratione</span> <span class='ocrx_word' id='word_1_565' title='bbox 1085 5362 1171 5415; x_wconf 86' lang='lat' dir='ltr'>uti</span> <span class='ocrx_word' id='word_1_566' title='bbox 1201 5357 1272 5412; x_wconf 82' lang='lat' dir='ltr'>ad</span> <span class='ocrx_word' id='word_1_567' title='bbox 1315 5356 1603 5411; x_wconf 86' lang='lat' dir='ltr'>Rationale</span> <span class='ocrx_word' id='word_1_568' title='bbox 1635 5377 1650 5428; x_wconf 85' lang='lat'><strong>;</strong></span> <span class='ocrx_word' id='word_1_569' title='bbox 1699 5374 1831 5412; x_wconf 90' lang='lat' dir='ltr'>cum</span> <span class='ocrx_word' id='word_1_570' title='bbox 1882 5377 2004 5417; x_wconf 86' lang='lat' dir='ltr'>ma-</span> 
     </span>
    </p>
   </div>
   <div class='ocr_carea' id='block_1_83' title="bbox 456 5498 2012 5570">
    <p class='ocr_par' dir='ltr' id='par_1_83' title="bbox 456 5498 2012 5570">
     <span class='ocr_line' id='line_1_83' title="bbox 456 5498 2012 5570; baseline 0.005 -18"><span class='ocrx_word' id='word_1_571' title='bbox 456 5498 563 5570; x_wconf 78' lang='grc'>(15)</span> <span class='ocrx_word' id='word_1_572' title='bbox 591 5498 654 5553; x_wconf 87' lang='lat' dir='ltr'>In</span> <span class='ocrx_word' id='word_1_573' title='bbox 679 5499 941 5570; x_wconf 86' lang='lat' dir='ltr'>margine</span> <span class='ocrx_word' id='word_1_574' title='bbox 967 5502 1116 5555; x_wconf 87' lang='lat' dir='ltr'>hanc</span> <span class='ocrx_word' id='word_1_575' title='bbox 1148 5499 1419 5570; x_wconf 80' lang='lat' dir='ltr'>glossam</span> <span class='ocrx_word' id='word_1_576' title='bbox 1465 5500 1642 5555; x_wconf 84' lang='lat' dir='ltr'>codex</span> <span class='ocrx_word' id='word_1_577' title='bbox 1683 5501 1913 5557; x_wconf 88' lang='lat' dir='ltr'>exhibet</span> <span class='ocrx_word' id='word_1_578' title='bbox 1938 5506 2012 5561; x_wconf 90' lang='lat' dir='ltr'>ad</span> 
     </span>
    </p>
   </div>
   <div class='ocr_carea' id='block_1_84' title="bbox 377 5569 2015 5645">
    <p class='ocr_par' dir='ltr' id='par_1_84' title="bbox 377 5569 2015 5645">
     <span class='ocr_line' id='line_1_84' title="bbox 377 5569 2015 5645; baseline 0.003 -20"><span class='ocrx_word' id='word_1_579' title='bbox 377 5569 526 5645; x_wconf 55' lang='lat' dir='ltr'>huic</span> <span class='ocrx_word' id='word_1_580' title='bbox 551 5569 735 5645; x_wconf 56' lang='lat' dir='ltr'>verba</span> <span class='ocrx_word' id='word_1_581' title='bbox 764 5588 776 5625; x_wconf 91' lang='lat'>:</span> <span class='ocrx_word' id='word_1_582' title='bbox 801 5569 970 5645; x_wconf 83' lang='lat' dir='ltr'>Italia</span> <span class='ocrx_word' id='word_1_583' title='bbox 994 5569 1211 5645; x_wconf 67' lang='lat' dir='ltr'>fertilis</span> <span class='ocrx_word' id='word_1_584' title='bbox 1226 5570 1282 5621; x_wconf 88' lang='lat' dir='ltr'>in</span> <span class='ocrx_word' id='word_1_585' title='bbox 1309 5569 1544 5645; x_wconf 75' lang='lat' dir='ltr'>ferendis</span> <span class='ocrx_word' id='word_1_586' title='bbox 1607 5580 1707 5645; x_wconf 63' lang='lat' dir='ltr'>est</span> <span class='ocrx_word' id='word_1_587' title='bbox 1737 5574 2015 5645; x_wconf 78' lang='lat' dir='ltr'>frugibus,</span> 
     </span>
    </p>
   </div>
   <div class='ocr_carea' id='block_1_85' title="bbox 377 5638 2022 5704">
    <p class='ocr_par' dir='ltr' id='par_1_85' title="bbox 377 5638 2022 5704">
     <span class='ocr_line' id='line_1_85' title="bbox 377 5638 2022 5704; baseline -0.004 -8"><span class='ocrx_word' id='word_1_588' title='bbox 377 5640 558 5698; x_wconf 83' lang='lat' dir='ltr'>Gallia</span> <span class='ocrx_word' id='word_1_589' title='bbox 583 5648 632 5698; x_wconf 89' lang='lat' dir='ltr'>et</span> <span class='ocrx_word' id='word_1_590' title='bbox 665 5641 960 5699; x_wconf 82' lang='lat' dir='ltr'>Germania</span> <span class='ocrx_word' id='word_1_591' title='bbox 983 5638 1167 5694; x_wconf 78' lang='lat' dir='ltr'>nobilis</span> <span class='ocrx_word' id='word_1_592' title='bbox 1190 5640 1244 5695; x_wconf 90' lang='lat' dir='ltr'>in</span> <span class='ocrx_word' id='word_1_593' title='bbox 1270 5641 1568 5699; x_wconf 81' lang='lat' dir='ltr'>nutriendis</span> <span class='ocrx_word' id='word_1_594' title='bbox 1599 5638 1787 5702; x_wconf 78' lang='lat' dir='ltr'>militi</span> <span class='ocrx_word' id='word_1_595' title='bbox 1795 5638 1975 5702; x_wconf 70' lang='lat' dir='ltr'>busJV</span> <span class='ocrx_word' id='word_1_596' title='bbox 1977 5638 2022 5704; x_wconf 84' lang='lat' dir='ltr'>e&#39;.</span> 
     </span>
    </p>
   </div>
   <div class='ocr_carea' id='block_1_86' title="bbox 2100 3674 3725 3748">
    <p class='ocr_par' dir='ltr' id='par_1_86' title="bbox 2100 3674 3725 3748">
     <span class='ocr_line' id='line_1_86' title="bbox 2100 3674 3725 3748; baseline -0.001 -18"><span class='ocrx_word' id='word_1_597' title='bbox 2100 3693 2234 3730; x_wconf 91' lang='lat' dir='ltr'>men</span> <span class='ocrx_word' id='word_1_598' title='bbox 2271 3693 2442 3748; x_wconf 90' lang='lat' dir='ltr'>supra</span> <span class='ocrx_word' id='word_1_599' title='bbox 2463 3674 2617 3739; x_wconf 91' lang='lat' dir='ltr'>dicti,</span> <span class='ocrx_word' id='word_1_600' title='bbox 2644 3674 2701 3728; x_wconf 93' lang='lat' dir='ltr'>id</span> <span class='ocrx_word' id='word_1_601' title='bbox 2728 3677 2811 3729; x_wconf 90' lang='lat' dir='ltr'>est</span> <span class='ocrx_word' id='word_1_602' title='bbox 2841 3674 3073 3730; x_wconf 82' lang='lat' dir='ltr'>Ratione</span> <span class='ocrx_word' id='word_1_603' title='bbox 3097 3676 3198 3741; x_wconf 86' lang='lat' dir='ltr'>uti,</span> <span class='ocrx_word' id='word_1_604' title='bbox 3235 3692 3354 3731; x_wconf 88' lang='lat' dir='ltr'>non</span> <span class='ocrx_word' id='word_1_605' title='bbox 3386 3674 3725 3746; x_wconf 65' lang='lat' dir='ltr'>praedicabi-</span> 
     </span>
    </p>
   </div>
   <div class='ocr_carea' id='block_1_87' title="bbox 2099 3757 3725 3834">
    <p class='ocr_par' dir='ltr' id='par_1_87' title="bbox 2099 3757 3725 3834">
     <span class='ocr_line' id='line_1_87' title="bbox 2099 3757 3725 3834; baseline -0.001 -15"><span class='ocrx_word' id='word_1_606' title='bbox 2099 3757 2201 3819; x_wconf 75' lang='lat' dir='ltr'>tur</span> <span class='ocrx_word' id='word_1_607' title='bbox 2238 3764 2468 3818; x_wconf 88' lang='lat' dir='ltr'>Ratione</span> <span class='ocrx_word' id='word_1_608' title='bbox 2507 3766 2585 3815; x_wconf 88' lang='lat' dir='ltr'>uti</span> <span class='ocrx_word' id='word_1_609' title='bbox 2636 3763 2706 3816; x_wconf 90' lang='lat' dir='ltr'>de</span> <span class='ocrx_word' id='word_1_610' title='bbox 2754 3762 3032 3817; x_wconf 85' lang='lat' dir='ltr'>Rationali</span> <span class='ocrx_word' id='word_1_611' title='bbox 3059 3781 3075 3816; x_wconf 91' lang='lat'><strong><em>:</em></strong></span> <span class='ocrx_word' id='word_1_612' title='bbox 3109 3766 3399 3834; x_wconf 89' lang='lat' dir='ltr'>eruntque</span> <span class='ocrx_word' id='word_1_613' title='bbox 3442 3763 3554 3817; x_wconf 86' lang='lat' dir='ltr'>duo</span> <span class='ocrx_word' id='word_1_614' title='bbox 3581 3779 3725 3818; x_wconf 90' lang='lat' dir='ltr'>con-</span> 
     </span>
    </p>
   </div>
   <div class='ocr_carea' id='block_1_88' title="bbox 2099 3850 3725 3925">
    <p class='ocr_par' dir='ltr' id='par_1_88' title="bbox 2099 3850 3725 3925">
     <span class='ocr_line' id='line_1_88' title="bbox 2099 3850 3725 3925; baseline -0.001 -16"><span class='ocrx_word' id='word_1_615' title='bbox 2099 3853 2312 3910; x_wconf 89' lang='lat' dir='ltr'>traria:</span> <span class='ocrx_word' id='word_1_616' title='bbox 2341 3851 2648 3925; x_wconf 67' lang='lat' dir='ltr'>praedicari</span> <span class='ocrx_word' id='word_1_617' title='bbox 2672 3855 2731 3906; x_wconf 88' lang='lat' dir='ltr'>et</span> <span class='ocrx_word' id='word_1_618' title='bbox 2764 3868 2881 3906; x_wconf 92' lang='lat' dir='ltr'>non</span> <span class='ocrx_word' id='word_1_619' title='bbox 2901 3850 3227 3923; x_wconf 79' lang='lat' dir='ltr'>praedicari,</span> <span class='ocrx_word' id='word_1_620' title='bbox 3271 3851 3330 3906; x_wconf 91' lang='lat' dir='ltr'>in</span> <span class='ocrx_word' id='word_1_621' title='bbox 3362 3852 3572 3907; x_wconf 90' lang='lat' dir='ltr'>eodem</span> <span class='ocrx_word' id='word_1_622' title='bbox 3595 3851 3725 3907; x_wconf 82' lang='lat' dir='ltr'>sub-</span> 
     </span>
    </p>
   </div>
   <div class='ocr_carea' id='block_1_89' title="bbox 2089 3939 3050 4015">
    <p class='ocr_par' dir='ltr' id='par_1_89' title="bbox 2089 3939 3050 4015">
     <span class='ocr_line' id='line_1_89' title="bbox 2089 3939 3050 4015; baseline -0.003 -16"><span class='ocrx_word' id='word_1_623' title='bbox 2089 3944 2246 4015; x_wconf 89' lang='lat' dir='ltr'>jecto</span> <span class='ocrx_word' id='word_1_624' title='bbox 2277 3960 2291 4009; x_wconf 91' lang='lat'><strong>;</strong></span> <span class='ocrx_word' id='word_1_625' title='bbox 2353 3940 2519 4013; x_wconf 83' lang='lat' dir='ltr'>quod-</span> <span class='ocrx_word' id='word_1_626' title='bbox 2534 3939 2657 3994; x_wconf 85' lang='lat' dir='ltr'>ﬁeri</span> <span class='ocrx_word' id='word_1_627' title='bbox 2687 3957 2804 3994; x_wconf 93' lang='lat' dir='ltr'>non</span> <span class='ocrx_word' id='word_1_628' title='bbox 2837 3944 3050 4013; x_wconf 89' lang='lat' dir='ltr'>potest.</span> 
     </span>
    </p>
   </div>
   <div class='ocr_carea' id='block_1_90' title="bbox 2170 4026 3728 4102">
    <p class='ocr_par' dir='ltr' id='par_1_90' title="bbox 2170 4026 3728 4102">
     <span class='ocr_line' id='line_1_90' title="bbox 2170 4026 3728 4102; baseline -0.003 -17"><span class='ocrx_word' id='word_1_629' title='bbox 2170 4032 2256 4085; x_wconf 93' lang='lat' dir='ltr'>lll.</span> <span class='ocrx_word' id='word_1_630' title='bbox 2277 4029 2535 4085; x_wconf 89' lang='lat' dir='ltr'>Constitu</span> <span class='ocrx_word' id='word_1_631' title='bbox 2551 4045 2715 4082; x_wconf 86' lang='lat' dir='ltr'>amns</span> <span class='ocrx_word' id='word_1_632' title='bbox 2731 4028 2895 4096; x_wconf 90' lang='lat' dir='ltr'>item,</span> <span class='ocrx_word' id='word_1_633' title='bbox 2919 4029 3358 4102; x_wconf 86' lang='lat' dir='ltr'>inquiunt,alias</span> <span class='ocrx_word' id='word_1_634' title='bbox 3375 4026 3728 4084; x_wconf 81' lang='lat' dir='ltr'>differentias</span> 
     </span>
    </p>
   </div>
   <div class='ocr_carea' id='block_1_91' title="bbox 2100 4116 3728 4191">
    <p class='ocr_par' dir='ltr' id='par_1_91' title="bbox 2100 4116 3728 4191">
     <span class='ocr_line' id='line_1_91' title="bbox 2100 4116 3728 4191; baseline -0.003 -15"><span class='ocrx_word' id='word_1_635' title='bbox 2100 4119 2417 4176; x_wconf 88' lang='lat' dir='ltr'>secundum</span> <span class='ocrx_word' id='word_1_636' title='bbox 2431 4116 2700 4177; x_wconf 87' lang='lat' dir='ltr'>accidens</span> <span class='ocrx_word' id='word_1_637' title='bbox 2721 4162 2737 4190; x_wconf 81' lang='grc'><strong><em>,</em></strong></span> <span class='ocrx_word' id='word_1_638' title='bbox 2765 4118 3228 4191; x_wconf 67' lang='lat' dir='ltr'>prmdiceturque</span> <span class='ocrx_word' id='word_1_639' title='bbox 3241 4116 3609 4173; x_wconf 87' lang='lat' dir='ltr'>accidentalis</span> <span class='ocrx_word' id='word_1_640' title='bbox 3627 4116 3728 4172; x_wconf 86' lang='lat' dir='ltr'>dif-</span> 
     </span>
    </p>
   </div>
   <div class='ocr_carea' id='block_1_92' title="bbox 2098 4205 3728 4280">
    <p class='ocr_par' dir='ltr' id='par_1_92' title="bbox 2098 4205 3728 4280">
     <span class='ocr_line' id='line_1_92' title="bbox 2098 4205 3728 4280; baseline -0.003 -15"><span class='ocrx_word' id='word_1_641' title='bbox 2098 4209 2350 4265; x_wconf 84' lang='lat' dir='ltr'>ferentia</span> <span class='ocrx_word' id='word_1_642' title='bbox 2391 4211 2546 4264; x_wconf 80' lang='lat' dir='ltr'>velut</span> <span class='ocrx_word' id='word_1_643' title='bbox 2588 4210 2661 4264; x_wconf 90' lang='lat' dir='ltr'>ad</span> <span class='ocrx_word' id='word_1_644' title='bbox 2703 4211 3012 4280; x_wconf 87' lang='lat' dir='ltr'>cognatam</span> <span class='ocrx_word' id='word_1_645' title='bbox 3044 4207 3152 4262; x_wconf 90' lang='lat' dir='ltr'>sibi</span> <span class='ocrx_word' id='word_1_646' title='bbox 3184 4206 3604 4261; x_wconf 89' lang='lat' dir='ltr'>accidentalem</span> <span class='ocrx_word' id='word_1_647' title='bbox 3626 4205 3728 4262; x_wconf 82' lang='lat' dir='ltr'>dif-</span> 
     </span>
    </p>
   </div>
   <div class='ocr_carea' id='block_1_93' title="bbox 2101 4290 3725 4366">
    <p class='ocr_par' dir='ltr' id='par_1_93' title="bbox 2101 4290 3725 4366">
     <span class='ocr_line' id='line_1_93' title="bbox 2101 4290 3725 4366; baseline -0.002 -14"><span class='ocrx_word' id='word_1_648' title='bbox 2101 4290 2438 4366; x_wconf 83' lang='lat' dir='ltr'>ferentiam,</span> <span class='ocrx_word' id='word_1_649' title='bbox 2474 4299 2855 4353; x_wconf 88' lang='lat' dir='ltr'>utambularc</span> <span class='ocrx_word' id='word_1_650' title='bbox 2873 4297 2946 4352; x_wconf 88' lang='lat' dir='ltr'>ad</span> <span class='ocrx_word' id='word_1_651' title='bbox 2972 4295 3341 4352; x_wconf 89' lang='lat' dir='ltr'>ambulabile.</span> <span class='ocrx_word' id='word_1_652' title='bbox 3386 4296 3500 4350; x_wconf 86' lang='lat' dir='ltr'>Hoc</span> <span class='ocrx_word' id='word_1_653' title='bbox 3531 4298 3725 4350; x_wconf 87' lang='lat' dir='ltr'>autem</span> 
     </span>
    </p>
   </div>
   <div class='ocr_carea' id='block_1_94' title="bbox 2102 4384 3724 4457">
    <p class='ocr_par' dir='ltr' id='par_1_94' title="bbox 2102 4384 3724 4457">
     <span class='ocr_line' id='line_1_94' title="bbox 2102 4384 3724 4457; baseline -0.002 -15"><span class='ocrx_word' id='word_1_654' title='bbox 2102 4387 2418 4442; x_wconf 89' lang='lat' dir='ltr'>secundum</span> <span class='ocrx_word' id='word_1_655' title='bbox 2445 4387 2543 4441; x_wconf 87' lang='lat' dir='ltr'>fiat</span> <span class='ocrx_word' id='word_1_656' title='bbox 2561 4386 2878 4441; x_wconf 84' lang='lat' dir='ltr'>accidentis</span> <span class='ocrx_word' id='word_1_657' title='bbox 2906 4389 3174 4441; x_wconf 91' lang='lat' dir='ltr'>naturam</span> <span class='ocrx_word' id='word_1_658' title='bbox 3222 4401 3236 4452; x_wconf 92' lang='lat'><strong>;</strong></span> <span class='ocrx_word' id='word_1_659' title='bbox 3269 4387 3332 4438; x_wconf 90' lang='lat' dir='ltr'>ut</span> <span class='ocrx_word' id='word_1_660' title='bbox 3361 4384 3641 4457; x_wconf 87' lang='lat' dir='ltr'>quoniam</span> <span class='ocrx_word' id='word_1_661' title='bbox 3669 4384 3724 4438; x_wconf 92' lang='lat' dir='ltr'>iu</span> 
     </span>
    </p>
   </div>
   <div class='ocr_carea' id='block_1_95' title="bbox 2102 4473 3724 4548">
    <p class='ocr_par' dir='ltr' id='par_1_95' title="bbox 2102 4473 3724 4548">
     <span class='ocr_line' id='line_1_95' title="bbox 2102 4473 3724 4548; baseline -0.001 -17"><span class='ocrx_word' id='word_1_662' title='bbox 2102 4475 2422 4532; x_wconf 87' lang='lat' dir='ltr'>individuis</span> <span class='ocrx_word' id='word_1_663' title='bbox 2441 4476 2698 4548; x_wconf 91' lang='lat' dir='ltr'>primum</span> <span class='ocrx_word' id='word_1_664' title='bbox 2715 4475 3035 4531; x_wconf 89' lang='lat' dir='ltr'>accidentia</span> <span class='ocrx_word' id='word_1_665' title='bbox 3063 4473 3724 4548; x_wconf 87' lang='lat' dir='ltr'>considerantur,postin</span> 
     </span>
    </p>
   </div>
   <div class='ocr_carea' id='block_1_96' title="bbox 2102 4562 3725 4635">
    <p class='ocr_par' dir='ltr' id='par_1_96' title="bbox 2102 4562 3725 4635">
     <span class='ocr_line' id='line_1_96' title="bbox 2102 4562 3725 4635; baseline -0.001 -17"><span class='ocrx_word' id='word_1_666' title='bbox 2102 4565 2407 4635; x_wconf 89' lang='lat' dir='ltr'>speciebus</span> <span class='ocrx_word' id='word_1_667' title='bbox 2441 4569 2500 4618; x_wconf 88' lang='lat' dir='ltr'>et</span> <span class='ocrx_word' id='word_1_668' title='bbox 2521 4565 2848 4635; x_wconf 90' lang='lat' dir='ltr'>generibus.</span> <span class='ocrx_word' id='word_1_669' title='bbox 2868 4563 3135 4617; x_wconf 87' lang='lat' dir='ltr'>Dicamus</span> <span class='ocrx_word' id='word_1_670' title='bbox 3161 4562 3495 4617; x_wconf 87' lang='lat' dir='ltr'>Ciceronem</span> <span class='ocrx_word' id='word_1_671' title='bbox 3520 4563 3725 4618; x_wconf 87' lang='lat' dir='ltr'>ambu-</span> 
     </span>
    </p>
   </div>
   <div class='ocr_carea' id='block_1_97' title="bbox 2103 4650 3725 4724">
    <p class='ocr_par' dir='ltr' id='par_1_97' title="bbox 2103 4650 3725 4724">
     <span class='ocr_line' id='line_1_97' title="bbox 2103 4650 3725 4724; baseline -0.001 -16"><span class='ocrx_word' id='word_1_672' title='bbox 2103 4652 2532 4724; x_wconf 90' lang='lat' dir='ltr'>lare,quoniam</span> <span class='ocrx_word' id='word_1_673' title='bbox 2564 4650 2931 4706; x_wconf 88' lang='lat' dir='ltr'>ambulabilis</span> <span class='ocrx_word' id='word_1_674' title='bbox 2961 4654 3045 4705; x_wconf 88' lang='lat' dir='ltr'>est</span> <span class='ocrx_word' id='word_1_675' title='bbox 3074 4655 3164 4705; x_wconf 90' lang='lat' dir='ltr'>:et</span> <span class='ocrx_word' id='word_1_676' title='bbox 3187 4651 3553 4722; x_wconf 89' lang='lat' dir='ltr'>rursus,quia</span> <span class='ocrx_word' id='word_1_677' title='bbox 3575 4653 3725 4707; x_wconf 57' lang='lat' dir='ltr'>Cicev</span> 
     </span>
    </p>
   </div>
   <div class='ocr_carea' id='block_1_98' title="bbox 2104 4739 3724 4807">
    <p class='ocr_par' dir='ltr' id='par_1_98' title="bbox 2104 4739 3724 4807">
     <span class='ocr_line' id='line_1_98' title="bbox 2104 4739 3724 4807; baseline -0.001 -12"><span class='ocrx_word' id='word_1_678' title='bbox 2104 4759 2167 4795; x_wconf 91' lang='lat' dir='ltr'>ro</span> <span class='ocrx_word' id='word_1_679' title='bbox 2196 4742 2373 4795; x_wconf 87' lang='lat' dir='ltr'>homo</span> <span class='ocrx_word' id='word_1_680' title='bbox 2402 4744 2571 4807; x_wconf 89' lang='lat' dir='ltr'>est,et</span> <span class='ocrx_word' id='word_1_681' title='bbox 2595 4739 2872 4805; x_wconf 88' lang='lat' dir='ltr'>ambulat,</span> <span class='ocrx_word' id='word_1_682' title='bbox 2900 4742 2957 4792; x_wconf 92' lang='lat' dir='ltr'>et</span> <span class='ocrx_word' id='word_1_683' title='bbox 2977 4739 3346 4793; x_wconf 87' lang='lat' dir='ltr'>ambulabilis</span> <span class='ocrx_word' id='word_1_684' title='bbox 3363 4743 3467 4807; x_wconf 87' lang='lat' dir='ltr'>est,</span> <span class='ocrx_word' id='word_1_685' title='bbox 3501 4740 3724 4794; x_wconf 87' lang='lat' dir='ltr'>dicatur</span> 
     </span>
    </p>
   </div>
   <div class='ocr_carea' id='block_1_99' title="bbox 2105 4826 3722 4894">
    <p class='ocr_par' dir='ltr' id='par_1_99' title="bbox 2105 4826 3722 4894">
     <span class='ocr_line' id='line_1_99' title="bbox 2105 4826 3722 4894; baseline -0.001 -10"><span class='ocrx_word' id='word_1_686' title='bbox 2105 4834 2162 4884; x_wconf 88' lang='lat' dir='ltr'>et</span> <span class='ocrx_word' id='word_1_687' title='bbox 2185 4830 2361 4885; x_wconf 88' lang='lat' dir='ltr'>homo</span> <span class='ocrx_word' id='word_1_688' title='bbox 2383 4829 2704 4893; x_wconf 87' lang='lat' dir='ltr'>ambulare,</span> <span class='ocrx_word' id='word_1_689' title='bbox 2729 4830 2788 4881; x_wconf 90' lang='lat' dir='ltr'>et</span> <span class='ocrx_word' id='word_1_690' title='bbox 2817 4826 3206 4880; x_wconf 88' lang='lat' dir='ltr'>ambulabilis.</span> <span class='ocrx_word' id='word_1_691' title='bbox 3236 4827 3456 4881; x_wconf 89' lang='lat' dir='ltr'>Etitem</span> <span class='ocrx_word' id='word_1_692' title='bbox 3486 4828 3722 4894; x_wconf 84' lang='lat' dir='ltr'>anima],</span> 
     </span>
    </p>
   </div>
   <div class='ocr_carea' id='block_1_100' title="bbox 2103 4915 3723 4987">
    <p class='ocr_par' dir='ltr' id='par_1_100' title="bbox 2103 4915 3723 4987">
     <span class='ocr_line' id='line_1_100' title="bbox 2103 4915 3723 4987; baseline -0.001 -15"><span class='ocrx_word' id='word_1_693' title='bbox 2103 4935 2235 4972; x_wconf 92' lang='lat' dir='ltr'>eum</span> <span class='ocrx_word' id='word_1_694' title='bbox 2259 4917 2534 4982; x_wconf 90' lang='lat' dir='ltr'>ambulet,</span> <span class='ocrx_word' id='word_1_695' title='bbox 2570 4915 2922 4970; x_wconf 89' lang='lat' dir='ltr'>ambulabile</span> <span class='ocrx_word' id='word_1_696' title='bbox 2955 4917 3059 4969; x_wconf 89' lang='lat' dir='ltr'>est.</span> <span class='ocrx_word' id='word_1_697' title='bbox 3092 4916 3152 4970; x_wconf 91' lang='lat' dir='ltr'>ln</span> <span class='ocrx_word' id='word_1_698' title='bbox 3181 4915 3387 4987; x_wconf 90' lang='lat' dir='ltr'>quibus</span> <span class='ocrx_word' id='word_1_699' title='bbox 3413 4916 3723 4972; x_wconf 88' lang='lat' dir='ltr'>videndum</span> 
     </span>
    </p>
   </div>
   <div class='ocr_carea' id='block_1_101' title="bbox 2104 5003 3722 5077">
    <p class='ocr_par' dir='ltr' id='par_1_101' title="bbox 2104 5003 3722 5077">
     <span class='ocr_line' id='line_1_101' title="bbox 2104 5003 3722 5077; baseline -0.002 -16"><span class='ocrx_word' id='word_1_700' title='bbox 2104 5009 2210 5072; x_wconf 90' lang='lat' dir='ltr'>est,</span> <span class='ocrx_word' id='word_1_701' title='bbox 2241 5004 2532 5077; x_wconf 87' lang='lat' dir='ltr'>inquiunt,</span> <span class='ocrx_word' id='word_1_702' title='bbox 2567 5020 2638 5058; x_wconf 91' lang='lat' dir='ltr'>ne</span> <span class='ocrx_word' id='word_1_703' title='bbox 2671 5004 2818 5058; x_wconf 89' lang='lat' dir='ltr'>forte</span> <span class='ocrx_word' id='word_1_704' title='bbox 2851 5003 3000 5058; x_wconf 89' lang='lat' dir='ltr'>ratio</span> <span class='ocrx_word' id='word_1_705' title='bbox 3027 5020 3211 5058; x_wconf 68' lang='lat' dir='ltr'>causae</span> <span class='ocrx_word' id='word_1_706' title='bbox 3243 5007 3300 5057; x_wconf 91' lang='lat' dir='ltr'>et</span> <span class='ocrx_word' id='word_1_707' title='bbox 3331 5003 3516 5058; x_wconf 79' lang='lat' dir='ltr'>effecti</span> <span class='ocrx_word' id='word_1_708' title='bbox 3541 5004 3722 5060; x_wconf 87' lang='lat' dir='ltr'>vitali-</span> 
     </span>
    </p>
   </div>
   <div class='ocr_carea' id='block_1_102' title="bbox 2106 5092 3721 5165">
    <p class='ocr_par' dir='ltr' id='par_1_102' title="bbox 2106 5092 3721 5165">
     <span class='ocr_line' id='line_1_102' title="bbox 2106 5092 3721 5165; baseline -0.001 -14"><span class='ocrx_word' id='word_1_709' title='bbox 2106 5097 2212 5151; x_wconf 90' lang='lat' dir='ltr'>bus</span> <span class='ocrx_word' id='word_1_710' title='bbox 2233 5110 2353 5150; x_wconf 90' lang='lat' dir='ltr'>esse</span> <span class='ocrx_word' id='word_1_711' title='bbox 2378 5092 2656 5148; x_wconf 87' lang='lat' dir='ltr'>videatur.</span> <span class='ocrx_word' id='word_1_712' title='bbox 2715 5094 2786 5148; x_wconf 90' lang='lat' dir='ltr'>Ut</span> <span class='ocrx_word' id='word_1_713' title='bbox 2815 5093 2974 5148; x_wconf 91' lang='lat' dir='ltr'>enim</span> <span class='ocrx_word' id='word_1_714' title='bbox 3005 5110 3177 5148; x_wconf 89' lang='lat' dir='ltr'>causa</span> <span class='ocrx_word' id='word_1_715' title='bbox 3208 5093 3475 5148; x_wconf 76' lang='lat' dir='ltr'>etIectum</span> <span class='ocrx_word' id='word_1_716' title='bbox 3507 5111 3721 5165; x_wconf 48' lang='lat' dir='ltr'>praetr</span> 
     </span>
    </p>
   </div>
   <div class='ocr_carea' id='block_1_103' title="bbox 2107 5181 3720 5255">
    <p class='ocr_par' dir='ltr' id='par_1_103' title="bbox 2107 5181 3720 5255">
     <span class='ocr_line' id='line_1_103' title="bbox 2107 5181 3720 5255; baseline -0.001 -15"><span class='ocrx_word' id='word_1_717' title='bbox 2107 5185 2245 5240; x_wconf 91' lang='lat' dir='ltr'>dere</span> <span class='ocrx_word' id='word_1_718' title='bbox 2275 5182 2501 5237; x_wconf 88' lang='lat' dir='ltr'>dicitur.</span> <span class='ocrx_word' id='word_1_719' title='bbox 2532 5184 2592 5236; x_wconf 90' lang='lat' dir='ltr'>ut</span> <span class='ocrx_word' id='word_1_720' title='bbox 2620 5183 2706 5236; x_wconf 87' lang='lat' dir='ltr'>est</span> <span class='ocrx_word' id='word_1_721' title='bbox 2734 5199 2746 5237; x_wconf 89' lang='lat'>:</span> <span class='ocrx_word' id='word_1_722' title='bbox 2776 5182 2910 5254; x_wconf 88' lang='lat' dir='ltr'>quia</span> <span class='ocrx_word' id='word_1_723' title='bbox 2941 5182 3103 5249; x_wconf 84' lang='lat' dir='ltr'>vidit,</span> <span class='ocrx_word' id='word_1_724' title='bbox 3133 5181 3390 5250; x_wconf 85' lang='lat' dir='ltr'>amavit;</span> <span class='ocrx_word' id='word_1_725' title='bbox 3421 5181 3501 5236; x_wconf 89' lang='lat' dir='ltr'>sic</span> <span class='ocrx_word' id='word_1_726' title='bbox 3529 5186 3720 5255; x_wconf 86' lang='lat' dir='ltr'>potes-</span> 
     </span>
    </p>
   </div>
   <div class='ocr_carea' id='block_1_104' title="bbox 2108 5270 3722 5342">
    <p class='ocr_par' dir='ltr' id='par_1_104' title="bbox 2108 5270 3722 5342">
     <span class='ocr_line' id='line_1_104' title="bbox 2108 5270 3722 5342; baseline -0.003 -12"><span class='ocrx_word' id='word_1_727' title='bbox 2108 5280 2196 5332; x_wconf 87' lang='lat' dir='ltr'>tas</span> <span class='ocrx_word' id='word_1_728' title='bbox 2225 5275 2416 5327; x_wconf 88' lang='lat' dir='ltr'>actum</span> <span class='ocrx_word' id='word_1_729' title='bbox 2441 5271 2602 5326; x_wconf 92' lang='lat' dir='ltr'>omni</span> <span class='ocrx_word' id='word_1_730' title='bbox 2634 5270 2973 5326; x_wconf 89' lang='lat' dir='ltr'>necessitate</span> <span class='ocrx_word' id='word_1_731' title='bbox 3005 5270 3299 5342; x_wconf 67' lang='lat' dir='ltr'>praecedit.</span> <span class='ocrx_word' id='word_1_732' title='bbox 3329 5270 3398 5325; x_wconf 91' lang='lat' dir='ltr'>Et</span> <span class='ocrx_word' id='word_1_733' title='bbox 3439 5271 3577 5342; x_wconf 84' lang='lat' dir='ltr'>quia</span> <span class='ocrx_word' id='word_1_734' title='bbox 3602 5271 3722 5327; x_wconf 65' lang='lat' dir='ltr'>hinc</span> 
     </span>
    </p>
   </div>
   <div class='ocr_carea' id='block_1_105' title="bbox 2111 5359 3724 5434">
    <p class='ocr_par' dir='ltr' id='par_1_105' title="bbox 2111 5359 3724 5434">
     <span class='ocr_line' id='line_1_105' title="bbox 2111 5359 3724 5434; baseline -0.001 -19"><span class='ocrx_word' id='word_1_735' title='bbox 2111 5359 2496 5434; x_wconf 81' lang='lat' dir='ltr'>praecedentia</span> <span class='ocrx_word' id='word_1_736' title='bbox 2508 5377 2626 5415; x_wconf 91' lang='lat' dir='ltr'>non</span> <span class='ocrx_word' id='word_1_737' title='bbox 2646 5361 2832 5415; x_wconf 90' lang='lat' dir='ltr'>solum</span> <span class='ocrx_word' id='word_1_738' title='bbox 2846 5359 3167 5430; x_wconf 89' lang='lat' dir='ltr'>priora,sed</span> <span class='ocrx_word' id='word_1_739' title='bbox 3185 5359 3360 5415; x_wconf 89' lang='lat' dir='ltr'>etiam</span> <span class='ocrx_word' id='word_1_740' title='bbox 3377 5359 3724 5432; x_wconf 89' lang='lat' dir='ltr'>interempta</span> 
     </span>
    </p>
   </div>
   <div class='ocr_carea' id='block_1_106' title="bbox 2113 5499 3720 5626">
    <p class='ocr_par' dir='ltr' id='par_1_106' title="bbox 2113 5499 3720 5626">
     <span class='ocr_line' id='line_1_106' title="bbox 2113 5499 3720 5626; baseline -0.002 -66"><span class='ocrx_word' id='word_1_741' title='bbox 2113 5506 2290 5560; x_wconf 82' lang='lat' dir='ltr'>sciunt</span> <span class='ocrx_word' id='word_1_742' title='bbox 2316 5501 2451 5557; x_wconf 83' lang='lat' dir='ltr'>Itali</span> <span class='ocrx_word' id='word_1_743' title='bbox 2471 5501 2600 5626; x_wconf 57' lang='lat' dir='ltr'>paid</span> <span class='ocrx_word' id='word_1_744' title='bbox 2626 5502 2847 5574; x_wconf 77' lang='lat' dir='ltr'>sapiunt</span> <span class='ocrx_word' id='word_1_745' title='bbox 2873 5499 3048 5556; x_wconf 86' lang='lat' dir='ltr'>Galli.</span> <span class='ocrx_word' id='word_1_746' title='bbox 3109 5500 3260 5566; x_wconf 88' lang='lat' dir='ltr'>Itali,</span> <span class='ocrx_word' id='word_1_747' title='bbox 3299 5501 3540 5557; x_wconf 84' lang='lat' dir='ltr'>denarios</span> <span class='ocrx_word' id='word_1_748' title='bbox 3567 5519 3720 5559; x_wconf 85' lang='lat' dir='ltr'>accu-</span> 
     </span>
     <span class='ocr_line' id='line_1_107' title="bbox 2115 5571 3720 5626; baseline 0 0"><span class='ocrx_word' id='word_1_749' title='bbox 2115 5576 2345 5626; x_wconf 84' lang='lat' dir='ltr'>mulant.</span> <span class='ocrx_word' id='word_1_750' title='bbox 2381 5573 2466 5626; x_wconf 91' lang='lat' dir='ltr'>Ga</span> <span class='ocrx_word' id='word_1_751' title='bbox 2489 5573 2534 5626; x_wconf 32' lang='lat' dir='ltr'>li.</span> <span class='ocrx_word' id='word_1_752' title='bbox 2553 5574 2875 5626; x_wconf 79' lang='lat' dir='ltr'>sanientiam</span> <span class='ocrx_word' id='word_1_753' title='bbox 2901 5571 3208 5626; x_wconf 82' lang='lat' dir='ltr'>corradunt.</span> <span class='ocrx_word' id='word_1_754' title='bbox 3230 5572 3368 5626; x_wconf 70' lang='lat' dir='ltr'>Duae</span> <span class='ocrx_word' id='word_1_755' title='bbox 3399 5573 3522 5626; x_wconf 87' lang='lat' dir='ltr'>sine</span> <span class='ocrx_word' id='word_1_756' title='bbox 3559 5574 3720 5626; x_wconf 90' lang='lat' dir='ltr'>ullius</span> 
     </span>
    </p>
   </div>
   <div class='ocr_carea' id='block_1_107' title="bbox 2115 5571 3722 5645">
    <p class='ocr_par' dir='ltr' id='par_1_107' title="bbox 2115 5571 3722 5645">
     <span class='ocr_line' id='line_1_108' title="bbox 2115 5571 3722 5645; baseline -0.002 -13"><span class='ocrx_word' id='word_1_757' title='bbox 2115 5576 2345 5642; x_wconf 83' lang='lat' dir='ltr'>mutant,</span> <span class='ocrx_word' id='word_1_758' title='bbox 2366 5571 2534 5645; x_wconf 73' lang='lat' dir='ltr'>Galli</span> <span class='ocrx_word' id='word_1_759' title='bbox 2553 5571 2875 5645; x_wconf 72' lang='lat' dir='ltr'>sapientiam</span> <span class='ocrx_word' id='word_1_760' title='bbox 2901 5571 3208 5628; x_wconf 83' lang='lat' dir='ltr'>corradunt.</span> <span class='ocrx_word' id='word_1_761' title='bbox 3230 5572 3368 5640; x_wconf 69' lang='lat' dir='ltr'>Quae</span> <span class='ocrx_word' id='word_1_762' title='bbox 3399 5573 3522 5629; x_wconf 89' lang='lat' dir='ltr'>sine</span> <span class='ocrx_word' id='word_1_763' title='bbox 3559 5574 3722 5631; x_wconf 87' lang='lat' dir='ltr'>ullius</span> 
     </span>
    </p>
   </div>
   <div class='ocr_carea' id='block_1_108' title="bbox 2123 5641 2843 5719">
    <p class='ocr_par' dir='ltr' id='par_1_108' title="bbox 2123 5641 2843 5719">
     <span class='ocr_line' id='line_1_109' title="bbox 2123 5641 2843 5719; baseline -0.006 -17"><span class='ocrx_word' id='word_1_764' title='bbox 2123 5645 2336 5719; x_wconf 88' lang='lat' dir='ltr'>injuria</span> <span class='ocrx_word' id='word_1_765' title='bbox 2362 5643 2452 5700; x_wconf 90' lang='lat' dir='ltr'>hic</span> <span class='ocrx_word' id='word_1_766' title='bbox 2487 5641 2685 5700; x_wconf 78' lang='lat' dir='ltr'>notata</span> <span class='ocrx_word' id='word_1_767' title='bbox 2711 5641 2843 5700; x_wconf 86' lang='lat' dir='ltr'>sint.</span> 
     </span>
    </p>
   </div>
  </div>
