3882 6230
189 469 264 526 Ml
1318 463 1409 522 DE
1436 460 1810 520 RATIONALI
1837 459 1926 516 ET
1968 457 2271 520 RATIONE
2305 457 2439 518 UTI.
3442 460 3544 517 {62

188 586 534 644 interimunt
563 607 772 646 secum
793 587 1136 664 posteriora,
1157 602 1384 642 necesse
1402 589 1506 649 est,
1543 583 1822 656 potestate
1845 587 1900 644 A
1944 581 2134 654 itaque
2168 580 2516 642 necessariis,
2535 580 2590 634 in
2624 578 2827 651 quibus
2854 581 3008 632 actus
3027 578 3411 649 sempiternus
3436 583 3544 646 est,

196 677 388 742 ablata,
422 681 641 734 actum
674 695 916 750 quoque
948 675 1179 732 auferri.
1203 674 1260 729 Si
1300 673 1457 728 enim
1481 672 1675 727 Cicero
1709 687 1824 724 non
1931 685 2080 740 ipsas
2109 687 2336 742 quoque
2364 686 2452 722 res
2483 667 2862 737 sempiternas
2893 683 3013 720 esse
3069 683 3300 720 necesse
3334 670 3440 734 est,
3478 670 3540 720 ut

198 769 270 820 est
294 766 716 832 ambulabilis,
741 767 800 822 id
820 769 926 820 est.
949 765 994 820 si
1018 764 1317 818 ambulare
1340 778 1457 816 non
1480 762 1825 832 potest,om-
1928 775 1986 829 in
2007 758 2146 813 ccelo
2183 762 2240 811 et
2269 757 2385 811 sole
2413 755 2768 825 intelligitur,
2801 772 2927 824 quae
2962 771 3078 808 non
3103 755 3292 812 solum
3325 753 3538 824 sempi-

201 853 325 908 nino
359 871 488 908 non
527 855 823 920 ambulat,
866 854 923 908 id
964 855 1068 917 est,
1119 868 1237 906 non
1266 853 1456 904 actum
1492 844 1829 900 ambulandi
1933 849 2121 912 terna,
2155 845 2253 899 sed
2283 843 2476 898 divina
2496 847 2552 897 et
2577 841 3267 912 immortaliaphilosophi
3291 845 3533 913 putave-

202 944 448 1008 exercet,
481 959 670 1012 quem
704 941 828 994 sine
869 943 1151 1011 potestate
1208 953 1324 992 non
1373 937 1459 989 est
1487 934 1831 1003 intelligere.
1935 936 2091 987 runt.

204 1028 360 1093 Quod
383 1030 432 1084 si
467 1029 715 1083 Ratione
741 1029 826 1083 uti
852 1031 1010 1082 actus
1049 1043 1177 1080 cum
1212 1027 1494 1095 potestate
1523 1027 1628 1086 est,
1651 1020 1834 1073 Ratio-

207 1070 360 1093 ιιι-νει
383 1070 432 1084 ο·
467 1070 710 1083 “wn-HW
744 1070 824 1083 νιν-ν
852 1070 1010 1082 υννυυ
1050 1070 1177 1080 vum
1212 1070 1492 1095 rvww—v—
1528 1070 1628 1086 --~,
2037 1075 2051 1090 ,
2735 1070 2766 1081 ..
2802 1071 2812 1082 .

203 1118 316 1172 nale
340 1121 550 1172 autem
603 1119 726 1172 sola
776 1119 1048 1188 potestas,
1098 1113 1324 1169 sublata
1362 1113 1483 1166 sola
1529 1111 1832 1182 potestate,
1939 1074 2770 1188 A3111:fﬁntn?"ARfceS?:r"
2801 1073 2938 1124 “om
2965 1072 3546 1188 aetus‘qu‘oi‘lmjpe‘

1937 1161 2049 1216 cies
2069 1163 2272 1232 duplex
2295 1165 2396 1215 est.
2413 1161 2538 1214 Alia
2557 1160 2712 1214 enim
2736 1176 2936 1213 eorum
2954 1176 3021 1211 cx
3050 1161 3330 1228 potestate
3350 1157 3421 1211 ad
3451 1174 3545 1213 ac-

207 1223 331 1277 quaa
356 1209 579 1260 natura
609 1206 769 1276 prior
794 1208 899 1270 est,
920 1207 1078 1258 actus
1093 1218 1224 1256 cum
1251 1202 1531 1272 potestate
1555 1215 1673 1252 esse
1718 1213 1834 1250 non

210 1296 418 1366 potest.
447 1294 580 1347 Non
611 1293 808 1363 igitur,
837 1292 991 1363 quod
1019 1295 1225 1345 natura
1246 1287 1530 1362 posterius
1560 1286 1742 1350 est,de
1768 1301 1836 1337 eo

210 1380 654 1454 praedicabitur,
696 1380 848 1452 quod
908 1382 1114 1433 natura
1156 1377 1313 1448 prius
1357 1378 1462 1430 est.
1521 1375 1613 1426 Est
1645 1374 1836 1426 autem

213 1473 428 1522 natura
457 1469 625 1540 prius
654 1471 928 1538 potestas,
956 1465 1240 1538 posterius
1279 1468 1466 1518 actus:
1503 1477 1619 1514 non
1664 1459 1840 1528 igitur

213 1557 545 1611 secundum
580 1561 928 1628 potestatem
961 1559 1019 1608 et
1065 1557 1257 1608 actum
1289 1547 1698 1623 praedicabitur
1723 1544 1840 1599 Ra-

215 1645 360 1697 tione
384 1646 474 1699 uti
505 1645 579 1699 de
609 1643 911 1699 Rationali.

291 1733 389 1787 1V.
436 1733 552 1789 Sed
576 1733 806 1798 merito,
830 1730 1120 1802 inquiunt,
1153 1745 1269 1784 sua:
1297 1725 1609 1797 dignitatis,
1629 1741 1726 1777 seu
1743 1740 1836 1777 ex-

212 1825 492 1883 cellentia
524 1824 610 1878 vel
643 1821 904 1894 potentia
962 1815 1326 1872 numerosius
1369 1818 1454 1868 est
1482 1812 1712 1866 Ratione
1738 1814 1836 1879 uti,

212 1931 396 1988 quam
422 1910 729 1966 Rationale.
753 1911 1042 1962 Atnatura
1074 1900 1840 1976 generum,specierum,vel
1863 1895 1912 1952 B

212 2001 688 2058 differentiarum
717 2013 835 2051 non
871 1993 1136 2064 suscipit:
1167 1993 1344 2046 homo
1382 1989 1534 2043 enim
1570 1991 1628 2041 et
1650 1988 1842 2041 asinus

215 2106 383 2162 teque
414 2090 524 2143 sub
547 2083 786 2141 animali
818 2086 970 2148 sunt,
989 2086 1046 2136 et
1073 2083 1220 2136 Deus
1248 2081 1418 2148 atque
1451 2078 1629 2130 homo
1649 2093 1840 2146 {equa-

213 2181 351 2234 liter
370 2175 729 2248 participant
749 2170 1033 2225 Rationali
1048 2167 1393 2222 differentia.
1415 2167 1537 2218 Non
1559 2162 1844 2234 igitur,in-

217 2270 458 2342 quiunt,
490 2264 810 2320 secundum
853 2260 1218 2332 dignitatem,
1267 2258 1354 2311 vel
1400 2254 1843 2327 potentiam,vel

217 2354 633 2413 excellentiam
659 2350 1006 2424 praedicatur
1046 2348 1280 2401 Ratione
1319 2347 1403 2398 uti
1422 2349 1430 2354 “
1451 2345 1521 2398 de
1545 2342 1838 2396 Rationali.

290 2446 356 2499 V.
393 2444 491 2498 His
521 2439 1029 2514 propositionibus,
1051 2436 1164 2490 sive
1211 2432 1629 2505 objectionibus
1661 2432 1843 2484 multa

221 2552 289 2590 ex
305 2534 554 2589 adverso
576 2545 740 2603 posse
754 2526 925 2598 objici
940 2525 1121 2580 video.
1140 2523 1503 2593 QuaprOpter
1517 2518 1842 2590 sophistica,

221 2623 279 2679 id
311 2625 421 2690 est,
451 2617 810 2676 cavillatoria
839 2613 1242 2670 colluctatione
1288 2613 1537 2674 remota,
1579 2607 1844 2678 quaedam

229 2713 300 2766 de
329 2714 546 2766 natura
570 2706 869 2779 potestatis
900 2706 957 2758 et
977 2707 1134 2757 actus
1163 2698 1502 2771 explicanda
1523 2698 1676 2764 sunt,
1700 2699 1757 2748 et
1786 2694 1844 2748 in

234 2815 350 2870 qua
378 2812 587 2852 eorum
627 2793 814 2866 specie
843 2790 1128 2847 Rationale
1166 2793 1224 2843 et
1252 2787 1483 2841 Ratione
1513 2787 1593 2837 uti
1617 2799 1844 2836 versen-

228 2890 353 2942 tur:
382 2887 456 2942 de
480 2888 688 2939 natura
705 2897 936 2954 quoque
966 2878 1191 2950 prioris,
1211 2880 1405 2930 utrum
1425 2870 1844 2945 praedicationi-

227 2977 333 3032 bus
363 2972 676 3030 conveniat
702 2988 715 3038 ;
740 2972 798 3023 et
826 2967 1102 3023 nonnulla
1133 2965 1202 3019 de
1234 2961 1712 3036 praedicationum
1743 2974 1846 3012 na-

233 3069 362 3120 tura
391 3066 453 3119 et
483 3061 713 3126 ordine,
743 3062 819 3125 et,
845 3056 1003 3128 quasi
1036 3053 1288 3126 quodam
1307 3052 1402 3105 filo
1422 3049 1494 3104 ad
1525 3049 1601 3118 id,
1634 3048 1704 3102 de
1735 3062 1846 3118 quo

232 3151 478 3226 quaestio
513 3153 622 3216 est,
656 3148 714 3202 id
749 3149 833 3200 est
870 3145 943 3199 ad
968 3141 1465 3216 praedicationem,
1506 3153 1632 3208 quze
1665 3139 1750 3189 est
1778 3134 1849 3188 de

229 3240 468 3296 Ratione
492 3240 580 3292 uti
609 3237 683 3292 ad
709 3233 1012 3299 Rationale,
1041 3229 1352 3300 disputatio
1378 3227 1707 3280 deducatur.

302 3330 392 3384 VI.
431 3329 548 3382 Hoc
573 3329 768 3380 autem
802 3322 1093 3393 majorum
1114 3316 1451 3381 traditione,
1478 3312 1846 3386 potissimun-

234 3435 349 3491 que
387 3413 716 3471 Aristotelis
740 3411 864 3466 ﬁeri
918 3408 1136 3480 judico,
1182 3403 1523 3477 quibusdam
1571 3399 1756 3457 verbis
1787 3415 1852 3452 ac

229 3487 539 3562 sententiis
564 3503 689 3573 ejus
720 3500 793 3555 ad
822 3500 969 3554 hanc
999 3513 1125 3552 rem
1153 3491 1575 3565 pertinentibus
1605 3487 1853 3543 breviter

228 3598 289 3651 et
317 3592 572 3649 dilucide
592 3586 1004 3660 interpretatis.
1038 3582 1318 3651 Quaedam,
1345 3579 1551 3650 inquit,
1575 3581 1853 3648 poiestates

225 3686 518 3756 κραίνοι-κ
539 3687 690 3735 sunt.
714 3679 865 3731 Bene
889 3675 996 3730 ait:
1033 3671 1314 3745 quadam:
1348 3667 1483 3740 quia
1514 3683 1630 3722 non
1664 3665 1852 3720 omnis

123 3759 128 3762 ’
224 3755 488 3844 potestas
520 3767 816 3839 asquivoca
835 3767 954 3818 est:
985 3778 1112 3834 quae
1136 3759 1294 3815 enim
1314 3775 1381 3812 ex
1404 3773 1462 3811 se
1483 3755 1700 3828 species
1727 3770 1854 3824 pro-

223 3842 424 3914 fundit
457 3851 973 3929 [cod.,profunda],
1015 3865 1132 3904 non
1149 3847 1460 3918 aequivoca,
1485 3844 1585 3898 sed
1616 3842 1856 3897 univoca

231 3951 340 4002 est.
375 3948 458 4001 Ea
487 3953 688 3999 autem
719 3943 971 4013 potestas
995 3940 1082 3992 est
1107 3936 1421 4008 tequivoca,
1445 3949 1572 4004 quae
1586 3930 1856 4001 praedica-

237 4040 336 4092 tur
366 4036 442 4090 de
461 4037 618 4098 actu,
636 4034 694 4084 et
710 4029 780 4083 de
801 4044 872 4082 ea
900 4028 1180 4096 potestate
1211 4039 1337 4096 quae
1354 4024 1543 4093 potest
1559 4018 1858 4090 pervenire

235 4125 551 4182 adactum.
581 4118 810 4175 Nullam
825 4115 982 4171 enim
1004 4112 1414 4168 diffinitionem
1441 4107 1699 4178 recipiet,
1733 4123 1859 4178 quae

234 4213 478 4284 utrique
499 4209 574 4263 sit
594 4203 952 4270 communis;
993 4200 1094 4256 sed
1115 4216 1266 4266 eam,
1287 4214 1414 4270 quae
1437 4196 1496 4250 in
1529 4198 1660 4250 actu
1671 4199 1776 4262 est,
1805 4196 1864 4248 et

243 4283 475 4357 nomen
508 4301 570 4351 et
617 4291 1026 4350 difﬁnitionem
1073 4287 1186 4344 suis
1235 4285 1532 4358 speciebus
1562 4284 1760 4350 donat,
1793 4283 1863 4337 de

243 4404 367 4461 qua
395 4388 510 4442 ista
541 4383 624 4439 ait
645 4380 1004 4437 Aristoteles:
1035 4376 1393 4446 Manifestum
1421 4380 1496 4429 est
1531 4392 1594 4429 ex
1613 4374 1718 4440 his,
1749 4390 1866 4445 qua

243 4477 399 4532 dicta
441 4479 590 4541 sunt,
637 4470 892 4544 quoniam
941 4465 1083 4540 quod
1131 4482 1195 4520 ea:
1231 4465 1535 4521 necessitate
1564 4469 1658 4529 est,
1681 4478 1865 4518 secun-
1888 4488 1941 4546 D

241 4565 383 4623 dum
410 4571 598 4619 actum
627 4567 720 4615 est.
755 4557 957 4624 Quare,
995 4557 1044 4610 si
1075 4556 1268 4626 priora
1314 4554 1650 4623 sempiterna,
1678 4557 1726 4605 et
1755 4566 1871 4622 quia

243 4663 378 4710 actu
406 4658 558 4715 sunt,
571 4653 838 4722 potestate
853 4647 1196 4716 priorasunt.
1237 4643 1306 4696 Et
1333 4643 1455 4696 haec
1485 4639 1720 4712 quidem
1751 4640 1871 4694 sine

243 4746 543 4816 potestate
566 4741 697 4794 actu
727 4737 882 4802 sunt,
917 4737 978 4789 ut
991 4733 1195 4805 prima
1213 4729 1567 4787 substantiae.
1589 4728 1716 4783 Alia
1739 4744 1872 4783 vero

245 4837 388 4891 sunt
404 4835 541 4887 actu
566 4844 701 4884 cum
719 4823 1120 4898 possibilitate,
1138 4837 1265 4893 quas
1295 4823 1501 4874 natura
1511 4817 1706 4890 priora
1720 4820 1873 4890 sunt,

240 4928 521 4996 tempore
547 4933 684 4974 vero
709 4912 1052 4987 posteriora.
1075 4910 1200 4966 Alia
1239 4925 1373 4964 vero
1415 4922 1714 4979 nunquam
1745 4907 1879 4960 sunt

243 4994 403 5080 actui,
436 5009 539 5065 sed
571 5005 860 5079 potestate
890 5001 1029 5056 sola.
1084 4998 1216 5066 Quae
1265 4998 1558 5052 necessaria
1600 5002 1745 5063 sunt,
1793 4994 1876 5050 in-

248 5101 399 5176 quit,
432 5102 490 5154 in
508 5103 640 5153 actu
665 5098 814 5156 sunt,
848 5106 915 5144 eo
948 5088 1182 5155 scilicet,
1215 5103 1389 5158 quem
1419 5085 1749 5157 relinquere
1780 5101 1876 5139 ne-

249 5175 496 5268 queunt,
530 5189 597 5241 ut
626 5182 840 5239 coelum
869 5182 928 5234 et
970 5179 1053 5233 sol
1096 5176 1396 5249 proprium
1439 5178 1685 5230 motum.
1729 5175 1874 5230 Item

243 5265 376 5356 quae
405 5271 742 5336 necessaria
768 5270 922 5334 sunt,
955 5265 1548 5337 sempiternasunt,et
1577 5280 1704 5336 qua:
1730 5280 1876 5318 sem-

240 5352 477 5446 piterna
501 5367 663 5430 sunt,
712 5359 914 5432 priora
960 5357 1093 5411 sunt
1129 5354 1216 5412 his
1245 5352 1618 5426 potestatibus
1654 5369 1781 5425 quae
1815 5352 1873 5408 in

239 5442 439 5518 actum
471 5453 750 5514 nondum
773 5447 1074 5502 venerunt.
1104 5445 1252 5514 Ergo
1304 5445 1481 5509 actus,
1515 5442 1612 5513 qui
1642 5458 1874 5514 semper

237 5555 348 5619 est,
379 5550 547 5624 prior
574 5546 666 5598 est
697 5556 769 5594 eo
797 5539 927 5592 actu
953 5536 1051 5607 qui
1083 5533 1343 5588 nondum
1362 5533 1466 5586 est.
1491 5533 1662 5584 Actus
1691 5531 1871 5599 enim,

235 5641 337 5717 qui
366 5619 610 5711 semper
627 5633 740 5692 est,
754 5644 822 5682 ex
844 5628 1129 5698 potestate
1146 5639 1263 5677 non
1279 5620 1465 5689 venit;
1490 5620 1624 5692 quia
1639 5619 1870 5691 quando

232 5708 329 5794 r-es
346 5730 448 5788 illa
469 5708 606 5795 fuit,
644 5720 719 5777 ab
747 5717 872 5791 ejus
900 5712 1218 5772 substantia
1238 5729 1353 5768 non
1375 5709 1575 5767 defuit.
1609 5709 1673 5764 In
1701 5708 1872 5765 rebus

1879 3227 1926 3285 C

1939 1253 2062 1304 tum
2090 1252 2405 1316 venerunt;
2435 1249 2546 1303 alia
2583 1247 2961 1302 substantiam
2989 1247 3073 1300 sui
3103 1263 3231 1299 cum
3266 1246 3390 1316 ipso
3413 1250 3542 1301 actu

1938 1339 2138 1392 sortita
2169 1342 2327 1392 sunt:
2360 1337 2458 1390 sed
2490 1355 2617 1407 quas
2636 1353 2700 1388 ex
2729 1338 3008 1406 potestate
3051 1335 3122 1388 ad
3155 1338 3345 1388 actum
3383 1353 3550 1389 vene-

1938 1426 2685 1493 runt,huiusmodisunt,ut
2701 1425 2932 1496 quando
2958 1423 3152 1477 Cicero
3179 1424 3360 1489 sedet,
3391 1427 3549 1477 ante-

1940 1533 2112 1587 quam
2129 1515 2374 1581 sederet,
2406 1516 2593 1586 potuit
2619 1513 2846 1578 sedere;
2885 1527 3070 1583 neque
3101 1510 3255 1564 enim
3289 1510 3546 1580 sedisset,

1939 1604 1984 1658 si
2000 1605 2341 1674 potestatem
2357 1602 2591 1657 sedendi
2606 1604 2739 1655 ante
2759 1617 2874 1654 non
2889 1599 3197 1654 habuisset.
3217 1597 3390 1652 Sedet
3408 1615 3548 1669 ergo

1942 1690 2159 1757 Cicero,
2190 1690 2248 1744 id
2279 1689 2628 1756 est,sedendi
2656 1693 2848 1743 actum
2880 1690 3134 1754 exercet;
3158 1687 3290 1757 quia
3311 1689 3467 1742 actus
3483 1704 3549 1742 ex

1940 1782 2222 1850 potestate
2271 1779 2445 1832 venit.
2483 1780 2642 1832 Alter
2671 1794 2805 1837 vero
2833 1779 3010 1842 actus,
3042 1777 3137 1847 qui
3177 1793 3210 1830 a
3266 1779 3549 1846 potestate

1943 1883 2061 1922 non
2083 1866 2258 1933 venit,
2285 1867 2385 1920 sed
2429 1883 2558 1920 cum
2581 1883 2643 1920 re
2665 1865 3006 1920 subsistente
3029 1879 3260 1934 semper
3276 1864 3546 1932 subsistit,

1942 1954 2270 2024 hujusmodi
2289 1958 2400 2008 est:
2422 1954 2724 2024 utquando
2748 1952 2899 2022 ignis
2911 1953 3078 2018 calet,
3099 1954 3411 2022 antequam
3429 1951 3548 2022 ipse

1942 2042 2093 2112 ignis
2124 2046 2290 2108 esset,
2326 2043 2481 2095 nulla
2528 2041 2752 2095 calendi
2805 2043 3054 2111 potestas
3103 2039 3419 2109 praecessit;
3448 2037 3549 2092 sed

1943 2131 2096 2202 quod
2127 2131 2249 2201 ejus
2279 2129 2595 2183 substantia
2621 2127 2747 2193 fuit,
2777 2129 2962 2181 calere
2979 2143 3092 2180 non
3116 2125 3348 2190 destitit,
3369 2126 3548 2194 idest,

1944 2221 2137 2272 actum
2163 2208 2387 2272 calendi
2410 2233 2526 2270 non
2551 2216 2821 2283 deseruit,
2845 2214 2998 2286 quod
3024 2213 3128 2268 sibi
3145 2230 3276 2267 cum
3291 2213 3551 2283 supernis

1943 2311 2001 2362 et
2030 2307 2350 2362 caelestibus
2364 2303 2696 2359 substantiis
2743 2318 3053 2358 commune
3068 2305 3171 2355 est.
3205 2301 3386 2355 Distat
3417 2317 3550 2356 vero

1944 2395 2098 2468 quod
2129 2395 2226 2449 illa
2252 2410 2501 2466 superna
2520 2391 2579 2446 in
2609 2392 2929 2446 necessaria
2951 2389 3137 2462 specie
3161 2393 3311 2456 sunt,
3329 2405 3554 2444 eorum-

1946 2501 2054 2556 que
2069 2484 2407 2548 substantia,
2422 2498 2552 2536 cum
2569 2479 3119 2550 sitincorruptibilis,
3138 2495 3251 2532 non
3267 2479 3451 2532 solum
3468 2496 3554 2532 ac-

1944 2576 2069 2627 tum
2085 2588 2380 2644 nunquam
2405 2572 2800 2635 deseruerunt,
2816 2568 2915 2623 sed
2935 2567 3109 2622 etiam
3133 2567 3254 2637 ipsa
3275 2583 3388 2621 non
3410 2567 3555 2636 peri-

1947 2665 2208 2717 muntur.
2226 2661 2377 2731 Ignis
2390 2678 2548 2727 vero,
2564 2677 2691 2715 cum
2708 2659 2779 2713 sit
2797 2659 2854 2712 in
2874 2656 3061 2727 specie
3078 2672 3193 2710 non
3212 2655 3552 2721 necessaria,

1948 2753 2140 2804 actum
2163 2747 2417 2820 quidem,
2443 2763 2738 2818 quousque
2760 2743 3036 2809 subsistit,
3057 2760 3172 2796 non
3193 2742 3432 2810 deserit;
3455 2742 3554 2797 sed

1948 2837 2078 2908 quia
2110 2836 2168 2889 in
2206 2835 2526 2890 necessaria
2549 2836 2735 2905 specie
2760 2850 2875 2888 non
2900 2835 3003 2898 est,
3027 2835 3218 2885 actum
3238 2831 3404 2884 simul
3425 2847 3554 2886 cum

1946 2924 2266 2980 substantia
2295 2923 2502 2996 perdit.
2549 2923 2685 2987 Quae
2708 2921 2867 2976 enim
2899 2919 3218 2974 necessaria
3245 2936 3474 2990 semper
3490 2936 3557 2975 ex

1949 3014 2287 3069 necessitate
2313 3015 2466 3077 sunt,
2499 3029 2605 3066 nec
2637 3027 2896 3082 unquam
2917 3026 3031 3064 non
3056 3026 3174 3064 esse
3193 3011 3448 3080 possunt.
3475 3009 3560 3080 lg-

1949 3103 2038 3156 nis
2062 3118 2194 3155 vero
2215 3117 2279 3155 ex
2310 3100 2646 3154 necessitate
2677 3098 2911 3170 quidem
2946 3114 3064 3151 non
3096 3099 3198 3164 est,
3227 3097 3328 3150 sed
3366 3099 3558 3152 actum

1949 3189 2172 3245 calendi
2201 3205 2268 3242 ex
2295 3188 2632 3242 necessitate
2661 3187 2859 3252 habet,
2910 3200 3206 3256 quousque
3238 3186 3342 3238 est.
3387 3183 3559 3238 Recte

1949 3295 2088 3349 ergo
2108 3277 2326 3332 dictum
2356 3279 2440 3330 est
2461 3276 2532 3329 ab
2558 3275 2892 3330 Aristotele:
2920 3272 3187 3339 Quoniam
3219 3271 3437 3343 quodex
3466 3289 3561 3325 ne-

1950 3367 2194 3421 cessitate
2230 3370 2324 3431 est,
2356 3362 2644 3420 seCundum
2665 3369 2845 3417 actum
2876 3368 2969 3414 est.
2999 3359 3329 3414 Secundum
3362 3375 3561 3413 neces-

1952 3455 2178 3508 sitatem
2210 3452 2421 3523 quippe
2463 3449 2662 3504 omnia
2710 3465 2978 3520 superna,
3028 3464 3155 3518 qua:
3185 3450 3318 3500 sunt
3347 3449 3404 3500 et
3432 3463 3560 3517 quae

1952 3541 2288 3606 subsistunt,
2321 3554 2620 3608 nunquam
2650 3535 3039 3590 interimenda
3060 3549 3342 3603 suumque
3365 3537 3559 3588 actum

1954 3644 2253 3701 nunquam
2308 3625 2595 3682 relictura.
2627 3623 2826 3690 Quare,
2860 3621 3067 3692 inquit,
3095 3623 3141 3673 si
3155 3622 3340 3689 priora
3367 3624 3560 3691 sempi-

1954 3726 2127 3778 terna,
2161 3721 2210 3771 et
2239 3731 2356 3787 quae
2383 3720 2505 3766 actu
2529 3718 2674 3778 sunt,
2701 3715 2956 3782 potestate
2974 3710 3161 3779 priora
3185 3711 3328 3761 sunt.
3365 3708 3439 3761 Ex
3457 3725 3563 3764 na-

1952 3811 2084 3862 tura
2105 3820 2299 3859 rerum
2328 3802 2627 3857 veritatem
2655 3797 2874 3868 colligit
2902 3794 3382 3868 propositionum.
3419 3794 3564 3860 Quia

1954 3895 2113 3951 enim
2144 3909 2317 3948 omne
2351 3890 2504 3962 quod
2535 3890 2728 3944 estaut
2746 3887 3126 3958 simplex,aut
3153 3883 3564 3955 compositum,

1957 3982 2333 4038 manifestum
2353 3983 2438 4033 est
2461 3977 2618 4050 prius
2653 3993 2774 4031 esse
2803 3973 3084 4046 simplicia
3112 3989 3287 4044 quam
3327 3989 3566 4044 compo-

1959 4071 2085 4127 sita.
2117 4071 2177 4123 In
2204 4067 2407 4123 divinis
2434 4069 2630 4120 autem
2649 4063 2981 4135 etsupernis
3010 4060 3152 4115 nihil
3181 4060 3566 4133 compositum

1962 4156 2179 4220 est,sed
2200 4160 2333 4210 sunt
2365 4154 2563 4209 omnia
2599 4149 3190 4223 simplicia.Alioquin
3227 4165 3570 4206 omnecom-

1962 4247 2212 4320 positum
2245 4260 2474 4299 necesse
2505 4247 2592 4297 est
2621 4246 2685 4297 ut
2714 4242 2772 4295 in
2798 4258 2866 4296 ea
2895 4240 3210 4295 resolvatur
3227 4238 3379 4292 unde
3409 4255 3570 4294 com-

1966 4333 2216 4408 positum
2248 4335 2350 4386 est.
2375 4333 2499 4386 Non
2525 4331 2891 4385 resolvuntur
2921 4331 3118 4383 autem
3145 4325 3350 4381 divinas
3375 4328 3570 4383 cceles-

1969 4428 2166 4496 tesque
2190 4421 2536 4487 substantiae,
2583 4435 2896 4490 rerumque
2940 4415 3206 4472 omnium
3261 4416 3577 4504 elementa,

1969 4512 2105 4585 quia
2141 4509 2421 4580 simplicia
2454 4512 2588 4564 sunt
2609 4511 2667 4563 et
2695 4505 3096 4577 incomposita.
3121 4505 3259 4568 Quae
3289 4507 3485 4559 autem
3509 4522 3577 4560 ex

1972 4600 2174 4675 primis
2198 4599 2507 4669 conjuncta
2537 4599 2670 4651 sunt
2699 4595 3022 4663 elementis,
3056 4593 3114 4648 in
3145 4592 3351 4648 eadem
3382 4586 3577 4649 rursus

1974 4691 2357 4746 resolvuntur.
2375 4686 2572 4742 Priora
2586 4684 2904 4757 suntigitur
2917 4682 3292 4756 sempiterna,
3307 4698 3434 4754 quae
3446 4681 3582 4736 alio-

1975 4796 2106 4834 rum
2139 4776 2398 4832 omnium
2430 4774 2775 4848 principium
2806 4776 2941 4827 sunt
2966 4771 3197 4844 hisqua:
3228 4770 3582 4839 sempiterna

1979 4884 2098 4922 non
2139 4867 2290 4919 sunt.
2325 4863 2438 4918 Sed
2464 4879 2591 4934 quae
2615 4861 2972 4933 sempiterna
2988 4863 3138 4925 sunt,
3162 4858 3284 4912 sine
3314 4858 3444 4909 actu
3463 4871 3581 4909 non

1977 4959 2130 5023 sunt,
2165 4970 2271 5008 nec
2295 4953 2484 5008 fuere:
2518 4950 2676 5023 prior
2706 4952 2790 5004 est
2814 4948 2990 5019 igitur
3017 4951 3174 5000 actus
3205 4945 3508 5016 potestate.

2046 5083 2183 5136 Vlll.
2216 5080 2426 5134 Rursus
2457 5075 2784 5131 Aristoteles
2810 5075 3004 5127 autem
3035 5069 3190 5123 velut
3218 5083 3398 5139 genus
3445 5083 3585 5122 con-

1974 5174 2125 5227 stare
2155 5170 2351 5224 volens
2381 5183 2450 5222 ex
2471 5167 2680 5218 natura
2702 5176 2896 5214 rerum
2919 5156 3376 5228 praajacentium,
3411 5156 3585 5228 parti-

1971 5260 2133 5315 tione
2154 5259 2325 5322 facta,
2359 5249 2714 5309 differentias
2733 5263 2797 5301 ac
2814 5244 3032 5317 species
3062 5244 3108 5316 ej
3121 5262 3181 5299 us
3213 5244 3582 5300 determinat.

1973 5350 2042 5404 Et
2058 5349 2182 5402 hinc
2209 5344 2444 5417 quidem
2475 5341 2603 5394 sine
2634 5337 2916 5410 potestate
2943 5337 3075 5389 actu
3104 5337 3254 5401 sunt,
3289 5337 3350 5388 ut
3379 5334 3584 5406 primas

1973 5433 2328 5494 substantiae.
2357 5429 2484 5483 Alia
2511 5443 2644 5480 vero
2677 5427 2809 5479 sunt
2840 5426 2970 5478 actu
2991 5439 3120 5479 cum
3148 5426 3585 5496 potestate,qute

1975 5530 2182 5583 natura
2195 5521 2389 5593 priora
2401 5520 2553 5584 sunt,
2578 5518 2843 5586 tempore
2856 5529 2988 5568 vero
3003 5513 3341 5585 posteriora.
3359 5510 3582 5579 Rerum,

1974 5614 2181 5686 inquit,
2214 5609 2323 5664 alia
2356 5613 2480 5661 sunt
2509 5612 2631 5660 actu
2661 5606 2772 5658 sine
2807 5609 3094 5674 potestate;
3147 5602 3256 5656 alia
3301 5608 3421 5655 actu
3465 5615 3587 5656 cum

1963 5707 2242 5778 potestate,
2292 5701 2350 5755 et
2391 5699 2520 5753 actu
2549 5694 2671 5750 sine
2697 5691 2929 5768 quidem
2956 5694 3260 5768 potestate,
3291 5691 3354 5746 ut
3381 5689 3585 5766 prima:
