3882 6230
400 421 500 475 163

999 411 1353 468 SILVESTRI
1382 414 1428 467 II
1457 412 1664 469 PAPJE
1693 412 1847 468 OPP.
1881 407 2056 466 PARS
2086 409 2130 462 Ι.
2169 439 2239 450 -
2278 409 2369 464 DE
2401 409 2763 466 DISCIPLIN.
2795 407 3096 466 MATHEM.

3612 411 3710 464 164

393 532 747 590 substantiae.
783 531 920 595 Quae
941 530 1071 585 ideo
1103 531 1306 601 prima;
1339 530 1625 599 dicuntur,
1651 531 1784 603 quia
1803 545 1996 583 rerum
2018 531 2074 588 Α
2108 527 2263 598 prius
2289 529 2507 600 zequale
2530 545 2705 599 quam
2725 527 3035 599 inaequale:
3065 526 3254 582 omnis
3281 526 3439 581 enim
3463 527 3707 600 inaequa-

391 621 680 696 principia
727 620 860 676 sint.
916 619 1049 674 Sine
1100 624 1382 691 potestate
1422 624 1613 674 autem
1657 637 1725 674 ea
1767 620 2000 683 scilicet,

395 711 551 784 quod
580 709 922 765 utrumlibet
953 712 1166 780 potest.
1215 709 1432 763 Caelum
1467 709 1624 763 enim
1665 711 1722 762 et
1765 709 1847 763 sol
1885 724 2002 760 non

396 801 636 872 possunt
665 814 782 851 non
809 797 1049 862 moveri,
1083 800 1140 850 et
1182 796 1328 868 ignis
1362 813 1481 850 non
1513 798 1720 861 calere,
1776 798 1834 848 et
1855 810 2004 864 aqua

394 903 512 940 non
540 885 782 939 humida
819 901 958 939 esse.
998 885 1099 938 llla
1114 901 1269 950 vero,
1309 901 1435 954 qua)
1459 887 1586 937 actu
1610 886 1882 937 suntcum
1907 899 2001 954 po-

398 975 625 1037 testate,
655 989 723 1026 ex
752 974 915 1026 motu
946 970 1123 1025 animi
1157 971 1533 1033 descendunt,
1561 974 1624 1024 ut
1648 987 1777 1024 cum
1805 971 1998 1036 sedeo,

406 1063 568 1114 motu
599 1059 780 1115 animi
811 1060 884 1114 ad
910 1060 1062 1113 hunc
1105 1063 1296 1113 actum
1326 1059 1557 1125 accessi,
1601 1076 1772 1130 quem
1809 1062 2001 1113 actum

400 1149 654 1217 potestas
699 1146 935 1201 sedendi
984 1145 1301 1218 praecessit:
1340 1163 1458 1200 non
1504 1146 1660 1200 enim
1705 1146 1999 1214 sedissem,

405 1233 510 1288 nisi
524 1234 680 1305 prius
705 1234 848 1288 mihi
869 1233 1107 1288 sedendi
1125 1237 1376 1304 potestas
1396 1233 1613 1288 fuisset.
1639 1234 1856 1288 Etcum
1880 1233 2001 1287 haec

398 1324 650 1394 potestas
667 1325 930 1394 tempore
946 1322 1167 1393 praeced
1176 1327 1234 1376 at
1248 1325 1436 1376 actum
1448 1363 1462 1388 ,
1479 1326 1636 1376 actus
1652 1326 1846 1376 tamen
1871 1338 1999 1376 cum

393 1411 680 1481 potestate
721 1411 794 1464 ab
821 1408 1124 1464 Aristotele
1139 1409 1295 1480 prius
1313 1426 1434 1462 esse
1457 1409 1664 1463 dicitur
1686 1425 1859 1481 quam
1881 1410 2002 1462 sola

397 1499 677 1567 potestas;
697 1513 817 1569 qum
845 1503 989 1560 actu,
1013 1497 1356 1569 inquit,sunt
1372 1513 1489 1551 cum
1495 1504 1777 1567 potestate,
1799 1504 1999 1549 natura

385 1585 576 1654 priora
627 1592 770 1652 sunt,
829 1592 1054 1657 tmpore
1106 1601 1228 1640 vero
1261 1588 1558 1655 posteriora
1585 1587 1699 1639 Hoc
1738 1584 1868 1638 ideo
1898 1585 1997 1639 fit:

398 1671 535 1742 quia
560 1675 834 1744 potestas,
863 1691 994 1728 cum
1027 1673 1097 1727 sit
1121 1673 1352 1728 initium
1385 1676 1561 1739 actus,
1591 1673 1997 1743 imperfectum

397 1761 691 1832 quoddam
722 1765 834 1830 est;
881 1763 1134 1833 perfecta
1165 1766 1358 1816 autem
1397 1761 1750 1831 imperfectis
1803 1761 1999 1831 priora

2105 615 2234 669 litas
2281 617 2352 669 ab
2401 616 2728 687 mqualitate
2773 615 3086 672 descendit.
3121 617 3269 686 Ergo
3302 618 3481 682 actus,
3511 615 3571 669 in
3605 634 3706 688 quo

2104 707 2354 773 potestas
2402 707 2804 758 consummata
2849 707 2906 758 et
2957 703 3213 774 perfecta
3257 706 3362 770 est,
3419 704 3580 775 prius
3633 708 3708 758 est

2105 806 2278 858 quam
2306 794 2576 862 potestas,
2612 809 2737 863 quae
2788 794 2921 845 ante
2972 795 3164 845 actum
3206 795 3368 845 curta
3419 795 3478 845 et
3509 795 3595 845 est
3617 791 3709 846 im-

2102 878 2357 946 perfecta
2374 895 2385 932 :
2403 896 2528 948 qua:
2563 879 2820 950 quamvis
2834 883 3097 949 tempore
3118 879 3494 950 praecesserit,
3512 882 3708 934 natura

2103 968 2300 1019 tamen
2341 968 2494 1020 velut
2526 967 2718 1020 minus
2748 967 2967 1020 habens
2999 984 3032 1020 a
3060 967 3315 1038 perfecto
3347 967 3606 1021 deﬂuxit.

2173 1055 2257 1108 IX.
2289 1055 2415 1107 Alia
2444 1071 2596 1120 vero,
2651 1055 2858 1125 inquit,
2909 1071 3208 1126 nunquam
3247 1058 3381 1108 sunt
3432 1058 3584 1121 actu,
3615 1055 3705 1110 sed

2104 1145 2388 1212 potestate
2419 1143 2625 1196 solum.
2644 1143 2928 1196 Numerus
2947 1159 3200 1214 namque
3217 1145 3501 1213 potestate
3523 1142 3704 1196 infini-

2103 1234 2193 1284 tus
2225 1233 2336 1294 est;
2371 1231 2469 1284 sed
2488 1247 2616 1284 cum
2643 1230 2852 1284 dixeris
2879 1230 3214 1303 quemlibet,
3243 1233 3374 1285 actu
3398 1231 3593 1285 finitus
3609 1235 3707 1285 est.

2102 1319 2170 1370 Et
2191 1319 2260 1372 de
2285 1321 2544 1390 tempore
2565 1318 2768 1372 eadem
2789 1319 2935 1373 ratio
2969 1323 3071 1372 est.
3104 1319 3354 1387 Tempus
3384 1319 3541 1372 enim
3558 1322 3706 1390 pote-

2101 1409 2242 1460 state
2276 1405 2567 1459 infinitum
2614 1409 2724 1459 est:
2780 1406 2879 1460 sed
2930 1423 3059 1460 cum
3095 1405 3304 1461 dixeris
3336 1406 3514 1473 diem,
3547 1422 3704 1461 men-

2100 1511 2244 1562 sem,
2277 1511 2518 1560 annum,
2550 1495 2633 1547 vel
2665 1494 2819 1548 aliud
2853 1495 3170 1565 quodlibet,
3205 1499 3332 1549 actu
3354 1495 3584 1548 finitum
3607 1498 3702 1551 est.

2102 1583 2384 1636 Facienda
2407 1584 2492 1636 est
2519 1582 2693 1649 igitur
2725 1582 2933 1635 horum
2953 1581 3218 1636 omnium
3233 1583 3636 1651 descriptio,ut
3655 1585 3704 1636 et

2100 1669 2496 1740 figura,oculis
2512 1670 2789 1738 subjecta,
2823 1669 3027 1723 melius
3056 1669 3334 1742 praedicta
3363 1670 3702 1727 clarescant.

2100 1759 2160 1810 ln
2183 1759 2288 1811 hac
2311 1757 2500 1829 prima
2516 1755 2899 1827 descriptione
2931 1757 3071 1810 nihil
3095 1757 3249 1810 aliud
3274 1773 3447 1828 quam
3475 1761 3631 1810 actus
3652 1761 3705 1811 et

400 1852 553 1917 sunt,
580 1854 638 1904 et
665 1866 790 1921 qua
808 1867 841 1904 a
860 1850 1243 1920 generositate
1258 1866 1373 1903 suae
1394 1852 1614 1904 naturae
1637 1849 1994 1921 praecellunt,
2015 1837 2066 1898 B
2100 1845 2400 1916 potestatis
2422 1844 2794 1915 aequivocatio
2819 1844 3251 1899 demonstratur
3271 1861 3284 1900 :
3301 1846 3421 1900 solo
3437 1845 3597 1900 enim
3617 1861 3707 1898 no-

399 1939 459 1992 et
475 1937 610 2008 quia
627 1940 688 1992 ut
699 1937 946 2005 bonitas,
971 1942 1032 1992 ut
1051 1937 1228 1992 virtus
1240 1937 1486 2009 aequalia
1499 1941 1658 1993 sunt.
1692 1938 1784 1991 Est
1803 1939 1996 1990 autem

1474 3060 1487 3274 ι

2101 1933 2259 1988 mine
2304 1932 2653 2004 participant

2099 2279 2362 2294 ο*

1922 2137 2178 2189 Potestas

1241 2277 1522 2350 posterior
1552 2208 2012 2352 actu_\'—_'—1
2460 2273 2754 2352 arquivoca

1693 2347 1861 2400 Actus
2291 2349 2561 2415 potestas,
2594 2361 2719 2414 quae
2752 2347 2881 2396 actu
2925 2380 3083 2434 Plato
3115 2382 3318 2437 deﬁnit

2403 2469 2523 2504 esse
2552 2451 2747 2522 possit.

1969 2618 2076 2670 Res

1654 2799 1833 2850 genus
1875 2724 1936 2916 /
2107 2715 2169 2920 \
2195 2782 2439 2920 υῐὲὀὲε,

2325 2859 2374 2907 3".

2243 2853 2454 2924 cirris

1593 2928 1764 3062 Atitu's
2143 2927 2408 3063 Potes/tasI

1597 3003 1666 3056 :l
1723 3003 1882 3062 Ι...-
2397 3003 2676 3066 1....-

1597 3136 1795 3190 Cicero
1900 3040 1911 3283 ι
1956 3134 2171 3206 species
2204 3003 2336 3194 /
2382 3141 2607 3212 species
2683 3053 2700 3283 Ι

1638 3208 1738 3283 ΠΜ.
1924 3207 2195 3283 Potestas,
2245 3225 2371 3283 qua:
2489 3282 2506 3283 η

879 3207 1214 3261 Ciceronem
1252 3206 1487 3279 speciesl
1666 3208 1738 3262 M.
1900 3206 2195 3302 lPotestas,
2245 3225 2371 3279 qua:
2414 3206 2433 3212 ’
2683 3206 2697 3283 |
3061 3247 3100 3301 ϐ
3423 3248 3434 3260 .

883 3278 1169 3302 .J:-_.-i.._-
1361 3277 1719 3302 λγ,,.,.-,......ε..,.
1924 3280 2046 3302 ηηι.-
2067 3279 2377 3302 Ακ-....,--ξι
2485 3282 2740 3302 n-n-_r___
2800 3297 2913 3302 ---μ
3107 3264 3264 3302 enus.
3342 3265 3460 3302 am-

879 3278 1172 3350 disputare
1280 3278 1288 3279 “
1361 3278 1722 3332 Necessarias
1901 3278 2182 3374 Iactuesse
2197 3278 2404 3351 possit.
2483 3278 2762 3347 Potestas,
2792 3297 2918 3352 qua:
3000 3278 3135 3372 mgf
3143 3278 3462 3374 "3:165:51;

2487 3334 2768 3406 sanast
2808 3334 2924 3406 im
3000 3334 3117 3372 mal
3183 3334 3462 3390 ροιεειειιθ

2487 3423 2661 3459 mm”
3000 3389 3174 3444 homo
3217 3394 3322 3459 est,
3365 3391 3464 3445 sed

1929 3496 2150 3511 ~—

2486 3423 2684 3494 possit.

2360 3520 2370 3530 _
2486 3466 2684 3494 ²¹“’”“’”
3003 3476 3300 3534 nunquam
3317 3466 3464 3516 actu.

2163 3496 2174 3583 Ι
2221 3520 2438 3591 species

1404 3589 1415 3656 μ
1442 3583 1643 3655 ignem
1675 3583 1860 3638 calere
1969 3587 2093 3640 Non
2123 3583 2476 3647 necessarius

1193 3726 1412 3793 sedere,
1443 3727 1614 3780 stare.

1763 3742 1797 3778 a
1822 3730 2100 3797 potestate

2249 3749 2284 3787 a
2308 3736 2514 3788 natura
2659 3751 2872 3806 aquam
2901 3734 3198 3790 humidam

2829 3823 2967 3861 esse.

461 4101 532 4161 X.
567 4099 636 4154 Et
672 4099 744 4154 de
770 4099 1056 4171 potestate
1088 4095 1326 4170 quidem
1346 4094 1716 4151 manifestum
1731 4101 1836 4166 est,
1859 4099 1994 4172 quia
2015 4104 2061 4163 C
2091 4100 2340 4156 rendum
2379 4106 2464 4157 est
2508 4121 2776 4176 quaenam
2809 4105 2882 4159 sit
2911 4107 3162 4176 potestas
3211 4105 3520 4163 Rationalz's
3553 4108 3709 4164 diﬂ'c-

386 4191 642 4264 potestas
671 4186 903 4242 dicitur:
936 4190 1094 4241 actus
1120 4202 1254 4240 vero
1282 4185 1414 4240 ideo
1442 4187 1694 4256 potestas
1726 4188 1991 4244 nomina-

385 4279 503 4345 tur,
535 4275 671 4347 quia
695 4275 850 4346 quod
879 4277 982 4344 est,
1016 4291 1136 4328 esse
1154 4276 1365 4345 potest.
1397 4274 1593 4328 Altera
1621 4290 1754 4329 vero
1789 4275 1996 4330 descri-

381 4364 506 4437 ptio
539 4362 879 4418 divisionem
913 4363 1142 4435 generis
1182 4362 1458 4417 continet.
1514 4364 1608 4416 Est
1651 4363 1808 4417 enim
1839 4367 1996 4418 actus

384 4467 588 4524 genus.
621 4450 804 4520 Hujus
832 4451 1048 4523 species
1079 4454 1211 4505 sunt
1231 4451 1386 4506 dum:
1421 4451 1764 4514 necessaria,
1791 4454 1848 4504 et
1876 4469 1995 4507 non

383 4539 725 4595 necessaria.
770 4541 837 4593 Et
879 4541 949 4595 de
1003 4541 1320 4595 necessario
1370 4541 1610 4612 quidem
1664 4541 1882 4595 dictum
1913 4545 1997 4595 est

385 4627 542 4700 quod
567 4626 626 4680 in
655 4628 914 4698 supernis
947 4629 1299 4694 substantiis,
1329 4645 1675 4701 semperque
1696 4629 1754 4681 in
1780 4645 1883 4682 sua
1907 4628 1994 4682 in-

384 4715 653 4788 tegritate
681 4718 1050 4772 manentibus
1074 4718 1421 4773 inveniatur.
1459 4720 1583 4772 Non
1608 4717 1995 4772 necessarium

383 4820 517 4859 vero
549 4805 689 4859 duas
722 4822 789 4859 ex
839 4823 898 4860 se
936 4808 1150 4877 species
1180 4807 1401 4862 fundit:
1438 4807 1639 4871 altera,
1674 4822 1801 4876 quae
1834 4822 1866 4859 a
1890 4823 1992 4878 po-

380 4893 588 4948 testate
617 4893 691 4948 ad
712 4898 905 4949 actum
937 4897 1292 4966 pervenerit;
1319 4896 1525 4958 altera,
1547 4909 1674 4963 qum
1696 4910 1813 4947 non
1846 4911 1879 4947 a
1899 4911 1996 4965 po-

381 4983 610 5053 testate,
630 4983 730 5037 sed
746 4984 1160 5053 asubsistendi,
1187 4988 1396 5038 natura
1414 4981 1472 5033 in
1496 4985 1626 5034 actu
1643 4983 1994 5052 proruperit.

388 5069 443 5124 Si
471 5086 605 5125 vero
638 5087 768 5125 eam
797 5073 1069 5143 speciem,
1099 5089 1227 5144 quae
1264 5084 1564 5138 nunquam
1597 5073 1682 5122 est
1712 5073 1864 5137 actu,
1896 5073 1996 5127 sed

381 5160 503 5214 sola
531 5162 834 5229 potestate,
866 5162 924 5217 in
947 5160 1230 5235 superiori
1262 5157 1519 5212 formula
1534 5159 1878 5214 concludere
1901 5178 1992 5216 ve-

384 5247 577 5315 limus,
610 5252 671 5302 ut
715 5250 795 5304 ita
834 5252 1156 5322 partiamur
1194 5245 1418 5300 licebit:
1468 5262 1665 5301 rerum
1714 5248 1824 5302 alia
1862 5252 1998 5302 sunt

387 5339 545 5405 actu;
569 5337 680 5392 alia
710 5341 1016 5409 potestate,
1059 5338 1252 5390 actum
1291 5333 1683 5404 signiﬁcantes
1733 5353 1868 5391 cum
1900 5338 1998 5408 qui

381 5423 509 5480 loco
539 5427 768 5496 generis
792 5426 1008 5497 positus
1057 5427 1165 5480 est.
1213 5425 1564 5478 Potestatem
1597 5441 1730 5479 vero
1763 5441 1995 5478 rursum

383 5514 707 5571 dividamus
738 5514 797 5567 in
829 5528 962 5566 eam
993 5529 1120 5584 quas
1142 5515 1270 5566 actu
1301 5529 1422 5568 esse
1445 5514 1650 5584 possit;
1685 5516 1742 5566 et
1771 5513 1830 5568 in
1863 5530 1995 5568 eam

383 5621 512 5680 qua:
541 5616 841 5673 nunquam
855 5605 986 5657 actu
1003 5617 1124 5657 esse
1150 5602 1346 5673 possit.
1375 5601 1470 5657 His
1501 5601 1581 5656 ita
1605 5600 1820 5679 positis,
1844 5618 1996 5674 quaa‘

2092 4189 2326 4244 rentiaz:
2364 4194 2558 4245 utrum
2591 4209 2678 4259 ea,
2707 4210 2834 4265 quas
2866 4210 3168 4265 nunquam
3201 4195 3260 4250 in
3292 4199 3488 4249 actum
3511 4197 3705 4252 venire

2095 4277 2292 4347 possit,
2320 4295 2392 4331 an
2414 4295 2501 4347 ea,
2531 4297 2658 4350 quae
2686 4280 2743 4334 in
2759 4284 2952 4336 actum
2974 4283 3167 4336 venire
3187 4277 3518 4354 contingat;
3545 4285 3706 4356 quive

2095 4369 2254 4419 actus
2281 4381 2404 4421 cum
2429 4372 2735 4437 potestate,
2759 4369 2855 4441 qui
2904 4370 2962 4424 in
2997 4371 3177 4425 altera
3207 4371 3555 4440 differentia,
3583 4389 3704 4444 qua:

2095 4456 2207 4507 est:
2239 4453 2468 4510 Ratione
2497 4458 2596 4524 uti,
2641 4457 2988 4528 proponitur
3014 4459 3040 4512 ?
3096 4461 3222 4512 Isne
3255 4477 3428 4531 quem
3461 4465 3705 4531 potestas

2096 4543 2404 4611 praecedat,
2437 4560 2511 4598 an
2548 4545 2594 4598 is
2627 4562 2801 4616 quem
2833 4549 3086 4616 potestas
3132 4547 3476 4602 comitetur?
3514 4550 3703 4620 Longe

2097 4630 2253 4684 enim
2293 4631 2404 4686 alia
2443 4637 2527 4687 est
2581 4633 2728 4688 ratio
2758 4635 3058 4704 potestatis
3083 4637 3380 4706 sequentis
3407 4641 3626 4707 actum,
3657 4641 3708 4693 et

2096 4719 2207 4773 alia
2222 4722 2627 4790 praecedentis;
2650 4725 2995 4794 tantumque
3013 4724 3101 4778 haa
3116 4729 3428 4794 potestates
3445 4729 3704 4799 proprie-

2095 4811 2212 4863 tate
2242 4827 2358 4864 suze
2404 4814 2624 4864 naturze
2658 4810 2956 4881 disjunctaa
2988 4817 3141 4875 sunt,
3170 4817 3233 4867 ut
3262 4815 3360 4868 ubi
3391 4816 3568 4871 fuerit
3602 4833 3706 4871 una

2097 4913 2213 4952 non
2233 4898 2410 4969 possit
2431 4915 2551 4952 esse
2574 4900 2773 4954 altera.
2791 4901 2938 4971 Ergo
2964 4905 3049 4955 est
3068 4901 3126 4956 in
3145 4903 3316 4957 rebus
3338 4905 3706 4961 mutabilibus

2094 4988 2366 5057 potestas,
2417 5003 2545 5056 quae
2589 4991 2823 5042 vocatur
2884 4990 3224 5045 utrumlibet
3269 4993 3605 5062 praecedens
3654 4998 3706 5048 et

2095 5074 2466 5143 subsequens,
2502 5077 2566 5126 ut
2593 5076 2824 5146 quando
2856 5076 3050 5132 Cicero
3082 5079 3359 5148 ambulat,
3395 5084 3702 5152 antequam

2095 5161 2442 5228 ambularet,
2457 5165 2647 5231 potuit
2660 5165 2958 5220 ambulare
2973 5170 3030 5220 et
3043 5183 3160 5220 non
3176 5168 3564 5224 ambularezet
3578 5170 3704 5241 quia

2097 5249 2376 5312 ambulat,
2395 5253 2769 5322 consequitur
2791 5269 2924 5308 eum
2944 5255 3245 5309 ambulare
3258 5272 3446 5327 posse,
3468 5258 3570 5312 sed
3593 5273 3702 5312 non

2098 5353 2165 5392 ex
2191 5338 2560 5408 necessitate;
2584 5345 2778 5412 potest
2799 5343 2955 5397 enim
2987 5348 3184 5399 etnon
3209 5347 3610 5402 ambulare.ln
3623 5364 3703 5404 re-

2097 5426 2202 5482 bus
2233 5443 2364 5482 vero
2397 5429 2658 5498 supernis
2687 5435 2745 5484 et
2771 5431 3126 5503 simplicibus
3165 5451 3360 5490 rerum
3404 5436 3702 5492 elementis

2096 5517 2253 5570 nulla
2275 5519 2525 5586 potestas
2548 5518 2833 5588 reperitur
2845 5536 2971 5591 quae
2991 5521 3167 5592 possit
3197 5525 3556 5594 utrumlibet,
3601 5540 3700 5580 nec

2097 5621 2165 5660 ea
2193 5621 2320 5678 quae
2351 5606 2626 5676 praecedit
2671 5609 2884 5662 actum.
2919 5610 3069 5666 Inest
3089 5615 3285 5668 autem
3318 5630 3521 5671 eorum
3554 5613 3699 5672 actui
