3882 6230
168 435 252 492 ιθδ

1233 417 1325 476 DE
1354 418 1734 476 RATIONALI
1762 417 1845 474 ET
1870 417 2174 475 RATIONE
2201 415 2337 474 UTI.

3348 414 3448 470 I66

164 557 383 628 potestas
406 548 720 606 immobilis
765 550 824 602 et
866 547 998 612 fixa,
1024 561 1090 600 ac
1119 561 1224 618 per
1257 547 1367 601 hoc
1395 546 1734 613 necessaria,
1759 550 1811 608 Α
1839 561 1993 605 mur,
2042 560 2076 598 a
2127 541 2367 609 cmteris,
2401 556 2528 612 qum
2572 538 2652 593 uti
2693 555 2810 593 non
2850 540 3106 608 possunt,
3144 537 3466 592 differimus

165 659 274 716 quae
300 656 469 695 unum
501 637 683 709 possit
707 639 766 690 et
797 652 912 690 non
938 634 1296 689 utrumlibet.
1331 633 1474 698 Quia
1488 633 1642 688 enim
1656 634 1739 687 sol

165 732 416 794 movetur,
443 743 573 781 eum
598 723 823 780 moveri
841 739 1004 795 posse
1021 721 1391 776 manifestum
1406 725 1510 788 est,
1540 726 1596 775 et
1624 738 1739 775 non

167 816 355 873 moveri
388 830 499 868 non
513 829 682 883 posse
703 827 931 866 necesse
947 809 1271 880 est.thuia
1293 809 1526 862 diversis
1549 825 1744 863 rerum

171 902 466 977 generibus,
495 899 551 954 id
582 903 671 953 est
700 896 1073 952 mutabilibus
1095 899 1151 950 et
1183 896 1751 961 immutabilibus,di-

174 1007 338 1047 versas
364 990 677 1060 potestates
707 985 1094 1051 attribuimus,
1121 985 1502 1056 quaerendum
1542 988 1627 1037 est
1657 983 1754 1037 ubi

171 1076 482 1136 differentiae
509 1073 837 1140 Rationalis,
871 1075 928 1126 et
958 1071 1242 1126 Rationale
1269 1073 1356 1126 uti
1376 1071 1640 1126 collocari
1666 1088 1755 1126 va-

171 1169 308 1221 leant
322 1165 348 1218 ‘2

229 1251 476 1308 XLVideo
495 1253 694 1304 autem
722 1248 1086 1303 Rationalem
1107 1247 1494 1302 differentiam
1514 1247 1574 1302 in
1600 1263 1750 1302 sem-

173 1340 386 1414 piternis
417 1355 481 1394 ac
504 1335 842 1392 necessariis
872 1352 1015 1402 esse,
1069 1337 1126 1390 et
1155 1352 1398 1407 quorum
1433 1335 1751 1390 substantia

174 1444 441 1500 nunquam
470 1443 593 1482 esse
626 1425 873 1479 desinat.
902 1423 1315 1478 Substantiales
1342 1440 1570 1494 quoque
1587 1423 1749 1478 diffe-

169 1515 627 1586 rentiaa,itemque
640 1512 878 1584 species,
902 1513 960 1564 et
973 1527 1190 1582 genera
1205 1527 1434 1582 semper
1454 1515 1603 1564 sunt.
1627 1511 1753 1565 Alia

170 1606 283 1658 sunt
297 1603 523 1674 quidem
545 1617 748 1655 rerum
774 1600 1001 1665 formai,
1033 1601 1141 1663 vet,
1167 1599 1315 1652 utita
1336 1598 1601 1665 dixerim,
1635 1599 1749 1653 for-

173 1708 266 1746 mae
286 1691 634 1755 formarum;
670 1688 785 1742 alia
813 1689 945 1741 sunt
970 1688 1156 1753 actus;
1194 1685 1306 1740 alia
1331 1690 1464 1741 sunt
1484 1687 1750 1759 quaedam

169 1781 466 1850 potestates.
488 1779 587 1831 Est
608 1775 787 1847 igitur
813 1773 1119 1838 Rationale,
1149 1773 1288 1828 dum
1316 1777 1400 1828 est
1443 1774 1503 1828 in
1542 1776 1750 1829 intelli-

1854 635 1996 686 ltem
2027 633 2204 686 homo
2231 646 2459 700 semper
2481 627 2782 683 rationalis
2803 629 2907 692 est,
2928 642 3046 680 non
3075 628 3268 679 autem
3299 643 3456 680 sem-

1856 736 1961 790 per
1989 723 2171 774 utitur
2198 720 2449 772 ratione.
2481 719 2605 772 Non
2638 719 2723 770 est
2753 715 2932 785 igitur
2961 715 3191 768 ratione
3224 713 3302 766 uti
3325 714 3458 767 sub-

1852 807 2140 861 stantialis
2169 805 2519 861 differentia.

1927 895 2058 948 Xlll.
2087 893 2197 948 Sed
2212 894 2358 947 forte
2382 892 2660 963 quaeritur
2691 889 2828 960 quid
2871 890 2946 942 sit
2970 889 3080 943 hoc
3105 889 3333 959 ipsum:
3366 887 3465 944 Uti

1856 984 2080 1044 ratione,
2105 985 2162 1035 et
2177 981 2313 1052 quia
2324 981 2445 1032 haec
2464 978 2795 1033 differentia
2817 977 2890 1030 sit
2916 980 3164 1046 cognata
3186 976 3456 1030 differen-

1854 1071 1952 1124 tiae
1975 1069 2272 1122 rationali?
2322 1066 2465 1134 Quid
2490 1073 2582 1132 est,
2611 1065 2805 1136 inquit
2837 1065 3085 1131 Boetius,
3116 1065 3202 1118 uti
3226 1065 3458 1131 ratione,

1852 1159 1958 1211 nisi
1997 1158 2082 1211 uti
2118 1154 2488 1226 judicatione?
2521 1154 2690 1208 Omne
2718 1154 2858 1206 enim
2887 1167 3163 1207 commune
3199 1151 3346 1205 nobis
3384 1157 3458 1207 est

1853 1261 1975 1300 cum
2007 1247 2206 1299 caeteris
2231 1241 2637 1307 animantibus;
2663 1240 2779 1296 sola
2827 1242 3032 1294 ratione
3065 1240 3456 1311 disjungimur.

1854 1332 2018 1396 Quod
2067 1334 2115 1387 si
2144 1333 2264 1387 sola
2294 1347 2522 1403 quoque
2548 1329 2905 1400 judicatione
2938 1329 3091 1382 inter
3120 1345 3224 1383 nos
3252 1330 3311 1382 et
3348 1344 3458 1382 caa-

1851 1423 1976 1474 tera
2006 1419 2283 1475 animalia
2304 1423 2388 1473 est
2419 1419 2716 1485 distantia,
2749 1433 2850 1470 cur
2876 1417 3205 1471 dubitemus
3227 1415 3458 1472 Ratione

1853 1511 1936 1562 uti
1964 1509 2071 1562 hoc
2103 1507 2412 1578 csse,quod
2435 1510 2520 1560 est
2535 1506 3004 1576 utijudicatione
3029 1505 3058 1558 ‘l
3088 1504 3312 1568 Quodsi
3331 1505 3459 1575 quis

1853 1614 1920 1650 ex
1951 1597 2120 1651 rebus
2143 1598 2328 1663 tollat,
2353 1597 2643 1649 rationem
2666 1594 2921 1649 hominis
2939 1592 3256 1647 sustulerit:
3277 1592 3462 1647 homi-

1855 1686 1946 1739 nis
1976 1687 2203 1740 ratione
2234 1685 2476 1752 sublata,
2540 1700 2646 1738 nec
2696 1683 2820 1754 ipsa
2865 1698 3096 1754 quoque
3126 1682 3461 1735 humanitas

1853 1775 2239 1845 permanebit.
2274 1772 2335 1826 Si
2370 1773 2552 1844 igitur
2581 1772 2897 1825 secundum
2939 1771 3204 1825 Boetium
3234 1771 3460 1824 ratione

170 1865 538 1938 gibilibus,sub
571 1863 896 1918 necessaria
916 1861 1103 1932 specie
1126 1861 1542 1928 actus,ubinon
1574 1867 1659 1917 est
1686 1879 1754 1918 ea
1781 1857 1833 1916 B
1854 1863 1938 1916 uti
1964 1879 1998 1915 a
2025 1863 2246 1916 czeteris
2276 1860 2631 1915 animalibus
2657 1858 2998 1926 differimus,
3027 1860 3175 1912 Sicut
3194 1857 3463 1912 differen-

173 1957 396 2025 potestas
412 1969 538 2024 quze
557 1949 1117 2022 possitutrumlibet,
1147 1949 1247 2003 sed
1278 1965 1346 2004 ea
1376 1966 1502 2020 quze
1527 1950 1598 2004 sit
1620 1951 1750 2018 fixa,

172 2041 455 2095 immobilis
486 2043 545 2093 et
573 2037 920 2095 necessaria.
954 2035 1068 2090 Sed
1099 2036 1233 2106 quia
1266 2037 1389 2091 haec
1423 2037 1753 2108 intelligibi-

172 2127 255 2193 lia,
285 2128 412 2181 dum
444 2145 502 2182 se
532 2124 1008 2197 corruptibilibus
1038 2123 1348 2194 applicant,
1373 2129 1524 2180 tactu
1556 2142 1758 2196 corpo-

167 2230 278 2269 rum
314 2215 629 2282 variantur,
671 2215 972 2269 transeunt
1023 2210 1146 2264 haec
1195 2213 1392 2267 omnia
1439 2230 1634 2269 rursus
1684 2214 1756 2268 ad

170 2319 278 2356 eam
295 2306 643 2373 potestatem
700 2318 827 2372 qua:
872 2298 1047 2370 possit
1082 2299 1378 2368 pervenire
1409 2301 1482 2355 ad
1511 2306 1703 2356 actum
1739 2318 1752 2356 :

171 2391 314 2445 aliter
333 2392 486 2445 enim
512 2391 832 2454 Rationale,
855 2387 963 2453 vel,
991 2393 1052 2444 ut
1079 2390 1449 2445 universalius
1467 2390 1653 2443 dicam
1672 2407 1754 2457 us,

170 2481 314 2534 aliter
337 2497 551 2552 genera
578 2483 640 2534 ct
663 2480 900 2550 species,
933 2480 1295 2548 differentias,
1333 2478 1568 2549 propria
1589 2481 1758 2533 etac-

172 2567 394 2623 cidentia
439 2569 496 2622 in
533 2568 1055 2638 intellectibilibus,
1100 2570 1266 2624 aliter
1293 2568 1351 2622 in
1383 2568 1755 2622 naturalibus.

171 2657 222 2709 lu
257 2657 742 2712 intellectibilibus
784 2674 1014 2729 quoque
1045 2674 1241 2712 rerum
1269 2658 1473 2712 formae
1507 2660 1669 2725 sunt;
1700 2656 1759 2710 in

172 2744 602 2816 intelligibilibus
635 2746 752 2800 alia
771 2750 904 2801 sunt
922 2747 1155 2818 quidem
1180 2746 1490 2817 passiones;
1507 2745 1763 2799 aliasunt

175 2839 324 2888 artus.
349 2836 489 2890 Nam
505 2835 795 2906 quoniam
814 2835 868 2889 in
889 2835 1420 2902 auimaversantur,
1440 2835 1578 2890 dum
1596 2834 1765 2888 intel-

174 2921 403 2992 liguntur
431 2924 652 2978 anima:
679 2924 973 2995 passiones
994 2928 1153 2992 sunt;
1182 2924 1316 2995 quia
1336 2924 1526 2978 omnis
1549 2923 1767 2978 intelle-

175 3014 276 3065 ctus
289 3012 487 3067 animae
524 3015 617 3067 est
639 3011 848 3084 passio.
870 3014 1015 3067 Dum
1041 3029 1173 3068 vero
1201 3015 1468 3067 accurato
1488 3012 1769 3082 perfecto-

175 3116 270 3171 que
289 3101 466 3156 studio
490 3102 563 3155 ad
591 3100 898 3154 scientiam
931 3101 1352 3167 veniunt,actus
1370 3101 1579 3155 animae
1602 3104 1765 3169 sunt;

174 3188 290 3259 quia
323 3189 507 3243 omnis
537 3188 788 3243 scientia
809 3189 1016 3243 anima:
1036 3193 1194 3243 actus
1214 3189 1608 3246 est.Rationale
1630 3205 1767 3260 ergo

176 3276 321 3329 aliter
350 3277 406 3331 in
441 3276 808 3348 sempiterna
836 3277 1025 3348 specie
1068 3278 1321 3332 hominis
1352 3277 1766 3345 consideratur,

175 3362 273 3417 sive
289 3365 848 3420 inintellectibilibus
876 3365 990 3420 sive
1011 3365 1487 3436 intelligibilibus,
1516 3365 1682 3419 aliter
1710 3366 1768 3420 in

175 3454 525 3508 naturalibus.
561 3452 652 3507 Ibi
678 3453 903 3519 formae,
930 3454 1018 3507 vel
1044 3457 1200 3507 actus
1230 3452 1566 3523 sempiterni
1606 3457 1766 3522 sunt;

173 3537 252 3593 hic
273 3545 512 3611 potestas
553 3557 692 3613 quae
725 3540 798 3595 ad
828 3543 1019 3595 actum
1073 3540 1377 3611 pervenire
1430 3540 1627 3612 possit,
1682 3543 1765 3609 ut,

175 3629 425 3698 quoniam
454 3630 662 3684 Cicero
699 3628 873 3682 homo
915 3633 1021 3696 est,
1075 3630 1250 3683 homo
1295 3644 1426 3682 vero
1473 3628 1770 3684 rationalis

176 3714 377 3786 dicitur,
409 3717 619 3773 Cicero
644 3716 968 3785 rationalis,
1013 3717 1169 3790 quod
1197 3716 1425 3772 ratione
1458 3716 1537 3772 uti
1569 3717 1766 3788 possit,

176 3802 227 3858 id
252 3809 347 3874 est,
377 3824 508 3862 eum
540 3809 745 3861 actum
775 3822 1058 3873 exercere,
1087 3806 1223 3879 quia
1250 3805 1404 3860 venit
1425 3822 1457 3859 a
1480 3809 1769 3877 potestate

176 3908 286 3964 quae
312 3898 392 3950 est
422 3896 497 3950 ad
537 3894 919 3963 utrumlibet;
951 3898 1142 3966 potest
1172 3894 1327 3948 enim
1349 3894 1546 3949 Cicero
1572 3894 1654 3948 uti
1679 3912 1772 3949 ra-

175 3981 334 4052 tione,
361 3996 416 4039 et
453 3986 654 4055 potest
681 3999 798 4037 non
838 3984 940 4037 uti.
990 3985 1139 4054 Ergo
1172 3983 1306 4054 quia
1335 3983 1649 4038 Rationalis
1670 3985 1774 4039 dif-

175 4069 398 4126 ferentia
428 4071 898 4127 substantialiter
919 4071 1068 4126 inest
1097 4071 1379 4138 Ciceroni,
1410 4073 1497 4125 vel
1526 4072 1775 4138 homini,

180 4159 382 4215 ratione
406 4163 614 4216 autem
651 4159 731 4213 uti
787 4159 1241 4228 accidentaliter,
1292 4160 1498 4215 merito
1546 4159 1777 4216 Ratione

178 4250 250 4301 uti
294 4249 496 4305 dicitur
541 4248 853 4322 praedicari
885 4248 956 4303 de
986 4247 1284 4316 Rationali,
1316 4253 1594 4321 tanquam
1628 4251 1775 4305 acci-

179 4335 303 4392 dens
331 4338 399 4392 de
427 4339 696 4409 subjecto
726 4351 741 4390 :
773 4337 926 4408 quod
957 4337 1114 4392 enim
1145 4337 1326 4403 adest,
1361 4340 1418 4391 et
1449 4339 1608 4393 abest
1638 4354 1780 4409 prte-

1852 1950 1937 2004 tia
1957 1950 2248 2016 rationali,
2271 1950 2421 2020 juste
2442 1947 2674 2003 Ratione
2706 1949 2789 2000 uti
2819 1946 2892 2000 ad
2913 1946 3197 2000 Rationale
3224 1945 3463 1999 velutad

1855 2042 2162 2108 cognatam
2221 2038 2327 2091 sibi
2387 2035 2778 2089 differentiam
2826 2035 3194 2101 praedicatur,
3227 2035 3286 2086 et
3308 2034 3463 2087 velut

1856 2125 2121 2180 accidens
2147 2126 2217 2179 de
2249 2124 2526 2194 subjecto,
2567 2124 2692 2176 sine
2719 2137 2832 2193 quo
2865 2138 2986 2175 esse
3018 2137 3135 2176 non
3168 2121 3368 2191 possit.
3400 2120 3466 2175 Si

1857 2213 2014 2268 enim
2045 2215 2211 2267 tollas
2231 2213 2576 2282 subjectum,
2606 2211 2666 2264 id
2688 2214 2773 2263 est
2797 2210 3106 2275 rationale,
3147 2224 3323 2262 nemo
3353 2207 3469 2262 erit

1859 2303 1958 2374 qui
1985 2309 2174 2358 utatur
2205 2303 2428 2354 ratione.
2459 2299 2624 2362 Quod
2666 2299 2712 2352 si
2765 2297 3033 2352 accidens
3062 2297 3250 2363 tollas,
3290 2296 3351 2351 id
3381 2299 3467 2350 est

1866 2390 1962 2446 Uti
1981 2393 2210 2457 ratione,
2233 2406 2349 2444 non
2374 2389 2589 2442 idcirco
2621 2387 2968 2456 subjectum,
2998 2385 3056 2440 id
3086 2388 3173 2440 est
3190 2385 3459 2441 Rationa-

1859 2479 1923 2546 le,
1956 2480 2250 2533 sustulisti.
2291 2479 2482 2531 Potest
2513 2476 2674 2529 enim
2724 2475 2898 2528 homo
2963 2490 3084 2527 esse
3140 2473 3239 2544 qui
3285 2474 3468 2527 etiam

1861 2566 2156 2622 dormiens
2181 2564 2474 2622 Rationale
2502 2571 2596 2631 est,
2620 2563 2722 2617 sed
2753 2578 2870 2617 non
2895 2563 3069 2614 utitur
3099 2563 3321 2616 ratione.

1929 2655 2058 2709 XIV.
2108 2655 2220 2709 Sed
2270 2655 2368 2726 qui
2400 2653 2770 2725 praedicatur,
2828 2651 3119 2721 inquiunt,
3161 2649 3466 2716 terminus,

1863 2744 2071 2814 major,
2095 2745 2181 2797 vel
2202 2759 2398 2814 aequus
2421 2742 2590 2796 debet
2617 2756 2738 2794 esse
2778 2739 3032 2809 subjecto
3065 2756 3078 2794 :
3112 2741 3176 2792 ut
3201 2753 3334 2793 vero
3357 2740 3467 2793 mi-

1865 2849 1975 2888 nor
1988 2831 2205 2899 sit,esse
2218 2847 2333 2885 non
2347 2829 2796 2900 potest.Videtur
2808 2830 3003 2882 autem
3017 2828 3252 2884 Ratione
3276 2829 3359 2880 uti
3367 2826 3472 2881 mi-

1868 2939 1974 2975 nus
2002 2937 2124 2974 esse
2154 2919 2434 2976 Rationali
2461 2935 2473 2972 :
2498 2918 2780 2972 rationale
2821 2932 3076 2988 namque
3120 2919 3305 2970 totam
3338 2933 3470 2987 spe-

1869 3012 2021 3064 ciem
2051 3009 2328 3070 hominis,
2356 3009 2443 3062 vel
2475 3008 2576 3061 Dei
2605 3006 3050 3077 comprehendit
3076 3013 3090 3061 :
3114 3005 3345 3061 Ratione
3370 3021 3469 3059 au-

1870 3103 1986 3153 tem
2043 3101 2122 3152 uti
2181 3115 2297 3153 non
2331 3112 2555 3163 omnes,
2579 3097 2678 3149 sed
2705 3111 2801 3149 eos
2831 3097 3060 3149 tantum
3101 3096 3200 3166 qui
3226 3094 3472 3149 rationis

1870 3192 2059 3242 actum
2089 3190 2374 3244 exercent.
2426 3185 2716 3248 Quoniam
2765 3200 2904 3254 ergo
2936 3184 3131 3237 minus
3165 3182 3236 3237 de
3272 3182 3472 3253 majori

1869 3276 2295 3349 prtedicabitur,
2323 3276 2478 3327 locus
2507 3273 2598 3327 hic
2633 3274 2911 3327 admonet
2926 3276 2986 3326 ut
3003 3272 3072 3326 dc
3097 3275 3304 3326 natura
3325 3288 3467 3342 prte-

1871 3365 2174 3419 dicationis
2195 3378 2376 3435 pauca
2401 3363 2682 3416 dicantur.
2725 3363 2920 3415 Potest
2957 3361 3117 3414 enim
3144 3360 3332 3415 videri
3355 3376 3475 3416 nou

1871 3453 2038 3507 nullis
2067 3454 2189 3505 haec
2209 3452 2472 3505 dubietas
2493 3450 2554 3503 in
2574 3451 2702 3503 aliis
2721 3448 3323 3519 praedicationibus,ut
3343 3465 3476 3504 cum

1871 3541 2123 3596 dicimus
2167 3557 2180 3593 :
2235 3540 2386 3592 homo
2424 3537 2766 3608 philosophus
2804 3543 2925 3590 est:
2957 3537 3133 3590 homo
3189 3537 3477 3606 subjectus

1870 3629 2152 3684 terminus
2183 3631 2267 3681 est
2288 3645 2302 3695 ;
2336 3625 2708 3697 philosophus
2730 3624 3099 3695 praedicatus,
3123 3639 3228 3677 nec
3249 3624 3472 3679 videtur

1869 3735 2035 3792 posse
2055 3714 2657 3789 azquari.Praedicatur
2687 3714 2970 3767 terminus
2986 3711 3055 3765 de
3081 3711 3476 3782 subjecto,sed

1869 3810 2056 3864 multo
2086 3807 2281 3862 minor
2312 3808 2416 3859 est.
2442 3805 2568 3859 Non
2600 3803 2759 3856 enim
2779 3817 2981 3855 omnes
3001 3800 3271 3854 homines
3285 3800 3477 3872 philo-

1873 3895 2040 3970 sophi
2101 3899 2253 3952 sunt.
2288 3895 2400 3950 Sed
2435 3893 2544 3948 hoc
2573 3892 2744 3947 modo
2793 3891 2877 3944 vis
2904 3889 3334 3962 praedicationis
3359 3905 3477 3946 non

1875 3991 2028 4044 recte
2058 3985 2358 4056 accipitur;
2392 3983 2456 4036 fit
2473 3983 2634 4036 enim
2663 3979 3001 4052 praedicatio
3033 3979 3118 4032 vel
3143 3977 3479 4035 substantia;

1877 4079 1947 4133 de
1970 4076 2308 4141 substantia,
2340 4072 2630 4126 utzhomo
2663 4069 2880 4125 animal
2905 4071 3024 4136 est;
3058 4070 3157 4122 aut
3173 4067 3483 4124 accidentis

1878 4167 1947 4221 de
1975 4163 2279 4229 accidenti,
2315 4165 2375 4215 ut
2410 4177 2422 4214 :
2452 4158 2748 4214 dialectica
2793 4157 3035 4212 scientia
3063 4160 3182 4225 est;
3214 4161 3313 4211 aut
3341 4159 3482 4214 acci-

1878 4255 2067 4310 dentis
2097 4253 2167 4307 de
2189 4250 2533 4317 substantia,
2567 4251 2630 4303 ut
2662 4264 2675 4302 :
2703 4248 2880 4303 homo
2905 4247 3067 4301 albus
3087 4250 3190 4301 est.
3218 4248 3362 4302 Item
3387 4263 3481 4304 ac-

1876 4343 2073 4398 cidens
2093 4357 2223 4395 cum
2254 4339 2563 4411 sempersit
2581 4339 2641 4392 in
2666 4336 3267 4409 subjecto,subjectum
3291 4339 3486 4392 autem

177 4426 258 4478 ter
279 4427 512 4498 subjecti
547 4425 1012 4497 corruptionem,
1053 4425 1320 4480 accidens
1380 4429 1484 4480 est.
1542 4426 1848 4493 RationeD
1876 4432 1952 4487 sit
2005 4445 2234 4502 semper
2286 4427 2629 4494 universale,
2677 4429 2776 4480 aut
2805 4426 3174 4496 particulare,
3220 4425 3484 4480 accidens

183 4516 358 4569 autem
387 4519 470 4569 uti
490 4515 568 4570 ab
597 4513 835 4569 homine
843 4515 964 4580 ,vel
991 4515 1255 4581 Platone,
1295 4516 1353 4568 et
1378 4514 1447 4569 de
1475 4513 1778 4572 Rationali-

182 4601 276 4656 bus
299 4604 417 4659 sine
456 4604 706 4675 subject.
741 4603 1109 4675 corruptione
1139 4604 1336 4658 abesse
1368 4604 1627 4658 videmus
1655 4621 1666 4659 :
1693 4622 1778 4661 ac-

181 4691 357 4749 cidens
386 4694 567 4767 igitur
594 4697 684 4748 est
711 4692 946 4748 Ratione
975 4696 1072 4747 uti.
1104 4693 1364 4764 Amplius
1395 4711 1412 4746 :
1440 4693 1669 4748 Ratione
1699 4697 1781 4750 uti

179 4779 352 4838 facere
383 4789 502 4852 est;
539 4783 642 4855 qui
665 4784 821 4837 enim
852 4783 1074 4837 ratione
1112 4784 1313 4845 utitur,
1365 4783 1581 4855 aliquid
1637 4785 1776 4856 agit,

180 4867 232 4923 id
259 4875 358 4938 est,
410 4872 734 4945 quemdam
763 4875 953 4926 actum
981 4871 1369 4927 ratiocinandi
1401 4877 1646 4928 exercet.
1673 4873 1779 4928 Fa-

180 4973 282 5014 cere
305 4966 495 5018 autem
525 4979 713 5017 unum
744 4979 811 5016 ex
841 4962 1290 5033 generalissimis
1311 4963 1622 5032 generibus
1641 4965 1780 5018 acci-

189 5046 429 5104 dentium
458 5055 549 5106 est
581 5067 592 5105 :
625 5051 802 5121 igitur
830 5050 925 5104 Uti
961 5052 1166 5104 ratione
1196 5051 1461 5105 accidens
1492 5055 1595 5106 est.

244 5136 343 5191 XII.
378 5138 490 5194 Sed
527 5139 688 5210 quod
715 5138 1000 5192 Rationali
1028 5138 1268 5206 accidat,
1316 5139 1396 5193 ita
1441 5141 1729 5212 colligitur
1763 5158 1775 5195 :

186 5226 324 5294 quod
341 5225 629 5284 Rationale
649 5229 754 5293 est,
773 5227 1008 5282 Ratione
1031 5231 1110 5282 uti
1125 5231 1317 5299 potest
1346 5245 1360 5296 ;
1409 5229 1565 5300 quod
1586 5233 1780 5284 autem

185 5309 395 5369 Ratione
423 5319 507 5371 uti
528 5320 744 5388 potest,
775 5316 998 5371 ratione
1027 5317 1234 5372 utitur:
1265 5333 1402 5388 ergo
1441 5316 1674 5373 Ratione
1702 5321 1786 5373 uti

187 5396 452 5458 Rationali
466 5404 700 5471 accidit,
733 5404 1191 5477 praedicaturque
1212 5404 1440 5460 Ratione
1460 5408 1542 5460 uti
1571 5407 1641 5461 de
1668 5407 1782 5461 Ra-

192 5490 528 5549 tionalivelut
549 5495 624 5550 ad
650 5499 959 5564 cognatam
982 5495 1087 5550 sibi
1106 5494 1512 5550 differentiam.
1544 5496 1783 5550 Utenim

191 5579 440 5637 rationali
453 5581 828 5639 differentiae
841 5583 1058 5639 caeteris
1079 5584 1443 5653 animalibus,
1462 5601 1590 5656 quae
1606 5586 1784 5640 ratio—

195 5668 392 5728 nabilia
412 5690 529 5730 non
548 5674 713 5741 sunt,
747 5672 1039 5745 distamus,
1064 5674 1146 5731 ita
1179 5690 1248 5730 eo
1270 5673 1405 5747 quia
1426 5673 1650 5730 ratione
1673 5673 1779 5729 uti-

1877 4536 2105 4593 quoque
2135 4517 2450 4573 secundum
2473 4515 2711 4586 subjecti
2730 4517 2999 4569 naturam
3019 4516 3118 4568 aut
3135 4514 3485 4569 crituniver—

1876 4605 2830 4680 sale,autparticulare,utscientia:
2865 4620 2996 4658 cum
3048 4603 3121 4658 sit
3163 4604 3483 4660 universale

1879 4698 2140 4752 accidens
2162 4697 2250 4768 (de
2278 4695 2470 4750 multis
2515 4694 2675 4749 enim
2724 4692 3114 4766 praedicatur),
3143 4709 3274 4747 cum
3306 4697 3390 4747 est
3421 4693 3482 4746 in

1879 4788 2136 4852 Platone,
2169 4784 2530 4857 particularis
2578 4787 2663 4838 est
2712 4787 2768 4836 et
2799 4783 3115 4849 individua,
3171 4783 3316 4835 sicut
3366 4780 3483 4850 ipse

1877 4876 2064 4941 Plato;
2100 4891 2230 4928 cum
2257 4878 2450 4928 autem
2481 4872 2826 4945 preponitur
2857 4887 2976 4924 esse
2999 4867 3401 4932 inhomine,in
3420 4883 3482 4921 re

1878 4964 2093 5018 seilicct
2139 4963 2465 5029 universali,
2498 4961 2839 5030 intelligitur
2869 4963 2927 5012 et
2978 4957 3099 5027 ipsa
3130 4955 3481 5022 universalis,

1879 5057 1942 5106 ut
1974 5070 1986 5107 :
2020 5054 2349 5106 liomo’scwns
2378 5059 2469 5106 est.
2495 5052 2561 5104 Et
2591 5066 2802 5114 rursus,
2839 5045 3119 5115 quoniam
3167 5041 3486 5098 accidentia

1879 5141 2278 5214 principaliter
2306 5143 2366 5195 in
2394 5138 2704 5195 individuis
2723 5132 3184 5203 considerantur,
3221 5131 3280 5186 id
3308 5135 3394 5186 est
3426 5133 3484 5187 in

1880 5232 2087 5304 primis
2114 5229 2497 5294 substantiis;
2549 5225 2758 5278 idcirco
2806 5221 2967 5275 enim
3025 5237 3151 5292 ipsa
3191 5221 3487 5277 individua

1880 5324 2085 5392 prima:
2113 5319 2444 5372 substantia}
2477 5315 2766 5379 dicuntur,
2800 5311 2915 5364 sive
2945 5311 3099 5382 quod
3119 5312 3378 5383 ipsorum
3395 5327 3490 5366 ac-

1882 5409 2202 5464 cidentium
2225 5403 2544 5474 susceptiva
2564 5403 2716 5468 sunt,
2744 5400 2861 5454 sive
2880 5416 3018 5470 quia
3032 5403 3225 5472 prima
3237 5400 3311 5455 ad
3336 5401 3491 5455 noti-

1884 5499 2026 5553 tiam
2057 5494 2470 5562 veniunt.Ergo
2498 5491 2609 5543 erit
2633 5505 2836 5544 eorum
2854 5489 3176 5545 intellectus
3205 5491 3269 5546 in
3295 5506 3491 5545 secun-

1885 5586 1968 5640 dis
1993 5584 2328 5639 substantiis
2347 5578 2663 5636 secundum
2698 5582 2968 5634 naturam
3007 5579 3333 5651 primarum
3363 5579 3490 5634 sub-

1883 5673 2250 5736 stantiarum,
2280 5675 2343 5728 ut
2369 5688 2383 5728 :
2417 5668 2695 5743 quoniam
2723 5668 2980 5725 calvities
3016 5669 3080 5725 in
3110 5669 3342 5728 Socrate
3387 5671 3493 5737 cst,
