3882 6230
370 458 472 518 167

968 430 1324 495 8ῐΙΝΕ8ΤΒῙ
1349 432 1397 487 ll
1424 427 1630 487 PAPIE
1668 420 1802 484 OPP
1825 468 1839 483 .
1871 420 1986 480 PAI

2148 453 2213 464 —
2261 422 2352 481 DE
2390 420 2748 485 DISCIPLIN.
2777 427 3080 486 MATHEM.

3593 432 3702 488 168

369 575 590 631 dicetur
625 565 891 623 Socrates
942 558 1169 621 calvus;
1214 556 1273 609 et
1322 551 1457 626 quia
1488 550 1753 605 Socrates
1798 546 1974 601 homo
1997 537 2055 599 Α
2079 547 2338 618 est.Ergo
2358 546 2591 603 Ratione
2613 549 2712 614 uti,
2747 548 3023 620 quoniam
3053 548 3453 605 universaliter
3481 550 3701 623 praedi-

362 666 469 731 est,
497 661 555 715 et
585 653 821 719 animal,
879 652 937 703 et
993 641 1330 731 substantia,
1366 640 1586 731 dicetur
1616 651 1843 731 quoque
1873 633 1974 731 So-

364 722 549 807 crates
577 748 636 802 et
661 745 841 799 homo
872 737 1083 801 calvus,
1138 733 1196 786 et
1226 729 1445 785 animal
1469 728 1711 790 calvum,
1741 727 1799 777 et
1818 722 1975 777 subs-

365 836 549 894 tantia
577 833 755 888 calva.

435 960 542 1017 XV.
570 959 683 1012 Nec
711 954 876 1027 putet
910 965 1007 1004 me
1043 943 1247 1017 aliquis
1290 943 1401 996 hoc
1456 940 1599 994 velle
1628 937 1974 1027 signiﬁcare,

368 1054 433 1107 ut
461 1026 760 1104 minorum
788 1034 1121 1111 praedicatio
1148 1029 1437 1086 redundet
1462 1026 1534 1082 ad
1551 1026 1775 1095 majora
1798 1042 1812 1092 ;
1846 1040 1973 1078 cum

366 1136 595 1207 majora
622 1143 854 1200 semper
882 1124 953 1179 de
984 1114 1725 1188 minoribusprindicentur,
1748 1111 1980 1165 minora

367 1228 439 1282 de
461 1200 576 1293 ξιιεῄ
586 1220 779 1277 oribus
792 1226 1113 1284 nunquam.
1138 1205 1305 1263 Aliud
1316 1208 1422 1271 est,
1440 1201 1742 1293 general-ia
1752 1200 1978 1293 des-pe-

367 1286 604 1369 cialibus
631 1305 946 1381 praedicare
970 1318 985 1369 ;
1021 1298 1276 1366 itemque
1302 1290 1567 1381 specialia
1584 1289 1655 1381 de
1673 1286 1979 1381 individuis

366 1403 482 1458 sive
515 1399 577 1454 in
608 1374 1060 1469 praedicamento
1091 1380 1444 1446 substantiae,
1477 1377 1591 1432 sive
1622 1376 1679 1430 in
1713 1374 1976 1429 acciden-

364 1491 511 1545 tium
539 1465 1007 1558 priedicamentis
1034 1469 1352 1529 secundum
1394 1465 1840 1558 uniuscujusque
1874 1477 1977 1558 na:

367 1549 598 1642 turam;
626 1575 915 1641 longeque
942 1562 1116 1629 aliud,
1154 1563 1423 1614 naturam
1484 1552 1867 1610 accidentium
1908 1549 1982 1642 ad

368 1638 701 1722 substantia:
731 1638 947 1712 referre
970 1647 1412 1723 proprietatem.
1446 1642 1529 1698 Ibi
1544 1656 1774 1713 quoque
1794 1638 1983 1693 consi-

371 1750 592 1809 deratio
626 1749 731 1813 est,
764 1758 891 1816 quae
924 1734 1263 1801 substantia,
1299 1734 1369 1788 de
1409 1748 1525 1804 qua
1552 1726 1893 1816 substantia,
1926 1728 1985 1779 et

372 1839 528 1914 quod
558 1814 840 1897 accidens,
900 1828 970 1883 de
1001 1840 1128 1914 quo
1153 1818 1439 1914 accidenti
1466 1816 1840 1914 praedicetur,
1874 1814 1983 1914 hoc

369 1899 663 2001 quomodo
685 1936 745 1976 se
773 1917 986 1972 habeat
1014 1910 1289 2001 accidens
1298 1903 1904 2001 ad_substantia_m,.et‘
1924 1899 1983 1997 in

368 1986 484 2091 qua
510 2011 764 2085 primum
794 2001 1141 2091 reperiatur,
1169 2001 1232 2052 ut
1259 1997 1328 2091 de
1361 1993 1618 2091 Socratis
1646 1990 1865 2046 calvitie

369 2075 588 2163 dictum
612 2098 716 2153 est.
750 2094 944 2163 Neque
995 2088 1156 2143 enim
1201 2084 1337 2157 quia
1394 2081 1677 2147 Socrates,
1740 2093 1874 2132 cum
1910 2075 1984 2129 sit

368 2196 578 2257 calvus,
604 2187 863 2253 itemque
893 2193 1025 2233 cum
1052 2176 1126 2230 sit
1151 2175 1353 2238 homo,
1386 2173 1473 2225 est
1512 2168 1776 2257 Socrates
1804 2166 1982 2257 homo

370 2252 716 2346 calvus,ideo
734 2252 924 2325 omnis
939 2267 1116 2320 homo
1136 2263 1325 2318 calvus
1339 2262 1445 2325 est,
1470 2256 1621 2328 quod
1642 2272 1708 2346 ex
1723 2252 1986 2346 proposi-

370 2342 596 2428 tionum
609 2361 734 2419 aliae
765 2358 900 2411 sunt
928 2351 1296 2415 universales,
1334 2350 1398 2401 ut
1431 2346 1636 2401 :omnis
1668 2343 1822 2396 homo
1865 2342 1983 2428 anis

370 2427 485 2516 mal
502 2461 576 2511 est
592 2479 609 2519 ,-
649 2450 775 2510 alia:
803 2442 1197 2521 particulares,
1224 2440 1288 2491 ut
1315 2451 1328 2490 :
1354 2432 1575 2506 quidam
1611 2431 1764 2521 homo
1781 2427 1985 2521 animal

370 2558 465 2614 est;
487 2515 615 2603 alite
641 2515 1083 2600 indeﬁnitee,ut:
1107 2529 1260 2582 homo
1281 2521 1597 2614 animal‘est.
1623 2518 1679 2573 Si
1702 2534 1839 2614 ergo

370 2604 662 2693 versalitas
691 2644 796 2701 per
825 2642 886 2680 se
914 2622 1099 2694 ipsam
1135 2616 1195 2670 in
1223 2609 1689 2685 propositionum
1720 2604 1987 2701 terminis

373 2725 612 2789 valeret,
641 2695 1160 2775 determinationes
1183 2699 1505 2757 universale
1534 2695 1989 2789 determinantes

374 2782 733 2869 additae'non
758 2801 1022 2858 fuissent.
1054 2795 1198 2850 Cum
1219 2788 1377 2845 enim
1391 2785 1708 2842 universale
1731 2782 1986 2849 sit/mmo,

376 2893 863 2958 determinatione
890 2884 1149 2959 apposita
1176 2876 1515 2952 exprimitur
1541 2876 1733 2928 utrum
1760 2870 1987 2926 univer-

377 2989 594 3054 saliter,
618 3001 692 3040 an
723 2973 1145 3054 particulariter
1172 2970 1233 3025 in
1272 2963 1676 3054 propositione,
1699 2961 1989 3054 prolatum

376 3079 469 3136 sit.
502 3047 1028 3133 De'teruiinationes
1079 3062 1274 3116 autem
1313 3056 1448 3111 sunt
1479 3069 1493 3108 :
1531 3052 1720 3115 omnis,
1741 3047 1922 3104 nullus
1942 3052 1992 3100 et

376 3165 616 3244 quidam.
642 3162 786 3218 Cum
818 3171 954 3228 ergo
987 3148 1307 3244 universale
1335 3144 1407 3200 sit
1417 3144 1595 3244 nemo,
1615 3139 1775 3244 nuila
1798 3138 1994 3244 deter-

379 3226 702 3315 ;ninatione
726 3226 1005 3309 adhibita,
1038 3254 1170 3294 cum
1200 3237 1271 3291 de
1300 3250 1369 3289 eo
1402 3231 1619 3289 dixeris
1648 3245 1662 3284 :
1687 3229 1840 3283 homo
1868 3226 1994 3297 phi-

381 3344 619 3417 losophus
635 3346 730 3409 est,
765 3335 923 3392 nulla
951 3327 1260 3387 necessitas
1289 3322 1444 3417 cqgit
1472 3316 1720 3417 intelligi
1732 3330 1994 3417 “omnem

376 3403 681 3493 hominem
709 3403 1116 3500 philosophum
1152 3431 1295 3471 esse.
1329 3411 1472 3466 Cum
1521 3407 1682 3462 enim
1731 3403 1995 3503 chrates

381 3495 754 3598 philosophus
782 3512 875 3580 sit,
905 3509 1177 3598 idemque
1197 3502 1271 3557 sit
1289 3500 1492 3598 hamo,
1511 3509 1713 3598 verum
1728 3495 1994 3598 erit,cum

384 3581 635 3669 dixeris}
671 3603 827 3659 homo
847 3593 1187 3670 philosophus
1211 3594 1304 3644 est.
1334 3587 1484 3657 Ergo
1515 3581 1832 3638 indefinite:
1858 3593 1995 3670 pro-

380 3666 694 3774 positiones
740 3666 869 3763 quee
915 3680 1236 3741 universale
1268 3676 1589 3747 subjectum
1613 3670 1853 3774 hanbent,
1880 3666 1996 3766 vim

383 3760 689 3847 continent
715 3760 1151 3853 particularium
1164 3763 1649 3840 propositionum.
1671 3760 1813 3853 cum
1838 3760 1995 3812 enim

385 3846 513 3937 dico
545 3891 561 3931 :
593 3846 748 3932 homo
763 3860 1107 3940 philosophus
1162 3861 1257 3922 est,
1314 3853 1428 3907 tale
1485 3852 1574 3940 est
1607 3865 1673 3903 ac
1699 3846 1993 3940 si-propo-

382 3934 527 4027 nam
557 3981 574 4019 :
600 3934 820 4037 quidam
839 3954 992 4010 homo
1010 3943 1349 4037 philosophus
1379 3946 1472 4037 es_t.
1497 3939 1566 4037 iit
1593 3935 1870 4037 quoniam
1886 3934 1997 4037 RE-

387 4020 977 4113 wtt'ofnalis‘diﬁ'erentia,
1010 4020 1142 4091 cum
1168 4032 1239 4088 de
1279 4046 1348 4085 ea
1400 4028 1634 4087 Ratione
1684 4025 1768 4078 uti
1791 4020 1999 4113 praedi-

387 4110 572 4209 catur,
603 4130 927 4194 universale
957 4123 1281 4209 subjectum
1311 4117 1403 4209 sit,
1455 4114 1566 4209 erit
1595 4113 1666 4169 de
1696 4128 1764 4167 ea
1791 4110 1997 4167 indeﬁ-

384 4233 512 4290 nita
533 4201 876 4303 propositio,
894 4214 1010 4269 vim
1026 4205 1385 4282 particularis
1411 4201 1732 4301 continens,
1762 4216 1849 4267 ea,
1872 4215 1999 4297 qum

736 4305 865 4379 quia
917 4295 1182 4355 rationale
1220 4299 1314 4361 est,
1379 4293 1584 4347 ratione
1616 4290 1806 4379 utitur
1829 4307 1841 4344 ;
1867 4286 2002 4379 quia

384 4375 708 4483 propositio
737 4375 866 4451 talis
900 4393 985 4483 est
1003 4403 1075 4483 ac
1098 4385 1143 4440 si
1166 4382 1425 4483 dicatur:
1449 4378 1714 4483 quoddam
1739 4375 2002 4483 rationale

387 4463 598 4552 intibne
619 4486 813 4543 utitur.
846 4477 953 4545 Qui
984 4474 1143 4533 enim
1174 4470 1312 4528 dicit
1344 4487 1357 4525 :
1389 4486 1543 4525 omne
1575 4467 1714 4541 quod
1739 4463 2003 4521 rationale

386 4589 482 4649 est,
531 4577 736 4632 ratione
779 4570 970 4634 utitur,
1000 4579 1127 4620 rem
1161 4558 1544 4649 universalem
1602 4552 2004 4649 universaliter

388 4639 731 4728 enuntiavit,
788 4661 849 4712 et
895 4657 981 4710 est
1009 4648 1323 4708 afﬁrmatio
1354 4646 1517 4713 falsa,
1552 4644 1711 4715 cujus
1742 4639 2000 4713 negatio,

334 4764 338 4769 ’
387 4759 451 4818 id
479 4756 584 4823 est,
606 4748 812 4805 nullum
833 4740 1095 4802 rationale
1127 4739 1330 4796 ratione
1359 4738 1554 4803 utitur,
1584 4731 1849 4789 similiter
1862 4728 2006 4786 falsa

390 4842 700 4921 reperitur.

457 4970 595 5027 XVI.
625 4962 887 5037 Amplius
920 4975 933 5014 :
960 4957 1018 5013 in
1042 4955 1131 5012 his
1160 4970 1288 5027 quae
1309 4948 1761 5037 substantialiter
1794 4945 2003 5019 praedi-

388 5063 593 5119 cantur
648 5036 968 5111 secundum
1024 5044 1406 5102 universalem
1459 5036 1912 5093 afﬁrmationem
1943 5038 2002 5091 et

387 5146 787 5222 negationem,
811 5140 991 5194 altera
1026 5150 1232 5191 eorum
1262 5143 1494 5222 semper
1519 5142 1653 5222 vera
1679 5129 1788 5222 est,
1821 5126 2001 5222 altera

386 5214 570 5305 falsa;
601 5236 683 5300 ut,
716 5230 762 5285 si
793 5226 1102 5285 afﬁrmatio
1133 5235 1271 5277 vera
1307 5217 1398 5284 sit,
1423 5214 1653 5305 negatio
1676 5214 2003 5305 inveniatur

386 5302 566 5394 falsai
590 5324 649 5378 et
677 5320 723 5376 si
755 5316 1065 5375 afﬁrmatio
1080 5312 1245 5375 falsa,
1261 5302 1834 5377 negatioinveniatur
1849 5319 2004 5371 vera,

383 5421 449 5474 ut
475 5433 490 5473 :
523 5392 690 5471 omnis
709 5410 863 5467 homo
906 5400 1113 5461 animal
1133 5404 1227 5463 est,
1258 5394 1435 5449 nullus
1466 5392 1622 5449 homo
1648 5392 1855 5447 animal
1886 5398 1960 5446 est
1988 5410 2005 5459 ;

388 5505 561 5563 omnis
583 5502 737 5559 homo
764 5499 896 5569 lapis
921 5499 1017 5558 est,
1038 5485 1219 5543 nullus
1254 5484 1407 5538 homo
1429 5482 1565 5554 lapis
1591 5488 1688 5538 est.
1720 5480 1779 5535 Si
1810 5486 2005 5537 autem

388 5592 704 5654 secundum
736 5584 999 5642 accidens
1045 5572 1377 5648 prmdicatio
1438 5570 1837 5626 universaliter
1882 5569 2004 5639 ﬁat,

388 5690 660 5755 utrasque
699 5673 867 5733 simul
900 5669 1070 5724 falsas
1114 5662 1355 5719 inveniri
1388 5676 1616 5716 necesse
1644 5663 1750 5727 est,
1772 5663 1868 5755 ut:
1891 5676 2006 5715 om.

387 5776 479 5839 nit
518 5747 676 5833 homo
700 5757 1051 5841 philosopbus
1097 5760 1191 5823 est,
1229 5751 1407 5810 nullus
1451 5752 1608 5810 homo
1655 5747 2008 5825 pliilosolihus

2014 1834 2066 1895 B

2080 640 2273 690 catum
2297 636 2366 690 de
2399 635 2699 706 Rationali,
2731 641 3003 710 utrasque
3033 639 3486 706 enuntiationes,
3520 639 3578 692 id
3615 641 3706 691 est

2077 723 2551 791 afﬁrmationem,
2573 728 2631 780 et
2643 726 3014 797 negationem
3034 726 3203 781 falsas
3219 726 3411 794 efﬁcit,
3435 744 3552 781 non
3570 726 3707 780 sub-

2076 812 2439 880 stantialiter,
2464 814 2563 868 sed
2587 814 3018 868 accidentaliter
3055 814 3464 885 praedicabitur
3491 815 3563 869 de
3583 814 3708 870 Ra-

2077 898 2282 954 tionali.
2317 900 2507 954 Falsus
2533 904 2618 955 est
2642 903 2824 969 enim,
2872 902 2970 973 qui
3021 902 3158 956 dicit
3201 919 3213 956 :
3258 918 3411 956 omne
3434 902 3576 974 quod
3606 916 3706 956 ra-

2078 986 2270 1041 tionale
2300 992 2384 1042 est
2432 991 2638 1043 ratione
2674 991 2883 1056 utitur,-
2917 1006 3045 1044 cum
3072 989 3118 1044 is
3146 991 3241 1061 qui
3274 990 3492 1044 dormit
3516 990 3704 1044 ratio-

2079 1074 2224 1129 nalis
2270 1075 2364 1142 sit,
2413 1078 2471 1130 et
2500 1076 2724 1130 ratione
2767 1093 2884 1130 non
2941 1079 3152 1131 utatur.
3197 1078 3266 1131 Et
3294 1093 3509 1145 rursus,
3564 1076 3709 1148 quia

2077 1161 2288 1216 nullum
2314 1163 2576 1218 rationale
2618 1166 2823 1219 ratione
2852 1167 3046 1230 utitur,
3096 1180 3229 1218 cum
3261 1165 3429 1218 multi
3471 1164 3707 1218 ratione

2080 1252 2353 1304 utantur:
2388 1267 2527 1322 ergo
2561 1252 2794 1308 Ratione
2824 1254 2908 1305 uti
2932 1251 3339 1323 prmdicabitur
3381 1253 3455 1306 de
3504 1252 3706 1308 Ratio-

2080 1336 2197 1393 nali
2214 1355 2333 1392 non
2374 1339 2844 1407 substantialiter,
2876 1340 2975 1393 sed
3007 1339 3453 1406 accidontaliter,
3487 1341 3547 1392 et
3570 1341 3708 1392 tan-

2082 1441 2257 1497 quam
2289 1426 2616 1482 differentia
2646 1427 3016 1481 accidentalis
3039 1428 3109 1481 de
3144 1427 3507 1482 substantiali
3532 1425 3705 1481 diffe-

2081 1515 2291 1570 rentia.
2321 1515 2481 1570 Sicut
2509 1516 2664 1571 enim
2694 1515 3111 1570 rationabilitas
3152 1533 3187 1569 a
3227 1515 3450 1570 caeteris
3478 1531 3585 1569 nos
3610 1531 3706 1569 se-

2081 1605 2248 1674 parat
2272 1602 2638 1671 animalibus,
2671 1621 2797 1675 quaa
2829 1604 3200 1658 rationabilia
3239 1620 3357 1658 non
3411 1606 3585 1658 sunt:
3621 1603 3709 1657 ita

2083 1692 2261 1746 etiam
2293 1693 2532 1748 Ratione
2554 1695 2635 1745 uti
2672 1708 2775 1746 nos
2806 1692 3036 1746 differre
3061 1691 3197 1746 facit
3236 1692 3307 1746 ab
3340 1692 3407 1746 iis
3429 1692 3709 1746 animali-

2082 1779 2209 1849 bus,
2240 1797 2366 1851 quaa
2398 1781 2622 1835 ratione
2650 1797 2766 1835 non
2799 1784 3059 1838 utuntur.
3105 1780 3520 1834 Prasdicabitur
3554 1796 3707 1851 quo-

2084 1885 2195 1939 que
2226 1868 2458 1925 Ratione
2486 1871 2568 1921 uti
2591 1869 2660 1922 de
2681 1868 2964 1923 Rationali
2989 1868 3305 1922 secundum
3332 1871 3601 1923 naturam
3621 1869 3711 1923 in-

2085 1956 2464 2012 difﬁnitarum
2494 1957 2997 2028 praedicationum,
3040 1973 3167 2028 quae
3196 1955 3499 2011 continent
3519 1957 3708 2028 parti-

2084 2045 2364 2100 cularium
2396 2062 2514 2099 non
2549 2045 2862 2100 secundum
2894 2045 3312 2117 proprietatem
3344 2045 3713 2099 determina-

2083 2132 2333 2197 tionum,
2384 2149 2511 2205 qua:
2577 2133 2815 2203 subjecti
2872 2133 3134 2188 terminis
3190 2134 3578 2205 quantitatem
3601 2130 3709 2187 de-

2084 2226 2448 2277 monstrant:
2484 2238 2672 2293 neque
2704 2221 3027 2292 subjectum
3076 2221 3338 2277 rationale
3364 2221 3709 2275 universali-

2084 2314 2173 2364 ter
2201 2311 2491 2382 prolatum
2526 2311 2796 2382 suscipiet
2823 2327 3039 2365 nomen
3060 2309 3537 2364 etdifﬁnitionem
3553 2324 3713 2380 prae-

2086 2397 2279 2465 dicati,
2312 2399 2467 2471 quod
2497 2415 2615 2453 non
2646 2399 2729 2466 ﬁt,
2778 2398 2885 2452 nisi
2908 2398 2965 2451 in
2994 2397 3461 2452 substantialibus
3487 2397 3710 2468 praedi-

2085 2487 2425 2543 cationibus.
2459 2487 2870 2543 Substantiales
2910 2489 3102 2542 autem
3132 2486 3573 2559 praedicationes
3600 2503 3709 2541 vo-

2086 2592 2173 2645 co,
2207 2594 2334 2648 quae
2358 2577 2505 2630 ﬁunt
2543 2593 2576 2631 a
2605 2575 3054 2648 generalissimis
3075 2575 3384 2647 generibus
3410 2591 3590 2646 usque
3632 2575 3709 2630 ad

2088 2665 2524 2739 spccialissimas
2551 2664 2786 2735 species,
2820 2664 2935 2719 sive
2963 2663 3278 2731 individua,
3318 2662 3432 2717 sive
3476 2662 3537 2717 in
3572 2663 3711 2718 sub-

2088 2753 2313 2809 stantiis
2341 2754 2501 2819 ﬁant,
2525 2753 2638 2807 sive
2664 2752 2723 2806 in
2763 2751 3172 2815 accidentibus,
3214 2754 3277 2805 ut
3305 2750 3538 2824 quando
3586 2752 3711 2805 ani-

2088 2843 2202 2897 mal
2217 2842 2475 2896 rationale
2498 2841 2720 2895 mortale
2749 2839 3028 2908 (hominis
3054 2839 3311 2895 deﬁnitio
3349 2843 3433 2894 est
3460 2856 3475 2895 :
3505 2839 3719 2893 animal

2089 2931 2372 2998 rationale,
2404 2929 2652 3003 mortale)
2684 2930 2754 2984 de
2785 2929 3023 2984 homine
3056 2928 3482 2999 prmdicabitur.
3507 2928 3717 2984 Omnis

2090 3020 2249 3075 enim
2280 3018 2551 3073 difﬁnitio
2584 3018 2655 3073 de
2687 3035 2756 3073 ea
2782 3034 2843 3072 re
2871 3017 3238 3089 praedicatur,
3274 3033 3450 3089 quam
3484 3016 3713 3075 deﬁnit.

2014 3107 2063 3167 C
2092 3109 2160 3163 Et
2188 3123 2320 3162 cum
2353 3107 2513 3162 dico:
2544 3105 2846 3163 Dialectica
2874 3112 2951 3162 est
2978 3105 3106 3161 bene
3134 3105 3448 3177 disputandi
3466 3107 3715 3172 scientia,

2091 3197 2242 3251 hanc
2281 3194 2691 3250 difﬁnitionem
2733 3195 2803 3250 de
2852 3193 3156 3248 dialectica
3206 3192 3482 3265 praedico,
3539 3197 3600 3248 et
3632 3197 3717 3249 est

2093 3286 2336 3356 utraque
2362 3282 2692 3354 praedicatio
2723 3281 3133 3346 substantialis,
3165 3281 3309 3336 sicut
3324 3286 3571 3354 utraque
3604 3281 3715 3336 dif-

2092 3372 2315 3441 finitio;
2344 3371 2532 3427 omnis
2562 3372 2720 3426 enim
2753 3371 3025 3426 difﬁnitio
3073 3388 3107 3425 a
3162 3387 3375 3440 genere
3402 3370 3716 3441 incipiens,

2094 3476 2312 3533 perque
2337 3459 2691 3515 differentias
2717 3476 2893 3531 usque
2924 3460 2996 3514 ad
3027 3459 3298 3531 speciem,
3331 3474 3460 3531 quae
3477 3458 3706 3527 deﬁnit,

2094 3548 2456 3623 perveniens,
2487 3548 2884 3603 substantialis
2913 3549 3024 3606 est.

2165 3638 2319 3695 XVII.
2373 3640 2443 3692 Et
2483 3638 2784 3710 quoniam,
2838 3640 2901 3691 ut
2938 3636 3208 3706 arbitror,
3238 3637 3412 3709 plane
3444 3636 3722 3691 demons-

2095 3730 2310 3781 tratum
2343 3729 2429 3781 est
2463 3726 2756 3798 quomodo
2779 3724 3011 3783 Ratione
3033 3729 3116 3779 uti
3135 3724 3482 3796 praedicetur
3515 3724 3589 3779 de
3609 3725 3725 3782 Ra-

2097 3815 2303 3885 tionali,
2336 3831 2455 3871 non
2482 3813 2867 3869 necessarium
2910 3813 3043 3869 duxi
3101 3813 3183 3868 eis
3224 3813 3605 3884 respondere,
3629 3812 3727 3885 qui

2095 3907 2219 3959 tam
2249 3904 2462 3959 insulsa
2491 3901 2905 3975 prmdicatione
2937 3900 3257 3957 commenti
3291 3903 3446 3968 sunt,
3479 3915 3611 3972 quae
3662 3901 3725 3955 in

2098 3995 2307 4047 natura
2329 3988 2812 4062 praedicationum
2854 3988 3099 4044 inveniri
3142 4005 3259 4044 non
3287 3991 3552 4060 possunt.
3594 3988 3723 4043 Non

2098 4081 2255 4138 enim
2287 4079 2422 4151 quia
2451 4082 2629 4146 actus,
2669 4082 2727 4134 et
2754 4081 3026 4151 potestas,
3054 4081 3112 4132 et
3141 4078 3267 4150 plus
3291 4079 3446 4144 sunt,
3489 4080 3548 4131 et
3593 4075 3723 4149 plus

2101 4185 2275 4242 quam
2304 4169 2423 4224 sola
2450 4170 2726 4240 potestas,
2757 4167 2887 4222 ideo
2913 4167 3146 4224 Ratione
3175 4165 3341 4233 uti,in
3367 4180 3481 4236 quo
3497 4168 3723 4220 utrum-

2099 4274 2212 4331 que
2237 4260 2342 4325 est,
2362 4256 2769 4328 prmdicabitur
2792 4256 2862 4310 de
2884 4255 3185 4323 Rationali,
3213 4257 3277 4308 ut
3314 4273 3327 4309 :
3361 4251 3623 4324 ambulat,
3659 4253 3716 4309 in

2102 4362 2217 4419 quo
2248 4349 2336 4401 est
2365 4349 2522 4401 actus
2551 4362 2682 4400 cum
2706 4348 3011 4419 potestate,
3032 4345 3101 4400 de
3120 4341 3458 4399 ambulabili
3487 4358 3607 4398 non
3638 4342 3721 4397 di-

2023 4436 2076 4496 D
2101 4435 2269 4503 citur,
2304 4434 2363 4489 id
2383 4434 2563 4502 est,de
2590 4434 2710 4489 sola
2729 4436 3046 4507 potestate;
3079 4433 3179 4488 sed
3222 4431 3552 4487 econtrario
3613 4444 3721 4485 non

2104 4524 2366 4591 ambulat,
2397 4523 2469 4578 de
2498 4522 2831 4578 ambulabili
2860 4522 3239 4595 praedicetur;
3266 4537 3372 4575 nec
3400 4536 3569 4591 unus,
3586 4518 3720 4594 quia

2104 4613 2246 4668 duos
2275 4611 2568 4685 praecedit,
2610 4610 2739 4666 ideo
2796 4611 2866 4665 de
2898 4610 3119 4665 duobus
3148 4608 3582 4681 praedicabitur,
3614 4621 3717 4664 nec

2104 4700 2308 4774 primae
2365 4700 2696 4756 substantiae
2747 4699 2818 4754 de
2856 4698 3122 4755 secundis
3176 4698 3276 4753 sed
3327 4698 3595 4754 secundas
3648 4695 3716 4753 de

2103 4791 2310 4865 primis
2338 4790 2830 4863 praedicabuntur.

2174 4879 2457 4953 Descripsi
2486 4877 2793 4933 Gerbertus
2839 4877 2941 4932 etsi
2984 4893 3018 4932 a
3042 4876 3321 4949 gravitate
3378 4874 3717 4932 sacerdotali

2105 4973 2352 5037 remota,
2383 4984 2499 5023 non
2522 4970 2719 5021 tamen
2750 4966 2822 5020 ab
2856 4965 3143 5037 imperiali
3163 4965 3351 5020 studio
3379 4965 3716 5032 aliena,ma-

2103 5060 2299 5132 luique
2339 5056 2462 5112 aliis
2485 5054 2785 5127 displicere
2805 5070 2980 5126 quam
3010 5054 3172 5109 vobis
3201 5069 3318 5109 non
3345 5055 3572 5127 placere
3591 5068 3715 5109 cum

2105 5150 2167 5205 in
2197 5149 2330 5217 hoc,
2370 5149 2495 5200 tum
2540 5144 2599 5199 in
2631 5143 2900 5199 omnibus
2945 5142 3192 5215 negctiis
3246 5143 3496 5215 imperio
3537 5147 3716 5199 vestro

2108 5236 2319 5309 dignis.
2366 5232 2588 5305 Legatis
2614 5250 2752 5305 ergo
2791 5234 2915 5288 hmo
2942 5232 3097 5287 inter
3144 5234 3346 5286 vestra:
3399 5232 3720 5287 matheseos

2107 5323 2394 5383 exercitia.
2426 5325 2515 5378 An
2545 5338 2679 5379 vero
2708 5322 2886 5395 digna
2915 5337 3075 5377 sacro
3103 5320 3316 5394 palatio
3349 5321 3717 5386 contulerim,

2109 5414 2393 5471 nobilium
2423 5411 2859 5484 respondebunt
2883 5410 3091 5466 studia.
3119 5409 3395 5465 Consulta
3422 5426 3542 5464 non
3574 5412 3717 5481 tace-

2105 5505 2192 5560 bit
2226 5503 2433 5575 logica,
2464 5518 2571 5557 nec
2593 5503 2724 5574 jure
2750 5499 2968 5571 culpari
2995 5502 3275 5566 metuam,
3319 5499 3365 5553 si
3414 5499 3474 5553 id
3505 5499 3721 5555 labora-

2106 5593 2288 5649 verim
2322 5590 2596 5659 etfecisse,
2645 5589 2801 5661 quod
2839 5588 3012 5643 sacris
3043 5588 3275 5644 auribus
3318 5588 3575 5662 potuerit
3602 5588 3718 5662 pla-

2107 5682 2309 5741 ruisse.

2828 5749 3014 5811 FINIS.
