3918 6230
476 403 574 456 175

1146 377 1504 457 ’διικνεετῃι
1529 401 1575 456 II
1605 401 1806 456 mm
1831 399 1984 456 OPP.
2014 400 2062 454 P.

2165 398 2216 455 Β.
2253 401 2320 455 ΙΙ.
2347 430 2414 442 -
2443 400 2534 454 DE
2565 398 2786 456 REBUS
2818 399 3100 457 ECCLES.
3685 404 3766 460 176

471 523 698 590 dedisti,
733 523 834 580 Dei
876 525 1120 596 gratiam
1155 543 1494 598 comparare
1529 525 1844 592 aestimasti,
1875 529 1934 580 et
1966 541 2070 596 per
2103 529 2158 586 Α
2179 523 2380 578 ordine
2405 526 2551 580 Deus
2574 541 2608 578 a
2633 527 2687 579 te
2713 524 2854 579 nihil
2896 527 3206 595 exspectat,
3233 541 3336 580 cur
3365 541 3400 580 a
3427 527 3486 580 te
3515 527 3768 582 sacerdos

469 611 580 666 hoc
605 612 828 682 lepram
858 613 1042 684 ipsam
1073 615 1384 685 suscepisti.
1419 616 1560 669 ltcm
1593 614 1896 686 pecuniam
1918 629 2074 668 acce-

471 699 696 769 pisti,et
707 700 804 754 Dei
826 700 1075 772 gratiam
1107 703 1294 772 pretio
1317 702 1635 756 distrahere
1655 718 1771 756 non
1799 701 2070 768 timuisti;

469 785 640 840 simul
661 787 836 842 etiam
863 789 1084 858 lepram
1114 789 1418 856 tradidisti,
1441 793 1499 843 et
1522 789 1938 843 commercium
1970 789 2070 842 mi-

471 875 713 929 serabile
733 875 790 928 in
811 876 1141 930 animarum
1156 877 1328 931 exitio
1346 877 1925 948 peregisti.Abbatem
1945 893 2074 946 pro-

467 966 596 1032 pter
611 963 876 1019 denarios
889 981 1060 1036 super
1074 967 1386 1020 monachos
1401 965 1764 1032 ordinasti,ct
1779 966 2070 1036 leprosum

467 1051 770 1107 hominem
802 1053 859 1108 in
881 1058 1133 1108 mortem
1165 1055 1585 1109 monachorum
1607 1053 2072 1109 exaltasti.Etne-

467 1140 566 1195 scii
592 1141 857 1196 homines
878 1142 936 1195 in
955 1142 1411 1197 ordinationibus
1429 1143 1682 1198 clamant
1707 1142 1904 1196 vestris
1929 1159 1941 1196 :
1965 1141 2066 1194 Di-

462 1247 600 1298 gnus
629 1230 862 1300 eljnstus
883 1238 988 1294 est;
1017 1233 1074 1284 et
1095 1230 1446 1285 conscientia
1467 1231 1676 1284 misera
1701 1232 1950 1285 clamat:
1983 1231 2070 1284 In-

465 1315 672 1387 dignus
702 1321 760 1371 et
787 1318 1030 1388 injustus
1057 1321 1158 1372 est.
1197 1319 1538 1372 Pronuntiat
1569 1318 1694 1373 talis
1724 1319 2020 1390 episcopus
2051 1333 2066 1370 :

462 1404 588 1459 Pax
615 1406 900 1474 vobiscum,
925 1409 983 1460 et
1006 1406 1126 1478 ipsc
1149 1407 1387 1460 interius
1408 1424 1608 1478 pacem
1643 1423 1758 1461 non
1790 1407 1962 1460 habet
1987 1422 2070 1459 se-

466 1509 620 1547 cum.
657 1493 842 1548 Oculis
871 1495 1199 1548 carnalibus
1228 1495 1448 1550 videtur
1480 1493 1776 1566 episcopus
1801 1509 2066 1564 magnus,

463 1584 522 1635 et
551 1581 756 1635 divinis
785 1581 1077 1636 obtutibus
1107 1583 1365 1652 leprosus
1386 1585 1470 1636 est
1501 1583 1802 1636 maximus.
1825 1583 1934 1636 Per
1965 1599 2064 1653 pe-

461 1669 694 1725 cuniam
721 1671 1046 1726 indebitum
1071 1671 1334 1726 ordinem
1366 1672 1681 1742 acquisivit,
1709 1675 1766 1725 et
1795 1672 1975 1726 Deum
2007 1671 2063 1724 in

460 1757 736 1813 interiore
750 1759 984 1813 homine
1005 1759 1272 1830 perdidit.
1291 1759 1792 1829 Carodignitatem
1811 1759 2064 1830 suscipit,

2175 603 2478 681 pecuniam
2500 611 2869 684 impudenter
2889 613 3218 682 exspectat?
3239 615 3390 669 Deus
3406 613 3637 668 homini
3655 631 3771 670 con-

2173 701 2376 754 cedere
2401 701 2580 756 voluit
2608 701 2806 772 gratis,
2840 703 2897 756 et
2936 701 3237 772 episcopus
3267 717 3444 773 rapax
3475 701 3768 773 pecuniam

2172 787 2244 841 ab
2269 787 2504 842 homine
2530 787 2772 860 expetit!
2807 789 2992 842 Gratis
3013 789 3066 843 ei
3098 790 3245 844 Deus
3276 791 3338 842 ut
3367 789 3662 861 benignus
3686 790 3768 845 do-

2171 876 2349 944 navit,
2379 877 2642 931 sacerdos
2665 879 2727 930 ut
2754 877 3044 946 malignus
3076 893 3212 931 eum
3243 877 3576 948 captivavitl
3615 877 3768 942 Quod

2170 963 2326 1018 enim
2341 965 2518 1020 habes
2533 965 2686 1035 quod
2715 982 2834 1020 non
2854 965 3160 1036 accepisti?
3191 964 3247 1019 Si
3273 967 3470 1020 autem
3487 966 3768 1038 accepisti,

2169 1051 2304 1122 quid
2325 1052 2608 1122 gloriaris,
2638 1053 2798 1124 quasi
2825 1069 2943 1107 non
2973 1052 3304 1124 acceperis?

2238 1141 2378 1194 Ecce
2409 1140 2478 1194 ad
2507 1157 2634 1210 quae
2666 1141 2823 1194 mala
2850 1140 3166 1195 devolvitur
3186 1140 3423 1196 deificus
3446 1141 3614 1197 ordo.
3639 1142 3768 1196 Ecce

2169 1227 2242 1281 ad
2263 1245 2390 1299 qua;
2415 1232 2548 1282 sunt
2572 1229 2782 1300 probra
2795 1229 3066 1300 prolapsi,
3083 1229 3182 1300 qui
3203 1229 3403 1284 audire
3429 1235 3766 1285 meruerunt

2169 1316 2405 1370 aJudice
2424 1317 2658 1372 mundi:
2697 1318 2800 1370 Vos
2827 1321 2947 1371 estis
2977 1318 3070 1370 lux
3094 1317 3283 1372 mundi
3310 1317 3535 1390 (Matth,
3570 1335 3622 1372 v.
3658 1321 3763 1383 14).

2169 1405 2308 1459 Ecce
2329 1405 2536 1476 quibus
2561 1405 2938 1476 subjiciuntur
2964 1409 3187 1477 gentes,
3223 1406 3430 1478 quibus
3458 1423 3492 1461 a
3524 1407 3765 1462 Domino

2169 1492 2385 1547 dictum
2417 1497 2536 1548 est:
2581 1494 2685 1548 Vos
2737 1497 2859 1550 estis
2883 1494 2966 1547 sal
3012 1493 3380 1561 terrav(1bid.,
3427 1494 3541 1566 i3).
3592 1495 3653 1549 Si
3685 1497 3765 1550 lux

2168 1597 2227 1634 es
2249 1582 2507 1636 Ecclesiae
2535 1600 2568 1636 a
2591 1582 2838 1637 Domino
2869 1583 3232 1650 constitutus,
3263 1586 3325 1636 ut
3352 1581 3661 1653 imperitia:
3690 1587 3766 1638 tc-

2167 1671 2376 1725 nebras
2393 1671 2817 1741 prmdicationis
2831 1673 2941 1726 tua;
2953 1672 3182 1742 eloquio
3195 1671 3468 1726 rutilante
3482 1671 3767 1728 conscien-

2165 1758 2375 1813 tiarum
2407 1759 2672 1813 tenebras
2697 1759 3004 1826 illuminas,
3047 1775 3148 1814 cur
3199 1759 3320 1830 ipse
3350 1760 3607 1816 tenebris
3659 1763 3767 1832 pal-

463 1849 520 1900 ct
550 1845 746 1900 anima
767 1847 1132 1902 honestatem
1161 1847 1368 1918 perdit.
1400 1847 1543 1902 Caro
1575 1848 1782 1902 ancilla
1811 1848 1964 1902 facta
1983 1852 2067 1902 est
2089 1835 2140 1894 Β
2168 1847 2450 1918 pabibilus
2475 1847 2690 1901 teneris
2735 1847 3037 1902 obstrictus
3067 1864 3176 1919 per
3215 1865 3388 1919 supra
3418 1853 3766 1904 memoratos

463 1933 722 2001 domina,
751 1937 808 1988 et
837 1935 1035 1988 anima
1083 1933 1321 1988 domina
1359 1935 1512 1989 facta
1549 1938 1608 1989 et
1635 1935 1885 2004 famula;
1945 1937 2066 1990 haec

459 2020 652 2075 minor
681 2021 1016 2075 dominatur
1061 2021 1306 2092 populis,
1343 2024 1402 2076 et
1432 2021 1534 2076 illa
1585 2022 1851 2092 superior
1893 2021 2068 2077 servit

461 2107 964 2163 dmmoniis.Carni
985 2109 1368 2164 sacerdotium
1391 2127 1516 2164 com
1526 2111 1765 2180 paravit,
1779 2114 1837 2164 et
1855 2111 2064 2164 animae

459 2196 876 2251 detrimentum
911 2197 1150 2269 paravit.
1183 2198 1252 2251 Et
1281 2197 1420 2269 quid
1451 2198 1714 2268 proderit
1734 2198 2065 2268 hujusmodi

455 2284 705 2354 homini,
733 2284 778 2339 si
808 2287 998 2339 totum
1031 2285 1316 2340 mundum
1341 2288 1594 2340 lucretur
1625 2288 1683 2338 et
1709 2285 1920 2340 animae
1951 2303 2065 2341 suae

455 2373 872 2428 detrimentum
903 2373 1192 2444 patiatur?
1223 2373 1391 2438 Quod
1435 2373 1639 2426 dedisti
1675 2389 1808 2428 cum
1833 2373 2065 2428 ordina-

454 2461 620 2528 reris,
651 2477 858 2516 aurum
907 2460 1042 2527 fuit;
1073 2461 1314 2532 etquod
1359 2460 1683 2532 perdidisti,
1715 2462 1912 2517 anima
1935 2461 2061 2517 fuit.

457 2551 600 2604 Cum
615 2549 915 2604 ordinares
935 2547 1134 2615 alium,
1157 2549 1313 2620 quod
1329 2548 1618 2620 accepisti,
1651 2551 1894 2621 pecunia
1923 2551 2062 2615 fuit;

459 2637 696 2710 etquod
724 2636 954 2699 dedisti,
985 2637 1147 2708 lepra
1191 2636 1319 2691 fuit.
1355 2637 1484 2690 Haec
1523 2641 1656 2692 sunt
1686 2638 2066 2694 mercimonia

458 2729 667 2791 vestra,
695 2741 823 2796 qum.
851 2725 1043 2796 egistis
1061 2725 1121 2778 in
1147 2725 1400 2797 pernicie
1431 2729 1634 2780 vestra.

535 2815 836 2884 Interrogo
860 2817 1056 2866 tamen
1077 2813 1364 2884 paulisper
1383 2813 1620 2868 fratrem
1637 2813 2059 2886 coepiscopum,

459 2902 597 2974 quia
644 2903 941 2974 episcopus
972 2919 1120 2969 sum,
1154 2905 1210 2955 et
1240 2919 1370 2956 cum
1406 2902 1674 2974 episcopo
1705 2904 1932 2975 loquor.
1966 2904 2063 2958 Dic

460 2991 625 3058 mihi,
670 2992 850 3044 frater
893 2989 1176 3062 episcope,
1211 3007 1342 3044 cum
1370 2990 1536 3044 dares
1567 2990 1894 3061 pecuniam,
1921 2991 2062 3064 quid

460 3078 2062 3180 accepisti?—quid‘?inquit.t}ratiamepiscopalem.—Et
2093 3118 2138 3180 C

459 3169 580 3222 haec
594 3167 783 3240 gratia
793 3183 894 3222 cur
912 3167 1012 3221 tali
1032 3166 1302 3221 vocabulo
1317 3167 1724 3238 nuncupatur?
1737 3168 1922 3222 —Cur
1934 3168 1962 3222 ?
1982 3168 2064 3222 in-

457 3257 602 3329 quit.
637 3258 708 3312 Ut
728 3273 879 3325 reor,
903 3256 974 3310 ab
997 3271 1065 3311 eo
1087 3257 1242 3328 quod
1265 3256 1443 3327 gratis
1470 3256 1658 3323 datur,
1685 3259 1742 3310 et
1768 3257 1897 3310 ideo
1929 3273 2060 3328 gra-

457 3345 539 3400 tia
549 3345 1005 3402 vocitatur.—Et
1024 3345 1068 3398 si
1089 3344 1274 3417 gratia
1288 3345 1468 3416 gratis
1486 3345 1676 3412 datur,
1691 3349 1749 3399 et
1769 3361 1908 3399 auro
1942 3362 2058 3400 non

454 3434 790 3500 aestimatur,
809 3450 909 3488 cur
927 3437 1030 3488 ate
1045 3433 1286 3506 pecunia
1301 3433 1710 3504 comparatur?
1729 3465 1796 3473 —
1813 3433 1926 3488 Sed
1941 3451 2057 3488 non

457 3522 730 3590 mihi,ais,
749 3523 1004 3589 daretur,
1018 3521 1062 3576 si
1087 3521 1341 3576 nummis
1357 3539 1473 3576 non
1488 3524 1804 3588 emeretur;
1821 3539 1926 3576 nec
1938 3521 2058 3592 epi-

454 3627 656 3682 scopus
672 3611 994 3678 ordinarcr,
1015 3609 1061 3664 si
1089 3609 1330 3664 minime
1347 3609 1652 3680 pecuniam
1673 3610 1968 3664 darem.—
1992 3610 2064 3664 Ut

455 3703 695 3772 apparet
715 3716 782 3754 ex
807 3697 1274 3770 responsionibus
1302 3697 1430 3763 tuis,
1449 3696 1722 3768 gratiam,
1754 3714 1882 3752 cum
1913 3697 2062 3752 ordi-

455 3789 696 3855 nareris,
718 3804 836 3842 non
859 3785 1174 3856 suscepisti,
1195 3785 1330 3856 quia
1351 3785 1606 3856 gratuitu
1628 3802 1758 3839 eam
1793 3803 1910 3840 non
1946 3803 2064 3840 me-

451 3876 644 3944 ruisti;
671 3881 730 3931 et
753 3877 798 3930 si
826 3873 1311 3947 gratiam,frater,
1331 3889 1446 3928 non
1462 3873 1748 3944 accepisti,
1769 3875 2060 3945 quomodo

453 3966 754 4038 episc0pus
783 3963 932 4019 effici
957 3960 1230 4033 potuisti?
1250 3959 1308 4014 Si
1339 3960 1413 4014 ad
1443 3960 1747 4031 discipulos
1768 3979 1801 4016 a
1818 3963 2060 4018 Domino

453 4053 692 4108 dicitur:
724 4051 907 4106 Gratis
933 4051 1223 4119 accepistis,
1243 4049 1412 4115 gratis
1425 4047 1547 4100 date
1562 4047 1764 4102 Matth.
1784 4067 1836 4116 x,
1872 4047 2063 4116 8),cur

453 4143 768 4214 gratuitam
801 4139 1050 4209 gratiam
1076 4137 1371 4190 mstimasti
1425 4140 1481 4190 te
1507 4139 1692 4207 pretio
1731 4140 2022 4211 possidere
2035 4141 2062 4196 ‘?

456 4232 528 4284 Ut
558 4231 744 4295 video,
769 4231 828 4282 ct
853 4242 1082 4291 aurum,
1105 4241 1238 4279 cum
1255 4224 1442 4292 dares,
1467 4227 1784 4298 perdidisti,
1815 4232 1872 4284 et
1898 4247 2060 4284 sanc-

455 4322 578 4373 tam
605 4315 851 4388 gratiam
885 4313 1128 4368 minime
1159 4312 1475 4383 acquisisti.

2167 1935 2460 1990 excessus?
2517 1937 2584 1989 Et
2642 1952 2760 1990 non
2816 1937 3004 1990 solum
3063 1936 3200 2008 quia
3251 1937 3378 1991 haec
3442 1937 3588 2006 agis,
3653 1937 3765 2009 ipse

2167 2022 2340 2094 digne
2370 2023 2542 2094 peris,
2593 2026 2652 2077 et
2678 2023 2912 2094 insuper
2965 2022 3107 2078 alios
3139 2027 3333 2078 tecum
3365 2023 3608 2095 indigne
3643 2039 3766 2095 per-

2166 2111 2270 2167 dis.
2306 2112 2450 2166 Salis
2490 2112 2666 2166 etiam
2691 2112 2738 2166 si
2768 2113 3026 2167 meruisti
3057 2113 3353 2182 possidere
3378 2129 3680 2184 saporem,
3711 2117 3766 2168 ut

2165 2200 2565 2273 insipientium
2624 2217 2800 2272 queas
2841 2217 2976 2255 arva
3013 2199 3272 2267 condire,
3309 2217 3410 2256 cur
3455 2202 3767 2256 infatuatus

2165 2287 2264 2342 tali
2289 2288 2573 2342 dedecore
2595 2288 2865 2342 vitiorum
2894 2287 3211 2342 immundis
3240 2293 3295 2344 te
3323 2289 3516 2344 suibus
3544 2291 3769 2344 concul-

2165 2375 2668 2446 candumprzebes,
2697 2379 2760 2429 ut
2780 2392 2885 2430 nec
2905 2375 3046 2430 alios
3071 2391 3177 2430 nec
3206 2378 3263 2430 te
3283 2375 3474 2448 ipsum
3499 2380 3632 2448 post
3652 2377 3770 2432 haec

2165 2463 2399 2518 condire
2413 2463 2589 2535 possis
2600 2464 2626 2518 ?
2645 2463 2952 2518 Oculorum
2967 2463 3142 2518 etiam
3162 2463 3219 2518 in
3237 2479 3479 2534 corpore
3491 2464 3769 2533 ofﬁcium,

2163 2551 2224 2605 id
2241 2555 2326 2606 est
2342 2551 2399 2604 in
2419 2551 3082 2622 Ecclesia,voluptuarius
3108 2551 3464 2623 appetisti,ut
3484 2552 3770 2624 reliquum

2165 2644 2335 2711 perte
2347 2657 2554 2711 corpus
2576 2640 2846 2694 ducatum
2865 2640 3005 2695 lucis
3031 2641 3275 2694 haberet
3300 2658 3314 2707 ;
3345 2643 3405 2694 et
3429 2657 3605 2708 nunc,
3641 2641 3771 2714 quia

2163 2728 2505 2800 lippitudine
2535 2729 2590 2782 in
2622 2728 2866 2798 caligine
2901 2728 3170 2782 vitiorum
3201 2727 3612 2782 obtenebratus
3642 2731 3763 2796 {es},

2164 2832 2272 2870 nec
2307 2815 2428 2887 ipse
2465 2817 2652 2871 lucem
2693 2817 2935 2888 praebes,
2957 2818 3014 2870 et
3039 2815 3163 2870 aliis
3204 2816 3390 2869 lucem
3426 2815 3658 2870 adimis.
3685 2818 3760 2872 De

2165 2905 2370 2976 quibus
2399 2905 2576 2959 oculis
2607 2904 2664 2958 in
2711 2903 3017 2976 Evangelia
3050 2903 3258 2958 dicitur
3297 2921 3316 2956 :
3347 2903 3416 2958 Si
3442 2904 3625 2958 oculus
3657 2913 3772 2959 tuus

2161 2993 2380 3062 simplex
2426 2993 2611 3062 fuerit,
2635 2999 2802 3046 totum
2853 3007 3041 3062 corpus
3072 2997 3225 3045 tuum
3279 2990 3513 3046 lucidum
3540 2994 3684 3058 erit;
3715 2993 3770 3046 id

2163 3085 2267 3146 est,
2295 3079 2339 3133 si
2371 3080 2694 3151 episcopus,
2727 3079 2825 3150 qui
2845 3080 3044 3133 lumen
3080 3077 3401 3150 promeruit
3428 3093 3680 3148 praeesse
3715 3079 3769 3133 in

2162 3184 2427 3240 corpore,
2447 3166 2824 3239 simplicitatis
2855 3165 3187 3221 innocentia
3217 3165 3550 3228 decoratur,
3577 3167 3771 3221 omnis

2161 3255 2410 3311 Ecclesia
2431 3255 2737 3327 splendore
2771 3253 3088 3308 radiabitur
3119 3253 3278 3308 lucis.
3302 3253 3370 3308 Si
3388 3261 3570 3308 autem
3594 3255 3771 3310 oculos

2162 3349 2283 3396 tuus
2305 3360 2530 3414 nequam
2551 3349 2646 3404 est,
2681 3349 2849 3396 totum
2879 3359 3064 3412 corpus
3101 3347 3250 3395 tuum
3273 3341 3603 3396 tenebrosum
3636 3345 3777 3407 erit;

2160 3431 2219 3486 id
2250 3435 2356 3496 est,
2387 3430 2433 3484 si
2464 3430 2784 3502 epiSCOpus,
2819 3430 2916 3502 qui
2949 3430 3250 3485 videbatur
3281 3429 3511 3502 corpori
3542 3431 3770 3486 subdito

2161 3519 2348 3573 lucem
2366 3519 2648 3590 praebere,
2665 3518 3036 3573 obuubiletur
3048 3517 3319 3589 nequitite
3336 3517 3619 3585 caecitate,
3634 3519 3772 3591 quid

2161 3612 2371 3661 caetera
2381 3607 2593 3662 facient
2615 3607 2895 3673 membra,
2915 3606 3120 3678 quibus
3134 3607 3226 3660 lux
3244 3606 3522 3677 adempta
3533 3609 3623 3662 est
3645 3623 3772 3662 ocu-

2163 3697 2352 3750 lorum
2366 3695 2394 3750 ‘?
2415 3695 2474 3750 id
2494 3700 2598 3761 est,
2614 3695 2754 3766 quid
2769 3694 3057 3750 szecularis
3085 3694 3310 3748 factura
3327 3697 3412 3748 est
3432 3694 3768 3762 multitudo,

2163 3801 2294 3839 cum
2340 3784 2728 3855 voluptatibus
2757 3782 2967 3837 illicitis
3013 3786 3072 3837 et
3118 3781 3442 3837 actionibus
3475 3781 3668 3837 vetitis
3699 3783 3772 3837 ad

2161 3873 2411 3926 similem
2437 3871 2760 3926 facinorum
2779 3869 3118 3942 voraginem
3133 3870 3434 3943 episcopus
3451 3869 3777 3926 multitudi-

2162 3977 2299 4014 nem
2331 3960 2742 4032 provocavcrit,
2758 3963 2820 4014 ut
2841 3961 3062 4014 nullum
3081 3958 3207 4029 jam
3229 3957 3493 4012 illicitum
3513 3958 3776 4014 videatur

2163 4050 2319 4120 quod
2351 4050 2420 4103 ab
2449 4048 2715 4120 episcopo
2772 4047 2933 4119 quasi
2963 4047 3182 4116 licitum
3213 4046 3631 4118 perpetratur?
3665 4046 3776 4101 Sed

2161 4139 2351 4209 ipsum
2381 4139 2624 4192 credunt
2677 4137 2864 4206 magis
2900 4135 3088 4190 cuncti
3141 4133 3452 4202 laudabile,
3487 4134 3774 4207 quidquid

2163 4226 2462 4298 episcopus
2481 4223 3116 4290 hahuéritdclcctabile;
3141 4239 3246 4277 nec
3263 4221 3574 4294 quisquam
3599 4237 3773 4294 agere

2164 4317 2385 4382 timeat,
2419 4315 2572 4386 quod
2601 4331 2773 4386 agere
2805 4313 3062 4384 pontifex
3095 4312 3339 4366 minime
3373 4312 3627 4367 dubitat.

528 4407 726 4460 Adhuc
749 4404 926 4457 semel
961 4402 1260 4474 adjiciens,
1283 4401 1524 4458 fratrem
1553 4405 1824 4477 perquiro
1846 4406 2056 4478 episco-
2083 4406 2136 4464 D
2233 4406 2456 4460 Nomen
2489 4421 2601 4475 quo
2621 4402 2890 4468 censeris,
2918 4403 2974 4455 te
2997 4401 3185 4472 ipsum
3212 4399 3424 4471 arguit.
3454 4401 3771 4474 Episcopus

453 4511 617 4568 pum,
647 4509 719 4546 ne
740 4491 878 4564 quid
901 4508 1006 4545 nos
1035 4491 1105 4544 de
1135 4490 1606 4562 approbamentis
1636 4495 1895 4549 veridicis
1920 4512 2062 4566 pra:-

458 4581 765 4638 termisisse
819 4579 1162 4634 videamur:
1205 4577 1340 4642 Quis
1393 4579 1511 4648 dat,
1541 4582 1722 4637 frater
1769 4583 2057 4655 episcope,

455 4670 704 4744 gratiam
723 4667 1109 4740 episcopalem
1123 4667 1149 4722 ?
1165 4669 1333 4736 Deus,
1349 4685 1422 4723 au
1436 4669 1611 4726 homo
1625 4671 1723 4726 ?—
1738 4671 1872 4726 Sine
1886 4672 2059 4728 dubio

456 4763 623 4822 Deus,
641 4757 739 4812 sed
763 4761 959 4812 tamen
973 4772 1078 4828 per
1101 4757 1424 4811 hominem.
1450 4759 1633 4814 Homo
1663 4759 1913 4831 imponit
1936 4778 2058 4815 ma-

453 4865 622 4910 num,
639 4850 696 4902 et
713 4849 862 4902 Deus
882 4843 1127 4916 largitur
1149 4845 1396 4918 gratiam
1421 4865 1435 4914 ;
1457 4847 1725 4902 sacerdos
1747 4850 1860 4903 Deo
1888 4849 2061 4902 servit

451 4937 690 5010 supplici
722 4936 940 5000 dextra,
973 4935 1122 4988 Deus
1175 4935 1466 4990 benedicit
1513 4935 1740 5007 potenti
1790 4937 2054 5004 dextera;

453 5027 752 5100 episcopus
779 5023 968 5078 initiat
998 5023 1285 5090 ordinem,
1319 5027 1376 5078 et
1403 5026 1551 5079 Deus
1575 5023 1778 5078 tribuit
1809 5024 2056 5096 dignita-

452 5110 990 5184 tem.—0justilia!
1013 5112 1329 5184 oaaquitas!
1351 5112 1396 5167 si
1424 5112 1648 5166 homini
1681 5115 1925 5182 pecunia
1957 5115 2056 5170 da-

454 5206 572 5268 tur,
606 5201 704 5274 qui
734 5202 878 5255 nihil
904 5200 963 5254 in
1017 5201 1218 5256 ordine
1251 5201 1377 5272 plus
1407 5203 1699 5271 operatur,
1735 5201 1841 5254 nisi
1873 5205 2060 5258 solum

452 5290 742 5345 servitium
763 5289 916 5361 quod
948 5289 996 5344 ei
1017 5289 1382 5354 conceditur;
1413 5303 1514 5340 cur
1533 5289 1647 5341 Deo
1669 5290 1852 5343 totum
1883 5308 2058 5360 nega-

454 5382 566 5444 tur,
583 5377 676 5449 qui
703 5376 889 5448 ipsum
912 5377 1180 5432 ordinem
1207 5373 1306 5428 tibi
1328 5374 1610 5445 largitur?
1632 5375 1929 5430 Justunine
1959 5379 2057 5432 tibi

450 5467 676 5522 videtur
716 5468 777 5520 ut
797 5457 988 5519 servus
1021 5465 1362 5528 honoretur,
1394 5462 1544 5516 Deus
1574 5461 1844 5533 injuriam
1875 5466 2057 5535 patia-

459 5559 573 5624 tur;
595 5557 652 5610 et
679 5554 890 5626 injuste
927 5549 1194 5605 sacerdos
1224 5547 1464 5620 accipiat
1481 5549 1808 5622 pecuniam,
1831 5556 1888 5607 et
1911 5555 2059 5611 Deus

446 5644 699 5726 patiatur
715 5642 787 5700 ab
804 5637 1046 5698 homine
1058 5635 1139 5712 iuj
1147 5633 1372 5694 uriam?
1388 5634 1502 5693 Sed
1517 5636 1654 5712 quia
1661 5653 1767 5712 pro
1786 5655 2053 5704 concesso

2161 4493 2318 4549 enim
2349 4511 2384 4548 a
2410 4493 2625 4548 cunctis
2647 4478 3048 4546 indubitanter
3075 4487 3324 4556 vocaris;
3359 4493 3415 4543 et
3447 4490 3590 4561 quid
3620 4489 3775 4544 aliud

2161 4583 2476 4656 episcopus,
2510 4598 2686 4654 quam
2728 4579 3196 4652 superinspector
3239 4576 3597 4650 exponitur?
3631 4579 3774 4634 Cum

2161 4671 2220 4726 in
2244 4671 2502 4726 Ecclesia:
2523 4671 2664 4726 solio
2680 4667 2921 4723 editiore
2936 4669 3172 4721 cunctos
3191 4664 3398 4720 merito
3421 4664 3686 4738 respicis,
3716 4670 3777 4718 et

2160 4763 2500 4816 cunctorum
2533 4759 2591 4813 in
2613 4761 2670 4812 te
2703 4755 3017 4828 respiciunt
3047 4753 3220 4820 oculi,
3249 4757 3310 4808 ut
3330 4752 3430 4808 dcs
3455 4753 3568 4808 illis
3587 4769 3776 4810 escam

2159 4849 2216 4903 iu
2235 4853 2496 4919 tempore
2513 4847 2868 4918 opportuno:
2891 4860 2991 4898 cur
3008 4843 3159 4898 velut
3172 4844 3388 4896 tetrum
3401 4843 3458 4896 te
3475 4842 3776 4914 speculum

2159 4938 2556 4992 universorum
2579 4933 2870 4989 obtutibus
2893 4935 3202 4996 monstras,
3223 4946 3296 4984 ne
3322 4929 3549 5002 possint
3569 4931 3774 4986 obscu-

2159 5025 2326 5080 ritate
2354 5026 2452 5078 tua
2491 5039 2548 5077 se
2579 5021 2904 5077 exornare?

2201 5109 2485 5168 Sufﬁciat
2501 5112 2610 5166 huc
2640 5126 2816 5182 usque
2848 5107 3058 5164 nostris
3091 5106 3602 5163 consacerdotibus
3630 5121 3774 5179 pau-

2157 5203 2340 5257 lulum
2371 5201 2638 5256 dilatasse
2669 5215 3005 5254 sermonem
3030 5197 3088 5252 in
3121 5213 3234 5269 quo
3264 5213 3472 5252 eorum
3493 5197 3777 5252 excellen-

2159 5291 2298 5346 tiam
2322 5288 2559 5344 simulet
2580 5305 2774 5344 casum
2799 5285 3268 5353 monstravimus,
3293 5301 3386 5351 ne,
3411 5285 3776 5340 confidentes

2160 5379 2214 5435 in
2233 5377 2585 5432 sublimitate
2610 5378 2924 5444 honorum,
2941 5375 3183 5430 minimc
3200 5372 3568 5444 requirerent
3582 5369 3777 5444 perfe-

2159 5467 2414 5523 ctionem
2433 5482 2685 5532 morum,
2708 5467 2900 5520 etnon
2929 5462 3307 5518 credereutse
3341 5461 3690 5522 sacerdotes,
3723 5459 3775 5514 si

2158 5556 2398 5614 nomine
2425 5557 2651 5610 tantum
2668 5558 2726 5609 et
2744 5570 2863 5608 non
2895 5568 3072 5624 opere
3085 5553 3448 5608 vocarentur.
3469 5550 3559 5613 Et,
3579 5565 3774 5622 quan-

2157 5661 2334 5722 quam
2350 5643 2525 5702 sciam
2546 5642 2606 5700 in
2626 5642 2735 5700 hac
2753 5639 3093 5699 discretione
3105 5638 3391 5714 plurimos
3408 5637 3554 5699 mihi
3571 5652 3734 5700 sacer
3749 5668 3772 5680 ς
