3918 6230
479 475 580 536 170

1154 467 1516 532 SILVESTRI
1541 476 1591 533 II
1619 476 1820 534 ΡΑΡᾸΞ
1851 476 2006 537 ΟΡΡ.
2039 480 2067 537 ῐ

2172 477 2217 537 LS
2246 481 2312 538 II.
2349 507 2426 527 -ι
2461 479 2556 538 DE
2578 478 2804 539 REBUS
2826 479 3109 540 ECCLES.

3684 489 3772 548 ιεο

733 603 3767 636 _——-———-——-————-—————————-———-—-——-————-—————-——————__..

1649 753 2610 868 GERBERTUS

1058 975 1210 1066 DE
1287 972 1818 1064 CORPOBE
1893 975 2034 1064 ET
2110 975 2696 1068 SANGUINE
2783 981 3198 1074 DOMlNI

1931 1164 2311 1183 _

537 1296 582 1357 ῐ.
629 1295 786 1354 Sicut
814 1300 948 1354 ante
965 1313 1071 1353 nos
1101 1297 1241 1353 dixit
1257 1297 1488 1370 quidam
1509 1299 1754 1370 sapiens,
1771 1300 1928 1372 cujus
1945 1317 2072 1356 sen-
2098 1291 2150 1351 A
2179 1295 2750 1368 ejusimmutabililer
2779 1296 3066 1366 dicta;sed
3087 1301 3144 1354 et
3159 1299 3462 1357 beatorum
3481 1302 3774 1374 Augustini

465 1387 719 1444 tentiam
737 1389 1072 1461 probamus,
1087 1387 1447 1443 licetnomen
1463 1388 1826 1460 ignoremus:
1849 1393 2076 1446 Intuen-

465 1479 578 1542 tes,
631 1477 926 1550 inquiens.
974 1475 1230 1548 Apostoli
1271 1477 1642 1544 sententiam,
1681 1495 1793 1550 qua
1818 1479 2025 1534 dicitur
2057 1497 2070 1536 :

471 1566 618 1630 Quia
649 1586 680 1618 α
713 1565 978 1621 animalis
1003 1566 1178 1620 homo
1237 1581 1353 1620 non
1381 1565 1622 1636 percipit
1661 1583 1748 1634 ea,
1784 1585 1910 1639 qua:
1940 1571 2074 1623 sunt

463 1654 711 1726 Spiritus
754 1655 927 1722 Dei,»
962 1654 1294 1736 bassitamus
1332 1655 1729 1722 vehementer,
1770 1673 1841 1710 ne
1881 1656 2072 1712 minus

469 1744 849 1818 Spiritualiter
872 1744 1143 1811 viventes,
1164 1759 1295 1798 cum
1309 1743 1379 1798 de
1393 1744 1782 1816 spiritualibus
1796 1763 2072 1818 responsa

462 1849 760 1906 paramus,
797 1832 992 1905 qualia
1014 1831 1162 1886 forte
1195 1848 1299 1885 nec
1323 1832 1460 1886 dum
1492 1833 1875 1905 percepimus,
1907 1835 1964 1889 in
1988 1837 2068 1890 la-

461 1921 657 1993 pidem
672 1921 1007 1977 offensionis
1019 1924 1076 1976 et
1092 1924 1318 1992 petram
1337 1921 1588 1975 scandali
1611 1921 2070 1978 incidamus.Sed

458 2009 669 2066 iterum
701 2026 832 2064 cum
865 2009 1161 2064 internum
1189 2011 1482 2079 aspectum
1501 2010 1575 2064 ad
1595 2027 1728 2064 eum
1746 2010 2066 2081 dirigimns,

459 2098 557 2170 qui
589 2097 730 2154 dixit
763 2115 776 2154 :
813 2119 842 2149 «
863 2097 1036 2170 Aperi
1070 2115 1134 2152 os
1159 2099 1418 2164 tuum,et
1447 2115 1556 2168 ego
1589 2098 2068 2170 adimpleboillud

462 2187 635 2260 (Psal.
663 2203 821 2256 Lxxx,
859 2185 976 2256 ll),
1011 2185 1146 2240 ﬁdei
1175 2185 1508 2257 integritate
1535 2189 1829 2252 manente,
1861 2201 2066 2256 provo-

459 2291 663 2331 camur
692 2275 1067 2346 respondere,
1092 2275 1162 2329 de
1179 2291 1292 2346 quo
1324 2275 1568 2346 dignum
1601 2277 1685 2328 est
1716 2291 1832 2329 non
1855 2277 2064 2336 tacere,

459 2364 533 2419 de
560 2363 833 2435 mysterio
853 2362 1119 2417 videlicet
1147 2363 1402 2434 corporis
1424 2365 1481 2416 et
1501 2361 1794 2433 sanguinis
1816 2362 2063 2430 Domini;

459 2451 782 2506 dicentibus
813 2451 1178 2521 quibusdam,
1200 2450 1354 2505 idem
1387 2467 1506 2504 esse
1537 2451 1690 2521 quod
1723 2450 1966 2504 sumitur
1994 2451 2066 2504 de

2179 1394 2239 1446 et
2265 1389 2624 1461 Hieronymi,
2659 1393 2716 1444 et
2756 1393 3116 1455 cwteroram,
3154 1395 3216 1446 ut
3241 1395 3376 1447 sunt
3403 1391 3673 1452 inventa:
3699 1401 3771 1464 ut,

2180 1477 2268 1534 his
2303 1478 2612 1551 diligenter
2657 1479 2990 1552 perspectis,
3021 1479 3110 1536 cui
3141 1482 3310 1546 Deus,
3350 1486 3450 1538 aut
3481 1501 3589 1556 per
3607 1504 3773 1560 quem

2178 1567 2445 1639 dignatus
2475 1568 2648 1622 fuerit
2676 1568 2922 1641 aperire,
2950 1572 3146 1641 pateat
3173 1573 3231 1625 et
3269 1573 3462 1628 tantos
3483 1574 3638 1632 viros
3662 1593 3771 1633 non

2177 1657 2504 1720 dissentire,
2543 1661 2600 1712 et
2649 1657 2708 1711 in
2745 1657 3026 1714 catholica
3055 1659 3301 1714 Ecclesia
3331 1678 3512 1717 unum
3538 1666 3596 1718 et
3623 1663 3770 1722 idem

2172 1745 2382 1801 debere
2405 1762 2608 1802 omnes
2637 1761 2858 1818 sapere,
2893 1749 2949 1800 et
2977 1747 3224 1802 schisma
3252 1764 3368 1804 non
3401 1765 3543 1806 esse.
3567 1753 3770 1810 Verum

2170 1851 2299 1888 cum
2327 1834 2398 1888 ad
2425 1851 2523 1888 eos
2561 1833 2891 1888 venerimus
2933 1834 3028 1906 qui
3069 1836 3350 1891 moderno
3395 1839 3661 1910 tempore
3691 1841 3772 1896 his

2171 1921 2640 1977 contentionibus
2669 1938 2785 1976 non
2809 1921 3127 1978 timuerunt
3151 1923 3444 1993 inservire,
3475 1930 3534 1981 et
3565 1929 3640 1983 ob
3670 1930 3771 1984 hoc

2170 2010 2312 2066 nihil
2343 2010 2584 2082 dignum
2615 2014 2959 2065 meruerunt
2995 2010 3266 2078 difﬁnire,
3306 2030 3410 2068 nec
3451 2017 3771 2087 posteritati

2167 2101 2424 2154 venturae
2466 2101 2779 2171 potuerunt
2810 2097 3157 2166 satisfacere,
3189 2099 3329 2156 illud
3375 2101 3528 2158 beati
3581 2104 3774 2161 Hilarii

2172 2187 2299 2254 (lib.
2353 2203 2450 2241 vm
2505 2185 2588 2241 De
2626 2185 2851 2258 Τνίηίι.)
2906 2203 3023 2242 non
3074 2187 3400 2244 dubitemus
3445 2190 3771 2250 inculcare:

2170 2298 2198 2326 «
2229 2276 2352 2330 Non
2385 2275 2489 2340 est,
2523 2274 2728 2346 inquit,
2762 2275 3038 2340 humano,
3063 2277 3162 2329 aut
3193 2277 3379 2332 smculi
3405 2295 3572 2335 sensu
3587 2279 3650 2335 in
3678 2281 3774 2337 Dei

2167 2365 2339 2419 rebus
2369 2363 2750 2434 loquendum;
2773 2379 2960 2434 neque
2971 2379 3076 2434 per
3094 2363 3426 2420 violentiam
3451 2368 3776 2440 autimpru-

2169 2451 2402 2506 dentem
2424 2450 2895 2522 praedicationem
2916 2450 3230 2506 cmlestium
3244 2452 3528 2509 dictorum
3543 2458 3774 2515 sanitati

462 2539 650 2606 altari,
687 2540 844 2610 quod
875 2543 938 2594 et
967 2540 1107 2595 illud
1149 2540 1307 2612 quod
1353 2542 1438 2594 est
1467 2557 1532 2594 ex
1561 2539 1794 2612 Virgine
1826 2542 2024 2594 natum
2049 2582 2062 2608 ,
2095 2581 2142 2640 Β
2169 2540 2372 2596 alienae
2403 2543 2574 2610 atque
2569 2538 2790 2640 nimpiaa
2817 2538 3208 2610 intelligentia}
3231 2543 3629 2613 extorquenda
3647 2561 3773 2615 per-

463 2628 590 2683 aliis
621 2631 815 2683 autem
859 2629 1226 2698 negantibus,
1259 2631 1316 2683 et
1351 2628 1671 2684 dicentibus
1703 2629 1851 2683 aliud
1903 2646 2064 2698 esse;

463 2717 814 2789 quibusdam
845 2716 1022 2770 etiam
1069 2717 1351 2772 diabolica
1390 2717 1764 2788 inspiratione
1803 2717 2066 2790 blasphe-

462 2806 785 2872 mantibus,
819 2805 1061 2861 secessui
1111 2807 1422 2862 obnoxium
1471 2807 1613 2862 fore.
1657 2805 1840 2877 Super
1868 2807 2071 2878 quibus

467 2895 864 2968 periculosum
915 2900 1062 2949 esset
1105 2896 1320 2968 aliquid
1356 2896 1722 2967 respondere,
1756 2895 1855 2950 sed
1886 2897 2071 2966 magis

471 3001 640 3040 aures
688 2985 980 3052 obturare,
1027 2984 1128 3040 nisi
1164 2985 1534 3057 periculosius
1589 2985 1760 3047 foret,
1801 3002 1900 3040 eos
1933 2985 2072 3041 talia

477 3071 852 3145 proposuisre
886 3089 900 3141 ;
935 3073 1070 3144 quia
1108 3075 1215 3129 hoc
1257 3076 1341 3128 est
1385 3089 1488 3144 pro
1522 3073 1669 3128 lacte
1699 3074 1770 3128 ab
1803 3073 2070 3128 uberibus

466 3161 744 3232 butyrum
796 3163 895 3215 aut
925 3161 1262 3232 sanguinem
1293 3161 1516 3216 elicere.
1547 3163 1720 3216 «Mel.
1755 3161 1942 3233 inquit
1967 3161 2068 3216 Sa-

464 3249 562 3323 pie
574 3249 718 3315 ntia,
735 3249 998 3304 invenisti
1017 3249 1044 3304 ‘I
1072 3251 1208 3306 Com
1217 3251 1343 3316 ede,
1357 3253 1636 3322 quantum
1651 3250 1859 3304 sufﬁcit
1878 3250 2064 3321 (Prov.

464 3355 592 3404 xxv,
630 3339 774 3408 16).»
799 3339 897 3392 Et:
931 3357 954 3389 σ
973 3337 1192 3393 Nimius
1212 3339 1330 3394 noli
1351 3341 1635 3393 scrutator
1649 3355 1769 3392 esse
1795 3339 2067 3407 majesta-

463 3426 639 3488 tis,ne
657 3443 690 3480 a
701 3426 888 3498 gloria
908 3425 1430 3500 Opprimarissz'd.
1443 3424 1684 3497 ,27).»Et
1705 3427 1790 3481 his
1805 3426 2064 3498 quidem,

464 3515 562 3587 qui
601 3514 886 3582 dixerunt,
916 3515 1158 3570 secessui
1196 3515 1510 3570 obnoxium
1561 3515 1734 3587 (quod
1770 3532 2068 3586 nunquam

462 3605 550 3658 est
576 3603 858 3675 auditum)
889 3603 949 3659 id
981 3607 1084 3671 est,
1122 3602 1426 3658 Heribaldo
1451 3603 1908 3658 Antisiodorensi
1947 3602 2067 3673 epi-

461 3709 659 3764 scopo,
694 3693 791 3764 qui
841 3692 1084 3764 turpiter
1120 3692 1440 3764 prOposuit,
1483 3693 1539 3744 et
1568 3691 1804 3744 Rabano
1834 3692 2066 3761 Mogon-

461 3781 610 3848 tino,
643 3780 742 3853 qui
789 3780 1010 3853 turpius
1055 3778 1380 3848 assumpsit,
1412 3777 1740 3850 turpissime
1765 3795 1898 3832 vero
1930 3794 2065 3832 con-

2167 2627 2406 2683 versitas
2437 2630 2539 2681 est.
2566 2626 2703 2690 Qua:
2733 2627 2945 2697 scripta
2973 2631 3125 2695 sunt,
3151 2629 3414 2698 legamus
3433 2645 3447 2685 :
3467 2633 3525 2684 et
3545 2634 3772 2702 quaale-

2172 2715 2864 2790 gerimus,intelligamus;
2882 2719 3019 2770 tunc
3033 2716 3300 2786 perfectae
3313 2718 3446 2773 ﬁdei
3458 2718 3776 2791 fungamur

2173 2804 2385 2861 ofﬁcio.
2409 2825 2435 2852 »
2454 2804 2581 2858 H890
2603 2807 2805 2858 contra
2825 2821 2942 2870 eos,
2963 2804 3281 2875 quiputant
3301 2805 3591 2862 Christum
3620 2813 3774 2865 cate-

2173 2891 2478 2965 gorizasse,
2509 2892 2606 2946 ubi
2632 2892 2746 2946 ait:
2785 2892 2954 2947 Omne
2980 2892 3121 2964 quod
3155 2895 3209 2946 in
3243 2909 3316 2960 os,
3347 2896 3404 2948 et
3421 2895 3776 2968 reliqua.Vel

2172 2985 2376 3036 contra
2405 2997 2530 3046 eos,
2565 2979 2660 3052 qui
2693 2979 3106 3049 dogmatizant,
3128 2981 3406 3053 quidquid
3435 2983 3506 3038 de
3530 3001 3776 3058 corpore

2173 3069 2404 3126 Domini
2444 3069 2670 3136 dicitur,
2691 3071 2774 3123 vel
2801 3069 2860 3123 in
2878 3069 3138 3133 veritate,
3163 3071 3252 3126 vel
3269 3071 3328 3125 in
3357 3071 3565 3143 ﬁgura,
3585 3090 3657 3130 ac
3677 3092 3778 3148 per

2169 3161 2278 3214 hoc
2309 3159 2368 3214 in
2399 3160 2608 3214 umbra
2651 3159 2781 3214 dici.
2815 3157 2926 3213 Sed
2967 3158 3038 3212 de
3066 3159 3154 3214 his
3191 3160 3492 3230 posterius.
3531 3163 3698 3220 Nunc
3719 3168 3778 3220 ut

2173 3265 2295 3304 sese
2313 3249 2530 3303 habent
2547 3251 2877 3304 sanctorum
2903 3249 3138 3303 Patrum
3157 3248 3311 3304 dicta
3332 3249 3779 3310 immutabiliter

2167 3353 2471 3409 ponamus.
3811 3397 3818 3402 I

2237 3428 2302 3480 Il.
2321 3425 2678 3494 Ambrosius,
2711 3425 2769 3480 in
2787 3424 2886 3481 lib.
2912 3427 2992 3481 De
3010 3427 3385 3482 sacramentis
3411 3443 3424 3483 :
3446 3447 3471 3482 ι
3491 3429 3604 3484 Ista
3625 3447 3775 3499 esca,

2174 3514 2380 3586 inquit,
2408 3531 2583 3585 quam
2616 3513 2822 3584 accipis
2845 3531 2857 3568 :
2877 3515 2982 3570 iste
3006 3515 3176 3586 panis
3202 3515 3376 3580 vivus,
3395 3516 3496 3587 qui
3529 3517 3602 3572 de
3633 3520 3777 3576 cmlo

2169 3603 2486 3670 descendit,
2519 3602 2646 3656 vitae
2673 3605 2905 3657 aeternae
2931 3604 3314 3658 substantiam
3339 3603 3776 3664 subministrat:

2169 3695 2227 3745 et
2257 3691 2583 3763 quicunque
2612 3691 3045 3746 manducaverit
3067 3692 3370 3760 hunc,non
3401 3694 3693 3750 morietur
3721 3696 3778 3750 in

2169 3782 2474 3846 aeternum,
2509 3782 2568 3833 et
2603 3795 2816 3850 corpus
2865 3779 3074 3834 Christi
3106 3783 3256 3834 est.»
3300 3781 3476 3836 Item:
3512 3804 3543 3834 «
3574 3782 3781 3856 Liquet

461 3869 646 3936 clusit,
681 3887 816 3924 suus
835 3869 908 3924 ad
939 3866 1414 3940 respondendum
1431 3867 1870 3921 locusservetur.
1887 3869 2064 3938 Prop-
2098 3863 2147 3922 C
2168 3867 2346 3940 igitur
2365 3867 2520 3938 quod
2535 3870 2746 3938 praeter
2768 3869 2988 3922 naturas
3008 3867 3272 3922 ordinem
3299 3867 3472 3938 Virgo
3484 3873 3787 3941 generavit

460 3962 552 4014 ter
571 3975 668 4013 eos
699 3961 895 4013 autem
937 3955 1034 4029 qui
1065 3955 1222 4010 idem
1277 3954 1431 4026 quod
1473 3957 1673 4008 natum
1717 3971 1784 4009 ex
1811 3953 2065 4025 Virgine,

463 4047 564 4100 aut
612 4045 766 4100 aliud
823 4044 1090 4098 dixerunt
1129 4058 1272 4108 esse,
1320 4040 1556 4096 diversae
1598 4045 1928 4097 sanctorum
1961 4045 2065 4097 Pa-

459 4138 616 4190 trum
659 4135 952 4206 ponantur
997 4129 1297 4186 sententim
1342 4145 1356 4184 :
1394 4146 1521 4201 qua:
1566 4129 1646 4184 eis
1695 4130 1926 4202 quidem
1983 4131 2064 4186 vi-

463 4223 675 4278 dentur
691 4221 952 4288 diversae,
971 4219 1070 4274 sed
1092 4221 1324 4290 possent
1355 4218 1614 4274 sufﬁcere
1643 4219 1688 4274 si
1717 4219 1790 4275 ad
1827 4221 2066 4292 plenum

462 4314 522 4366 et
551 4309 793 4364 discrete
842 4309 1031 4362 essent
1064 4307 1386 4362 intellectae.
1421 4307 1555 4363 Dico
1592 4311 1782 4364 autem
1825 4309 2065 4363 Pascha-

459 4397 504 4452 si
515 4415 611 4452 um
624 4397 962 4468 Ratpertum
977 4395 1382 4451 Corbeiensem
1405 4396 1672 4452 abbatem
1683 4396 1800 4470 ,qui
1811 4399 2063 4466 rogatus,

461 4485 749 4540 incertum
781 4502 854 4538 an
883 4487 1239 4556 provocatus,
1258 4484 1480 4556 scripsit
1497 4485 1568 4539 de
1590 4485 1794 4540 eadem
1809 4501 1871 4538 re
1904 4484 2064 4538 libel-

462 4575 588 4630 lum
636 4573 710 4628 ad
741 4576 976 4628 centum
1007 4573 1126 4628 fere
1165 4573 1414 4644 capitula
1455 4573 1588 4629 satis
1621 4573 1820 4630 utilem
1847 4589 1860 4628 :
1893 4589 2065 4644 quem

463 4679 594 4718 cum
641 4662 979 4734 resperserit
1008 4663 1190 4718 multa
1219 4664 1534 4718 multorum
1569 4661 1908 4718 auctoritate
1957 4662 2062 4716 Pa-

2169 3959 2228 4011 et
2250 3955 2548 4026 hoc,quod
2577 3954 2931 4017 conﬁcimus,
2957 3970 3162 4026 corpus
3183 3972 3247 4010 ex
3275 3955 3498 4028 virgine
3516 3959 3782 4024 est.Quid

2169 4044 2262 4100 hic
2277 4043 2720 4116 quaerisnaturaa
2761 4043 3027 4099 ordinem
3058 4043 3117 4098 in
3145 4043 3347 4098 Christi
3371 4061 3782 4116 corpore,cum

2168 4135 2379 4206 praeter
2412 4135 2681 4188 naturam
2706 4132 2778 4186 sit
2814 4131 2933 4202 ipse
2965 4131 3244 4188 Dominus
3278 4134 3436 4188 Jesus
3481 4139 3686 4206 partus
3714 4155 3783 4194 ex

2166 4221 2391 4294 virgine
2407 4221 2436 4276 ?
2457 4221 2605 4276 Vera
2629 4221 2827 4292 utique
2841 4236 2974 4276 caro
2987 4219 3192 4276 Christi
3222 4238 3351 4292 quas
3375 4222 3656 4278 cruciﬁxa
3672 4228 3778 4293 est,

2167 4327 2296 4382 quae
2327 4310 2553 4381 sepulta
2577 4312 2661 4364 est
2687 4327 2701 4377 ;
2727 4326 2858 4364 vere
2889 4325 3027 4380 ergo
3060 4308 3248 4364 carnis
3271 4309 3422 4364 illius
3441 4327 3778 4369 sacramen-

2167 4401 2290 4453 tum
2323 4400 2428 4452 est.
2454 4416 2485 4449 δ
2514 4400 2690 4452 ltem:
2718 4419 2746 4446 ‹‹
2771 4396 2928 4452 Sicut
2959 4413 3123 4451 verus
3139 4399 3226 4452 est
3250 4397 3350 4453 Dei
3372 4398 3545 4454 Filius
3573 4401 3778 4456 Domi-

2168 4504 2274 4542 nus
2300 4490 2494 4542 noster
2521 4487 2678 4540 Jesus
2701 4484 2970 4551 Christus,
2991 4501 3108 4540 non
3138 4485 3639 4556 quemadmodum
3671 4489 3779 4544 ho-

2166 4575 2355 4630 mines
2383 4592 2488 4646 per
2529 4572 2934 4645 gratiam,‘sed
2961 4573 3122 4644 quasi
3149 4571 3320 4628 Filius
3347 4591 3415 4629 ex
3445 4575 3782 4632 substantia

2165 4663 2349 4720 Patris
2373 4681 2386 4730 ;
2416 4663 2496 4718 ita
2525 4680 2661 4718 vera
2690 4677 2846 4729 caro,
2865 4661 3009 4716 sicut
3038 4661 3158 4733 ipse
3177 4661 3336 4728 dixit,
3360 4678 3536 4734 quam
3564 4665 3778 4738 accipi-

458 4753 636 4819 trum,
677 4751 842 4822 ponit
870 4767 936 4804 ex
980 4750 1216 4804 nomine
1259 4750 1316 4806 S.
1353 4749 1660 4816 Ambrosii,
1698 4749 1912 4822 «quod
1943 4766 2059 4804 non
2163 4770 2312 4819 mus,
2361 4755 2420 4808 et
2465 4769 2631 4806 verus
2657 4753 2743 4805 est
2785 4752 3018 4822 potus.»
3062 4749 3173 4805 Leo
3206 4766 3392 4822 papa:
3433 4749 3570 4804 «Sic
3599 4769 3780 4808 sacra:

458 4840 571 4895 alia
603 4841 776 4913 plane
815 4837 887 4892 sit
915 4855 1046 4894 caro
1089 4855 1214 4910 quae
1265 4840 1512 4894 sumitur
1545 4840 1618 4894 de
1663 4837 1852 4904 altari,
1885 4855 2060 4910 quam
2161 4859 2378 4898 mensa:
2424 4839 2858 4896 communicare
2894 4837 3134 4899 debetis.
3171 4842 3234 4892 ut
3262 4837 3404 4892 nihil
3437 4854 3676 4908 prorsus
3705 4841 3779 4896 de

457 4945 588 5001 quae
620 4931 757 4983 nata
783 4929 868 4982 est
896 4928 966 4982 de
1009 4928 1184 4983 Maria
1231 4928 1474 5000 virgine,
1499 4931 1554 4982 et
1585 4942 1750 4998 passa
1778 4927 1840 4980 in
1871 4943 2056 4993 cruce,
2158 4931 2398 4987 veritate
2429 4927 2688 4999 corporis
2719 4927 2937 4982 Christi
2969 4931 3028 4980 et
3054 4925 3351 4997 sanguinis
3375 4927 3712 4999 ambigatis.
3746 4947 3780 4980 ι

456 5022 516 5072 et
557 5035 685 5090 qum
727 5015 972 5072 surrexit
1011 5016 1081 5072 de
1112 5018 1396 5088 sepulcro,
1430 5031 1672 5087 quaeque
1699 5030 1802 5087 pro
1834 5015 2058 5082 mundi,
2159 5018 2548 5091 Augustinus:
2602 5038 2630 5067 «
2663 5016 2926 5089 Suscepit
2972 5015 3226 5070 Christus
3266 5015 3337 5069 de
3362 5019 3521 5070 terra
3557 5019 3780 5072 terram

453 5105 570 5161 vita
597 5106 781 5160 adhuc
806 5105 978 5160 hodie
1009 5105 1346 5160 offeratur.»
1364 5104 1579 5158 Contra
1607 5119 1779 5175 quem
1812 5102 1945 5156 satis
1975 5119 2060 5158 ar-
2081 5153 2133 5182 η
2159 5107 2319 5182 (quia
2335 5122 2471 5162 caro
2503 5107 2573 5160 de
2607 5108 2763 5160 terra
2793 5103 2896 5174 est)
2931 5107 2989 5158 et
3019 5103 3092 5158 de
3113 5119 3288 5158 carne
3318 5102 3507 5158 Mariae
3536 5120 3779 5160 carnem

453 5197 873 5266 gumentantur
895 5197 952 5249 et
984 5195 1252 5249 Rabanus
1291 5191 1349 5246 in
1379 5190 1622 5261 epistola
1647 5191 1718 5245 ad
1759 5191 2055 5262 Egilonem
2081 5189 2133 5212 ν
2159 5194 2434 5267 suscepit;
2476 5196 2534 5247 et
2567 5193 2704 5264 quia
2732 5193 2790 5248 in
2843 5191 2965 5263 ipsa
2993 5206 3168 5246 carne
3216 5189 3556 5256 ambulavit,
3589 5191 3782 5263 ipsam

453 5283 745 5347 abbatem,
773 5287 829 5340 et
855 5285 1204 5338 Ratramnus
1229 5279 1460 5352 quidam
1478 5279 1534 5333 in
1565 5279 1712 5334 libro
1739 5279 2056 5351 composito
2159 5299 2393 5338 carnem
2435 5281 2602 5336 nobis
2636 5279 3112 5336 manducandam
3152 5279 3225 5333 ad
3255 5279 3500 5334 salutem
3535 5280 3716 5336 dedit.
3747 5304 3777 5332 ιι

455 5373 527 5427 ad
557 5373 821 5429 Carolum
858 5388 1082 5444 regem,
1115 5368 1370 5422 dicentes
1398 5385 1519 5422 esse
1550 5368 1760 5433 aliam;
1786 5368 1872 5422 vel
1905 5367 2056 5422 tcsti-
2159 5371 2424 5426 Basilius:
2447 5371 2524 5425 «Ο
2542 5368 2916 5424 miraculum!
2947 5386 2980 5424 ο
2999 5367 3170 5422 Deiin
3203 5383 3309 5422 nos
3333 5367 3778 5425 benevolentia!

451 5462 650 5518 monio
693 5457 1051 5531 Hieronymi,
1083 5455 1193 5527 'qui
1233 5455 1388 5524 d'cit,
1417 5457 1698 5528 dupliciter
1721 5455 1832 5510 dici
1853 5471 2059 5526 corpus
2159 5459 2255 5532 qui
2289 5476 2516 5514 sursum
2547 5459 2708 5512 sedet
2729 5457 2800 5512 ad
2829 5458 3123 5512 dexteram
3155 5455 3357 5520 Patris,
3384 5455 3653 5512 sacriﬁcii
3688 5461 3780 5513 ta-

452 5551 726 5620 I)omini;
758 5552 848 5605 vel
883 5545 1224 5601 auctoritate
1252 5543 1310 5598 S.
1342 5545 1668 5617 Augustini,
1701 5545 1798 5616 qui
1812 5542 1949 5598 dicit
1967 5547 2060 5598 tri-
2156 5556 2294 5603 men
2319 5551 2584 5618 tempore
2610 5544 2917 5600 hominum
2932 5541 3568 5610 manibuscontinetur,
3593 5547 3782 5600 tradi-

449 5642 658 5694 rllfcitcr
685 5639 820 5693 dici.
857 5633 1070 5704 thuia
1114 5634 1474 5687 contendunt
1503 5634 1559 5688 in
1592 5633 1750 5688 libris
1770 5632 2054 5687 Ambrosii
2163 5640 2369 5706 turquc
2400 5635 2662 5688 lambere
2690 5633 3052 5703 cupientibus
3082 5649 3239 5698 eum,
3281 5635 3339 5683 et
3366 5633 3497 5684 cum
3532 5632 3780 5688 benedi-

448 5747 568 5787 non
601 5728 681 5784 ita
713 5727 784 5781 ad
815 5725 1069 5779 litteram
1097 5720 1362 5788 inveniri,
1396 5737 1681 5793 ponamus
1719 5738 1837 5776 non
1871 5721 2052 5778 solum
2159 5723 2350 5778 ctione
2377 5719 2704 5792 complecti,
2738 5719 2915 5790 [itque
2943 5719 3051 5773 hoc
3091 5721 3280 5774 totum
3314 5718 3418 5772 sub
3449 5719 3637 5776 oculis
3667 5722 3779 5776 hu-
