3918 6230
224 466 316 535 Ni

1272 471 1366 534 DE
1397 471 1727 534 CORPORE
1754 474 1840 535 ΕΤ
1867 473 2213 536 SANGUINE
2250 472 2510 535 DOMINI.

3439 472 3545 539 i8!

222 600 429 661 manis.
456 620 489 653 »
511 599 663 659 ltem
682 597 814 675 ipse
846 613 864 657 :
902 619 933 653 ‹‹
964 595 1129 667 Cum,
1150 594 1358 665 inquit,
1379 597 1645 654 sacerdos
1662 597 1841 655 etiam
1869 603 1925 664 Α
1948 620 1979 651 ‹‹
2007 598 2087 654 vit
2117 597 2398 671 sanguine
2423 615 2546 656 suo.
2579 616 2612 652 >
2641 597 2705 655 In
2754 595 2864 655 illis
2905 614 3045 673 ergo
3074 596 3380 669 sacrificiis,
3408 599 3552 673 quid

221 695 491 749 sanctum
502 690 790 763 Spiritum
804 688 1189 755 advocaverit,
1213 690 1271 743 et
1284 688 1666 743 reverendam
1688 688 1845 743 illam

219 780 620 838 immolaverit
661 779 948 845 hostiam,
1008 792 1494 848 communemque
1533 775 1847 832 Dominum

223 871 477 927 subinde
506 868 847 941 contigerit,
883 889 912 916 »
938 864 1610 938 etreliqua.Gregorius:
1648 865 1849 920 «Chri-

226 963 345 1016 stus
372 974 691 1030 resurgens
715 974 752 1012 a
785 955 1052 1021 mortuis,
1076 954 1223 1026 jam,
1256 954 1391 1008 licet
1427 969 1545 1008 non
1576 952 1843 1019 moritur,

228 1052 287 1104 et
341 1064 507 1105 mors
568 1045 650 1101 illi
707 1047 864 1101 ultra
915 1061 1033 1099 non
1082 1041 1501 1108 dominabitur,
1533 1042 1754 1107 tamen,
1785 1040 1846 1095 in

228 1136 420 1209 seipso
455 1133 884 1190 immortaliter
908 1134 1079 1203 atque
1103 1127 1847 1200 incorruptibilitervivens,

228 1241 338 1297 pro
368 1224 541 1279 nobis
572 1222 789 1278 iterum
821 1221 882 1276 in
907 1221 1016 1276 hoc
1047 1219 1320 1291 mysterio
1342 1233 1517 1273 sacrm
1544 1214 1850 1272 oblationis

228 1314 603 1370 immolatur.
664 1332 694 1361 »
745 1311 876 1366 Haec
904 1309 1035 1365 ideo
1083 1308 1175 1363 hic
1206 1307 1393 1381 posita
1430 1309 1581 1372 sunt,
1614 1304 1658 1360 si
1700 1305 1849 1359 forte

227 1418 342 1475 per
366 1417 439 1456 ea
470 1399 812 1470 simplicitas
839 1395 1124 1452 Paschasii
1148 1395 1405 1450 Ratberti
1422 1393 1601 1467 possit
1619 1409 1849 1448 excusa-

226 1491 304 1558 ri,
337 1490 497 1546 unde
529 1488 787 1545 maxime
813 1488 886 1542 ab
908 1484 1272 1559 loquentibus
1295 1484 1365 1551 [f.
1384 1481 1845 1556 obloquentibus]

228 1580 478 1635 Rabano
532 1580 594 1633 et
643 1578 983 1631 Ratrammo
1013 1572 1198 1636 [Cod.,
1247 1572 1596 1633 Ratmanno]
1627 1569 1853 1625 videtur

226 1665 557 1740 suggillari,
584 1664 850 1720 videlicet
877 1662 1013 1735 quia
1033 1660 1257 1716 dixerat
1284 1660 1556 1715 eamdem
1586 1674 1707 1714 esse
1733 1671 1852 1712 car-

227 1773 401 1824 nem,
434 1771 567 1827 quaa
594 1754 667 1809 de
693 1751 859 1807 altari
886 1749 1152 1817 sumitur,
1178 1753 1237 1804 et
1262 1748 1496 1821 Virgine
1518 1749 1847 1819 generatur,

229 1848 292 1901 et
324 1843 467 1916 quia
496 1841 759 1914 quotidie
784 1840 971 1895 adhuc
1000 1855 1106 1911 pro
1137 1837 1342 1893 mundi
1371 1837 1552 1891 salute
1583 1835 1849 1891 immole-

1949 687 2119 744 nobis
2139 690 2287 743 esset
2319 688 2681 757 donandum,
2713 688 2956 761 figurate
2984 688 3457 761 significabatur;
3490 689 3551 745 in

1944 777 2054 832 hoc
2084 779 2279 832 autem
2319 778 2617 844 sacrificio,
2650 779 2788 850 quid
2831 779 2996 833 nobis
3042 778 3167 849 jam
3210 777 3553 833 donandum

1945 866 2038 933 sit,
2071 865 2367 921 evidenter
2394 866 2737 921 ostenditur.
2774 887 2802 915 »
2835 866 3107 921 Eusebius
3140 883 3153 921 :
3190 888 3217 917 ‹‹
3241 865 3384 930 Quia
3397 864 3554 919 Chri-

1946 958 2064 1008 stus
2090 969 2295 1027 corpus
2353 957 2713 1025 assumptum
2762 955 3056 1011 ablaturus
3107 957 3232 1011 erat
3278 972 3345 1009 ex
3376 953 3553 1009 oculis

1947 1042 2177 1108 nostris,
2210 1046 2267 1097 et
2295 1042 2576 1097 sideribus
2605 1043 2892 1112 illaturus;
2922 1043 3306 1099 necessarium
3334 1044 3460 1097 erat
3492 1044 3555 1096 ut

1949 1130 2115 1186 nobis
2144 1130 2201 1184 in
2233 1132 2341 1186 hac
2374 1131 2465 1187 die
2494 1135 2922 1188 sacramentum
2946 1133 3205 1206 corporis
3233 1136 3291 1188 et
3322 1129 3552 1202 sangui-

1950 1218 2038 1273 nis
2067 1223 2448 1286 consecraret,
2465 1224 2527 1275 ut
2540 1222 2826 1276 coleretur
2831 1222 3053 1294 jugiter
3067 1239 3171 1295 per
3185 1223 3551 1293 mysterium,

1951 1308 2106 1378 quod
2132 1310 2309 1362 semel
2338 1308 2689 1364 offerebatur
2716 1309 2773 1364 in
2801 1310 3049 1383 pretium
3075 1328 3089 1379 ;
3124 1314 3205 1378 ut,
3239 1311 3376 1383 quia
3410 1328 3554 1383 quo-

1947 1395 2169 1450 tidiana
2198 1399 2256 1451 et
2285 1396 2575 1452 indefessa
2594 1399 2860 1453 currebat
2892 1415 2996 1470 pro
3036 1399 3343 1455 hominum
3373 1401 3555 1456 salute

1950 1484 2295 1557 redemptio,
2354 1490 2633 1559 perpetuo
2691 1486 2867 1543 etiam
2934 1490 3081 1543 esset
3137 1487 3558 1561 redemptionis

1951 1572 2194 1640 oblatio,
2222 1576 2280 1627 et
2311 1575 2583 1646 perennis
2610 1574 2707 1632 illa
2741 1575 2975 1631 victima
3003 1575 3218 1632 viveret
3244 1576 3306 1631 in
3330 1593 3556 1632 memo-

1948 1657 2056 1724 ria,
2090 1662 2147 1712 et
2165 1675 2397 1731 semper
2421 1678 2673 1733 presens
2703 1667 2850 1719 esset
2880 1663 2938 1719 in
2962 1665 3168 1737 gratia.
3217 1666 3356 1721 Vere
3390 1664 3560 1720 unica

1951 1749 2009 1801 et
2038 1747 2292 1817 perfecta
2339 1749 2553 1816 hostia,
2585 1751 2697 1805 fide
2744 1753 3105 1820 aestimanda,
3152 1770 3269 1809 non
3320 1753 3556 1826 specie:

1952 1851 2058 1889 nec
2091 1836 2391 1892 exterioris
2415 1838 2670 1894 hominis
2690 1842 2978 1897 censenda
3006 1842 3147 1910 visu,
3180 1843 3279 1897 sed
3310 1842 3559 1899 interio-

228 1937 354 1989 tur.
385 1931 558 1997 Quia,
589 1929 724 1985 licet
743 1928 913 1985 nobis
937 1928 1079 1983 nihil
1105 1927 1327 1997 placeat
1326 1925 1556 1998 gratius
1579 1925 1854 1994 etjucun-
1879 1919 1929 1983 B
1952 1922 2030 1977 ris
2052 1922 2279 1979 affectu.
2310 1925 2472 1980 Unde
2502 1926 2711 1982 merito
2736 1929 2978 1983 ccelestis
3013 1930 3322 1985 confirmat
3363 1932 3559 1985 aucto-

230 2021 367 2075 dius
392 2035 574 2091 quam
599 2017 756 2091 quod
789 2017 861 2072 de
889 2017 1000 2071 hoc
1041 2014 1314 2087 mysterio
1358 2014 1508 2068 valet
1537 2012 1647 2067 dici
1677 2013 1851 2068 subli-

228 2109 423 2176 mius;
450 2110 653 2162 tamen
681 2105 837 2177 quod
867 2105 1230 2160 oblocutores
1250 2102 1372 2174 ejus
1400 2100 1725 2157 econtrario
1770 2118 1854 2156 as-

228 2199 444 2253 serant
473 2194 632 2267 quod
661 2211 779 2250 non
801 2193 874 2248 sit
895 2192 1126 2259 eadem,
1159 2191 1408 2246 breviter
1441 2206 1744 2260 ponamus.

305 2286 401 2340 Ill.
451 2283 838 2355 Hieronymus
884 2298 897 2337 :
945 2300 978 2334 «
1014 2279 1345 2353 Dupliciter,
1382 2278 1591 2350 inquit,
1622 2277 1855 2349 sanguis

230 2373 457 2429 Christi
477 2374 539 2426 et
552 2387 686 2426 caro
724 2369 1108 2442 intelligitur;
1140 2370 1228 2423 vel
1260 2366 1528 2440 spiritalis
1559 2366 1658 2421 illa
1681 2369 1853 2438 atque

232 2462 461 2529 divina,
484 2460 559 2517 de
577 2461 823 2533 quaipse
840 2460 978 2515 dicit
1002 2477 1015 2515 :
1041 2483 1067 2511 ‹‹
1093 2459 1237 2514 Caro
1258 2474 1390 2513 mea
1406 2472 1537 2511 vere
1566 2458 1651 2511 est
1672 2455 1853 2522 cibus,

228 2570 267 2604 ‹
291 2554 352 2606 et
372 2549 614 2621 sanguis
629 2566 791 2604 meus
810 2564 976 2603 verus
999 2551 1084 2602 est
1116 2549 1286 2619 potus
1326 2562 1340 2613 ;
1380 2566 1408 2593 ››
1442 2545 1529 2599 vel
1562 2559 1694 2599 caro
1728 2559 1855 2615 quae

228 2639 514 2695 cruciﬁxa
531 2637 945 2709 est,etsanguis
958 2636 1053 2709 qui
1066 2635 1266 2691 militis
1276 2634 1485 2690 effusus
1496 2636 1582 2687 est
1597 2633 1852 2687 lancea.»

230 2727 596 2800 Augustinus
612 2729 807 2781 autem
832 2724 1085 2779 scribens
1099 2740 1308 2796 corpus
1328 2721 1535 2777 Christi
1556 2720 1857 2793 tripliciter

233 2817 375 2884 dici,
408 2815 470 2871 id
501 2818 591 2871 est
622 2814 957 2877 Ecclesiam,
976 2813 1073 2886 qui
1100 2812 1310 2867 Christi
1332 2827 1539 2884 corpus
1559 2827 1775 2880 sumus,
1796 2813 1857 2864 et

234 2905 390 2961 illud
422 2903 753 2977 mysticum,
785 2902 942 2975 quod
988 2918 1055 2957 ex
1100 2900 1418 2955 substantia
1450 2898 1616 2970 panis
1652 2902 1709 2953 et
1737 2897 1853 2953 vini

234 3010 352 3067 per
382 2991 668 3064 Spiritum
698 2992 964 3046 sanctum
993 2991 1381 3055 consecratur,
1416 2986 1736 3053 subintulit,
1765 2986 1852 3041 di-

233 3098 377 3137 cens
404 3098 424 3135 :
458 3102 488 3130 ‹‹
512 3079 798 3135 Caeterum
834 3078 974 3133 illud
1003 3093 1231 3150 corpus,
1263 3076 1419 3149 quod
1439 3076 1640 3130 natum
1674 3078 1757 3129 est
1786 3090 1855 3129 ex

1955 2011 2092 2066 ritas
2120 2011 2255 2082 quia
2302 2034 2331 2061 «
2374 2030 2506 2068 caro
2567 2030 2701 2069 mea
2737 2032 2868 2071 vere
2897 2020 2982 2071 est
3021 2017 3196 2085 cibus,
3231 2021 3289 2071 et
3331 2018 3563 2090 sanguis

1954 2116 2116 2155 meus
2142 2117 2273 2155 vere
2306 2105 2392 2155 cst
2420 2104 2608 2173 potus.
2641 2123 2669 2152 »
2704 2104 2955 2159 Recedat
2987 2122 3124 2176 ergo
3156 2122 3330 2161 omne
3358 2105 3560 2160 infide-

1952 2187 2135 2243 litatis
2158 2188 2501 2261 ambiguum
2534 2208 2551 2243 :
2584 2191 3052 2263 quandoquidem
3094 2193 3192 2265 qui
3233 2197 3434 2249 auctor
3474 2195 3563 2249 est

1955 2277 2234 2344 muneris,
2263 2277 2385 2348 ipse
2419 2277 2596 2333 etiam
2627 2279 2787 2333 testis
2824 2283 2908 2335 est
2936 2280 3207 2336 veritatis.
3243 2302 3271 2330 -›

2027 2366 2112 2419 IV.
2150 2367 2487 2423 Poteramus
2500 2370 2557 2421 et
2578 2367 2844 2436 aliorum,
2859 2371 2981 2424 tam
3000 2370 3371 2443 antiquorum
3386 2387 3561 2444 quam

1956 2458 2014 2510 et
2045 2456 2484 2522 modernorum,
2518 2457 2618 2511 sed
2656 2459 2715 2511 et
2749 2457 2923 2530 ipsius
2951 2459 3240 2515 Ambrosii
3284 2460 3437 2515 dicta
3472 2460 3561 2515 his

1955 2547 2348 2599 consentanea
2375 2560 2614 2615 ponere,
2632 2544 3085 2617 nisiputaremus
3111 2549 3234 2603 haec
3260 2564 3423 2620 posse
3442 2548 3562 2603 suf-

1956 2632 2149 2698 ficere,
2179 2632 2441 2687 videlicet
2460 2633 2582 2687 hzec
2613 2632 2720 2688 dici
2754 2634 3021 2705 figurate,
3053 2638 3112 2691 et
3137 2639 3333 2691 tamen
3355 2653 3562 2708 corpus

1957 2720 2164 2776 Christi
2195 2737 2317 2777 esse
2346 2721 2404 2775 in
2432 2721 2691 2776 veritate.
2726 2722 2837 2777 Sed
2866 2724 2990 2777 haec
3025 2741 3142 2779 non
3174 2725 3560 2797 intelligentes

1956 2825 2062 2863 nec
2080 2809 2154 2863 ad
2174 2809 2459 2882 liquidum
2474 2810 2798 2867 discernere
2811 2814 3083 2881 valentes,
3114 2815 3213 2869 sed
3232 2814 3420 2886 potius
3440 2831 3560 2869 ma-

1948 2896 2145 2967 jorem
2178 2898 2373 2953 minus
2401 2899 2704 2971 capacibus
2730 2916 2987 2955 errorem
3016 2901 3417 2969 immittentes,
3438 2918 3556 2957 non

1954 2986 2324 3043 attendentes
2340 2988 2495 3060 quod
2507 3004 2680 3060 supra
2701 2988 2843 3044 dixit
2858 2990 3205 3046 HilariuszaN
3210 3008 3285 3047 on
3298 2992 3557 3046 humano

1953 3078 2039 3131 est
2059 3078 2157 3130 aut
2172 3075 2362 3132 saeculi
2384 3094 2554 3133 sensu
2576 3077 2636 3132 in
2649 3078 2753 3134 Dei
2767 3078 2935 3134 rebus
2951 3081 3363 3152 loquendum,»
3385 3096 3557 3152 argu-

231 3170 421 3227 laria
449 3168 697 3240 virgine,
716 3167 778 3222 in
810 3183 924 3239 quo
941 3165 1082 3221 illud
1100 3180 1306 3237 corpus
1325 3163 1853 3235 transfertur,quod
1889 3215 1934 3240 η
1951 3166 2291 3220 mentantur
2309 3181 2323 3220 :
2349 3169 2447 3221 aut
2465 3166 2707 3222 omnino
2725 3167 3126 3240 ﬂguratum,et
3143 3169 3285 3224 nihil
3303 3168 3557 3224 veritatis

233 3258 524 3333 pependit
550 3257 612 3312 in
641 3272 832 3323 cruce;
864 3256 1150 3326 sepultum
1175 3257 1260 3309 est
1281 3253 1340 3307 in
1362 3254 1644 3325 sepulcro,
1661 3268 1851 3307 resur-

236 3347 395 3404 rexit
423 3363 458 3401 a
478 3344 747 3411 mortuis,
776 3342 1100 3415 penetravit
1114 3342 1304 3407 caelos,
1320 3343 1379 3395 et
1395 3340 1649 3414 pontifex
1670 3340 1852 3394 factus

233 3436 300 3492 in
354 3437 668 3500 eternum,
700 3430 960 3505 quotidie
1014 3430 1345 3501 interpellat
1390 3444 1495 3500 pro
1538 3427 1724 3483 nobis.
1761 3428 1850 3482 Ad

232 3540 439 3597 quem,
455 3522 503 3577 si
520 3524 679 3576 recte
701 3518 1219 3585 communicamus,
1246 3519 1505 3571 mentem
1523 3516 1845 3587 dirigimus;

232 3614 302 3667 ut
320 3628 391 3666 ex
416 3610 565 3681 ipso,
585 3609 734 3664 etab
756 3608 903 3680 ipso,
927 3623 1032 3662 nos
1046 3622 1252 3677 corpus
1272 3605 1416 3676 ejus,
1441 3620 1679 3659 carnem
1701 3604 1843 3675 ejus,

228 3698 332 3755 illo
351 3699 635 3754 manente
663 3697 916 3768 integro,
933 3710 1255 3750 sumamus:
1285 3711 1412 3766 qua:
1435 3692 1848 3765 nimirumipsa

227 3802 369 3843 caro
388 3789 496 3854 est,
510 3789 569 3840 et
586 3783 992 3857 fructusipsius
1009 3782 1217 3849 carnis,
1234 3782 1461 3836 utidem
1474 3797 1706 3853 semper
1721 3797 1844 3836 ma-

226 3879 393 3938 neat,
421 3878 481 3931 et
511 3873 808 3930 universos
838 3872 936 3945 qui
981 3875 1115 3927 sunt
1166 3871 1225 3926 in
1276 3887 1519 3942 corpore
1564 3874 1777 3941 pascat.
1813 3891 1841 3920 »

226 3963 567 4037 Fulgentius
599 3979 612 4018 :
651 3985 679 4012 «
710 3960 1058 4017 Firmissime
1077 3964 1231 4022 tene.
1260 3962 1319 4014 et
1339 3960 1666 4014 nullatenus
1687 3957 1847 4014 dubi-

224 4049 1356 4124 tes,ipsumfunigenitumDeumVerbum
1372 4063 1606 4103 carnem
1628 4048 1844 4103 factum

224 4159 289 4197 se
318 4158 428 4215 pro
457 4139 627 4196 nobis
656 4140 930 4195 obtulisse
968 4137 1310 4194 sacriﬁcium
1352 4141 1411 4192 et
1434 4136 1683 4193 hostiam
1726 4138 1843 4192 Deo

222 4227 287 4283 in
344 4228 593 4283 odorem
647 4226 940 4281 suavitatis
971 4242 984 4280 :
1014 4225 1105 4281 cui
1154 4242 1285 4280 cum
1334 4227 1503 4280 Patre
1542 4227 1601 4279 et
1630 4224 1844 4294 Spiritu

223 4319 430 4372 sancto
493 4333 528 4370 a
576 4314 934 4387 patriarchis,
985 4330 1019 4367 a
1048 4312 1342 4386 prophetis
1371 4315 1429 4367 et
1453 4310 1844 4367 sacerdotibus

223 4407 497 4477 tempore
515 4402 737 4458 Veteris
761 4401 1110 4457 Testamenti
1138 4400 1415 4457 animalia
1441 4399 1840 4455 sacriﬁcaban-

1888 3215 1935 3275 C

1952 3250 2012 3306 in
2042 3252 2152 3307 hoc
2184 3253 2456 3325 mysterio
2504 3257 2768 3310 constare
2794 3273 2808 3323 ;
2854 3259 2953 3310 aut
3000 3256 3044 3311 si
3073 3257 3284 3313 veritas
3314 3257 3403 3325 sit,
3430 3258 3555 3329 jam

1950 3340 2202 3411 figuram
2240 3359 2358 3398 non
2404 3359 2545 3398 esse.
2577 3342 2690 3398 Sed
2712 3345 3043 3399 Paschasius
3073 3347 3389 3402 Radbertus
3414 3347 3558 3401 sicut

1949 3431 2008 3482 et
2034 3428 2147 3483 alia
2177 3432 2360 3484 multa
2389 3430 2447 3484 in
2477 3430 2683 3485 eodem
2710 3432 2858 3487 libro
2883 3433 3030 3487 ultra
3056 3434 3374 3490 humanam
3404 3434 3554 3489 msti-

1949 3515 2269 3570 mationem
2296 3517 2511 3571 utiliter
2548 3520 2792 3586 tractat;
2833 3519 2915 3575 ita
2950 3524 3008 3575 et
3048 3522 3178 3576 huic
3215 3523 3553 3594 sophismati

1947 3604 2175 3660 fortiter
2200 3604 2410 3673 obviat,
2439 3606 2635 3661 dicens
2659 3624 2672 3661 :
2709 3625 2735 3661 ι
2754 3607 3023 3680 Figuram
3042 3627 3158 3667 non
3181 3628 3411 3682 semper
3435 3628 3555 3665 um-

1947 3694 2115 3749 bram
2142 3711 2284 3762 esse,
2308 3697 2365 3749 et
2376 3695 2510 3766 jure
2528 3695 2695 3751 simul
2734 3696 2842 3752 hoc
2889 3700 3229 3769 mysterium
3271 3703 3329 3754 et
3366 3700 3553 3772 ﬁgura

1947 3786 2006 3838 et
2024 3782 2262 3838 veritate
2280 3783 2390 3838 dici
2408 3801 2592 3856 posse.
2616 3804 2646 3837 »
2667 3784 2831 3850 Quod
2856 3785 2899 3840 si
2924 3786 3049 3858 quis
3070 3786 3292 3858 plenius
3310 3788 3554 3844 voluerit

1946 3873 2110 3939 scire,
2133 3872 2205 3927 de
2217 3872 2340 3944 ejus
2360 3873 2855 3947 volumine,plcna
2869 3874 3078 3929 fultum
3101 3876 3438 3931 auctoritate
3452 3894 3551 3950 po-

1943 3961 2081 4015 terit
2106 3964 2390 4016 mutuare.
2421 3962 2532 4017 Nos
2562 3965 2758 4018 autem
2786 3981 2890 4019 non
2918 3963 3029 4018 alla
3050 3966 3324 4036 sapientes,
3350 3965 3439 4019 sed
3455 3966 3551 4021 lm-

1943 4050 2155 4105 mih'bus
2180 4053 2557 4107 consentientes
2579 4052 2757 4122 (Rom.
2816 4070 2912 4120 xn,
2950 4053 3057 4124 16),
3090 4052 3433 4126 simpliciter
3464 4054 3546 4110 fa-

1944 4141 2173 4193 teamur
2197 4139 2334 4211 quia
2363 4140 2553 4212 figura
2580 4144 2687 4208 est,
2720 4141 2858 4197 dum
2889 4141 3054 4213 panis
3084 4145 3140 4197 et
3163 4142 3355 4199 vinum
3388 4145 3549 4199 extra

1942 4225 2202 4295 videtur;
2247 4227 2456 4282 veritas
2486 4232 2704 4297 autem,
2764 4230 2904 4285 dum
2954 4246 3159 4304 corpus
3210 4234 3270 4287 et
3315 4232 3547 4304 sanguis

1944 4315 2151 4370 Christi
2182 4316 2240 4371 in
2262 4316 2501 4372 veritate
2535 4317 2775 4373 interius
2792 4318 3065 4377 creditur.
3085 4321 3153 4374 Et
3169 4322 3548 4393 quemadmo-

1943 4404 2083 4459 dum
2115 4404 2350 4477 quidam
2376 4406 2602 4478 sapiens
2614 4406 2897 4462 moderno
2921 4411 3188 4478 tempore
3211 4409 3351 4465 dixit
3380 4428 3392 4465 :
3418 4410 3546 4467 «Si-

222 4494 323 4547 tur
357 4509 371 4546 :
400 4494 462 4546 et
485 4490 582 4546 cui
608 4507 786 4557 nunc,
808 4491 868 4545 id
897 4492 999 4558 est,
1016 4494 1284 4563 tempore
1301 4489 1440 4544 Novi
1468 4488 1838 4556 Testameuti,
1867 4514 1919 4573 Ι)
1941 4495 2038 4547 cut
2063 4491 2263 4556 omnia
2282 4492 2341 4548 in
2364 4492 2584 4549 Christo
2598 4511 2733 4549 vera
2750 4496 3261 4565 credimus,veram
3281 4498 3549 4555 videlicet

223 4596 362 4636 cum
379 4581 550 4635 Patre
576 4582 636 4634 et
661 4578 877 4650 Spiritu
890 4583 1110 4647 sancto,
1127 4595 1258 4634 cum
1277 4578 1484 4651 quibus
1509 4577 1590 4633 illi
1616 4580 1701 4631 est
1727 4594 1842 4633 una

222 4668 520 4735 divinitas,
552 4666 901 4722 sacrificium
932 4667 1099 4739 panis
1128 4670 1186 4722 et
1210 4666 1326 4722 vini
1348 4667 1408 4721 in
1438 4666 1552 4721 fide
1578 4668 1638 4721 et
1657 4666 1841 4721 chari-

222 4759 345 4811 tate
373 4758 575 4810 sancta
599 4755 850 4809 Ecclesia
873 4755 1153 4810 catholica
1171 4770 1276 4825 per
1289 4754 1618 4809 universum
1637 4754 1838 4809 orbem

220 4846 395 4899 terra!
428 4843 642 4899 otl'erre
673 4859 793 4898 non
825 4846 1021 4898 cessat.
1056 4845 1118 4897 In
1163 4843 1271 4898 illis
1312 4843 1469 4898 enim
1515 4842 1839 4897 carnalibus

221 4931 468 4988 victimis
498 4930 852 5004 signiﬁcatio
894 4931 1003 4986 fuit
1035 4931 1224 4987 carnis
1259 4930 1486 4998 Christi,
1524 4947 1699 5003 quam
1731 4946 1836 5002 pro

222 5021 472 5095 peccatis
498 5019 717 5076 nostris
742 5019 862 5090 ipse
890 5020 1012 5075 sine
1039 5023 1272 5093 peccato
1303 5020 1493 5074 fuerat
1519 5020 1834 5088 oblaturus,

224 5114 280 5165 et
308 5110 565 5184 sanguis,
582 5125 763 5181 quem
778 5111 899 5162 erat
911 5109 1188 5165 effusuras
1209 5109 1268 5164 in
1282 5108 1685 5165 remissionem
1704 5124 1835 5180 pec-

222 5203 487 5255 catorum
521 5202 885 5254 nostrorum.
918 5200 979 5253 In
1010 5198 1118 5255 isto
1154 5202 1350 5254 autem
1394 5198 1673 5253 sacrificio
1704 5216 1835 5271 gra-

224 5289 430 5345 tiarum
444 5288 601 5344 actio
623 5290 802 5358 atque
814 5288 1293 5344 commemoratio
1314 5290 1401 5343 est
1412 5288 1597 5343 carnis
1610 5288 1836 5357 Christi,

223 5395 389 5451 quam
422 5394 534 5452 pro
556 5375 743 5431 nobis
769 5375 990 5445 obtulit,
1023 5381 1081 5432 et
1099 5377 1399 5448 sanguinis
1428 5394 1600 5450 quem
1617 5394 1720 5448 pro
1741 5393 1841 5432 no-

223 5468 299 5525 bis
326 5469 489 5525 idem
518 5468 682 5523 Deus
715 5462 931 5519 effudit.
961 5468 1039 5522 De
1073 5483 1187 5540 quo
1217 5467 1418 5522 beatus
1459 5468 1669 5522 Paulus
1700 5483 1838 5539 apo-

218 5561 385 5617 stolus
397 5557 546 5615 dicit
560 5555 625 5609 in
645 5550 881 5606 Actibus
896 5556 1314 5626 apostolorum:
1334 5578 1361 5607 ‹‹
1374 5556 1668 5611 Attendite
1684 5556 1843 5610 vobis

216 5671 240 5698 «
261 5651 313 5703 et
337 5647 627 5702 universo
663 5639 852 5711 gregi,
877 5641 929 5697 in
962 5660 1074 5716 quo
1102 5661 1201 5699 vos
1228 5645 1472 5716 Spiritus
1494 5648 1719 5700 sanctus
1748 5661 1845 5717 po-

212 5763 237 5791 «
256 5738 372 5794 suit
382 5735 723 5809 episcopos
735 5738 934 5799 regere
952 5733 1260 5790 Ecclesiam
1274 5734 1396 5802 Dei,
1416 5751 1591 5807 quam
1607 5733 1846 5807 acquisi-

1942 4580 2300 4636 divinitatem
2317 4584 2376 4636 et
2393 4598 2591 4637 veram
2612 4583 3060 4647 humanitatem,
3074 4602 3275 4641 verum
3290 4588 3543 4643 Verbum

1941 4671 2000 4723 et
2012 4685 2208 4724 veram
2226 4686 2483 4738 carnem,
2499 4688 2699 4727 verum
2723 4674 2905 4728 Deum
2924 4676 3192 4731 etverum
3213 4676 3540 4733 hominem:

1940 4757 2020 4811 ita
2041 4757 2098 4812 in
2122 4759 2395 4830 mysterio
2416 4760 2672 4832 corporis
2686 4764 2744 4816 et
2770 4762 3065 4833 sanguinis
3081 4763 3225 4835 ejus,
3256 4765 3411 4835 quod
3439 4764 3547 4818 vir-

1942 4850 2062 4902 tute
2102 4848 2344 4903 caalestis
2389 4850 2809 4906 benedictionis
2844 4854 2902 4905 et
2941 4852 3110 4907 Verbi
3162 4852 3339 4906 divini
3397 4852 3454 4905 in
3486 4852 3544 4907 id

1939 4936 2098 5009 quod
2127 4953 2245 4993 non
2272 4941 2398 4993 erat
2425 4943 2815 5008 consecratur,
2852 4939 2997 4994 nihil
3028 4940 3257 5005 falsum,
3292 4938 3546 4993 nihilfri-

1937 5027 2156 5089 votum,
2185 5026 2326 5081 nihil
2356 5026 2601 5083 infidum
2632 5028 2968 5084 sentiamus.
2994 5049 3022 5076 »
3046 5025 3159 5081 Sed
3179 5026 3316 5098 quid
3346 5028 3420 5082 ad
3437 5045 3541 5083 no-

1938 5118 2115 5171 stram
2149 5116 2522 5172 tantilitatem
2541 5118 2611 5171 de
2641 5120 3219 5188 tantorum,quorum
3243 5115 3546 5187 prelibata

1939 5208 2076 5259 sunt
2106 5205 2279 5273 dicta,
2324 5206 2577 5261 virorum
2638 5203 3047 5276 discrepantia,
3075 5204 3171 5259 sed
3218 5203 3543 5261 videntibus

1939 5297 2332 5349 consentanea
2348 5294 2423 5362 dij
2435 5293 2663 5348 udicare
2680 5292 2789 5346 ?At
2810 5291 2960 5345 forte
2988 5292 3357 5366 omnipotens
3369 5296 3538 5364 Deus,

1942 5386 1999 5437 et
2029 5386 2239 5437 nostra:
2266 5380 2605 5435 humilitatis
2636 5378 2920 5442 conscius,
2954 5384 3012 5434 et
3060 5382 3246 5453 magis
3285 5383 3544 5439 fidelium

1942 5486 2202 5533 suorum,
2234 5486 2354 5524 non
2387 5466 2563 5540 impie
2603 5467 3020 5538 dubitantium,
3048 5470 3216 5524 saluti
3237 5474 3296 5526 et
3323 5472 3547 5528 haesita-

1943 5558 2085 5612 tioni
2114 5557 2387 5613 sanandm
2414 5555 2703 5627 providus,
2722 5555 3059 5627 dignabitur
3086 5558 3412 5629 patefacere
3443 5578 3548 5632 per

1947 5651 2157 5700 noslrze
2180 5644 2566 5718 inquisitionis
2594 5662 2828 5709 munus,
2861 5650 2923 5701 ut
2953 5650 3011 5702 et
3042 5649 3217 5701 tantm
3264 5648 3544 5704 utilitatis.

1948 5751 2076 5806 quas
2095 5734 2153 5788 in
2180 5734 2388 5789 eodem
2407 5733 2552 5789 libro
2574 5738 2681 5803 est,
2699 5738 2937 5808 propter
2958 5752 3139 5790 unum
3164 5735 3397 5790 verbum
3430 5754 3547 5792 non
