3918 6230
422 462 525 523 183

1115 457 1469 518 SILVESTRI
1498 461 1544 518 ll
1566 459 1765 518 PAPA‘I
1797 458 1952 516 OPP.
1976 455 2155 514 PARS
2187 456 2252 513 ll.
2282 487 2354 501 —-
2379 456 2471 516 DE
2501 456 2723 517 REBUS
2750 458 3030 518 ECCLES.

3636 465 3737 526 184

416 587 691 663 depereat
719 584 936 643 fructus
960 600 974 643 :
1010 589 1068 642 et
1095 587 1246 644 beati
1273 587 1582 655 Ambrosii,
1605 588 1763 659 cujus
1783 605 1900 659 prae
1923 606 2027 644 cae-
2043 596 2098 655 Α
2130 591 2343 660 gerunt
2372 588 2612 656 unitam,
2646 588 2962 661 interrogo,
2978 593 3248 648 utrumne
3270 608 3378 664 per
3394 594 3626 651 natura
3641 613 3734 652 ve-

416 676 556 731 teris
577 675 709 732 libri
740 676 1007 749 indigent
1037 678 1360 751 expositore
1389 680 1546 753 (quia
1577 683 1764 735 nullus
1796 682 2025 735 Latinus

416 765 499 820 ita
527 766 750 821 Graecos
788 770 1014 821 secutus
1059 768 1283 823 videtur
1331 772 1474 839 esse)
1522 771 1716 843 ipsius,
1760 772 2020 842 inquam,

420 855 729 910 auctoritas
754 857 1012 926 palmam
1042 856 1215 927 digna
1246 859 1316 911 sit
1346 859 1627 913 obtinere.

489 943 555 998 V.
589 944 828 1015 Cyrillus
859 960 871 995 :
906 967 932 993 «
955 945 1277 999 Necessarie
1302 945 1540 1016 igituret
1570 948 1677 1001 hoc
1698 948 2019 1018 adjicimus,

421 1032 857 1094 annuntiantes,
877 1034 1193 1087 secundum
1213 1051 1444 1089 carnem
1463 1039 1713 1089 mortem
1744 1037 2024 1107 unigeniti

420 1119 543 1174 Filii
566 1119 689 1186 Dei,
712 1119 767 1174 id
786 1123 869 1174 est
896 1120 1024 1175 Jesu
1048 1122 1275 1189 Christi,
1300 1127 1355 1177 et
1376 1125 1854 1180 resurrectionem
1880 1126 2021 1195 ejus,

422 1208 563 1263 etin
604 1209 774 1263 caelos
822 1209 1213 1263 ascensionem
1263 1211 1475 1282 pariter
1524 1213 1883 1275 confitentes,
1935 1213 2022 1268 in-

421 1300 725 1352 cruentam
759 1298 1114 1352 celebramus
1144 1299 1202 1352 in
1220 1299 1479 1352 Ecclesiis
1509 1301 1767 1355 sacrificii
1795 1304 2026 1356 servitu-

423 1389 563 1441 tem.
594 1385 684 1440 Sic
713 1385 892 1440 etiam
917 1386 989 1439 ad
1025 1387 1290 1456 mysticas
1335 1387 1763 1443 benedictiones
1807 1391 2024 1445 accedi-

424 1490 573 1541 mus,
604 1476 661 1528 et
706 1474 1129 1528 sanctiﬁcamur
1158 1476 1464 1546 participes
1494 1478 1640 1532 sacri
1687 1480 1941 1549 corporis
1972 1482 2028 1534 et

426 1561 722 1633 sanguinis
743 1562 978 1634 pretiosi
1011 1563 1238 1631 Christi,
1272 1566 1536 1620 omnium
1580 1569 1910 1620 nostrorum
1940 1584 2028 1621 re-

428 1650 780 1722 demptionis
797 1651 1014 1706 ellecti:
1040 1668 1157 1707 non
1180 1669 1553 1708 communem
1573 1670 1807 1709 carnem
1847 1655 2027 1725 perci-

426 1739 650 1810 pientes
668 1740 842 1811 (quod
861 1739 1006 1793 absit
1028 1739 1064 1810 ἓ)
1094 1758 1197 1794 nec
1219 1745 1278 1795 ut
1300 1742 1398 1795 viri
1425 1742 1757 1796 sanetilicati
1773 1746 1831 1795 et
1848 1744 2027 1798 Verbo

436 1828 733 1899 conjuncti
764 1828 1081 1882 secundum
1109 1829 1403 1899 dignitatis
1428 1830 1727 1897 unitatem,
1761 1835 1858 1886 aut
1888 1832 2032 1886 sicut

2127 677 2357 731 ritatem
2386 677 2558 732 hodie
2582 678 2835 732 Christus
2855 678 2915 733 in
2933 680 3098 734 nobis
3123 680 3214 749 sit,
3248 699 3323 737 an
3354 700 3459 754 per
3488 701 3738 741 concor-

2128 767 2281 821 diam
2311 767 2647 821 voluntatis?
2669 767 2725 822 Si
2754 768 2909 822 enim
2937 787 3068 824 vere
3090 771 3339 827 Verbum
3361 790 3494 830 caro
3512 775 3736 831 factum

2125 860 2226 920 est,
2255 859 2311 909 et.
2332 873 2459 909 vere
2483 872 2585 910 nos
2616 857 2862 911 Verbum
2886 874 3121 913 carnem
3151 861 3366 915 factum
3391 862 3521 919 cibo
3539 865 3740 919 Domi-

2125 943 2252 997 nico
2283 944 2882 1015 sumimus,quomodo
2917 964 3033 1002 non
3048 949 3383 1004 naturaliter
3407 968 3651 1006 manere
3672 952 3735 1007 in

2125 1031 2289 1086 nobis
2313 1033 2720 1086 existimandus
2738 1035 2941 1105 est,qui
2957 1038 3014 1089 et
3028 1039 3291 1092 naturam
3309 1039 3501 1093 carnis
3517 1044 3735 1098 nostra

2117 1121 2243 1191 jam
2268 1121 2711 1192 inseparabilem
2748 1122 2874 1187 sibi,
2902 1123 3079 1179 homo
3120 1130 3286 1180 natus
3321 1129 3650 1200 assumpsit,
3678 1132 3740 1185 et

2127 1213 2397 1266 naturam
2423 1209 2610 1263 carnis
2629 1226 2743 1263 sure
2760 1210 2831 1263 ad
2856 1215 3125 1266 naturam
3143 1216 3477 1271 aeternitatis
3506 1217 3612 1272 sub
3641 1234 3739 1272 sa-

2129 1300 2425 1353 cramcnto
2450 1298 2615 1352 nobis
2639 1299 3138 1355 communicandas
3163 1303 3350 1358 carnis
3379 1304 3737 1362 admiscuit?

2128 1389 2209 1441 Ita
2246 1387 2400 1440 enim
2433 1387 2491 1440 in
2522 1387 2638 1439 Deo
2670 1404 2873 1441 omnes
2906 1405 3103 1442 sumus
3134 1406 3147 1443 :
3175 1390 3309 1460 quia
3335 1394 3390 1445 et
3414 1392 3473 1446 in
3506 1393 3735 1449 Christo

2130 1478 2299 1529 Pater
2326 1478 2428 1539 est,
2461 1477 2517 1527 et
2548 1474 2801 1529 Christus
2851 1475 2911 1528 in
2959 1477 3121 1530 nobis
3154 1478 3563 1551 est.,Quisquis
3591 1498 3737 1553 ergo

2132 1564 2470 1618 naturaliter
2492 1565 2721 1617 Patrem
2756 1563 2814 1617 in
2852 1564 3071 1619 Christo
3089 1567 3344 1637 negabit,
3370 1572 3544 1640 neget
3555 1569 3737 1641 prius,

2132 1669 2250 1706 non
2282 1650 2621 1706 naturaliter
2644 1652 2731 1705 vel
2762 1669 2820 1706 se
2850 1652 2907 1706 in
2937 1653 3283 1721 Christo,vel
3310 1655 3415 1710 sibi
3445 1657 3738 1714 Christum

2134 1757 2251 1794 non
2282 1756 2402 1793 esse
2426 1757 2439 1805 ;
2474 1740 2610 1809 quia
2632 1739 2691 1792 in
2718 1740 2939 1794 Christo
2974 1743 3160 1808 Pater,
3182 1745 3238 1796 et
3259 1743 3515 1799 Christus
3542 1746 3604 1799 in
3632 1764 3736 1802 no-

2131 1829 2424 1895 bis,unum
2444 1828 2502 1881 in
2525 1828 2614 1882 his
2636 1846 2756 1882 esse
2779 1846 2881 1882 nos
2905 1829 3138 1883 faciunt.
3174 1830 3230 1884 Si
3264 1848 3393 1886 vere
3411 1833 3592 1905 igitur
3621 1851 3741 1888 car.

430 1916 679 1971 divinam
706 1916 1050 1988 possidentis
1074 1917 1522 1987 habitationem;
1555 1920 1653 1973 sed
1697 1936 1831 1973 vero
1862 1920 2031 1973 viviﬁ—
2060 1915 2110 1973 B
2132 1932 2269 1969 nem
2302 1917 2558 1986 corporis
2589 1915 2768 1969 nostri
2834 1916 3085 1970 Christus
3142 1921 3467 1989 assumpsit,
3517 1924 3576 1975 et
3605 1938 3739 1977 vere

429 2006 723 2071 catricem,
756 2007 814 2057 et
862 2005 1035 2075 ipsius
1076 2005 1242 2060 Verbi
1296 2008 1593 2077 propriam
1644 2008 1875 2062 factam.
1906 2009 2031 2063 Vita

430 2093 584 2147 enim
616 2094 957 2147 naturaliter
998 2096 1060 2147 ut
1101 2094 1249 2148 Deus
1306 2095 1570 2162 existens,
1606 2096 1740 2166 quia
1784 2098 2029 2168 propriae

428 2181 585 2237 carni
616 2180 919 2251 adjunctus
963 2184 1067 2249 est,
1102 2182 1524 2237 viviﬁcatricem
1566 2201 1696 2238 eam
1745 2202 1863 2238 esse
1896 2202 2029 2256 pro-

428 2269 607 2324 fessus
623 2272 725 2327 est.
747 2269 984 2331 Etideo,
1007 2270 1264 2340 quamvis
1289 2271 1440 2325 dicat
1479 2271 1552 2324 ad
1580 2289 1683 2326 nos
1711 2289 1723 2326 :
1763 2295 1789 2322 ‹‹
1820 2276 2027 2339 Amen,

431 2380 458 2408 «
487 2375 658 2413 amen
681 2358 805 2412 dico
819 2357 1002 2423 vobis,
1027 2358 1132 2411 nisi
1152 2359 1632 2414 manducavcritis
1658 2378 1890 2414 carnem
1908 2362 2031 2415 Filii

433 2468 461 2497 ί(
481 2445 828 2513 hominis,et
842 2445 1102 2499 biberitis
1124 2446 1244 2515 ejus
1270 2448 1670 2517 sanguinem,»
1694 2466 1812 2503 non
1838 2452 2029 2505 tamen

431 2551 559 2589 eam
584 2536 647 2588 ut
672 2532 926 2588 hominis
954 2532 1119 2587 unius
1133 2550 1198 2587 ex
1234 2534 1399 2588 nobis
1438 2536 1723 2590 reslimare
1757 2537 2034 2593 debemus

430 2621 745 2694 (quomodo
756 2621 920 2691 juxta
941 2624 1206 2676 naturam
1229 2639 1391 2677 suam
1410 2622 1739 2679 viviﬁcatrix
1764 2643 1883 2680 esse
1903 2645 2033 2683 caro

432 2708 686 2764 hominis
702 2708 990 2778 potcl‘it‘P),
1015 2710 1114 2763 sed
1128 2714 1188 2764 ut
1208 2728 1271 2764 ve
1282 2727 1339 2764 re
1362 2713 1652 2783 propriam
1670 2714 1789 2784 ejus
1802 2715 2008 2769 factam
2021 2758 2035 2783 ,

434 2796 532 2868 qui
555 2797 791 2867 propter
818 2813 924 2851 nos
955 2797 1126 2851 Filius
1156 2798 1410 2853 hominis
1437 2804 1520 2853 est
1549 2800 1749 2869 factus,
1778 2806 1834 2856 et
1873 2820 2036 2858 voca-

436 2889 545 2940 tus.
584 2907 611 2932 »
640 2885 845 2956 Magna
875 2885 1188 2939 auctoritas
1220 2887 1365 2941 tanti
1389 2888 1510 2955 viri,
1556 2907 1667 2960 qua
1708 2894 1765 2945 et
1802 2907 2038 2946 carnem

438 2972 645 3027 Christi
661 2989 793 3027 vere
816 2972 1243 3029 viviﬁcatricem
1268 2992 1385 3030 esse
1408 2976 1568 3043 dixit,
1593 2981 1649 3030 et
1677 2978 1849 3049 ipsius
1872 2980 2040 3033 Verbi

436 3063 737 3135 propriam
763 3062 997 3129 factam,
1035 3066 1091 3117 et
1136 3064 1310 3118 vitam
1345 3068 1411 3119 ut
1462 3068 1645 3121 Deum
1705 3068 2043 3122 naturaliter

2131 2006 2305 2059 homo
2320 2004 2535 2075 ille,qui
2549 2021 2616 2058 ex
2628 2004 2800 2058 Maria
2820 2008 2987 2059 natus
3000 2005 3388 2067 fuit,Christus
3404 2010 3738 2080 est,nosque

2130 2110 2259 2147 vere
2285 2093 2388 2147 sub
2434 2094 2704 2164 mysterio
2749 2110 2984 2148 carnem
3029 2095 3282 2165 corporis
3320 2096 3405 2150 sui
3434 2097 3738 2164 sumimus,

2132 2186 2189 2235 et
2216 2198 2319 2251 per
2355 2183 2463 2235 hoc
2491 2198 2669 2235 unum
2695 2181 2909 2235 erimus
2935 2182 3087 2252 (quia
3128 2184 3299 2237 Pater
3332 2184 3390 2238 in
3430 2201 3500 2239 eo
3546 2189 3654 2254 est,
3686 2188 3743 2241 et

2132 2269 2225 2324 ille
2254 2270 2311 2323 in
2344 2270 2552 2339 nobis),
2582 2270 2875 2339 quomodo
2902 2270 3209 2325 voluntatis
3236 2272 3421 2326 unitas
3441 2274 3739 2341 asseritur,

2133 2376 2262 2412 cum
2280 2358 2552 2412 naturalis
2572 2374 2675 2429 per
2696 2363 3118 2413 sacramentum
3137 2361 3456 2431 proprietas
3472 2362 3745 2432 perfectae

2134 2450 2559 2501 sacramentum
2575 2447 2645 2500 sit
2669 2446 2937 2501 unitatis"?
2958 2450 3078 2518 ipse
3090 2448 3247 2501 enim
3270 2449 3349 2503 ait
3371 2466 3427 2503 :a
3453 2450 3601 2504 Caro
3615 2468 3746 2507 mea

2137 2559 2164 2586 ‹‹
2197 2552 2325 2588 vere
2359 2538 2443 2588 est
2468 2552 2615 2601 esca,
2649 2538 2706 2588 et
2736 2536 2966 2606 sanguis
2998 2553 3158 2590 meus
3183 2554 3313 2591 vere
3337 2539 3421 2591 est
3442 2539 3745 2608 potus.0ui

2138 2647 2165 2673 ‹‹
2198 2623 2315 2678 edit
2336 2639 2569 2677 carnem
2599 2640 2790 2678 meam
2821 2627 2878 2677 et
2906 2623 3052 2678 bibit
3077 2625 3419 2695 sanguinem
3445 2642 3671 2695 meum,
3690 2628 3746 2684 in

2140 2736 2165 2761 α
2202 2730 2295 2766 me
2318 2716 2517 2765 manet
2540 2715 2595 2765 et
2612 2728 2718 2783 ego
2745 2711 2804 2765 in
2832 2729 2920 2766 eo.
2942 2734 2968 2761 »
2992 2712 3072 2767 De
3093 2714 3330 2768 veritate
3343 2714 3533 2769 carnis
3552 2719 3613 2769 et
3627 2732 3752 2770 san-

2143 2800 2333 2871 guinis
2350 2817 2464 2855 non
2487 2804 2571 2854 est
2589 2800 2819 2853 relictus
2832 2800 3164 2871 ambigendi
3182 2803 3357 2856 locus.
3390 2803 3551 2858 Nunc
3568 2803 3748 2872 enim,

2142 2891 2201 2943 et
2232 2888 2587 2960 professione
2633 2888 2806 2958 ipsius
2843 2888 3074 2943 Domini
3123 2892 3179 2943 et
3208 2889 3320 2944 ﬁde
3364 2894 3585 2959 nostra,
3620 2908 3750 2947 vere

2144 2993 2276 3030 caro
2305 2979 2389 3029 est
2423 2979 2479 3029 et
2500 2993 2629 3029 vere
2658 2977 2889 3048 sanguis
2923 2980 3009 3030 est
3039 2995 3053 3044 ;
3077 2980 3133 3030 et
3161 2978 3283 3032 haec
3304 2982 3540 3049 accepta
3579 2983 3750 3052 atque

2147 3066 2352 3118 hausta
2372 3063 2427 3117 id
2452 3063 2726 3131 efﬁciunt,
2762 3069 2824 3118 ut
2858 3082 2964 3119 nos
2986 3065 3043 3118 in
3064 3065 3305 3132 Christo,
3332 3070 3389 3121 et
3409 3067 3672 3124 Christus
3695 3068 3751 3124 in

440 3150 803 3205 existentem.
829 3151 1005 3222 Hujus
1029 3150 1223 3222 itaque
1257 3152 1399 3207 tanti
1432 3154 1536 3207 viri
1561 3155 1900 3210 auctoritate
1931 3158 2042 3210 sol-
2080 3189 2125 3247 Ο
2149 3152 2312 3206 nobis
2331 3152 2421 3205 sit.
2442 3154 2605 3206 Anne
2623 3154 2731 3205 hoc
2744 3152 2949 3207 veritas
2973 3169 3090 3206 non
3114 3157 3197 3207 est
3218 3154 3559 3226 ?contingat
3586 3158 3752 3227 plane

440 3239 593 3293 vitur
617 3239 955 3310 ambiguum
988 3257 1161 3294 omne
1189 3242 1345 3312 quod
1372 3244 1570 3297 beatus
1598 3244 1933 3298 Ambrosius
1965 3246 2047 3298 di-

442 3326 599 3380 misit
629 3326 685 3382 in
720 3328 1142 3395 subauditione,
1199 3331 1515 3385 naturaliter
1551 3331 1761 3386 scilicet
1812 3350 2045 3386 carnem

445 3413 673 3481 Christi,
703 3433 830 3487 quae
851 3416 1095 3470 sumitur
1124 3416 1193 3471 de
1216 3418 1403 3485 altari,
1447 3419 1712 3473 eamdem
1742 3420 1884 3486 fore,
1920 3438 2046 3491 qua:

446 3504 583 3556 nata
612 3506 696 3557 est
748 3504 817 3558 de
872 3504 1145 3574 Virginio.
1180 3506 1247 3558 Et
1280 3506 1515 3572 idcirco,
1565 3507 1681 3560 sive
1731 3509 2048 3562 secundum

448 3590 683 3661 Hieron)
700 3608 856 3646 mum
883 3592 2050 3667 dupliciter,sivesecundumAugustinum

448 3679 669 3734 dicatur
696 3698 901 3752 corpus
937 3682 1141 3737 Christi
1178 3683 1494 3752 tripliciler,
1514 3685 1810 3753 specialiter
1850 3687 2055 3739 debeat

448 3768 578 3833 dici,
597 3786 727 3823 cum
747 3770 817 3823 sit
836 3772 1156 3824 naturaliter
1172 3787 1371 3827 unum.
1406 3772 1566 3825 Unde
1587 3776 1643 3827 et
1663 3774 2011 3843 Augustinus
2037 3791 2050 3829 ε

450 3879 474 3905 ‹‹
514 3857 585 3910 Ut
605 3874 672 3911 cx
699 3858 842 3929 ipso,
902 3858 1110 3929 inquit,
1166 3862 1223 3912 et
1252 3858 1324 3912 ab
1356 3859 1480 3928 ipso
1523 3877 1647 3926 nos,
1676 3877 1881 3932 corpus
1911 3864 2051 3933 ejus,

449 3961 685 4000 carnem
716 3945 911 4019 ipsius,
946 3947 1042 4000 illo
1075 3949 1352 4000 manente
1386 3948 1638 4019 integro,
1675 3967 1988 4006 sumamus.
2027 3975 2053 4001 ››

451 4034 637 4098 Quam
666 4034 815 4088 bene
848 4034 1000 4088 facta
1028 4034 1316 4089 distinctio
1340 4033 1351 4087 l
1378 4036 1532 4105 quod
1561 4036 1638 4091 ita
1668 4040 2049 4094 construitur:

458 4122 531 4175 Ut
552 4139 665 4189 nos,
685 4122 891 4193 inquit,
912 4121 1007 4193 qui
1035 4138 1231 4176 sumus
1261 4139 1466 4194 corpus
1495 4125 1718 4193 Christi,
1758 4127 1813 4182 id
1847 4132 1931 4181 est
1962 4130 2057 4183 Ec-

453 4210 646 4275 clesia,
689 4209 754 4261 ab
804 4212 933 4279 ipso,
985 4209 1081 4279 qui
1117 4214 1281 4264 natus
1307 4214 1391 4265 est
1442 4213 1511 4267 de
1540 4214 1755 4285 virgine
1786 4217 1958 4271 Maria
1994 4236 2056 4271 ea:

456 4302 565 4369 ipso
588 4297 682 4363 ;id
702 4300 1057 4365 est,carnem
1082 4299 1223 4369 ejus,
1246 4316 1373 4371 quas
1387 4307 1754 4358 consecratur
1784 4305 1840 4359 in
1868 4306 2053 4372 altari,

458 4386 546 4440 illo
578 4391 822 4439 manente
848 4387 1069 4455 integro,
1098 4405 1386 4444 sumamus.
1424 4391 1491 4445 Ut
1508 4396 1702 4446 autem
1732 4393 1940 4447 certius
1958 4396 2055 4448 de-

458 4475 811 4528 monstraret
867 4449 1020 4529 idein
1057 4449 1264 4531 beatus
1294 4479 1532 4549 Cyrillus
1579 4482 1727 4534 hanc
1777 4449 2133 4553 triplicemD

461 4560 773 4615 secundum
804 4563 1182 4633 Augustinum
1216 4566 1967 4640 discretionem,specialiter
1983 4571 2062 4626 di-

462 4652 636 4716 ctam,
668 4652 1005 4706 naturaliter
1033 4671 1154 4708 esse
1194 4672 1370 4709 unam
1397 4672 1409 4708 :
1437 4679 1461 4703 α
1494 4656 1860 4727 Non,inquit,
1879 4664 1939 4713 ut
1959 4660 2063 4714 viri

464 4737 795 4793 sanctiﬁcati
827 4743 883 4795 et
906 4742 1086 4796 Verbo
1106 4743 1230 4813 conj
1244 4743 1391 4796 uncti
1422 4744 1736 4798 secundum
1769 4746 2065 4816 dignitatis

465 4826 767 4895 unitatem,
790 4833 889 4884 aut
914 4830 1057 4885 sicut
1083 4831 1337 4885 divinam
1382 4831 1728 4903 possidentis
1759 4835 2065 4891 habitatio-

464 4934 597 4972 nem
625 4918 755 4986 ;sed
783 4936 912 4973 vere
942 4918 1386 4984 viviﬁcatricom,
1420 4924 1477 4975 et
1519 4920 1691 4992 ipsius
1730 4923 1897 4977 Verbi
1932 4942 2063 4996 pro—

460 5005 651 5077 priam
681 5006 916 5063 factam.
952 5029 980 5055 »
1011 5007 1207 5061 Ariani
1240 5008 1417 5075 enim,
1451 5009 1546 5081 qui
1572 5011 1864 5081 negabant
1888 5030 2064 5067 unam

464 5095 645 5149 Patris
674 5099 731 5150 et
757 5096 878 5150 Filii
906 5096 1310 5164 substantiam,
1345 5097 1504 5166 illud,
1550 5100 1703 5170 quod
1746 5099 1863 5169 ipse
1897 5101 2065 5156 Filius

465 5182 601 5238 dicit
631 5201 642 5237 :
673 5183 794 5251 Ego
816 5191 864 5237 et
884 5184 1053 5238 Pater
1084 5202 1247 5239 unum
1271 5203 1453 5242 smnus
1483 5189 1663 5255 (Joan.
1694 5206 1746 5253 x,
1773 5190 1880 5256 30),
1914 5206 2062 5244 asse-

462 5272 692 5339 rebant,
745 5271 1189 5342 intelligendum
1240 5292 1307 5329 ex
1366 5276 1673 5330 concordia
1721 5277 2062 5345 voluntatis;

464 5376 608 5430 quos
636 5358 997 5413 manifestius
1023 5363 1281 5417 confutat
1308 5363 1569 5429 llilarius,
1610 5380 1740 5418 vere
1772 5364 2065 5419 Romano-

463 5464 592 5500 rum
629 5447 850 5501 Lucifer
883 5465 894 5501 :
930 5451 1082 5520 quod
1138 5451 1210 5504 ad
1264 5450 1723 5519 intelligendum,
1774 5452 1928 5522 quod
1960 5454 2064 5524 Cy-

462 5535 622 5588 rillus
653 5535 890 5603 dixerat,
926 5540 1071 5591 valet
1106 5536 1519 5604 multipliciter.

536 5623 622 5677 Vl.
658 5623 893 5678 Hilarius
926 5626 1062 5693 (νηί,
1107 5625 1190 5675 Dc
1244 5623 1461 5691 Trim't.)
1497 5641 1508 5676 :
1545 5650 1567 5672 α
1628 5628 1753 5691 llos,
1791 5649 1816 5671 υ
1859 5625 2063 5696 inquit,

468 5733 495 5759 ι(
525 5728 693 5781 nunc,
716 5712 811 5785 qui
851 5713 1002 5766 inter
1026 5713 1253 5767 Patrem
1284 5714 1341 5763 et
1368 5711 1566 5767 Filium
1601 5715 1952 5769 voluntatem
1980 5715 2063 5770 in-

2148 3240 2234 3295 his
2253 3257 2451 3294 verum
2474 3258 2589 3295 non
2613 3258 2754 3306 esse,
2770 3240 2865 3312 qui
2889 3242 3179 3299 Christum
3199 3244 3389 3296 Jesum
3408 3260 3615 3298 verum
3637 3261 3753 3300 esse

2146 3331 2330 3383 Deum
2366 3330 2675 3399 dcnegant.
2697 3330 2789 3382 Est
2806 3346 2942 3399 ergo
2967 3330 3024 3383 in
3048 3331 3211 3385 nobis
3232 3331 3354 3401 ipse
3379 3349 3752 3403 percaruem,

2148 3422 2205 3471 et
2234 3434 2427 3470 sumus
2454 3418 2509 3471 in
2542 3435 2629 3481 eo,
2661 3418 2795 3471 dum
2825 3435 3018 3472 secum
3049 3420 3176 3486 hoc,
3210 3420 3365 3490 quod
3390 3437 3497 3476 nos
3535 3439 3752 3488 sumus,

2152 3506 2209 3559 in
2242 3508 2353 3560 Deo
2387 3507 2490 3559 est.
2530 3527 2555 3553 ››
2590 3506 2733 3558 Item
2778 3509 2908 3576 post
2950 3523 3168 3577 pauca:
3206 3529 3230 3555 ;‹
3277 3508 3404 3562 llrec
3454 3524 3598 3578 ergo
3629 3510 3753 3566 vita:

2153 3597 2362 3648 nostra:
2395 3610 2564 3647 causa
2595 3596 2698 3659 est,
2720 3593 2948 3664 quodin
2975 3595 3139 3648 nobis
3170 3596 3492 3650 carnalibus
3515 3614 3623 3668 per
3643 3614 3756 3652 car-

2154 3700 2287 3737 nem
2318 3682 2603 3736 Christum
2635 3685 2972 3736 manentem
3004 3684 3304 3750 habemus,
3331 3684 3563 3739 victuris
3594 3685 3756 3741 nobis

2155 3788 2257 3841 per
2278 3788 2411 3825 eum
2430 3770 2840 3825 eaconditione
2863 3771 3117 3842 quavivit
3142 3772 3239 3825 ille
3272 3788 3378 3843 per
3406 3774 3666 3829 Patrem.
3699 3773 3757 3828 Si

2155 3877 2259 3913 nos
2287 3876 2423 3930 ergo
2458 3859 2796 3913 naturaliter
2829 3859 3145 3913 secundum
3193 3876 3428 3915 carnem
3475 3879 3582 3933 per
3626 3879 3756 3917 eum

2155 3948 2416 4013 vivimus,
2440 3948 2497 4001 id
2529 3950 2633 4014 est,
2667 3950 2933 4001 naturam
2974 3948 3161 4001 carnis
3190 3966 3304 4003 sum
3326 3966 3524 4004 sumus
3542 3951 3754 4022 adepti,

2156 4036 2450 4107 quomodo
2483 4054 2599 4091 non
2626 4037 2965 4090 naturaliter
2985 4037 3300 4091 secundum
3326 4037 3597 4108 spiritum
3621 4038 3683 4094 in
3702 4055 3757 4094 se

2156 4127 2385 4178 Patrem
2417 4125 2646 4189 habeat,
2688 4142 2817 4178 cum
2843 4124 2989 4179 vivat
3019 4124 3138 4195 ipse
3167 4142 3270 4196 per
3300 4128 3531 4181 Patrem
3566 4127 3594 4181 ?
3628 4147 3654 4177 ι

2229 4215 2337 4266 Vll.
2365 4213 2460 4266 llic
2483 4213 2791 4267 videndum
2834 4213 3125 4284 quomodo
3156 4230 3260 4285 per
3290 4214 3348 4269 id
3386 4214 3564 4270 etiam
3608 4217 3759 4289 quod

2157 4302 2439 4356 hmreticis
2467 4306 2589 4355 erat
2616 4301 3024 4368 indubitatum,
3067 4302 3309 4356 voluerit
3335 4318 3578 4373 arguere
3609 4304 3760 4376 quod

2160 4393 2284 4444 erat
2313 4390 2570 4445 dubium.
2588 4390 2969 4445 Dubitabatur
2990 4391 3061 4444 ab
3089 4390 3171 4444 eis
3204 4390 3274 4445 de
3297 4391 3466 4445 unica
3492 4393 3679 4447 Patris
3708 4395 3762 4448 et

2162 4479 2282 4532 Filii
2305 4478 2645 4543 substantia;
2672 4477 2805 4548 quia
2824 4479 2979 4549 quod
2997 4478 3212 4532 dictum
3236 4482 3348 4533 est:
3371 4502 3399 4529 α
3431 4481 3555 4551 Ego
3573 4486 3632 4536 et
3661 4483 3760 4536 Pa-

2164 4571 2251 4621 ter
2286 4584 2462 4621 unum
2495 4584 2688 4620 sumus
2727 4566 2907 4636 (Joan.
2942 4584 2993 4633 Χ,
3031 4566 3142 4637 30),
3184 4587 3214 4614 ››
3256 4567 3649 4624 moliebantur
3694 4569 3762 4624 ad

2164 4655 2560 4710 unanimitatis
2590 4655 2808 4709 referre
2840 4670 3206 4722 consensum,
3252 4658 3315 4709 ut
3347 4655 3540 4709 unitas
3582 4658 3763 4712 solum

2165 4747 2312 4797 esset
2339 4744 2664 4809 voluntatis,
2705 4760 2820 4797 non
2849 4746 3096 4809 naturas;
3129 4742 3272 4797 sicut
3306 4766 3333 4792 ‹‹
3382 4745 3764 4800 multitudinis

2164 4831 2525 4885 credentium
2554 4835 2678 4885 erat
2703 4849 2801 4885 cor
2832 4849 3010 4886 unum
3039 4835 3096 4886 et
3135 4832 3332 4886 anima
3358 4849 3473 4887 una
3505 4833 3657 4903 (Act.
3694 4851 3762 4898 iv,

2165 4921 2297 4985 32).:
2320 4919 2710 4972 lndubitatum
2734 4936 2866 4974 vero
2885 4920 3175 4991 eratquod
3206 4936 3334 4973 vere
3348 4920 3601 4976 Verbum
3638 4938 3764 4977 caro

2164 5009 2315 5061 factu
2328 5025 2381 5060 m
2402 5010 2608 5061 l'ucrat.
2632 5007 3033 5074 Nihilominus,
3049 5005 3182 5078 quia
3201 5007 3350 5060 Deus
3362 5009 3635 5063 naturam
3648 5026 3767 5064 car-

2164 5097 2252 5149 nis
2267 5098 2473 5148 nostrzc
2489 5094 2927 5166 inseparabilem
2944 5095 3047 5149 sibi
3068 5096 3245 5149 homo
3261 5098 3428 5148 natus
3440 5098 3764 5168 assumpsit,

2164 5188 2223 5237 et
2251 5187 2515 5236 naturam
2556 5183 2742 5237 carnis
2763 5201 2878 5237 sum
2910 5184 2983 5238 ad
3010 5188 3278 5237 naturam
3309 5184 3654 5241 mternitatis
3671 5185 3766 5239 sub

2164 5277 2525 5327 sacramento
2553 5274 2659 5327 hoc
2680 5273 2842 5328 nobis
2860 5273 3360 5327 communicandae
3372 5273 3562 5327 carnis
3584 5275 3765 5329 admi-

2164 5362 2330 5428 scuit,
2349 5378 2411 5415 ac
2437 5378 2539 5432 per
2571 5364 2676 5417 hoc
2710 5380 2814 5415 nos
2834 5362 2892 5416 in
2926 5361 3148 5417 Christo
3172 5378 3352 5415 unum
3373 5377 3585 5433 corpus
3598 5364 3768 5419 efﬁci-

2166 5468 2325 5517 mur;
2363 5454 2420 5504 ct
2449 5451 2574 5505 ideo
2608 5469 2711 5523 per
2743 5452 2851 5505 hoc
2882 5466 3090 5505 omnes
3121 5451 3177 5504 in
3207 5452 3320 5504 Dco
3349 5451 3518 5504 Patre
3549 5456 3609 5506 et
3636 5453 3769 5507 Filio

2168 5557 2345 5593 unum
2379 5554 2600 5605 sumus;
2635 5540 2765 5609 quia
2799 5539 3039 5592 Palerin
3075 5538 3320 5603 Christo,
3353 5541 3411 5591 et
3441 5538 3769 5595 Christusiu

2170 5628 2333 5682 nobis
2366 5645 2486 5681 esse
2518 5630 2812 5697 probatur,
2831 5627 3127 5681 videamus
3146 5626 3770 5693 distinctioucm,Chri-

2167 5722 2285 5769 stus
2306 5721 2569 5769 naturam
2596 5715 3007 5769 uostrazcaruis
3028 5715 3357 5784 assumpsit,
3388 5732 3518 5769 cum
3548 5718 3622 5772 dc
3654 5718 3771 5772 Vir-
