3918 6230
186 456 288 522 \85

200 584 336 659 gina
368 587 541 644 natus
566 583 763 645 homo
799 588 1104 665 processit.
1138 590 1281 649 Ecce
1310 610 1445 651 caro
1475 596 1548 651 de
1569 594 1832 668 Virgine!

205 677 313 734 sub
343 682 708 734 sacramento
741 680 1255 738 communicandas
1289 684 1499 738 carnis.
1530 685 1841 756 Ecce’quod

206 766 459 821 sumitur
486 766 557 821 de
590 766 799 822 altari!
834 769 923 822 Ad
956 772 1219 825 naturam
1233 772 1689 827 aeternitatisnos
1713 774 1841 827 uni-

208 854 310 909 vit.
345 854 491 910 Ecce
514 871 723 927 corpus
754 861 1045 923 nostrum,
1103 859 1257 930 quod
1288 862 1373 913 est
1404 859 1686 915 Ecclesia!
1715 862 1843 916 Jam

205 943 388 997 credo
402 946 630 1013 patere,
661 945 823 1016 quod
858 945 1061 1000 beatus
1085 947 1420 1002 Ambrosius
1439 948 1679 1014 dixerat,
1712 952 1841 1003 tan-

209 1029 351 1084 dem
386 1046 533 1097 esse,
553 1033 614 1085 ut
633 1033 1367 1089 subaudiaturnaturah'ter.
1386 1035 1452 1089 Et
1466 1036 1840 1107 Augustinus,

206 1118 607 1190 Hieronymus
616 1123 675 1173 et
691 1120 1024 1191 Fulgentius
1044 1137 1057 1177 :
1077 1122 1232 1177 aliud
1250 1126 1458 1191 esse,ut
1472 1125 1845 1180 subaudiatur

203 1206 540 1277 specialiter.
575 1207 644 1260 Et
673 1207 810 1280 quia
837 1209 1020 1263 cultus
1039 1210 1275 1281 justitiee
1293 1210 1478 1282 pietas
1499 1216 1604 1279 est,
1636 1213 1723 1267 vel
1755 1230 1844 1269 sa-

202 1293 443 1365 pientia
470 1294 705 1367 pietatis
733 1299 821 1351 est
839 1297 1077 1366 fructus,
1101 1298 1423 1371 aliquando
1449 1300 1686 1372 quidam
1706 1301 1843 1357 sim-

202 1383 395 1455 plices
416 1386 477 1437 et
506 1383 727 1451 idiotas,
759 1384 1051 1440 ferventes
1095 1402 1229 1441 vero
1284 1387 1455 1443 bonis
1493 1389 1762 1460 operibus
1792 1391 1849 1444 et

205 1471 464 1544 pietate,
486 1471 695 1526 melius
720 1487 862 1542 pura
880 1473 1158 1542 proficere
1176 1473 1309 1541 ﬁde,
1329 1491 1504 1546 quam
1525 1476 1715 1531 fucato
1737 1493 1852 1532 ser-

211 1576 429 1616 mone.
459 1560 642 1615 Senes
662 1560 742 1614 illi
768 1559 828 1614 in
860 1560 1440 1628 VilaPatrum,alium
1471 1580 1847 1634 aequesenem

209 1664 282 1707 ac
303 1648 500 1704 virum
533 1652 820 1715 sanctum,
870 1649 970 1703 sed
1012 1665 1118 1720 pro
1140 1650 1249 1705 hoc
1278 1651 1551 1723 mysterio
1586 1652 1843 1721 dubium,

212 1754 343 1794 non
380 1737 700 1792 dialecticis
719 1738 1339 1809 argumentationibus,
1365 1740 1462 1794 sed
1493 1741 1681 1796 verbis
1707 1742 1844 1797 sim-

206 1826 468 1898 plicibus
501 1828 562 1879 et
604 1825 865 1879 oratione
893 1827 1379 1897 compuleruntad
1408 1828 1850 1897 credendum,il-

1260 472 1354 532 DE
1381 472 1708 535 CORPORE
1749 472 1836 534 ΕΤ
1872 469 2222 537 ελκαυικε
2246 476 2511 539 DOMlNl.

3437 486 3539 546 180

1946 600 2032 653 est
2042 614 2223 656 unum
2239 616 2253 668 ;
2287 599 2422 673 quia
2441 617 2559 657 non
2576 598 2689 658 duo
2701 601 2801 659 aut
2816 599 2927 659 tria
2950 616 3214 676 corpora,
3236 602 3338 661 sed
3348 621 3551 662 unum.

1952 708 1980 738 ‹‹
2009 688 2165 742 Unus
2176 689 2500 760 panis,»ait
2536 691 2907 762 Apostolus,«
2931 706 3109 747 unum
3135 709 3342 764 corpus
3386 694 3558 752 multi

1949 792 2144 830 sumus
2186 776 2245 831 in
2278 776 2496 832 Christo
2542 777 2593 847 (Ι
2623 777 2819 845 Cons,
2855 780 2956 849 t7).
2989 800 3017 829 ››
3051 781 3149 835 Et:
3173 804 3201 832 «
3234 782 3414 837 Erunt
3441 782 3556 837 duo

1949 862 2007 918 in
2040 880 2212 919 carne
2262 881 2379 919 una
2426 864 2477 935 (Ι
2486 864 2612 920 Cor.
2642 883 2697 920 vi
2726 870 2829 930 16).
2877 868 3315 924 Sacramentum
3362 870 3493 937 hoc,
3524 889 3554 920 ao

1952 953 2031 1006 ait
2085 954 2411 1023 Apostulus,
2435 976 2464 1005 ‹‹
2488 970 2769 1024 magnum
2787 958 2901 1022 est;
2936 972 3044 1026 ego
3091 959 3289 1012 autem
3339 957 3465 1013 dico
3495 957 3556 1014 in

1950 1040 2194 1109 Christo,
2228 1045 2286 1097 et
2314 1041 2373 1097 in
2394 1043 2637 1098 Ecclesia
2657 1044 2868 1115 (Ep/ws.
2888 1060 2946 1111 v,
2975 1045 3087 1117 32),
3111 1066 3140 1094 »
3171 1045 3229 1101 id
3260 1048 3345 1100 est
3366 1045 3426 1101 in
3450 1061 3556 1101 no-

1950 1130 2055 1197 bis,
2082 1132 2178 1202 qui
2211 1148 2407 1187 sumus
2431 1148 2638 1204 corpus
2668 1132 2894 1199 Christi,
2922 1134 3078 1205 quod
3103 1137 3189 1190 est
3218 1134 3482 1202 Ecclesia,
3500 1139 3561 1192 et

1951 1219 2010 1275 in
2034 1238 2205 1277 carne
2234 1221 2460 1289 Christi,
2490 1240 2618 1294 qum
2645 1227 2781 1279 nata
2811 1226 2896 1279 est
2935 1225 3005 1280 de
3053 1224 3285 1295 Virgine
3334 1224 3509 1281 Maria
3539 1241 3556 1294 ;

1952 1307 2180 1379 quibus,
2204 1311 2290 1364 vel
2320 1311 2409 1365 cui
2430 1310 2738 1366 intervenit
2767 1311 2980 1378 media,
3008 1329 3137 1384 qua:
3168 1316 3440 1385 utrasque
3460 1313 3556 1385 jus

1950 1401 2065 1464 vat,
2104 1415 2232 1469 quae
2262 1400 2508 1453 sumitur
2527 1400 2597 1454 de
2628 1400 2815 1467 altari,
2848 1401 3022 1471 digne
3049 1404 3342 1475 percepta.

2023 1487 2161 1541 VIII.
2189 1486 2373 1551 Quam
2397 1487 2812 1558 triplieitatem,
2841 1490 2940 1544 sed
2963 1489 3562 1563 unitam,signiﬂcavit

1950 1574 2132 1630 David
2160 1575 2219 1630 in
2245 1576 2404 1631 libris
2430 1578 2786 1648 Regnorum,
2821 1577 2919 1649 qui
2957 1579 3273 1649 eﬂ'erebatur
3301 1582 3357 1633 in
3385 1581 3562 1634 mani-

1956 1666 2048 1719 bus
2074 1668 2203 1720 suis.
2235 1667 2360 1721 Non
2393 1666 2551 1721 enim
2575 1667 2651 1722 ad
2678 1667 2935 1722 litteram
2961 1669 3267 1740 quisquam
3292 1668 3430 1724 ferri
3460 1684 3567 1740 po-

1952 1756 2066 1807 test
2096 1752 2154 1808 in
2180 1754 2448 1809 manibus
2478 1754 2608 1809 suis.
2647 1756 2760 1810 Sed
2794 1772 2960 1810 verus
2989 1757 3188 1824 David,
3214 1756 3274 1812 id
3290 1760 3375 1813 est
3401 1757 3562 1813 Chri-

1951 1844 2091 1907 stus,
2128 1840 2555 1896 eti‘erebaturin
2588 1842 2855 1897 manibus
2883 1843 3017 1910 suis,
3045 1845 3276 1916 quando
3331 1861 3561 1899 recum-

206 1913 317 1969 lud
344 1913 507 1985 quod
530 1913 817 1983 sumimus
849 1913 919 1967 de
951 1914 1485 1980 altari,naturaliter
1501 1932 1621 1969 esse
1643 1933 1849 1988 corpus
1871 1976 1919 2002 Ὁ
1950 1928 2094 1983 hens
2123 1928 2182 1983 in
2214 1945 2377 1983 caena
2407 1945 2537 1983 cum
2567 1929 2794 2001 integro
2849 1913 3111 2002 corporé,
3163 1931 3318 2002 quod
3359 1935 3561 1987 natum

204 2001 477 2068 Domini,
530 2017 664 2055 cum
691 2004 749 2055 et
781 2000 841 2056 in
892 2001 1152 2068 veritate,
1186 2018 1304 2057 non
1337 2002 1671 2074 ﬁguratum.
1705 2006 1841 2062 Ecce

1954 1976 2093 1983 """
2123 1976 2182 1983 “’”
2218 1976 2376 1983 ⁷⁸⁵³⁵⁵⁷·
2410 1976 2537 1983 “⁷“”’““
2567 1976 2791 2001 ’“”⁷⁷Ο’*
2851 1976 3111 2002 ""!"""7
3165 1976 3318 2002 ‘1""’“'
3359 1976 3559 1987 “⁵“”’“⁹⁵⁶

1954 2015 2138 2070 fuerat
2160 2016 2229 2070 de
2250 2015 2502 2086 Virgine,
2529 2016 2589 2070 in
2623 2020 2809 2072 morte
2826 2018 3187 2087 ponendum,
3207 2023 3559 2074 resurrectu-

207 2092 509 2161 quantum
531 2089 676 2143 ﬁdes
690 2089 1249 2161 proﬁcit,ubisermo
1267 2090 1459 2145 deficit
1479 2090 1491 2144 l
1515 2092 1583 2145 Et
1606 2109 1710 2146 nos
1740 2093 1844 2147 ali-

210 2177 805 2249 quando,antequam
820 2179 1116 2231 tantorum
1137 2177 1412 2246 virorum,
1428 2178 1618 2249 Cyrilli
1642 2179 1766 2233 dico
1788 2182 1846 2234 et

209 2265 452 2330 Hilarii,
480 2264 924 2319 auctoritatibus
977 2264 1417 2328 instrueremur,
1480 2267 1629 2321 hanc
1671 2284 1845 2338 supra

212 2354 516 2409 dictorum
543 2356 884 2408 sanctorum
907 2355 1053 2424 (qua:
1078 2353 1237 2424 [cod.,
1264 2353 1417 2426 quia]
1432 2355 1842 2427 posterioribus

210 2443 336 2497 visa
362 2444 472 2506 est)
495 2440 945 2513 discrepantiam
972 2442 1130 2508 [cod.,
1175 2442 1580 2516 discrepantia]
1610 2445 1846 2516 alicujus

214 2529 509 2585 dialectici
538 2529 873 2601 argumenti
903 2530 1036 2583 sede
1065 2530 1358 2585 absolvere
1388 2532 1840 2601 meditabamur,

213 2620 353 2674 Non
386 2618 552 2673 enim
583 2634 674 2672 ars
703 2617 822 2685 illa,
846 2634 974 2690 quae
988 2616 1188 2672 dividit
1217 2635 1434 2689 genera
1464 2619 1523 2674 in
1547 2621 1849 2691 species,et

213 2706 522 2778 speciesin
539 2705 1022 2778 generaresolvit,
1055 2706 1128 2760 ab
1147 2706 1416 2761 humanis
1461 2708 1844 2766 machinatio-

214 2796 396 2851 nibus
408 2798 496 2850 est
516 2794 670 2849 facta
685 2812 699 2861 ;
728 2794 827 2849 sed
848 2793 907 2848 in
934 2796 1139 2849 natura
1151 2809 1350 2848 rerum
1372 2795 1444 2850 ab
1457 2798 1704 2852 Auctore
1719 2814 1845 2852 om-

213 2886 388 2939 nium
419 2884 658 2949 artium,
692 2900 822 2955 quin
847 2899 994 2938 vera:
1014 2885 1164 2937 artes
1195 2886 1352 2950 sunt,
1375 2886 1432 2937 et
1450 2884 1849 2956 asapientibus

213 2972 486 3038 inventa,
504 2975 562 3027 et
575 2971 648 3026 ad
667 2971 975 3025 utilitatem
990 2971 1214 3026 solertis
1230 2987 1427 3026 rerum
1462 2972 1752 3045 indaginis
1765 2978 1852 3029 est

212 3061 469 3129 usitata;
507 3061 651 3115 sicut
710 3061 987 3130 scriptum
1037 3063 1120 3114 est
1143 3076 1197 3114 ;‹‹
1223 3060 1510 3115 Producat
1539 3064 1694 3117 terra
1724 3062 1849 3117 ani-

212 3150 399 3205 malia
425 3150 491 3204 in
538 3148 758 3219 species
801 3165 933 3202 suas
962 3146 1175 3217 (Genes.
1209 3165 1247 3214 ι,
1284 3151 1396 3217 24).
1427 3169 1455 3198 ››
1489 3148 1602 3203 Sed
1657 3150 1849 3221 primo

1947 2120 2102 2168 rum,
2122 2104 2278 2158 caelis
2301 2106 2498 2157 tamen
2526 2104 3315 2173 gloriﬁcatuminferendum,
3345 2106 3417 2160 ad
3431 2106 3564 2161 dex-

1949 2194 2135 2246 teram
2169 2193 2351 2246 Patris
2375 2192 2800 2259 collocandum,
2828 2208 3056 2263 corpus,
3088 2193 3244 2265 quod
3272 2209 3377 2248 nos
3408 2208 3562 2250 nunc

1944 2278 2233 2334 sumimus
2263 2280 2335 2334 de
2364 2280 2551 2345 altari,
2579 2279 2847 2334 manibus
2876 2280 3009 2347 suis,
3074 2280 3133 2336 id
3162 2284 3266 2348 est,
3293 2297 3429 2337 vero
3459 2298 3561 2339 suo

1947 2368 2175 2439 corpori
2198 2369 2574 2423 connaturale
2591 2372 2649 2423 et
2662 2368 3412 2441 conformatum,discipulis
3423 2370 3561 2439 suis,

1947 2456 2007 2512 id
2037 2461 2123 2512 est
2153 2457 2378 2529 corpori
2404 2457 2705 2528 suo,quod
2761 2473 2958 2511 sumus
3001 2473 3106 2512 nos
3159 2458 3247 2512 vel
3295 2457 3562 2527 Ecclesia,

1948 2546 2159 2602 obtulit
2172 2544 2746 2601 communicandum.
2762 2563 2793 2596 ς
2809 2545 2991 2599 Nemo
3004 2545 3218 2617 quippe
3235 2545 3564 2603 ascenditin

1947 2637 2183 2701 coelum,
2209 2634 2316 2688 nisi
2347 2633 2445 2705 qui
2473 2632 2770 2711 descendit
2792 2632 2863 2688 de
2894 2634 3058 2696 coelo,
3089 2633 3259 2689 Filius
3286 2634 3563 2704 hominis,

1950 2723 2048 2795 qui
2077 2726 2165 2778 est
2196 2722 2254 2777 in
2278 2723 2420 2778 caelo
2443 2721 2627 2793 (Joan.
2655 2739 2736 2788 ιιι,
2774 2721 2879 2793 13).
2906 2743 2935 2770 ››
2967 2721 3080 2776 Sed
3107 2738 3241 2777 caro
3284 2722 3561 2793 ascendit,

1950 2827 2079 2883 quae
2110 2828 2227 2866 non
2262 2811 2783 2881 descenderatjam
2797 2810 3008 2883 quippe
3027 2810 3226 2865 deitati
3240 2810 3400 2866 unita
3414 2814 3560 2870 erat.

1951 2900 2116 2954 Unde
2143 2902 2202 2954 et
2231 2900 2402 2954 beata
2428 2899 2603 2954 Maria
2619 2915 2735 2953 non
2768 2899 2954 2953 solum
2975 2896 3561 2972 Christotocos(Xptcro-

1951 2988 2142 3057 τόκος),
2171 2987 2271 3042 sed
2296 2988 2475 3043 etiam
2522 2988 2777 3042 lheotocos
2811 2986 3079 3059 (Θεοτάκοςι
3136 2988 3352 3043 meruit
3410 2986 3557 3044 ﬁeri.

1956 3077 2322 3148 Quapropter
2372 3076 2451 3131 sic
2502 3075 3183 3147 intelligendum:Nemo
3220 3076 3475 3132 ascendit
3496 3075 3559 3132 in

1952 3166 2160 3221 ccelum
2190 3181 2324 3220 cum
2348 3181 2543 3233 carne,
2568 3164 2676 3219 nisi
2710 3164 2807 3236 qui
2838 3164 3133 3220 descendit
3164 3181 3295 3220 cum
3318 3165 3555 3221 deitate.

211 3238 842 3309 οοοιιηθδδιναιίίιιιδω
860 3236 1229 3292 ωθάίθίαίθω
1243 3237 1618 3292 arithmetica?
1630 3255 1849 3311 Ponere
1878 3257 1925 3316 C
1951 3255 2039 3309 Ad
2056 3255 2164 3309 hoc
2177 3270 2247 3308 en
2259 3254 2335 3308 im
2358 3253 2643 3324 particeps
2661 3254 2846 3307 factus
2860 3256 2947 3307 est
2962 3253 3337 3308 humanitatis
3346 3256 3560 3309 nostra

208 3326 539 3382 secundum
563 3326 819 3397 aliquam
833 3325 904 3379 de
918 3325 1553 3396 proportionalitatibus
1569 3343 1845 3383 numero-

212 3431 372 3481 rum,
402 3430 549 3487 quas
568 3413 630 3468 in
657 3412 1156 3484 proportionibus,
1174 3412 1346 3485 inque
1377 3413 1713 3469 differentiis
1730 3419 1846 3470 ter-

210 3503 523 3557 minorum
554 3501 1045 3571 contemplemur.
1080 3500 1192 3556 Sed
1220 3517 1324 3555 nec
1356 3504 1413 3556 et
1443 3502 1552 3556 ista
1580 3503 1849 3558 humanis

212 3589 759 3645 machinationibus
790 3591 877 3642 est
902 3588 1069 3655 facta,
1099 3589 1233 3661 quia
1252 3589 1559 3644 inetfabilis
1573 3594 1744 3662 atque
1763 3591 1845 3645 di-

211 3680 367 3735 vinae
394 3678 627 3733 virtutis
643 3678 700 3731 in
720 3694 791 3732 ea
811 3681 898 3731 est
914 3677 1209 3749 sapientiae
1223 3678 1566 3744 constantia,
1584 3679 1657 3733 ad
1671 3695 1848 3750 quam

212 3768 465 3823 dicitur:
484 3790 511 3817 «
541 3766 757 3820 Omnia
787 3764 847 3819 in
880 3782 1150 3820 mensura
1167 3768 1223 3819 et
1250 3765 1508 3836 pondere
1526 3770 1847 3823 etnumero

211 3854 582 3912 constituisti
611 3876 640 3903 ››
676 3853 830 3925 (Sep.
861 3869 921 3919 ιι,
954 3854 1065 3923 2t).
1116 3853 1549 3909 Constituantur
1574 3855 1686 3909 duo
1739 3860 1850 3910 ter-

211 3945 370 4000 mini
399 3942 687 4015 supremi,
712 3945 771 3996 et
800 3942 1008 3996 horum
1022 3940 1268 4008 medius,
1288 3942 1466 4014 ecquis
1487 3943 1720 4014 quidem
1737 3943 1849 3997 dif-

208 4032 516 4100 ferentiis,
545 4031 650 4086 sed
676 4028 1191 4101 proportionaliter
1220 4029 1572 4085 differentes.
1590 4031 1677 4085 Ad
1697 4026 1850 4087 hanc

206 4120 677 4176 similitudinem
692 4119 905 4173 iterum
918 4117 1337 4173 constituantur
1353 4118 1464 4172 duo
1496 4118 1731 4174 termini
1757 4137 1850 4175 su-

209 4210 442 4280 premi,
474 4208 850 4281 prwdieatus,
876 4209 935 4259 et
971 4207 1277 4277 subjectus,
1310 4210 1368 4260 et
1395 4208 1605 4262 horum
1626 4209 1852 4263 medius

210 4300 629 4364 subalternus;
666 4299 727 4351 ut
746 4295 894 4349 sicut
915 4294 1134 4365 primus
1160 4295 1508 4364 przedicalur
1529 4295 1598 4351 de
1632 4296 1849 4365 medio,

210 4385 302 4442 ita
344 4386 577 4441 medius
597 4384 668 4439 de
691 4382 922 4448 ultimo,
947 4399 1012 4436 ac
1043 4401 1146 4456 per
1168 4384 1279 4438 hoc
1295 4384 1514 4454 primus
1540 4384 1610 4438 de
1623 4385 1846 4441 ultimo.

1952 3342 2298 3397 assumenda
2334 3358 2571 3395 carnem
2602 3344 2859 3396 nostram
2885 3342 2956 3396 de
2990 3342 3332 3412 Virginezut
3352 3354 3480 3409 nos,
3502 3341 3561 3397 id

1952 3434 2039 3485 est
2094 3429 2428 3496 Ecclesiam,
2472 3428 2778 3501 participes
2818 3428 3001 3483 tactos
3056 3428 3370 3484 divinitatis
3420 3446 3560 3498 sum,

1952 3517 2145 3572 uniret
2165 3516 2395 3587 corpori
2418 3532 2543 3582 suo,
2576 3518 2808 3585 sumpto
2835 3516 2906 3569 de
2927 3515 3558 3586 Virgine,eueharistia,

1954 3621 2082 3677 qua:
2112 3603 2357 3658 sumitur
2390 3603 2461 3657 de
2515 3601 2705 3662 altari,
2744 3601 3036 3655 mediante
3068 3605 3126 3656 et
3156 3602 3559 3658 conflrmante.

1953 3696 2075 3766 Ipse
2088 3707 2340 3763 namque
2359 3689 2909 3759 reformavitcorpus
2919 3687 3259 3742 humilitatis
3270 3691 3561 3763 sum.Ergo

1952 3782 2098 3836 sicut
2127 3783 2298 3835 Pater
2328 3780 2387 3835 in
2401 3778 2537 3834 Filio
2566 3794 2670 3849 per
2712 3776 2988 3831 deitatem
3017 3776 3375 3843 naturaliter,
3399 3780 3457 3834 et
3483 3779 3563 3834 si-

1959 3873 2056 3925 cut
2076 3869 2246 3925 Filius
2272 3868 2332 3923 in
2358 3867 2526 3923 nobis
2547 3856 2863 3921 secundum
2887 3864 3342 3935 assumptionem
3362 3867 3567 3923 huma-

1956 3958 2152 4014 nitatis
2178 3956 2536 4022 naturaliter,
2570 3954 2782 4009 etsicut
2812 3969 2916 4008 nos
2932 3952 2990 4007 in
3016 3969 3083 4007 eo
3114 3969 3425 4027 sumusper
3440 3954 3566 4010 uni-

1953 4048 2178 4102 tionem
2200 4046 2387 4101 carnis
2417 4044 2777 4111 naturaliter,
2810 4042 2950 4097 dum
2996 4058 3191 4097 secum
3241 4043 3372 4111 hoc,
3406 4042 3562 4116 quod

1956 4154 2062 4193 nos
2092 4153 2311 4203 sumus,
2345 4136 2403 4189 in
2432 4136 2550 4190 Deo
2584 4138 2669 4189 est
2693 4150 2705 4187 :
2726 4133 2808 4187 ita
2834 4136 3102 4187 naturam
3119 4132 3309 4187 carnis
3340 4148 3457 4187 suae
3486 4131 3561 4187 ad

1955 4230 2224 4281 naturam
2254 4223 2591 4278 aeternitatis
2623 4224 2727 4277 sub
2740 4224 3102 4277 sacramento
3123 4221 3290 4276 nobis
3304 4237 3565 4277 commu-

1954 4312 2218 4368 nicandm
2243 4313 2430 4366 carnis
2455 4310 2779 4365 admiscuit.
2816 4308 2973 4363 Sicut
3003 4308 3085 4363 ait
3121 4309 3239 4382 ipse
3267 4308 3519 4364 Christus
3542 4324 3557 4364 :

1956 4423 1984 4451 «ι
2021 4401 2092 4454 Ut
2117 4415 2320 4454 omnes
2342 4414 2524 4453 unum
2548 4398 2685 4462 sint,
2718 4396 2863 4450 sicut
2891 4399 2952 4451 tu
2979 4398 3149 4450 Pater
3172 4396 3230 4450 in
3252 4398 3561 4467 me,etego

212 4474 463 4547 Neergo
477 4472 1848 4544 ἀυδίδθδυηίωυωίοθδδθΡΥίωοιίάθδῑΡΓίῐηυω
1876 4532 1928 4559 η
1956 4490 2019 4543 in
2046 4492 2122 4553 te,
2151 4490 2214 4542 ut
2242 4490 2299 4541 et
2327 4485 2432 4559 ipsi
2475 4485 2533 4540 in
2563 4483 2727 4539 nobis
2781 4484 2896 4539 sint
2914 4484 3098 4549 (Joan.
3126 4500 3259 4551 xvii,
3285 4485 3397 4554 2t).
3419 4505 3447 4533 »
3496 4483 3566 4539 Et

220 4563 537 4634 praedicari
568 4563 639 4617 de
672 4561 878 4617 ultimo
902 4577 1087 4623 :cum,
1119 4561 1163 4613 si
1195 4560 1428 4614 ultimus
1469 4561 1608 4617 insit
1638 4563 1851 4632 medio,

223 4653 461 4706 medius
487 4668 619 4706 vero
642 4651 838 4723 primo
861 4667 879 4714 ;
910 4649 1223 4703 certissime
1238 4649 1621 4705 ultimusinsit
1640 4652 1852 4721 primo.

224 4740 347 4795 Hac
361 4740 574 4795 etenim
593 4736 980 4795 similitudine
1003 4737 1438 4808 etcosmopmia,
1460 4738 1518 4792 id
1535 4734 1851 4805 est,mundi

224 4828 470 4895 factura,
497 4829 749 4883 solidata
781 4828 889 4892 est,
917 4825 1129 4878 scilicet
1155 4825 1309 4895 quod
1338 4825 1450 4880 duo
1478 4828 1757 4894 extrema,
1789 4827 1848 4883 id

224 4920 313 4971 est
341 4916 534 4989 ignem
562 4918 883 4979 etterram,
912 4913 1023 4967 duo
1046 4914 1259 4980 media,
1280 4913 1339 4968 id
1368 4917 1454 4991 est
1479 4931 1577 4968 aer
1598 4918 1655 4969 et
1670 4932 1841 4987 aqua,

225 5001 1118 5061 indissolubiliterdevinxerunt.
1135 5002 1202 5055 Et
1214 5002 1301 5057 hzn
1319 5003 1555 5073 quidem
1580 5003 1844 5059 similitu-

228 5092 384 5148 dines
408 5098 566 5161 sunt,
593 5109 731 5164 quae
760 5106 882 5144 non
913 5105 980 5144 ex
1008 5092 1152 5157 toto,
1182 5091 1284 5145 sed
1314 5107 1379 5145 ex
1405 5094 1568 5162 parte
1587 5091 1841 5160 sui,sicut

227 5184 281 5236 et
303 5184 425 5238 alia:
452 5184 659 5238 multae
680 5180 747 5234 in
780 5177 989 5232 divinis
1008 5178 1312 5250 Scripturis
1337 5182 1609 5251 aptantur
1654 5181 1836 5254 tripli-

221 5272 387 5341 citati,
420 5270 757 5327 secundum
793 5265 1197 5335 Augustinum,
1226 5269 1481 5339 corporis
1503 5270 1752 5324 Domini.
1778 5273 1839 5327 In

214 5360 327 5417 istis
355 5363 513 5418 enim
536 5354 1031 5415 similitudinibus
1045 5356 1232 5425 major
1258 5358 1538 5412 terminus
1554 5362 1609 5413 et
1629 5359 1840 5428 minor,

216 5456 266 5506 et
287 5452 708 5526 praedicatum,
747 5446 811 5496 et
839 5443 1160 5512 subjectum
1209 5446 1534 5517 invenitur;
1574 5446 1631 5501 in
1662 5464 1846 5504 sacra-

212 5546 395 5598 mento
426 5543 640 5596 autem
668 5530 945 5600 corporis
976 5531 1207 5587 Domini
1235 5534 1368 5604 quid
1385 5535 1639 5590 humana
1671 5537 1744 5590 ad
1767 5537 1846 5590 di-

210 5634 362 5691 vina?
387 5629 549 5686 Nihil
587 5622 818 5690 maius,
855 5622 952 5671 aut
980 5620 1187 5687 minus,
1219 5640 1337 5677 non
1380 5623 1757 5692 praedicatum
1785 5627 1845 5677 nt

201 5725 525 5799 subjectum
560 5707 901 5771 invenitur.
935 5708 1059 5763 Non
1091 5713 1173 5764 est
1212 5710 1367 5765 enim
1396 5711 1711 5777 diversitas,
1747 5711 1847 5769 ubi

1876 4532 1928 4590 D

1958 4577 2170 4631 iterum
2188 4594 2204 4629 :
2222 4596 2250 4625 «
2280 4576 2350 4629 Ut
2375 4574 2490 4628 sint
2518 4589 2723 4640 unum,
2752 4571 2895 4626 sicut
2923 4574 2982 4627 et
3011 4588 3116 4627 nos
3148 4589 3324 4627 unum
3344 4586 3563 4633 sumus,

1956 4669 2018 4721 et
2050 4682 2161 4737 ego
2202 4663 2259 4718 in
2289 4663 2390 4729 eis,
2414 4666 2471 4717 et
2490 4666 2549 4717 tu
2586 4662 2647 4717 in
2669 4678 2764 4717 me
2789 4662 2975 4727 (Joan.
3004 4678 3136 4729 xvn,
3168 4659 3566 4732 22).Eeeeevi-

1956 4754 2099 4809 dens
2130 4756 2188 4808 et
2212 4752 2521 4807 manifesta
2548 4768 2618 4806 ex
2663 4750 2838 4823 ipsius
2864 4749 3071 4804 Christi
3101 4750 3332 4805 Domini
3386 4745 3569 4803 nostri

1953 4842 2452 4915 [verbis]praefata
2481 4838 2801 4896 distinctio!
2839 4840 2906 4892 Et
2932 4841 2995 4892 ut
3014 4835 3566 4909 perhocevidentius

1949 4934 2233 4987 elucescat
2260 4930 2433 5002 hujus
2463 4929 2639 4985 etiam
2662 4926 2922 4984 sacriﬁcii
2935 4924 3245 4992 distinctio,
3277 4938 3565 4996 ponamus

1942 5020 2258 5093 ﬂguratim.

2067 5141 2403 5197 KBYCTUC.
2605 5160 2615 5197 ι
2681 5137 3093 5193 Eucharistiam
3220 5144 3232 5197 1
3290 5133 3559 5191 Ecclesia.

1947 5211 2477 5284 Inconsumptibilis
2604 5209 2615 5284 |
2679 5210 3040 5284 Sumendam
3221 5209 3234 5284 |
3295 5209 3562 5284 Sumens,

1946 5279 2315 5351 Invescibilis,
2604 5279 2614 5358 |
2679 5280 3032 5358 Yescendam
3224 5279 3235 5358 Ι
3297 5279 3559 5358 Yescens.

1946 5356 2175 5410 Dadab
2302 5348 2309 5351 ’
2604 5348 2614 5418 Ι
2678 5351 2885 5403 Datam
3225 5348 3236 5418 |
3293 5348 3534 5418 Accipit.

1949 5430 2077 5498 lpso
2603 5419 2613 5499 Ι
2675 5421 2751 5474 Ex
2783 5420 2906 5490 ipso
3227 5419 3238 5499 |
3299 5419 3538 5499 Corpus.

3300 5506 3443 5558 ejus.

3220 5144 3239 5552 ἱ

1948 5621 2121 5686 Quod
2148 5620 2231 5673 ita
2287 5618 2476 5687 potest
2528 5609 3114 5677 construizChrislus,
3149 5611 3564 5683 ineonsumpti-

1949 5710 2097 5777 bilis,
2117 5703 2476 5769 invcscibilis,
2504 5701 2940 5767 Eucharistiam,
2960 5699 3324 5764 sumendam,
3338 5713 3566 5754 vescen-
