3918 6230
420 486 523 554 l8?

1100 485 1453 551 SILVEST'RI
1479 489 1527 548 Π
1553 485 1756 548 ΡΑΡΕ
1789 486 1947 548 OPP.
1975 483 2156 546 PARS
2185 485 2255 544 ll.
2282 517 2353 532 --
2389 485 2483 545 DE
2514 480 2739 545 REBUS
2763 483 3044 545 ECCLES.

3631 479 3727 540 l88

420 615 582 684 dam,
604 615 800 674 datam
813 631 880 674 ex
901 614 1042 690 ipso.
1085 615 1332 674 Ecclesia
1361 633 1566 689 corpus
1607 615 1730 688 ejus
1769 630 2021 682 sumens,
2043 615 2099 678 Α
2124 613 2448 688 digestione
2465 611 2687 669 duxisse
2728 613 2795 686 [f.
2821 610 2997 684 suppl.
3029 608 3234 682 vitam]
3261 607 3350 677 Et,
3380 605 3520 664 licet
3577 604 3728 680 quod

419 723 672 775 vescens,
703 706 909 778 accipit
936 706 1010 762 ab
1037 706 1160 778 ipso
1197 706 1417 761 datam.
1455 705 1622 770 Quod
1647 704 1753 758 nisi
1780 704 1860 758 ita
1885 719 2021 758 con-

418 797 691 863 struatur,
718 795 943 869 putabit
967 794 1170 868 aliquis
1209 811 1331 850 esse
1375 795 1755 850 accusativum
1785 809 1980 846 casum
2006 810 2020 859 ;

421 900 529 941 nos
557 887 751 940 autem
764 884 1005 940 dicimus
1043 884 1463 940 nominativum
1481 881 1734 947 Ecclesia,
1767 882 1920 952 quod
1939 883 2024 936 est

418 988 627 1047 corpus
653 974 794 1045 ejus.
825 973 1058 1044 Accepit
1111 973 1305 1044 itaque
1337 971 1588 1028 Christus
1618 986 1854 1024 carnem
1914 985 2019 1024 no-

420 1063 622 1129 stram,
653 1079 771 1117 non
797 1061 1240 1134 phantasticam,
1273 1061 1370 1115 sed
1406 1061 1750 1114 naturalem.
1785 1059 1932 1127 Ergo
1965 1060 2022 1112 et

419 1163 554 1205 caro
588 1153 783 1205 nostra
813 1149 1111 1210 naturalis.
1140 1149 1292 1204 unde
1325 1150 1556 1219 sumpta
1575 1149 1660 1201 est
1690 1146 1803 1200 illa.
1837 1145 2026 1199 Sedet

420 1236 518 1293 illa
538 1237 831 1304 naturalis,
854 1255 982 1310 quae
1000 1237 1188 1292 uniret
1218 1240 1508 1307 utrasque,
1543 1238 1600 1290 et
1646 1235 1858 1289 faceret
1887 1250 2023 1288 con-

421 1326 730 1392 naturales,
763 1330 820 1382 et
841 1326 962 1398 ipsa
992 1325 1399 1381 connaturalis.
1418 1323 1552 1390 Sed,
1587 1327 1647 1377 ut
1676 1323 1756 1377 ait
1786 1321 2023 1393 quidam

420 1413 667 1484 sapiens,
699 1430 816 1469 non
843 1414 916 1469 ob
942 1415 1051 1468 hoc
1079 1415 1271 1484 plures
1314 1428 1514 1467 carnes
1540 1412 1626 1465 vel
1659 1426 1921 1481 corpora,
1951 1409 2024 1461 si-

422 1503 520 1556 cut
543 1518 650 1557 nec
668 1503 849 1556 multa
889 1502 1182 1567 sacrificia,
1209 1502 1304 1555 sed
1362 1516 1573 1567 unum;
1603 1498 1736 1553 licet
1774 1514 1808 1552 a
1837 1498 2028 1552 multis

424 1589 700 1644 offeratur
718 1606 820 1661 per
850 1591 975 1645 loca
995 1590 1216 1644 diversa
1228 1592 1287 1644 et
1306 1592 1588 1658 tempora.
1605 1586 1750 1651 Quia
1768 1585 2031 1640 divinitas

427 1677 596 1734 Verbi
616 1679 738 1745 Dei,
765 1695 894 1749 quae
944 1695 1060 1733 una
1086 1681 1192 1746 est,
1233 1681 1292 1732 et
1335 1677 1535 1732 omnia
1559 1677 1763 1746 replet,
1797 1677 1855 1728 et
1911 1676 2033 1728 tota

431 1765 644 1838 ubique
671 1769 774 1832 est,
806 1767 929 1838 ipsa
954 1766 1087 1822 facit
1116 1770 1177 1820 ut
1224 1782 1341 1820 non
1376 1765 1542 1835 plura
1589 1763 1705 1818 sint
1734 1762 2029 1827 sacrificia,

431 1853 532 1909 sed
562 1871 742 1908 unum
804 1853 934 1908 licet
961 1871 995 1908 a
1040 1853 1235 1909 multis
1282 1852 1574 1918 offeratur,
1627 1855 1686 1905 et
1725 1851 1795 1905 sit
1852 1867 2032 1904 unum

2123 705 2448 770 sumebant,
2473 720 2574 775 per
2590 719 2863 757 nauseam
2875 700 3155 756 stomachi
3167 700 3588 765 revomeretur,
3610 698 3732 752 sub-

2123 792 2280 847 tilior
2311 795 2508 846 tamen
2537 808 2733 846 succus
2762 807 2868 862 per
2897 789 3166 845 membra
3194 804 3370 859 usque
3417 787 3490 842 ad
3517 803 3734 858 ungues

2124 881 2572 936 diffundebatur.
2608 881 2754 952 Ergo
2790 878 3120 944 dicendum,
3145 879 3244 931 aut
3267 874 3586 931 Dominum
3622 890 3732 928 non

2123 971 2490 1044 prmdifﬁnite
2502 971 2779 1035 locutum,
2795 971 2892 1023 aut
2907 982 3312 1040 quamcunque
3325 964 3591 1036 aporiam
3610 978 3732 1017 eor-

2123 1059 2299 1132 poris,
2330 1076 2441 1130 qua
2471 1075 2529 1113 se
2557 1058 2777 1112 subtilis
2795 1057 2905 1111 cibi
2922 1073 3101 1128 vapor
3126 1054 3414 1120 diffundit,
3448 1066 3734 1107 secessum

2125 1148 2373 1215 dictum;
2403 1148 2608 1214 ethoc,
2631 1164 2704 1202 ne
2722 1145 3026 1200 haereticus
3055 1142 3588 1215 garriat.Cmterum
3610 1137 3738 1211 quia

2124 1253 2256 1292 vere
2287 1235 2574 1291 credimus
2606 1252 2720 1290 non
2755 1235 2942 1288 solum
2982 1232 3241 1287 animam
3268 1230 3369 1285 sed
3405 1231 3464 1284 et
3502 1242 3738 1282 carnem

2126 1328 2384 1380 nostram
2415 1325 2523 1378 hoc
2551 1321 2823 1391 mysterio
2857 1321 3109 1376 recreari
3139 1322 3349 1381 (totum
3368 1316 3530 1372 enim
3558 1314 3752 1370 hornis

2127 1429 2264 1466 nem
2296 1411 2600 1482 assumpsit
2630 1410 2728 1481 qui
2758 1412 2946 1465 totum
2970 1408 3272 1464 hominem
3304 1407 3360 1460 in
3377 1404 3638 1461 Sabbato
3657 1420 3744 1456 cu:

2129 1500 2319 1569 ravit),
2339 1499 2497 1554 carni
2529 1499 2763 1570 quidem
2793 1515 2926 1554 caro
2972 1497 3306 1570 spiritaliter
3354 1493 3742 1549 conviscerata

2129 1589 2596 1653 transformatur,
2627 1591 2686 1641 ut
2714 1591 2770 1641 et
2803 1585 3007 1641 Christi
3069 1583 3386 1640 substantia
3435 1582 3495 1637 in
3548 1583 3743 1635 nostra

2131 1695 2302 1734 carne
2331 1678 2678 1742 inveniatur,
2700 1677 2844 1730 sicut
2863 1680 2920 1730 et
2946 1675 3063 1747 ipse
3087 1679 3346 1730 nostram
3361 1671 3418 1726 in
3437 1687 3605 1726 suam
3619 1685 3746 1724 con-

2131 1769 2243 1822 stat
2273 1765 2645 1838 assumpsisse
2697 1765 3093 1820 deitatemzut
3116 1763 3212 1834 qui
3265 1761 3584 1816 manducat
3629 1758 3746 1828 ejus

2133 1871 2367 1909 carnem
2399 1858 2456 1908 et
2479 1854 2627 1908 bibit
2657 1852 3023 1924 sanguinem,
3054 1851 3206 1905 vivat
3247 1865 3352 1920 per
3401 1847 3667 1903 animam
3695 1847 3748 1900 et

431 1955 637 2012 corpus
668 1940 872 1995 Christi
906 1957 1036 1995 cum
1067 1940 1165 1996 illo
1189 1941 1345 2013 quod
1377 1939 1622 2010 suscepit
1651 1939 1708 1993 in
1739 1943 1902 1993 utero
1921 1938 2034 1992 vir-
2058 1927 2108 1985 Β
2136 1959 2287 1996 nunc
2315 1945 2372 1995 et
2401 1943 2456 1996 in
2491 1944 2797 2007 aeternum,
2831 1942 2888 1993 et
2914 1956 3046 1994 caro
3069 1939 3139 1993 de
3156 1941 3325 1992 terra!
3340 1939 3578 2009 pulvere
3591 1951 3747 1989 resu-

429 2027 628 2098 ginali.
653 2027 836 2091 Quam
868 2029 1193 2100 vigilanter,
1235 2046 1409 2101 quam
1461 2030 1681 2098 aperte,
1711 2027 1795 2093 fit,
1828 2026 2034 2098 inquit,

429 2131 611 2171 unum
642 2132 847 2186 corpus
887 2115 1090 2171 Christi
1130 2133 1261 2171 cum
1314 2117 1410 2171 illo
1459 2116 1614 2187 quod
1672 2115 1916 2185 suscepit
1967 2115 2038 2168 de

429 2205 594 2258 utero
620 2203 912 2275 virginali!
941 2205 1085 2259 Vere
1107 2204 1262 2260 enim
1294 2207 1353 2259 et
1382 2204 1785 2258 incunctanter
1805 2202 2040 2256 creden-

431 2291 593 2358 dum,
624 2291 684 2346 in
707 2293 828 2364 ipsa
858 2292 1274 2348 immolationis
1302 2293 1448 2346 hora
1468 2293 1540 2346 ad
1566 2291 1878 2346 sacerdotis
1909 2306 2038 2360 pre-

431 2395 558 2434 cem
579 2381 746 2436 cmlos
777 2381 1012 2450 aperiri,
1045 2384 1103 2435 et
1152 2381 1293 2435 illud
1322 2380 1582 2450 angelico
1625 2379 1944 2434 ministerio
1978 2379 2036 2434 in

431 2467 674 2523 sublime
705 2468 995 2540 deportari
1045 2469 1247 2535 altare,
1295 2467 1451 2539 quod
1477 2471 1562 2522 est
1613 2468 1734 2538 ipse
1766 2467 2036 2534 Christus,

430 2555 528 2628 qui
561 2559 616 2610 et
631 2555 891 2628 pontifex
934 2559 992 2610 et
1021 2556 1228 2622 hostia,
1253 2559 1633 2627 contactuque
1660 2555 1808 2610 illius
1859 2571 2039 2609 unum

430 2643 578 2697 fieri.
612 2662 644 2695 ς
671 2643 716 2698 Ο
743 2645 958 2714 quales,
980 2664 1008 2692 »
1035 2646 1097 2697 ut
1125 2644 1202 2698 ait
1222 2642 1595 2710 S.Basilius,«
1619 2645 1847 2714 oportet
1863 2658 2044 2697 sacer-

435 2729 585 2786 dotis
600 2747 720 2785 esse
745 2747 974 2794 manus,
1000 2734 1292 2786 tantarum
1325 2748 1523 2786 rerum
1571 2731 1880 2797 ministras,
1914 2748 2042 2802 quae

434 2834 811 2875 communem
828 2819 1140 2875 Dominum
1154 2820 1411 2892 angelico
1426 2821 1638 2876 iterum
1652 2824 1946 2875 revectum
1963 2819 2045 2874 of-

433 2907 564 2962 ﬁcio
580 2907 820 2962 subinde
833 2908 1185 2979 contigerint
1200 2908 1357 2978 [cod.,
1373 2909 1697 2980 contigerit]
1718 2907 1730 2962 !
1757 2931 1782 2956 ››
1799 2908 1910 2963 Sed
1917 2909 2042 2979 jam

432 2994 801 3050 Paschasium
859 2995 1208 3051 Radbertum
1276 2996 1521 3051 sufficiat
1571 2999 1926 3063 excusatum,
1976 2994 2044 3048 li-

432 3083 720 3155 brumque
741 3083 863 3154 ejus
874 3083 1256 3155 plurimorum
1275 3083 1499 3139 utilitati
1537 3083 1967 3155 defensum,qui
1985 3084 2044 3136 in

2139 2029 2340 2084 scitata
2383 2029 2700 2084 vivificetur
2752 2028 2807 2082 in
2863 2026 3171 2082 novissimo
3221 2025 3335 2082 die.
3385 2024 3750 2094 Quapropter

2136 2119 2294 2189 cujus
2316 2117 2538 2189 potenti
2568 2117 2773 2172 virtute
2819 2116 2981 2189 panis
3022 2115 3127 2170 iste
3188 2113 3515 2169 communis
3577 2126 3748 2183 quem

2137 2205 2392 2278 quotidie
2413 2205 2713 2270 sumimus,
2733 2221 2864 2259 cum
2901 2203 2972 2257 sit
2991 2202 3288 2269 candidus,
3326 2204 3588 2255 mutatur
3604 2199 3754 2253 intra

2139 2311 2244 2350 nos
2273 2295 2332 2348 in
2373 2295 2626 2348 colorem
2654 2292 3033 2364 sanguineum
3070 2293 3158 2346 vel
3215 2292 3390 2346 alium
3440 2290 3754 2344 humorem

2139 2381 2410 2447 fluidum,
2431 2380 2607 2452 ipsius
2636 2380 2895 2452 potentia
2908 2396 3040 2436 caro
3059 2382 3115 2433 et
3134 2378 3367 2450 sanguis
3383 2377 3506 2447 ejus
3528 2377 3757 2446 sumpta

2140 2486 2258 2524 non
2285 2469 2345 2524 in
2365 2469 2564 2524 noxios
2592 2473 2649 2524 et
2677 2470 2995 2540 superﬂuos
3014 2469 3306 2534 humores,
3333 2467 3432 2521 sed
3481 2465 3544 2520 in
3586 2478 3756 2519 carne

2141 2575 2273 2612 vere
2331 2557 2728 2612 resuscitanda
2766 2558 2974 2612 debeat
3039 2555 3319 2611 reservari
3359 2555 3754 2613 conformata.

2143 2648 2211 2702 Et
2239 2646 2373 2718 quia
2394 2648 2580 2701 totum
2605 2645 2756 2716 quod
2774 2645 3041 2710 diximus,
3075 2660 3192 2699 non
3219 2660 3286 2698 ex
3301 2647 3497 2698 nostro
3513 2645 3757 2716 sumpsi-

2145 2753 2292 2801 mus,
2326 2735 2395 2789 de
2412 2734 2520 2789 isto
2553 2733 2730 2788 etiam
2749 2734 2885 2805 quid
2909 2733 3148 2804 quidam
3176 2731 3407 2804 sapiens
3432 2731 3756 2803 diffinierit,

2144 2823 2399 2879 dicamus
2429 2821 3462 2893 «Scimus,inquit,hocsacramentum
3480 2819 3756 2890 mysterio

2145 2915 2202 2965 et
2213 2910 2534 2966 reverentia
2549 2907 2902 2964 omnimodis
2920 2906 3372 2962 acommunibus
3393 2905 3537 2960 escis
3580 2923 3760 2962 secer-

2144 3000 2401 3054 nendum
2442 3015 2570 3071 quae
2589 2997 2835 3052 naturali
2866 2999 2928 3051 et
2957 2995 3274 3050 necessario
3292 3012 3396 3050 usu
3409 2999 3752 3064 sumuntur;

2144 3087 2226 3142 ita
2257 3087 2410 3142 enim
2441 3103 2650 3142 omnes
2672 3086 3058 3157 exposuerunt
3082 3083 3236 3155 quod
3258 3085 3566 3154 Apostolus
3585 3083 3756 3139 dixit:

431 3171 545 3262 hoc
569 3173 795 3262 tantum
826 3172 1098 3262 peccavit,
1133 3172 1266 3262 quia
1295 3171 1364 3227 de
1395 3173 1682 3262 sententia
1727 3173 1879 3262 beati
1907 3174 2043 3225 Am-
2071 3201 2119 3262 α
2147 3199 2174 3227 ‹‹
2211 3177 2332 3232 Non
2361 3176 2682 3247 dijudicans
2702 3197 2728 3222 »
2758 3190 2966 3246 corpus
2989 3171 3216 3238 Christi,
3246 3171 3305 3225 id
3334 3175 3439 3239 est,
3463 3189 3496 3226 a
3534 3171 3760 3227 caeteris

433 3257 611 3314 brosii
643 3276 759 3314 non
789 3259 1026 3314 verbum
1052 3261 1123 3315 de
1155 3261 1350 3328 verbo,
1381 3261 1481 3315 sed
1513 3278 1745 3316 sensum
1777 3260 1846 3314 de
1878 3276 2045 3314 sensu

436 3348 731 3418 expressit.
761 3347 926 3412 Quod
940 3351 1131 3404 autem
1154 3349 1364 3404 iterum
1384 3349 1824 3420 objiciunt,eum
1840 3348 2043 3403 dixisse

437 3435 662 3491 «toties
701 3435 988 3492 Christum
1043 3437 1164 3510 pati
1219 3438 1444 3509 quoties
1488 3437 1688 3491 missas
1745 3436 2046 3507 contingat

437 3522 692 3595 quotidie
751 3524 960 3597 ubique
1007 3525 1306 3592 celebrari,
1334 3546 1363 3573 ››
1401 3541 1507 3596 ego
1587 3527 1740 3579 certe
1788 3523 1846 3578 in
1897 3524 2042 3579 libro

437 3611 560 3681 ejus
579 3627 694 3667 non
739 3613 928 3684 reperi
949 3629 1110 3668 :cum
1141 3617 1200 3668 et
1233 3613 1585 3684 Augustinus
1612 3615 1671 3667 et
1695 3613 1909 3678 caeteri,
1955 3612 2045 3665 illo

434 3706 677 3755 mnente
701 3703 920 3770 integro,
952 3703 1163 3757 dicant.
1192 3699 1332 3755 EtS.
1364 3701 1655 3755 Andreas:
1684 3722 1711 3750 «
1734 3698 2044 3770 Agnus,in-

437 3787 578 3858 quit,
613 3787 671 3844 in
697 3806 797 3844 suo
826 3805 1006 3862 regno
1060 3790 1286 3861 integer
1339 3789 1668 3859 perseverat
1717 3791 1774 3841 et
1804 3787 1978 3840 vivus.
2011 3807 2041 3836 ι)

440 3876 510 3931 Et
537 3876 738 3932 beatus
758 3879 988 3933 Petrus:
1011 3900 1040 3928 «
1058 3877 1333 3942 Christus,
1354 3876 1560 3947 inquit,
1581 3877 1759 3930 semel
1790 3891 1894 3946 pro
1922 3893 2048 3947 pec-

435 3964 577 4020 catis
601 3965 810 4021 nostris
836 3969 1099 4020 mortuus
1127 3968 1212 4020 est
1237 3965 1290 4036 (Ι
1310 3965 1461 4018 Pctr.
1495 3981 1576 4031 ιιι,
1609 3964 1715 4034 l8).
1751 3986 1779 4012 »
1804 3965 1872 4018 Et
1902 3967 2044 4019 Pau-

434 4052 552 4108 lus:
579 4075 608 4103 «
629 4053 884 4109 Christus
909 4070 1215 4124 resurgens
1230 4053 1355 4123 jam
1370 4069 1487 4107 non
1513 4051 1758 4107 moritur
1773 4051 1950 4118 (Rom.
1970 4069 2042 4120 vx,

439 4139 496 4214 9)
521 4159 552 4194 ι
577 4144 663 4197 :et
684 4159 833 4214 pene
848 4143 1002 4197 totus
1018 4145 1205 4196 textus
1226 4140 1487 4212 Epistolas
1514 4141 1588 4196 ad
1604 4141 1872 4197 Hebraeos
1887 4141 2044 4198 idem

439 4234 628 4286 sonat.

510 4319 594 4372 IX.
624 4317 738 4374 Sed
769 4317 998 4372 illorum
1014 4316 1138 4388 jam
1167 4317 1395 4390 ineptiis
1422 4319 1920 4391 respondendum,
1945 4318 2042 4392 qui

435 4406 696 4463 humano
736 4407 835 4460 aut
858 4405 1047 4460 saeculi
1073 4422 1240 4461 sensu
1279 4406 1338 4461 in
1369 4407 1470 4463 Dei
1496 4409 1668 4464 rebus
1693 4411 1899 4479 putant
1956 4410 2040 4463 lo-

2145 3265 2285 3320 escis
2333 3281 2452 3319 non
2486 3264 2844 3330 discernens,
2877 3262 2962 3316 vel
2995 3260 3156 3330 cujus
3181 3260 3529 3314 excellentiae
3551 3261 3650 3326 sit,
3682 3261 3762 3315 in-

2144 3353 2535 3419 considerans,
2567 3351 2721 3424 quod
2752 3367 2932 3405 unum
2967 3349 3239 3420 idemque
3257 3350 3361 3402 est.
3399 3369 3426 3396 »
3458 3348 3584 3402 Non
3599 3349 3760 3403 enim

2144 3441 2545 3496 excellentiam
2593 3441 2714 3511 ejus
2745 3441 3040 3493 reveretur
3072 3436 3169 3508 qui
3210 3435 3453 3491 secessui
3483 3437 3626 3492 dicit
3659 3437 3758 3493 ob-

2145 3529 2408 3596 noxium,
2469 3528 2612 3583 sicut
2659 3530 2897 3581 crateras
2927 3541 3101 3580 escas.
3145 3524 3257 3579 Sed
3287 3527 3487 3579 tamen
3547 3525 3758 3580 eodem

2145 3617 2343 3683 modo,
2367 3619 2652 3688 quantum
2677 3615 2748 3669 ad
2764 3613 3183 3669 comestionem
3206 3615 3262 3666 et
3276 3612 3555 3666 haustum
3580 3613 3759 3684 perti-

2144 3709 2264 3772 net,
2294 3703 2606 3776 percipitur
2634 3703 2790 3773 [cod.,
2821 3701 3260 3774 percipiuntur],
3290 3700 3557 3755 videlicet
3589 3701 3757 3770 traji-

2145 3793 2353 3848 ciendo
2371 3809 2477 3864 per
2506 3808 2588 3858 os,
2611 3790 2741 3845 etin
2767 3793 3028 3844 ventrem
3049 3788 3467 3844 mittendo.Ubi
3485 3788 3626 3860 quid
3651 3791 3760 3844 Do-

2145 3880 2334 3935 minus
2362 3881 2433 3934 de
2467 3878 2740 3951 mysterio
2790 3895 2890 3933 suo
2922 3893 3094 3948 agere
3125 3875 3506 3938 voluerit,suaa
3537 3876 3756 3931 scimus

2145 3972 2374 4026 tantum
2407 3968 2705 4040 cognitum
2727 3983 2848 4020 esse
2874 3965 3175 4022 voluntati.
3208 3963 3431 4019 Scimus
3446 3963 3604 4018 enim
3620 3981 3756 4021 con-

2143 4056 2293 4112 sumi
2311 4073 2475 4129 posse
2493 4054 2731 4126 spiritali
2746 4054 2971 4120 virtute;
2989 4052 3200 4107 scimus
3213 4055 3270 4107 et
3290 4053 3568 4107 reservari
3585 4069 3754 4124 posse

2142 4143 2635 4216 inconsumptibili
2686 4141 3242 4214 perennitate;quia
3273 4157 3635 4213 quascunque
3687 4158 3754 4196 ex

2141 4235 2229 4290 his
2254 4235 2508 4289 Christus
2556 4231 2812 4302 elegerit,
2847 4231 2918 4285 de
2949 4247 3050 4285 suo
3107 4232 3468 4284 sacramento
3502 4229 3751 4300 perﬁcit.

2139 4323 2299 4377 Absit
2323 4327 2520 4377 tamen
2551 4323 2614 4374 ut
2643 4323 2868 4374 tantum
2901 4317 3239 4390 mysterium
3269 4316 3509 4371 secessui
3542 4317 3756 4373 fiatob-

2141 4411 2377 4466 noxium
2404 4409 2416 4463 ι
2448 4410 2504 4463 in
2536 4425 2647 4480 quo
2670 4407 2712 4462 si
2737 4407 2886 4462 forte
2917 4407 3060 4462 ordo
3090 4408 3309 4460 naturae
3335 4407 3752 4476 servatur,my-

437 4494 758 4567 quendum.
782 4492 1061 4549 Dominus
1085 4495 1300 4552 etenim
1334 4501 1527 4552 noster
1556 4514 1673 4552 non
1703 4497 1775 4552 de
1803 4496 2042 4570 spiritali
2067 4480 2117 4538 Ῑ)
2139 4498 2403 4563 sterium,
2424 4497 2578 4568 quod
2607 4497 2728 4550 sola
2751 4496 2864 4549 fide
2908 4495 3273 4565 conspicitur,
3303 4493 3660 4547 humilietur.
3693 4493 3749 4548 Si

433 4582 584 4650 cibo,
606 4582 706 4637 sed
728 4583 800 4638 de
811 4583 1256 4640 carnalilocutus
1281 4589 1523 4653 est,cum
1551 4585 1795 4641 diceret:
1817 4587 2044 4641 «Omne

438 4669 595 4741 quod
618 4669 794 4726 intrat
818 4671 876 4726 in
900 4688 981 4739 os,
1015 4673 1073 4727 in
1096 4675 1359 4727 ventrem
1386 4674 1561 4736 vadit,
1583 4673 1714 4728 etin
1757 4691 2044 4729 secessum

439 4756 724 4814 emittitur
746 4759 972 4827 (Matth.
992 4777 1080 4828 xv,
1113 4761 1221 4831 l7).
1251 4761 1418 4815 nNon
1433 4765 1629 4817 autem
1651 4763 1710 4816 in
1738 4761 2045 4833 Scripturis

437 4846 708 4903 omnibus
726 4865 957 4920 semper
982 4865 1085 4921 pro
1110 4848 1432 4920 categorico
1463 4850 1794 4922 syllogismo
1809 4848 2044 4922 praedii”-

435 4935 602 4991 finite
633 4937 940 5008 accipitur:
959 4953 1111 5003 cum,
1135 4937 1238 4992 etsi
1267 4936 1330 4991 de
1357 4938 1510 4992 corde
1536 4945 1738 4992 exeunt
1758 4939 2044 5008 cogitatio-

434 5041 525 5080 nes
549 5025 705 5080 malae
733 5025 961 5098 (Matth.
986 5041 1074 5092 xv,
1112 5025 1220 5096 19),
1257 5029 1319 5080 ut
1365 5025 1519 5081 idem
1551 5025 1830 5080 Dominus
1885 5025 2044 5092 dicit,

434 5132 552 5171 non
584 5118 822 5186 possunt
847 5114 1001 5169 exire
1047 5112 1221 5168 etiam
1266 5115 1481 5170 bonas?
1515 5113 1863 5194 Calumniati
1915 5117 2048 5169 sunt

431 5202 688 5258 haeretici
719 5220 785 5256 ex
809 5203 919 5256 hoc
949 5217 1236 5270 sermone,
1270 5203 1583 5258 Dominum
1607 5201 1854 5272 physica:
1888 5201 2047 5273 igna-

429 5307 562 5349 rum
590 5289 798 5358 fuisse;
832 5290 1065 5361 physica
1094 5290 1252 5346 enim
1282 5292 1360 5346 sic
1403 5308 1461 5344 se
1485 5290 1686 5344 habet:
1712 5291 1888 5362 Ignea
1934 5290 2046 5345 vir-

430 5383 541 5446 tus,
574 5379 734 5449 cujus
763 5378 928 5433 sedes
944 5377 1002 5432 in
1022 5379 1191 5434 corde
1210 5383 1317 5446 est,
1340 5378 1449 5432 cibi
1474 5382 1754 5451 potusque
1774 5379 2046 5435 subtilem

428 5481 534 5537 per
563 5466 815 5521 occultos
847 5483 1016 5540 poros
1039 5468 1096 5522 in
1119 5467 1370 5523 diversas
1392 5467 1648 5538 corporis
1669 5471 1859 5538 partes
1874 5485 2044 5540 vapo-

423 5572 552 5612 rem
585 5555 898 5624 distribuit;
930 5557 1302 5612 faaculentum
1357 5572 1488 5610 vero
1544 5557 1602 5612 in
1634 5573 1923 5612 secessum
1959 5558 2044 5612 di-

424 5643 659 5700 scernit.
694 5645 760 5699 Et
815 5662 917 5700 nos
947 5662 1098 5716 smpe
1131 5643 1391 5697 videmus
1418 5661 1534 5698 non
1571 5645 1744 5700 modo
1779 5646 2045 5701 infirmos

421 5734 521 5790 sed
548 5734 722 5790 etiam
754 5751 945 5796 sanos,
973 5733 1130 5806 quod
1153 5749 1256 5804 per
1289 5731 1788 5801 osintromittunt,
1824 5751 1928 5806 per
1958 5754 2050 5793 vo-

431 5823 640 5880 mitum
661 5824 964 5893 rejectare,
998 5825 1054 5876 et
1068 5821 1290 5892 aliquos
1311 5822 1610 5892 permulta
1634 5825 1746 5877 tem
1756 5841 1897 5896 pora
1929 5825 2051 5881 sine

2141 4603 2349 4660 corpus
2377 4586 2689 4656 incorpore
2717 4584 2984 4639 ordinem
3001 4586 3206 4648 servat,
3229 4599 3347 4636 non
3361 4580 3606 4636 violatur
3632 4599 3753 4653 my-

2143 4675 2382 4730 sterium
2399 4673 2554 4746 quod
2567 4672 2877 4728 divinitatis
2894 4671 3608 4737 firmavitsacramentum;
3646 4687 3753 4724 nec

2144 4762 2378 4834 spiritus
2419 4761 2633 4815 amittit
2675 4760 2830 4832 quod
2855 4760 2966 4814 fide
2996 4759 3224 4830 integra
3251 4758 3309 4812 in
3339 4773 3401 4812 re
3461 4758 3751 4830 corporali

2144 4850 2478 4922 spiritaliter
2509 4848 2771 4920 sumpsit.

2214 4939 2274 4992 Χ.
2310 4937 2425 4992 Sed
2446 4937 2572 5008 jam
2598 4936 2732 4991 forti
2774 4935 3106 5007 syllogismo
3137 4934 3291 5006 quod
3339 4932 3749 5004 praemisimus,

2145 5025 2924 5081 concludamus.Dixeramus
2936 5023 3248 5083 Dominum
3264 5039 3380 5077 non
3399 5021 3468 5076 de
3485 5021 3755 5092 spiritali-

2144 5115 2253 5170 bus
2273 5113 2540 5180 escis,sed
2562 5113 2631 5167 de
2648 5112 2973 5168 carnalibus
3002 5111 3234 5166 dixisse:
3253 5111 3421 5165 Omne
3465 5109 3610 5180 quod
3671 5112 3752 5163 in-

2147 5209 2255 5258 trat
2285 5205 2338 5256 in
2369 5217 2447 5268 os,
2473 5204 2532 5256 et
2562 5202 2801 5273 reliqua.
2855 5201 2948 5256 Est
2977 5201 3154 5256 homo
3187 5198 3454 5263 exterior,
3498 5197 3596 5268 qui
3626 5213 3751 5252 cor-

2146 5291 2460 5362 rumpitur,
2493 5293 2577 5344 est
2601 5293 2659 5344 et
2688 5290 2950 5356 interior,
2977 5289 3074 5360 qui
3103 5286 3537 5343 renovatur.Est
3557 5288 3754 5341 autem

2145 5397 2355 5452 corpus
2378 5379 2582 5435 Christi
2609 5379 2920 5450 spiritualis
2947 5376 3227 5432 alimonia
3255 5375 3551 5446 pertinens
3576 5374 3762 5444 potius

2148 5469 2220 5524 ad
2237 5467 2572 5523 interiorem
2588 5467 2911 5532 hominem,
2935 5466 3006 5520 de
3037 5482 3149 5537 quo
3165 5455 3405 5535 digestio
3429 5479 3545 5516 non
3563 5462 3765 5535 praedi-

2150 5559 2329 5614 catur.
2361 5556 2525 5620 Quod
2567 5554 2612 5609 si
2645 5555 2717 5609 ad
2769 5555 3110 5610 exteriorem
3140 5553 3425 5624 pertineat
3453 5551 3760 5604 hominem

2155 5646 2312 5720 pium
2348 5644 2419 5697 sit
2449 5648 2506 5697 et
2535 5645 2806 5708 salutare,
2839 5642 3079 5695 diffundi
3112 5658 3212 5711 per
3238 5639 3503 5694 membra
3528 5640 3764 5694 credere

2151 5733 2525 5809 profuturum
2538 5729 2948 5784 resuscitandis
2970 5729 3027 5783 in
3050 5728 3309 5801 generali
3343 5728 3764 5783 resurrectione

2156 5823 2356 5894 Liquet
2377 5819 2551 5888 igitur
2575 5832 2692 5871 non
2722 5815 3036 5874 obnoxium
3067 5815 3312 5872 secessui
3335 5831 3475 5870 esse.
