  <div class='ocr_page' id='page_1' title='image "/cluster/home/n/w/nwhite01/storage/ocr_20150623/139/uva.x000829787/103.png"; bbox 0 0 3918 6230; ppageno 0'>
   <div class='ocr_carea' id='block_1_1' title="bbox 419 413 518 476">
    <p class='ocr_par' dir='ltr' id='par_1_1' title="bbox 419 413 518 476">
     <span class='ocr_line' id='line_1_1' title="bbox 419 413 518 476; baseline -0.02 0"><span class='ocrx_word' id='word_1_1' title='bbox 419 413 518 476; x_wconf 62' lang='lat' dir='ltr'>l9?»</span> 
     </span>
    </p>
   </div>
   <div class='ocr_carea' id='block_1_2' title="bbox 1087 407 2014 469">
    <p class='ocr_par' dir='ltr' id='par_1_2' title="bbox 1087 407 2014 468">
     <span class='ocr_line' id='line_1_2' title="bbox 1087 407 2014 468; baseline -0.002 -1"><span class='ocrx_word' id='word_1_2' title='bbox 1087 407 1459 468; x_wconf 82' lang='lat' dir='ltr'>SYLVESTRI</span> <span class='ocrx_word' id='word_1_3' title='bbox 1487 410 1534 465; x_wconf 88' lang='lat' dir='ltr'>ll</span> <span class='ocrx_word' id='word_1_4' title='bbox 1563 409 1762 466; x_wconf 71' lang='grc' dir='ltr'>ΡΑΡᾸΞ</span> <span class='ocrx_word' id='word_1_5' title='bbox 1792 409 1950 466; x_wconf 87' lang='grc' dir='ltr'>ΟΡΡ.</span> <span class='ocrx_word' id='word_1_6' title='bbox 1985 411 2014 466; x_wconf 74' lang='lat' dir='ltr'><strong>P</strong></span> 
     </span>
    </p>
   </div>
   <div class='ocr_carea' id='block_1_3' title="bbox 2119 407 3042 469">
    <p class='ocr_par' dir='ltr' id='par_1_3' title="bbox 2119 407 3042 469">
     <span class='ocr_line' id='line_1_3' title="bbox 2119 407 3042 469; baseline 0.003 -4"><span class='ocrx_word' id='word_1_7' title='bbox 2119 407 2164 466; x_wconf 90' lang='lat' dir='ltr'>.S</span> <span class='ocrx_word' id='word_1_8' title='bbox 2191 411 2256 466; x_wconf 89' lang='grc' dir='ltr'>ΙΙ.</span> <span class='ocrx_word' id='word_1_9' title='bbox 2288 435 2356 456; x_wconf 68' lang='grc' dir='ltr'>-ο-</span> <span class='ocrx_word' id='word_1_10' title='bbox 2383 410 2470 466; x_wconf 86' lang='lat' dir='ltr'>DE</span> <span class='ocrx_word' id='word_1_11' title='bbox 2499 410 2717 466; x_wconf 84' lang='lat' dir='ltr'>REBUS</span> <span class='ocrx_word' id='word_1_12' title='bbox 2751 409 3042 469; x_wconf 87' lang='lat' dir='ltr'>ECCLES.</span> 
     </span>
    </p>
   </div>
   <div class='ocr_carea' id='block_1_4' title="bbox 3634 417 3725 470">
    <p class='ocr_par' dir='ltr' id='par_1_4' title="bbox 3634 417 3725 470">
     <span class='ocr_line' id='line_1_4' title="bbox 3634 417 3725 470; baseline 0 0"><span class='ocrx_word' id='word_1_13' title='bbox 3634 417 3725 470; x_wconf 84' lang='lat' dir='ltr'>l96</span> 
     </span>
    </p>
   </div>
   <div class='ocr_carea' id='block_1_5' title="bbox 419 535 3726 612">
    <p class='ocr_par' dir='ltr' id='par_1_5' title="bbox 419 535 3726 612">
     <span class='ocr_line' id='line_1_5' title="bbox 419 535 3726 612; baseline -0.002 -12"><span class='ocrx_word' id='word_1_14' title='bbox 419 547 555 601; x_wconf 85' lang='lat' dir='ltr'>dare</span> <span class='ocrx_word' id='word_1_15' title='bbox 583 542 811 600; x_wconf 88' lang='lat' dir='ltr'>laborat</span> <span class='ocrx_word' id='word_1_16' title='bbox 835 539 994 612; x_wconf 90' lang='lat' dir='ltr'>quod</span> <span class='ocrx_word' id='word_1_17' title='bbox 1027 554 1243 609; x_wconf 88' lang='lat' dir='ltr'>magna</span> <span class='ocrx_word' id='word_1_18' title='bbox 1285 540 1548 608; x_wconf 88' lang='lat' dir='ltr'>paratum</span> <span class='ocrx_word' id='word_1_19' title='bbox 1603 535 1811 591; x_wconf 85' lang='lat' dir='ltr'>virtute</span> <span class='ocrx_word' id='word_1_20' title='bbox 1865 536 2019 589; x_wconf 89' lang='lat' dir='ltr'>inter</span> <span class='ocrx_word' id='word_1_21' title='bbox 2040 540 2092 598; x_wconf 85' lang='grc' dir='ltr'><strong>Α</strong></span> <span class='ocrx_word' id='word_1_22' title='bbox 2117 540 2376 590; x_wconf 89' lang='lat' dir='ltr'>mentum</span> <span class='ocrx_word' id='word_1_23' title='bbox 2403 537 2515 590; x_wconf 90' lang='lat' dir='ltr'>ulla</span> <span class='ocrx_word' id='word_1_24' title='bbox 2542 536 2897 591; x_wconf 75' lang='lat' dir='ltr'>detineretur</span> <span class='ocrx_word' id='word_1_25' title='bbox 2924 536 3200 592; x_wconf 90' lang='lat' dir='ltr'>custodia.</span> <span class='ocrx_word' id='word_1_26' title='bbox 3237 536 3292 592; x_wconf 92' lang='lat' dir='ltr'><strong>Si</strong></span> <span class='ocrx_word' id='word_1_27' title='bbox 3333 537 3496 592; x_wconf 88' lang='lat' dir='ltr'>enim</span> <span class='ocrx_word' id='word_1_28' title='bbox 3534 543 3726 593; x_wconf 89' lang='lat' dir='ltr'>aucto-</span> 
     </span>
    </p>
   </div>
   <div class='ocr_carea' id='block_1_6' title="bbox 415 625 2011 695">
    <p class='ocr_par' dir='ltr' id='par_1_6' title="bbox 415 625 2011 695">
     <span class='ocr_line' id='line_1_6' title="bbox 415 625 2011 695; baseline -0.009 -4"><span class='ocrx_word' id='word_1_29' title='bbox 415 635 556 690; x_wconf 88' lang='lat' dir='ltr'>alios</span> <span class='ocrx_word' id='word_1_30' title='bbox 584 629 902 688; x_wconf 79' lang='lat' dir='ltr'>constabat.</span> <span class='ocrx_word' id='word_1_31' title='bbox 937 626 1162 692; x_wconf 87' lang='lat' dir='ltr'>Horrui,</span> <span class='ocrx_word' id='word_1_32' title='bbox 1190 627 1395 693; x_wconf 84' lang='lat' dir='ltr'>fateor,</span> <span class='ocrx_word' id='word_1_33' title='bbox 1437 629 1494 679; x_wconf 90' lang='lat' dir='ltr'>et</span> <span class='ocrx_word' id='word_1_34' title='bbox 1533 641 1674 695; x_wconf 89' lang='lat' dir='ltr'>quos</span> <span class='ocrx_word' id='word_1_35' title='bbox 1701 627 1871 679; x_wconf 86' lang='lat' dir='ltr'>antea</span> <span class='ocrx_word' id='word_1_36' title='bbox 1896 625 2011 678; x_wconf 88' lang='lat' dir='ltr'>for-</span> 
     </span>
    </p>
   </div>
   <div class='ocr_carea' id='block_1_7' title="bbox 413 712 2012 790">
    <p class='ocr_par' dir='ltr' id='par_1_7' title="bbox 413 712 2012 790">
     <span class='ocr_line' id='line_1_7' title="bbox 413 712 2012 790; baseline -0.008 -11"><span class='ocrx_word' id='word_1_37' title='bbox 413 721 711 778; x_wconf 85' lang='lat' dir='ltr'>midabam</span> <span class='ocrx_word' id='word_1_38' title='bbox 742 715 979 790; x_wconf 82' lang='lat' dir='ltr'>gladios,</span> <span class='ocrx_word' id='word_1_39' title='bbox 1005 731 1122 786; x_wconf 63' lang='lat' dir='ltr'>pra:</span> <span class='ocrx_word' id='word_1_40' title='bbox 1148 712 1548 783; x_wconf 76' lang='lat' dir='ltr'>indignatione</span> <span class='ocrx_word' id='word_1_41' title='bbox 1578 715 1763 765; x_wconf 87' lang='lat' dir='ltr'>vestra</span> <span class='ocrx_word' id='word_1_42' title='bbox 1784 713 2012 783; x_wconf 87' lang='lat' dir='ltr'>postha-</span> 
     </span>
    </p>
   </div>
   <div class='ocr_carea' id='block_1_8' title="bbox 414 799 2014 877">
    <p class='ocr_par' dir='ltr' id='par_1_8' title="bbox 414 799 2014 877">
     <span class='ocr_line' id='line_1_8' title="bbox 414 799 2014 877; baseline -0.008 -12"><span class='ocrx_word' id='word_1_43' title='bbox 414 809 532 866; x_wconf 89' lang='lat' dir='ltr'>bui.</span> <span class='ocrx_word' id='word_1_44' title='bbox 567 809 746 874; x_wconf 80' lang='lat' dir='ltr'>Nunc,</span> <span class='ocrx_word' id='word_1_45' title='bbox 779 803 913 877; x_wconf 89' lang='lat' dir='ltr'>quia</span> <span class='ocrx_word' id='word_1_46' title='bbox 942 801 1191 874; x_wconf 89' lang='lat' dir='ltr'>propitia</span> <span class='ocrx_word' id='word_1_47' title='bbox 1235 799 1499 855; x_wconf 81' lang='lat' dir='ltr'>divinitas</span> <span class='ocrx_word' id='word_1_48' title='bbox 1542 815 1737 853; x_wconf 89' lang='lat' dir='ltr'>coram</span> <span class='ocrx_word' id='word_1_49' title='bbox 1774 800 2014 853; x_wconf 77' lang='lat' dir='ltr'>contulit</span> 
     </span>
    </p>
   </div>
   <div class='ocr_carea' id='block_1_9' title="bbox 413 887 2014 970">
    <p class='ocr_par' dir='ltr' id='par_1_9' title="bbox 413 887 2014 970">
     <span class='ocr_line' id='line_1_9' title="bbox 413 887 2014 970; baseline -0.009 -17"><span class='ocrx_word' id='word_1_50' title='bbox 413 897 619 970; x_wconf 86' lang='lat' dir='ltr'>quibus</span> <span class='ocrx_word' id='word_1_51' title='bbox 647 895 888 949; x_wconf 89' lang='lat' dir='ltr'>salutem</span> <span class='ocrx_word' id='word_1_52' title='bbox 921 906 1112 945; x_wconf 89' lang='lat' dir='ltr'>meam</span> <span class='ocrx_word' id='word_1_53' title='bbox 1145 904 1372 960; x_wconf 88' lang='lat' dir='ltr'>semper</span> <span class='ocrx_word' id='word_1_54' title='bbox 1401 887 1684 952; x_wconf 88' lang='lat' dir='ltr'>commisi,</span> <span class='ocrx_word' id='word_1_55' title='bbox 1717 903 1897 957; x_wconf 88' lang='lat' dir='ltr'>pauca</span> <span class='ocrx_word' id='word_1_56' title='bbox 1928 904 2014 940; x_wconf 86' lang='lat' dir='ltr'>su-</span> 
     </span>
    </p>
   </div>
   <div class='ocr_carea' id='block_1_10' title="bbox 413 975 2010 1058">
    <p class='ocr_par' dir='ltr' id='par_1_10' title="bbox 413 975 2010 1058">
     <span class='ocr_line' id='line_1_10' title="bbox 413 975 2010 1058; baseline -0.006 -20"><span class='ocrx_word' id='word_1_57' title='bbox 413 1001 516 1058; x_wconf 87' lang='lat' dir='ltr'>per</span> <span class='ocrx_word' id='word_1_58' title='bbox 537 981 929 1040; x_wconf 82' lang='lat' dir='ltr'>innocentiam</span> <span class='ocrx_word' id='word_1_59' title='bbox 961 993 1154 1032; x_wconf 90' lang='lat' dir='ltr'>meam</span> <span class='ocrx_word' id='word_1_60' title='bbox 1187 975 1458 1041; x_wconf 81' lang='lat' dir='ltr'>referam,</span> <span class='ocrx_word' id='word_1_61' title='bbox 1491 977 1548 1028; x_wconf 88' lang='lat' dir='ltr'>et</span> <span class='ocrx_word' id='word_1_62' title='bbox 1576 991 1830 1045; x_wconf 91' lang='lat' dir='ltr'>quonam</span> <span class='ocrx_word' id='word_1_63' title='bbox 1875 991 2010 1029; x_wconf 92' lang='lat' dir='ltr'>con-</span> 
     </span>
    </p>
   </div>
   <div class='ocr_carea' id='block_1_11' title="bbox 411 1062 1814 1137">
    <p class='ocr_par' dir='ltr' id='par_1_11' title="bbox 411 1062 1814 1137">
     <span class='ocr_line' id='line_1_11' title="bbox 411 1062 1814 1137; baseline -0.008 -9"><span class='ocrx_word' id='word_1_64' title='bbox 411 1073 536 1129; x_wconf 90' lang='lat' dir='ltr'>silio</span> <span class='ocrx_word' id='word_1_65' title='bbox 562 1071 688 1127; x_wconf 86' lang='lat' dir='ltr'>urbi</span> <span class='ocrx_word' id='word_1_66' title='bbox 711 1071 1027 1125; x_wconf 82' lang='lat' dir='ltr'>Remorum</span> <span class='ocrx_word' id='word_1_67' title='bbox 1054 1066 1323 1137; x_wconf 73' lang='lat' dir='ltr'>praelatus</span> <span class='ocrx_word' id='word_1_68' title='bbox 1349 1064 1456 1117; x_wconf 93' lang='lat' dir='ltr'>sim</span> <span class='ocrx_word' id='word_1_69' title='bbox 1480 1062 1814 1118; x_wconf 87' lang='lat' dir='ltr'>edisseram.</span> 
     </span>
    </p>
   </div>
   <div class='ocr_carea' id='block_1_12' title="bbox 481 1151 2011 1233">
    <p class='ocr_par' dir='ltr' id='par_1_12' title="bbox 481 1151 2011 1233">
     <span class='ocr_line' id='line_1_12' title="bbox 481 1151 2011 1233; baseline -0.008 -16"><span class='ocrx_word' id='word_1_70' title='bbox 481 1164 600 1232; x_wconf 89' lang='lat' dir='ltr'>Ego</span> <span class='ocrx_word' id='word_1_71' title='bbox 618 1159 853 1233; x_wconf 87' lang='lat' dir='ltr'>quidem</span> <span class='ocrx_word' id='word_1_72' title='bbox 870 1159 1000 1228; x_wconf 90' lang='lat' dir='ltr'>post</span> <span class='ocrx_word' id='word_1_73' title='bbox 1020 1154 1242 1208; x_wconf 92' lang='lat' dir='ltr'>obitum</span> <span class='ocrx_word' id='word_1_74' title='bbox 1259 1151 1369 1207; x_wconf 89' lang='lat' dir='ltr'>divi</span> <span class='ocrx_word' id='word_1_75' title='bbox 1386 1151 1611 1206; x_wconf 92' lang='lat' dir='ltr'>Ottonis</span> <span class='ocrx_word' id='word_1_76' title='bbox 1624 1151 1860 1221; x_wconf 81' lang='lat' dir='ltr'>Augusti</span> <span class='ocrx_word' id='word_1_77' title='bbox 1880 1167 2011 1205; x_wconf 91' lang='lat' dir='ltr'>cum</span> 
     </span>
    </p>
   </div>
   <div class='ocr_carea' id='block_1_13' title="bbox 411 1238 2012 1308">
    <p class='ocr_par' dir='ltr' id='par_1_13' title="bbox 411 1238 2012 1308">
     <span class='ocr_line' id='line_1_13' title="bbox 411 1238 2012 1308; baseline -0.009 -3"><span class='ocrx_word' id='word_1_78' title='bbox 411 1249 734 1305; x_wconf 84' lang='lat' dir='ltr'>statuissem</span> <span class='ocrx_word' id='word_1_79' title='bbox 765 1261 883 1299; x_wconf 92' lang='lat' dir='ltr'>non</span> <span class='ocrx_word' id='word_1_80' title='bbox 937 1241 1227 1296; x_wconf 88' lang='lat' dir='ltr'>discedere</span> <span class='ocrx_word' id='word_1_81' title='bbox 1276 1257 1309 1294; x_wconf 91' lang='lat' dir='ltr'>a</span> <span class='ocrx_word' id='word_1_82' title='bbox 1366 1239 1631 1293; x_wconf 84' lang='lat' dir='ltr'>clientela</span> <span class='ocrx_word' id='word_1_83' title='bbox 1677 1239 1853 1308; x_wconf 87' lang='lat' dir='ltr'>patris</span> <span class='ocrx_word' id='word_1_84' title='bbox 1896 1238 2012 1292; x_wconf 90' lang='lat' dir='ltr'>mei</span> 
     </span>
    </p>
   </div>
   <div class='ocr_carea' id='block_1_14' title="bbox 408 1328 2011 1403">
    <p class='ocr_par' dir='ltr' id='par_1_14' title="bbox 408 1328 2011 1403">
     <span class='ocr_line' id='line_1_14' title="bbox 408 1328 2011 1403; baseline -0.008 -8"><span class='ocrx_word' id='word_1_85' title='bbox 408 1334 807 1403; x_wconf 83' lang='lat' dir='ltr'>Adalberonis,</span> <span class='ocrx_word' id='word_1_86' title='bbox 841 1334 912 1388; x_wconf 82' lang='lat' dir='ltr'>al)</span> <span class='ocrx_word' id='word_1_87' title='bbox 943 1331 1148 1387; x_wconf 91' lang='lat' dir='ltr'>eodem</span> <span class='ocrx_word' id='word_1_88' title='bbox 1198 1329 1471 1401; x_wconf 88' lang='lat' dir='ltr'>ignorans</span> <span class='ocrx_word' id='word_1_89' title='bbox 1506 1328 1579 1382; x_wconf 89' lang='lat' dir='ltr'>ad</span> <span class='ocrx_word' id='word_1_90' title='bbox 1625 1328 2011 1382; x_wconf 89' lang='lat' dir='ltr'>sacerdotium</span> 
     </span>
    </p>
   </div>
   <div class='ocr_carea' id='block_1_15' title="bbox 409 1415 2008 1502">
    <p class='ocr_par' dir='ltr' id='par_1_15' title="bbox 409 1415 2008 1502">
     <span class='ocr_line' id='line_1_15' title="bbox 409 1415 2008 1502; baseline -0.009 -18"><span class='ocrx_word' id='word_1_91' title='bbox 409 1427 745 1502; x_wconf 69' lang='lat' dir='ltr'>prteelectus</span> <span class='ocrx_word' id='word_1_92' title='bbox 761 1419 1170 1491; x_wconf 89' lang='lat' dir='ltr'>sum,atque,in</span> <span class='ocrx_word' id='word_1_93' title='bbox 1190 1419 1312 1489; x_wconf 89' lang='lat' dir='ltr'>ejus</span> <span class='ocrx_word' id='word_1_94' title='bbox 1326 1417 1568 1472; x_wconf 89' lang='lat' dir='ltr'>discessu</span> <span class='ocrx_word' id='word_1_95' title='bbox 1587 1415 1660 1470; x_wconf 89' lang='lat' dir='ltr'>ad</span> <span class='ocrx_word' id='word_1_96' title='bbox 1676 1415 2008 1483; x_wconf 91' lang='lat' dir='ltr'>Dominum,</span> 
     </span>
    </p>
   </div>
   <div class='ocr_carea' id='block_1_16' title="bbox 408 1503 2011 1576">
    <p class='ocr_par' dir='ltr' id='par_1_16' title="bbox 408 1503 2011 1576">
     <span class='ocr_line' id='line_1_16' title="bbox 408 1503 2011 1576; baseline -0.009 -4"><span class='ocrx_word' id='word_1_97' title='bbox 408 1531 606 1571; x_wconf 91' lang='lat' dir='ltr'>coram</span> <span class='ocrx_word' id='word_1_98' title='bbox 636 1511 946 1568; x_wconf 88' lang='lat' dir='ltr'>illustribus</span> <span class='ocrx_word' id='word_1_99' title='bbox 970 1507 1102 1562; x_wconf 87' lang='lat' dir='ltr'>viris</span> <span class='ocrx_word' id='word_1_100' title='bbox 1129 1505 1354 1560; x_wconf 86' lang='lat' dir='ltr'>futurus</span> <span class='ocrx_word' id='word_1_101' title='bbox 1398 1506 1600 1576; x_wconf 88' lang='lat' dir='ltr'>pastor</span> <span class='ocrx_word' id='word_1_102' title='bbox 1631 1505 1880 1558; x_wconf 69' lang='lat' dir='ltr'>ecclesiae</span> <span class='ocrx_word' id='word_1_103' title='bbox 1912 1503 2011 1558; x_wconf 86' lang='lat' dir='ltr'>de-</span> 
     </span>
    </p>
   </div>
   <div class='ocr_carea' id='block_1_17' title="bbox 410 1592 2012 1676">
    <p class='ocr_par' dir='ltr' id='par_1_17' title="bbox 410 1592 2012 1676">
     <span class='ocr_line' id='line_1_17' title="bbox 410 1592 2012 1676; baseline -0.007 -18"><span class='ocrx_word' id='word_1_104' title='bbox 410 1603 685 1676; x_wconf 89' lang='lat' dir='ltr'>signatus.</span> <span class='ocrx_word' id='word_1_105' title='bbox 715 1599 827 1654; x_wconf 90' lang='lat' dir='ltr'>Sed</span> <span class='ocrx_word' id='word_1_106' title='bbox 847 1595 1162 1652; x_wconf 90' lang='lat' dir='ltr'>simoniaca</span> <span class='ocrx_word' id='word_1_107' title='bbox 1187 1592 1417 1648; x_wconf 80' lang='lat' dir='ltr'>haeresis</span> <span class='ocrx_word' id='word_1_108' title='bbox 1443 1592 1501 1646; x_wconf 92' lang='lat' dir='ltr'>in</span> <span class='ocrx_word' id='word_1_109' title='bbox 1534 1595 1710 1663; x_wconf 67' lang='lat' dir='ltr'>petrae</span> <span class='ocrx_word' id='word_1_110' title='bbox 1726 1592 2012 1647; x_wconf 83' lang='lat' dir='ltr'>soliditate</span> 
     </span>
    </p>
   </div>
   <div class='ocr_carea' id='block_1_18' title="bbox 409 1681 2010 1753">
    <p class='ocr_par' dir='ltr' id='par_1_18' title="bbox 409 1681 2010 1753">
     <span class='ocr_line' id='line_1_18' title="bbox 409 1681 2010 1753; baseline -0.009 -5"><span class='ocrx_word' id='word_1_111' title='bbox 409 1708 506 1747; x_wconf 89' lang='lat' dir='ltr'>me</span> <span class='ocrx_word' id='word_1_112' title='bbox 537 1691 783 1746; x_wconf 87' lang='lat' dir='ltr'>stantem</span> <span class='ocrx_word' id='word_1_113' title='bbox 818 1683 1114 1740; x_wconf 88' lang='lat' dir='ltr'>inveniens</span> <span class='ocrx_word' id='word_1_114' title='bbox 1142 1681 1376 1753; x_wconf 89' lang='lat' dir='ltr'>repulit,</span> <span class='ocrx_word' id='word_1_115' title='bbox 1402 1681 1706 1734; x_wconf 84' lang='lat' dir='ltr'>Arnulfum</span> <span class='ocrx_word' id='word_1_116' title='bbox 1736 1682 2010 1751; x_wconf 76' lang='lat' dir='ltr'>praetulit.</span> 
     </span>
    </p>
   </div>
   <div class='ocr_carea' id='block_1_19' title="bbox 411 1768 2012 1845">
    <p class='ocr_par' dir='ltr' id='par_1_19' title="bbox 411 1768 2012 1845">
     <span class='ocr_line' id='line_1_19' title="bbox 411 1768 2012 1845; baseline -0.008 -10"><span class='ocrx_word' id='word_1_117' title='bbox 411 1778 514 1834; x_wconf 89' lang='lat' dir='ltr'>Cui</span> <span class='ocrx_word' id='word_1_118' title='bbox 545 1780 739 1833; x_wconf 90' lang='lat' dir='ltr'>autem</span> <span class='ocrx_word' id='word_1_119' title='bbox 783 1775 1084 1845; x_wconf 86' lang='lat' dir='ltr'>plusquam</span> <span class='ocrx_word' id='word_1_120' title='bbox 1141 1769 1414 1840; x_wconf 88' lang='lat' dir='ltr'>oportuit,</span> <span class='ocrx_word' id='word_1_121' title='bbox 1447 1768 1614 1823; x_wconf 83' lang='lat' dir='ltr'>fidele</span> <span class='ocrx_word' id='word_1_122' title='bbox 1672 1769 2012 1840; x_wconf 89' lang='lat' dir='ltr'>obsequium</span> 
     </span>
    </p>
   </div>
   <div class='ocr_carea' id='block_1_20' title="bbox 2115 624 3727 695">
    <p class='ocr_par' dir='ltr' id='par_1_20' title="bbox 2115 624 3727 695">
     <span class='ocr_line' id='line_1_20' title="bbox 2115 624 3727 695; baseline 0.001 -18"><span class='ocrx_word' id='word_1_123' title='bbox 2115 624 2250 677; x_wconf 88' lang='lat' dir='ltr'>ritas</span> <span class='ocrx_word' id='word_1_124' title='bbox 2279 628 2469 678; x_wconf 86' lang='lat' dir='ltr'>vestra</span> <span class='ocrx_word' id='word_1_125' title='bbox 2499 641 2603 695; x_wconf 88' lang='lat' dir='ltr'>per</span> <span class='ocrx_word' id='word_1_126' title='bbox 2639 641 2732 678; x_wconf 92' lang='lat' dir='ltr'>me</span> <span class='ocrx_word' id='word_1_127' title='bbox 2761 629 2957 692; x_wconf 85' lang='lat' dir='ltr'>staret,</span> <span class='ocrx_word' id='word_1_128' title='bbox 2992 628 3219 679; x_wconf 88' lang='lat' dir='ltr'>tantum</span> <span class='ocrx_word' id='word_1_129' title='bbox 3264 625 3546 679; x_wconf 80' lang='lat' dir='ltr'>Arnulfus</span> <span class='ocrx_word' id='word_1_130' title='bbox 3597 627 3727 680; x_wconf 86' lang='lat' dir='ltr'>vile-</span> 
     </span>
    </p>
   </div>
   <div class='ocr_carea' id='block_1_21' title="bbox 2113 711 3729 777">
    <p class='ocr_par' dir='ltr' id='par_1_21' title="bbox 2113 711 3729 777">
     <span class='ocr_line' id='line_1_21' title="bbox 2113 711 3729 777; baseline 0.002 -13"><span class='ocrx_word' id='word_1_131' title='bbox 2113 715 2315 772; x_wconf 89' lang='lat' dir='ltr'>sceret,</span> <span class='ocrx_word' id='word_1_132' title='bbox 2347 715 2408 765; x_wconf 92' lang='lat' dir='ltr'>ut</span> <span class='ocrx_word' id='word_1_133' title='bbox 2434 711 2577 765; x_wconf 89' lang='lat' dir='ltr'>mihi</span> <span class='ocrx_word' id='word_1_134' title='bbox 2610 711 2805 766; x_wconf 91' lang='lat' dir='ltr'>obesse</span> <span class='ocrx_word' id='word_1_135' title='bbox 2846 713 3155 767; x_wconf 90' lang='lat' dir='ltr'>minimum</span> <span class='ocrx_word' id='word_1_136' title='bbox 3201 715 3438 767; x_wconf 81' lang='lat' dir='ltr'>valeret.</span> <span class='ocrx_word' id='word_1_137' title='bbox 3491 713 3659 777; x_wconf 88' lang='lat' dir='ltr'>Quod</span> <span class='ocrx_word' id='word_1_138' title='bbox 3689 714 3729 767; x_wconf 91' lang='lat' dir='ltr'>si</span> 
     </span>
    </p>
   </div>
   <div class='ocr_carea' id='block_1_22' title="bbox 2113 798 3730 870">
    <p class='ocr_par' dir='ltr' id='par_1_22' title="bbox 2113 798 3730 870">
     <span class='ocr_line' id='line_1_22' title="bbox 2113 798 3730 870; baseline 0.002 -19"><span class='ocrx_word' id='word_1_139' title='bbox 2113 798 2402 853; x_wconf 89' lang='lat' dir='ltr'>contraria</span> <span class='ocrx_word' id='word_1_140' title='bbox 2435 798 2574 852; x_wconf 85' lang='lat' dir='ltr'>mihi</span> <span class='ocrx_word' id='word_1_141' title='bbox 2598 798 2775 870; x_wconf 88' lang='lat' dir='ltr'>(quob</span> <span class='ocrx_word' id='word_1_142' title='bbox 2807 799 2957 853; x_wconf 89' lang='lat' dir='ltr'>absit</span> <span class='ocrx_word' id='word_1_143' title='bbox 3001 799 3044 866; x_wconf 86' lang='lat' dir='ltr'>l)</span> <span class='ocrx_word' id='word_1_144' title='bbox 3083 801 3372 854; x_wconf 89' lang='lat' dir='ltr'>sententia</span> <span class='ocrx_word' id='word_1_145' title='bbox 3410 805 3606 855; x_wconf 87' lang='lat' dir='ltr'>vestra</span> <span class='ocrx_word' id='word_1_146' title='bbox 3637 802 3730 856; x_wconf 84' lang='lat' dir='ltr'>de-</span> 
     </span>
    </p>
   </div>
   <div class='ocr_carea' id='block_1_23' title="bbox 2115 887 3728 958">
    <p class='ocr_par' dir='ltr' id='par_1_23' title="bbox 2115 887 3728 958">
     <span class='ocr_line' id='line_1_23' title="bbox 2115 887 3728 958; baseline 0.002 -18"><span class='ocrx_word' id='word_1_147' title='bbox 2115 891 2401 953; x_wconf 91' lang='lat' dir='ltr'>cerneret,</span> <span class='ocrx_word' id='word_1_148' title='bbox 2434 888 2572 958; x_wconf 90' lang='lat' dir='ltr'>quid</span> <span class='ocrx_word' id='word_1_149' title='bbox 2604 905 2735 941; x_wconf 88' lang='lat' dir='ltr'>mea</span> <span class='ocrx_word' id='word_1_150' title='bbox 2762 887 3063 943; x_wconf 86' lang='lat' dir='ltr'>interesset</span> <span class='ocrx_word' id='word_1_151' title='bbox 3105 894 3298 943; x_wconf 91' lang='lat' dir='ltr'>utrum</span> <span class='ocrx_word' id='word_1_152' title='bbox 3343 890 3624 944; x_wconf 81' lang='lat' dir='ltr'>Arnulfus</span> <span class='ocrx_word' id='word_1_153' title='bbox 3662 907 3728 944; x_wconf 90' lang='lat' dir='ltr'>an</span> 
     </span>
    </p>
   </div>
   <div class='ocr_carea' id='block_1_24' title="bbox 2115 975 3444 1048">
    <p class='ocr_par' dir='ltr' id='par_1_24' title="bbox 2115 975 3444 1048">
     <span class='ocr_line' id='line_1_24' title="bbox 2115 975 3444 1048; baseline 0.002 -19"><span class='ocrx_word' id='word_1_154' title='bbox 2115 975 2257 1029; x_wconf 88' lang='lat' dir='ltr'>alius</span> <span class='ocrx_word' id='word_1_155' title='bbox 2285 976 2598 1029; x_wconf 82' lang='lat' dir='ltr'>Remorum</span> <span class='ocrx_word' id='word_1_156' title='bbox 2622 975 3068 1031; x_wconf 88' lang='lat' dir='ltr'>constitueretur</span> <span class='ocrx_word' id='word_1_157' title='bbox 3090 977 3388 1048; x_wconf 90' lang='lat' dir='ltr'>episcopus</span> <span class='ocrx_word' id='word_1_158' title='bbox 3416 977 3444 1032; x_wconf 75' lang='lat' dir='ltr'>‘I</span> 
     </span>
    </p>
   </div>
   <div class='ocr_carea' id='block_1_25' title="bbox 2179 1065 3727 1140">
    <p class='ocr_par' dir='ltr' id='par_1_25' title="bbox 2179 1065 3727 1140">
     <span class='ocr_line' id='line_1_25' title="bbox 2179 1065 3727 1140; baseline 0.004 -23"><span class='ocrx_word' id='word_1_159' title='bbox 2179 1067 2306 1118; x_wconf 85' lang='lat' dir='ltr'>Jam</span> <span class='ocrx_word' id='word_1_160' title='bbox 2334 1065 2402 1118; x_wconf 91' lang='lat' dir='ltr'>de</span> <span class='ocrx_word' id='word_1_161' title='bbox 2433 1068 2598 1135; x_wconf 90' lang='lat' dir='ltr'>rapta</span> <span class='ocrx_word' id='word_1_162' title='bbox 2626 1081 2853 1134; x_wconf 89' lang='lat' dir='ltr'>sponsa,</span> <span class='ocrx_word' id='word_1_163' title='bbox 2887 1068 3137 1138; x_wconf 90' lang='lat' dir='ltr'>sedeque</span> <span class='ocrx_word' id='word_1_164' title='bbox 3169 1084 3431 1138; x_wconf 84' lang='lat' dir='ltr'>pervasa,</span> <span class='ocrx_word' id='word_1_165' title='bbox 3458 1069 3615 1140; x_wconf 89' lang='lat' dir='ltr'>quod</span> <span class='ocrx_word' id='word_1_166' title='bbox 3649 1068 3727 1123; x_wconf 91' lang='lat' dir='ltr'>di-</span> 
     </span>
    </p>
   </div>
   <div class='ocr_carea' id='block_1_26' title="bbox 2113 1153 3726 1227">
    <p class='ocr_par' dir='ltr' id='par_1_26' title="bbox 2113 1153 3726 1227">
     <span class='ocr_line' id='line_1_26' title="bbox 2113 1153 3726 1227; baseline 0.003 -21"><span class='ocrx_word' id='word_1_167' title='bbox 2113 1153 2260 1206; x_wconf 89' lang='lat' dir='ltr'>citur</span> <span class='ocrx_word' id='word_1_168' title='bbox 2280 1153 2648 1206; x_wconf 90' lang='lat' dir='ltr'>ridiculosum</span> <span class='ocrx_word' id='word_1_169' title='bbox 2684 1157 2786 1206; x_wconf 91' lang='lat' dir='ltr'>est.</span> <span class='ocrx_word' id='word_1_170' title='bbox 2819 1154 2952 1208; x_wconf 90' lang='lat' dir='ltr'>Dico</span> <span class='ocrx_word' id='word_1_171' title='bbox 2978 1155 3134 1208; x_wconf 90' lang='lat' dir='ltr'>enim</span> <span class='ocrx_word' id='word_1_172' title='bbox 3150 1155 3406 1225; x_wconf 91' lang='lat' dir='ltr'>primum</span> <span class='ocrx_word' id='word_1_173' title='bbox 3420 1173 3726 1227; x_wconf 89' lang='lat' dir='ltr'>nunquam</span> 
     </span>
    </p>
   </div>
   <div class='ocr_carea' id='block_1_27' title="bbox 2112 1241 3725 1313">
    <p class='ocr_par' dir='ltr' id='par_1_27' title="bbox 2112 1241 3725 1313">
     <span class='ocr_line' id='line_1_27' title="bbox 2112 1241 3725 1313; baseline 0.002 -18"><span class='ocrx_word' id='word_1_174' title='bbox 2112 1241 2261 1295; x_wconf 91' lang='lat' dir='ltr'>illius</span> <span class='ocrx_word' id='word_1_175' title='bbox 2286 1241 2452 1294; x_wconf 86' lang='lat' dir='ltr'>fuisse</span> <span class='ocrx_word' id='word_1_176' title='bbox 2480 1257 2749 1310; x_wconf 88' lang='lat' dir='ltr'>sponsam</span> <span class='ocrx_word' id='word_1_177' title='bbox 2783 1259 2979 1312; x_wconf 92' lang='lat' dir='ltr'>quam,</span> <span class='ocrx_word' id='word_1_178' title='bbox 3002 1259 3104 1312; x_wconf 88' lang='lat' dir='ltr'>pro</span> <span class='ocrx_word' id='word_1_179' title='bbox 3125 1243 3390 1313; x_wconf 87' lang='lat' dir='ltr'>legitima</span> <span class='ocrx_word' id='word_1_180' title='bbox 3409 1244 3725 1298; x_wconf 89' lang='lat' dir='ltr'>donatione</span> 
     </span>
    </p>
   </div>
   <div class='ocr_carea' id='block_1_28' title="bbox 2113 1329 3724 1403">
    <p class='ocr_par' dir='ltr' id='par_1_28' title="bbox 2113 1329 3724 1403">
     <span class='ocr_line' id='line_1_28' title="bbox 2113 1329 3724 1403; baseline 0.001 -19"><span class='ocrx_word' id='word_1_181' title='bbox 2113 1329 2422 1401; x_wconf 86' lang='lat' dir='ltr'>spiritualis</span> <span class='ocrx_word' id='word_1_182' title='bbox 2453 1330 2620 1396; x_wconf 89' lang='lat' dir='ltr'>dotis,</span> <span class='ocrx_word' id='word_1_183' title='bbox 2651 1330 2868 1384; x_wconf 88' lang='lat' dir='ltr'>collatis</span> <span class='ocrx_word' id='word_1_184' title='bbox 2898 1335 3030 1385; x_wconf 88' lang='lat' dir='ltr'>ante</span> <span class='ocrx_word' id='word_1_185' title='bbox 3055 1331 3346 1384; x_wconf 83' lang='lat' dir='ltr'>beneﬁciis</span> <span class='ocrx_word' id='word_1_186' title='bbox 3366 1333 3724 1403; x_wconf 87' lang='lat' dir='ltr'>exspoliavit,</span> 
     </span>
    </p>
   </div>
   <div class='ocr_carea' id='block_1_29' title="bbox 2112 1417 3731 1488">
    <p class='ocr_par' dir='ltr' id='par_1_29' title="bbox 2112 1417 3731 1488">
     <span class='ocr_line' id='line_1_29' title="bbox 2112 1417 3731 1488; baseline 0.002 -17"><span class='ocrx_word' id='word_1_187' title='bbox 2112 1418 2404 1488; x_wconf 85' lang='lat' dir='ltr'>proscidit,</span> <span class='ocrx_word' id='word_1_188' title='bbox 2438 1417 2749 1472; x_wconf 90' lang='lat' dir='ltr'>dilaniavit.</span> <span class='ocrx_word' id='word_1_189' title='bbox 2780 1419 3032 1472; x_wconf 86' lang='lat' dir='ltr'>Necdum</span> <span class='ocrx_word' id='word_1_190' title='bbox 3053 1419 3731 1474; x_wconf 85' lang='lat' dir='ltr'>sacerdotaliannuloin-</span> 
     </span>
    </p>
   </div>
   <div class='ocr_carea' id='block_1_30' title="bbox 2114 1507 3728 1580">
    <p class='ocr_par' dir='ltr' id='par_1_30' title="bbox 2114 1507 3728 1580">
     <span class='ocr_line' id='line_1_30' title="bbox 2114 1507 3728 1580; baseline 0.002 -20"><span class='ocrx_word' id='word_1_191' title='bbox 2114 1507 2354 1578; x_wconf 92' lang='lat' dir='ltr'>signitus</span> <span class='ocrx_word' id='word_1_192' title='bbox 2367 1508 2700 1576; x_wconf 89' lang='lat' dir='ltr'>erat,etjam</span> <span class='ocrx_word' id='word_1_193' title='bbox 2717 1507 2911 1562; x_wconf 90' lang='lat' dir='ltr'>omnia</span> <span class='ocrx_word' id='word_1_194' title='bbox 2937 1512 3290 1578; x_wconf 66' lang='lat' dir='ltr'>quaenotatas</span> <span class='ocrx_word' id='word_1_195' title='bbox 3315 1526 3543 1580; x_wconf 65' lang='lat' dir='ltr'>sponsae</span> <span class='ocrx_word' id='word_1_196' title='bbox 3559 1509 3728 1564; x_wconf 87' lang='lat' dir='ltr'>fuisse</span> 
     </span>
    </p>
   </div>
   <div class='ocr_carea' id='block_1_31' title="bbox 2113 1594 3728 1662">
    <p class='ocr_par' dir='ltr' id='par_1_31' title="bbox 2113 1594 3728 1662">
     <span class='ocr_line' id='line_1_31' title="bbox 2113 1594 3728 1662; baseline 0.002 -14"><span class='ocrx_word' id='word_1_197' title='bbox 2113 1594 2474 1662; x_wconf 84' lang='lat' dir='ltr'>videbantur,</span> <span class='ocrx_word' id='word_1_198' title='bbox 2528 1594 2800 1648; x_wconf 89' lang='lat' dir='ltr'>satellites</span> <span class='ocrx_word' id='word_1_199' title='bbox 2860 1595 3109 1650; x_wconf 90' lang='lat' dir='ltr'>Simonis</span> <span class='ocrx_word' id='word_1_200' title='bbox 3153 1599 3540 1650; x_wconf 86' lang='lat' dir='ltr'>vastaverant.</span> <span class='ocrx_word' id='word_1_201' title='bbox 3597 1597 3728 1651; x_wconf 91' lang='lat' dir='ltr'>Dico</span> 
     </span>
    </p>
   </div>
   <div class='ocr_carea' id='block_1_32' title="bbox 2116 1682 3728 1756">
    <p class='ocr_par' dir='ltr' id='par_1_32' title="bbox 2116 1682 3728 1756">
     <span class='ocr_line' id='line_1_32' title="bbox 2116 1682 3728 1756; baseline 0.002 -20"><span class='ocrx_word' id='word_1_202' title='bbox 2116 1683 2290 1736; x_wconf 89' lang='lat' dir='ltr'>etiam</span> <span class='ocrx_word' id='word_1_203' title='bbox 2324 1699 2337 1736; x_wconf 76' lang='grc' dir='ltr'><strong>ε</strong></span> <span class='ocrx_word' id='word_1_204' title='bbox 2372 1682 2429 1737; x_wconf 91' lang='lat' dir='ltr'>Si</span> <span class='ocrx_word' id='word_1_205' title='bbox 2449 1684 3069 1753; x_wconf 87' lang='lat' dir='ltr'>concedaturquolibet</span> <span class='ocrx_word' id='word_1_206' title='bbox 3092 1684 3431 1738; x_wconf 92' lang='lat' dir='ltr'>modoillius</span> <span class='ocrx_word' id='word_1_207' title='bbox 3453 1701 3728 1756; x_wconf 91' lang='lat' dir='ltr'>sponsam</span> 
     </span>
    </p>
   </div>
   <div class='ocr_carea' id='block_1_33' title="bbox 2113 1771 3729 1842">
    <p class='ocr_par' dir='ltr' id='par_1_33' title="bbox 2113 1771 3729 1842">
     <span class='ocr_line' id='line_1_33' title="bbox 2113 1771 3729 1842; baseline 0.001 -17"><span class='ocrx_word' id='word_1_208' title='bbox 2113 1771 2304 1838; x_wconf 88' lang='lat' dir='ltr'>fuisse,</span> <span class='ocrx_word' id='word_1_209' title='bbox 2333 1771 2530 1841; x_wconf 89' lang='lat' dir='ltr'>utique</span> <span class='ocrx_word' id='word_1_210' title='bbox 2561 1788 2678 1824; x_wconf 90' lang='lat' dir='ltr'>esse</span> <span class='ocrx_word' id='word_1_211' title='bbox 2696 1771 2882 1838; x_wconf 90' lang='lat' dir='ltr'>desiit,</span> <span class='ocrx_word' id='word_1_212' title='bbox 2901 1775 3205 1842; x_wconf 88' lang='lat' dir='ltr'>postquam</span> <span class='ocrx_word' id='word_1_213' title='bbox 3234 1773 3518 1842; x_wconf 89' lang='lat' dir='ltr'>pollutam</span> <span class='ocrx_word' id='word_1_214' title='bbox 3542 1777 3601 1826; x_wconf 90' lang='lat' dir='ltr'>et</span> <span class='ocrx_word' id='word_1_215' title='bbox 3616 1774 3729 1827; x_wconf 84' lang='lat' dir='ltr'>vio-</span> 
     </span>
    </p>
   </div>
   <div class='ocr_carea' id='block_1_34' title="bbox 410 1844 3728 1934">
    <p class='ocr_par' dir='ltr' id='par_1_34' title="bbox 410 1844 3728 1934">
     <span class='ocr_line' id='line_1_34' title="bbox 410 1844 3728 1934; baseline -0.004 -10"><span class='ocrx_word' id='word_1_216' title='bbox 410 1844 851 1934; x_wconf 80' lang='lat' dir='ltr'>exhibui,donec</span> <span class='ocrx_word' id='word_1_217' title='bbox 866 1878 1000 1918; x_wconf 88' lang='lat' dir='ltr'>eum</span> <span class='ocrx_word' id='word_1_218' title='bbox 1021 1876 1125 1931; x_wconf 90' lang='lat' dir='ltr'>per</span> <span class='ocrx_word' id='word_1_219' title='bbox 1150 1860 1362 1914; x_wconf 90' lang='lat' dir='ltr'>multos</span> <span class='ocrx_word' id='word_1_220' title='bbox 1373 1861 1430 1912; x_wconf 89' lang='lat' dir='ltr'>et</span> <span class='ocrx_word' id='word_1_221' title='bbox 1451 1874 1555 1928; x_wconf 89' lang='lat' dir='ltr'>per</span> <span class='ocrx_word' id='word_1_222' title='bbox 1572 1875 1666 1911; x_wconf 91' lang='lat' dir='ltr'>me</span> <span class='ocrx_word' id='word_1_223' title='bbox 1689 1860 2013 1928; x_wconf 89' lang='lat' dir='ltr'>apostatare</span> <span class='ocrx_word' id='word_1_224' title='bbox 2039 1844 2089 1904; x_wconf 89' lang='grc' dir='ltr'>Β</span> <span class='ocrx_word' id='word_1_225' title='bbox 2111 1859 2373 1924; x_wconf 87' lang='lat' dir='ltr'>latam,et</span> <span class='ocrx_word' id='word_1_226' title='bbox 2392 1859 2478 1931; x_wconf 91' lang='lat' dir='ltr'>(ut</span> <span class='ocrx_word' id='word_1_227' title='bbox 2503 1859 2585 1912; x_wconf 89' lang='lat' dir='ltr'>ita</span> <span class='ocrx_word' id='word_1_228' title='bbox 2600 1859 2806 1928; x_wconf 92' lang='lat' dir='ltr'>dicam)</span> <span class='ocrx_word' id='word_1_229' title='bbox 2823 1858 3210 1913; x_wconf 83' lang='lat' dir='ltr'>adulteratam</span> <span class='ocrx_word' id='word_1_230' title='bbox 3232 1859 3344 1913; x_wconf 90' lang='lat' dir='ltr'>suis</span> <span class='ocrx_word' id='word_1_231' title='bbox 3357 1859 3728 1928; x_wconf 77' lang='lat' dir='ltr'>praedonibus</span> 
     </span>
    </p>
   </div>
   <div class='ocr_carea' id='block_1_35' title="bbox 408 1945 2014 2028">
    <p class='ocr_par' dir='ltr' id='par_1_35' title="bbox 408 1945 2014 2028">
     <span class='ocr_line' id='line_1_35' title="bbox 408 1945 2014 2028; baseline -0.007 -16"><span class='ocrx_word' id='word_1_232' title='bbox 408 1957 603 2028; x_wconf 87' lang='lat' dir='ltr'>palam</span> <span class='ocrx_word' id='word_1_233' title='bbox 617 1949 1103 2023; x_wconf 90' lang='lat' dir='ltr'>intelligens,dato</span> <span class='ocrx_word' id='word_1_234' title='bbox 1127 1945 1350 2017; x_wconf 89' lang='lat' dir='ltr'>repudii</span> <span class='ocrx_word' id='word_1_235' title='bbox 1366 1946 1724 2014; x_wconf 90' lang='lat' dir='ltr'>libello,cum</span> <span class='ocrx_word' id='word_1_236' title='bbox 1744 1945 2014 2000; x_wconf 90' lang='lat' dir='ltr'>omnibus</span> 
     </span>
    </p>
   </div>
   <div class='ocr_carea' id='block_1_36' title="bbox 409 2033 2010 2115">
    <p class='ocr_par' dir='ltr' id='par_1_36' title="bbox 409 2033 2010 2115">
     <span class='ocr_line' id='line_1_36' title="bbox 409 2033 2010 2115; baseline -0.007 -16"><span class='ocrx_word' id='word_1_237' title='bbox 409 2044 522 2099; x_wconf 87' lang='lat' dir='ltr'>suis</span> <span class='ocrx_word' id='word_1_238' title='bbox 569 2039 893 2115; x_wconf 87' lang='lat' dir='ltr'>apostaticis</span> <span class='ocrx_word' id='word_1_239' title='bbox 926 2035 1227 2108; x_wconf 87' lang='lat' dir='ltr'>dereliqui,</span> <span class='ocrx_word' id='word_1_240' title='bbox 1277 2051 1395 2089; x_wconf 91' lang='lat' dir='ltr'>non</span> <span class='ocrx_word' id='word_1_241' title='bbox 1442 2050 1562 2103; x_wconf 91' lang='lat' dir='ltr'>spe,</span> <span class='ocrx_word' id='word_1_242' title='bbox 1595 2051 1710 2087; x_wconf 92' lang='lat' dir='ltr'>non</span> <span class='ocrx_word' id='word_1_243' title='bbox 1745 2033 2010 2104; x_wconf 86' lang='lat' dir='ltr'>pactione</span> 
     </span>
    </p>
   </div>
   <div class='ocr_carea' id='block_1_37' title="bbox 406 2121 2012 2203">
    <p class='ocr_par' dir='ltr' id='par_1_37' title="bbox 406 2121 2012 2203">
     <span class='ocr_line' id='line_1_37' title="bbox 406 2121 2012 2203; baseline -0.007 -16"><span class='ocrx_word' id='word_1_244' title='bbox 406 2127 743 2203; x_wconf 88' lang='lat' dir='ltr'>capescendi</span> <span class='ocrx_word' id='word_1_245' title='bbox 773 2127 895 2199; x_wconf 91' lang='lat' dir='ltr'>ejus</span> <span class='ocrx_word' id='word_1_246' title='bbox 924 2123 1181 2190; x_wconf 87' lang='lat' dir='ltr'>honoris,</span> <span class='ocrx_word' id='word_1_247' title='bbox 1205 2125 1269 2177; x_wconf 93' lang='lat' dir='ltr'>ut</span> <span class='ocrx_word' id='word_1_248' title='bbox 1298 2122 1413 2177; x_wconf 91' lang='lat' dir='ltr'>mei</span> <span class='ocrx_word' id='word_1_249' title='bbox 1444 2121 1636 2176; x_wconf 73' lang='lat' dir='ltr'>aemuli</span> <span class='ocrx_word' id='word_1_250' title='bbox 1661 2122 1879 2188; x_wconf 91' lang='lat' dir='ltr'>dicunt,</span> <span class='ocrx_word' id='word_1_251' title='bbox 1913 2121 2012 2176; x_wconf 90' lang='lat' dir='ltr'>sed</span> 
     </span>
    </p>
   </div>
   <div class='ocr_carea' id='block_1_38' title="bbox 407 2209 2014 2285">
    <p class='ocr_par' dir='ltr' id='par_1_38' title="bbox 407 2209 2014 2285">
     <span class='ocr_line' id='line_1_38' title="bbox 407 2209 2014 2285; baseline -0.008 -11"><span class='ocrx_word' id='word_1_252' title='bbox 407 2215 785 2274; x_wconf 87' lang='lat' dir='ltr'>monstruosis</span> <span class='ocrx_word' id='word_1_253' title='bbox 807 2213 1074 2285; x_wconf 90' lang='lat' dir='ltr'>operibus</span> <span class='ocrx_word' id='word_1_254' title='bbox 1103 2210 1316 2267; x_wconf 90' lang='lat' dir='ltr'>diaboli</span> <span class='ocrx_word' id='word_1_255' title='bbox 1347 2209 1578 2264; x_wconf 89' lang='lat' dir='ltr'>territus</span> <span class='ocrx_word' id='word_1_256' title='bbox 1602 2210 1659 2263; x_wconf 93' lang='lat' dir='ltr'>in</span> <span class='ocrx_word' id='word_1_257' title='bbox 1692 2209 1881 2279; x_wconf 84' lang='lat' dir='ltr'>efﬁgie</span> <span class='ocrx_word' id='word_1_258' title='bbox 1915 2211 2014 2262; x_wconf 85' lang='lat' dir='ltr'>ho-</span> 
     </span>
    </p>
   </div>
   <div class='ocr_carea' id='block_1_39' title="bbox 407 2296 2010 2370">
    <p class='ocr_par' dir='ltr' id='par_1_39' title="bbox 407 2296 2010 2370">
     <span class='ocr_line' id='line_1_39' title="bbox 407 2296 2010 2370; baseline -0.009 -7"><span class='ocrx_word' id='word_1_259' title='bbox 407 2306 582 2362; x_wconf 90' lang='lat' dir='ltr'>minis</span> <span class='ocrx_word' id='word_1_260' title='bbox 602 2303 878 2360; x_wconf 90' lang='lat' dir='ltr'>latitantis</span> <span class='ocrx_word' id='word_1_261' title='bbox 902 2319 916 2369; x_wconf 92' lang='lat'>;</span> <span class='ocrx_word' id='word_1_262' title='bbox 940 2318 1056 2355; x_wconf 90' lang='lat' dir='ltr'>non</span> <span class='ocrx_word' id='word_1_263' title='bbox 1085 2299 1236 2361; x_wconf 89' lang='lat' dir='ltr'>ideo,</span> <span class='ocrx_word' id='word_1_264' title='bbox 1257 2297 1687 2370; x_wconf 91' lang='lat' dir='ltr'>inquam,illum</span> <span class='ocrx_word' id='word_1_265' title='bbox 1711 2296 2010 2367; x_wconf 88' lang='lat' dir='ltr'>dereliqui,</span> 
     </span>
    </p>
   </div>
   <div class='ocr_carea' id='block_1_40' title="bbox 409 2384 2007 2462">
    <p class='ocr_par' dir='ltr' id='par_1_40' title="bbox 409 2384 2007 2462">
     <span class='ocr_line' id='line_1_40' title="bbox 409 2384 2007 2462; baseline -0.009 -10"><span class='ocrx_word' id='word_1_266' title='bbox 409 2397 509 2453; x_wconf 88' lang='lat' dir='ltr'>sed</span> <span class='ocrx_word' id='word_1_267' title='bbox 558 2411 632 2450; x_wconf 91' lang='lat' dir='ltr'>ne</span> <span class='ocrx_word' id='word_1_268' title='bbox 671 2392 814 2447; x_wconf 91' lang='lat' dir='ltr'>illud</span> <span class='ocrx_word' id='word_1_269' title='bbox 867 2388 1268 2462; x_wconf 87' lang='lat' dir='ltr'>propheticum</span> <span class='ocrx_word' id='word_1_270' title='bbox 1319 2386 1676 2440; x_wconf 86' lang='lat' dir='ltr'>incurrerem</span> <span class='ocrx_word' id='word_1_271' title='bbox 1717 2402 1730 2439; x_wconf 88' lang='lat'>:</span> <span class='ocrx_word' id='word_1_272' title='bbox 1772 2407 1798 2434; x_wconf 85' lang='lat'><strong>«</strong></span> <span class='ocrx_word' id='word_1_273' title='bbox 1827 2384 2007 2456; x_wconf 91' lang='lat' dir='ltr'>lmpio</span> 
     </span>
    </p>
   </div>
   <div class='ocr_carea' id='block_1_41' title="bbox 406 2472 2013 2557">
    <p class='ocr_par' dir='ltr' id='par_1_41' title="bbox 406 2472 2013 2557">
     <span class='ocr_line' id='line_1_41' title="bbox 406 2472 2013 2557; baseline -0.009 -17"><span class='ocrx_word' id='word_1_274' title='bbox 406 2485 631 2557; x_wconf 56' lang='lat' dir='ltr'>praebes</span> <span class='ocrx_word' id='word_1_275' title='bbox 655 2479 950 2543; x_wconf 84' lang='lat' dir='ltr'>auxilium,</span> <span class='ocrx_word' id='word_1_276' title='bbox 983 2478 1040 2530; x_wconf 87' lang='lat' dir='ltr'>et</span> <span class='ocrx_word' id='word_1_277' title='bbox 1068 2475 1154 2529; x_wconf 89' lang='lat' dir='ltr'>his</span> <span class='ocrx_word' id='word_1_278' title='bbox 1185 2475 1282 2546; x_wconf 91' lang='lat' dir='ltr'>qui</span> <span class='ocrx_word' id='word_1_279' title='bbox 1328 2474 1575 2528; x_wconf 89' lang='lat' dir='ltr'>oderunt</span> <span class='ocrx_word' id='word_1_280' title='bbox 1620 2490 1714 2526; x_wconf 89' lang='lat' dir='ltr'>me</span> <span class='ocrx_word' id='word_1_281' title='bbox 1761 2472 2013 2527; x_wconf 88' lang='lat' dir='ltr'>amicitia</span> 
     </span>
    </p>
   </div>
   <div class='ocr_carea' id='block_1_42' title="bbox 402 2561 2011 2644">
    <p class='ocr_par' dir='ltr' id='par_1_42' title="bbox 402 2561 2011 2644">
     <span class='ocr_line' id='line_1_42' title="bbox 402 2561 2011 2644; baseline -0.008 -17"><span class='ocrx_word' id='word_1_282' title='bbox 402 2570 688 2644; x_wconf 87' lang='lat' dir='ltr'>jungeris,</span> <span class='ocrx_word' id='word_1_283' title='bbox 722 2571 778 2622; x_wconf 90' lang='lat' dir='ltr'>et</span> <span class='ocrx_word' id='word_1_284' title='bbox 810 2566 1019 2620; x_wconf 91' lang='lat' dir='ltr'>idcirco</span> <span class='ocrx_word' id='word_1_285' title='bbox 1051 2563 1284 2634; x_wconf 89' lang='lat' dir='ltr'>quidem</span> <span class='ocrx_word' id='word_1_286' title='bbox 1311 2561 1458 2615; x_wconf 90' lang='lat' dir='ltr'>iram</span> <span class='ocrx_word' id='word_1_287' title='bbox 1490 2561 1720 2616; x_wconf 92' lang='lat' dir='ltr'>Domini</span> <span class='ocrx_word' id='word_1_288' title='bbox 1753 2561 2011 2614; x_wconf 89' lang='lat' dir='ltr'>merebe-</span> 
     </span>
    </p>
   </div>
   <div class='ocr_carea' id='block_1_43' title="bbox 410 2649 2016 2730">
    <p class='ocr_par' dir='ltr' id='par_1_43' title="bbox 410 2649 2016 2730">
     <span class='ocr_line' id='line_1_43' title="bbox 410 2649 2016 2730; baseline -0.008 -16"><span class='ocrx_word' id='word_1_289' title='bbox 410 2657 489 2714; x_wconf 92' lang='lat' dir='ltr'>ris</span> <span class='ocrx_word' id='word_1_290' title='bbox 519 2658 569 2730; x_wconf 89' lang='grc' dir='ltr'>(Ι</span> <span class='ocrx_word' id='word_1_291' title='bbox 593 2657 754 2723; x_wconf 88' lang='lat' dir='ltr'>Par.,</span> <span class='ocrx_word' id='word_1_292' title='bbox 787 2653 918 2724; x_wconf 74' lang='lat' dir='ltr'>xu).</span> <span class='ocrx_word' id='word_1_293' title='bbox 957 2671 990 2704; x_wconf 56' lang='lat'><strong>9</strong></span> <span class='ocrx_word' id='word_1_294' title='bbox 1018 2651 1259 2717; x_wconf 88' lang='lat' dir='ltr'>Deinde,</span> <span class='ocrx_word' id='word_1_295' title='bbox 1294 2649 1682 2704; x_wconf 89' lang='lat' dir='ltr'>sanctionibus</span> <span class='ocrx_word' id='word_1_296' title='bbox 1731 2649 2016 2703; x_wconf 88' lang='lat' dir='ltr'>ecclesias-</span> 
     </span>
    </p>
   </div>
   <div class='ocr_carea' id='block_1_44' title="bbox 409 2737 2011 2818">
    <p class='ocr_par' dir='ltr' id='par_1_44' title="bbox 409 2737 2011 2818">
     <span class='ocr_line' id='line_1_44' title="bbox 409 2737 2011 2818; baseline -0.007 -16"><span class='ocrx_word' id='word_1_297' title='bbox 409 2747 537 2802; x_wconf 90' lang='lat' dir='ltr'>ticis</span> <span class='ocrx_word' id='word_1_298' title='bbox 566 2762 670 2818; x_wconf 90' lang='lat' dir='ltr'>per</span> <span class='ocrx_word' id='word_1_299' title='bbox 693 2746 869 2814; x_wconf 90' lang='lat' dir='ltr'>longa</span> <span class='ocrx_word' id='word_1_300' title='bbox 898 2744 1226 2810; x_wconf 87' lang='lat' dir='ltr'>temporum</span> <span class='ocrx_word' id='word_1_301' title='bbox 1277 2737 1459 2809; x_wconf 90' lang='lat' dir='ltr'>spatia</span> <span class='ocrx_word' id='word_1_302' title='bbox 1493 2737 1733 2807; x_wconf 88' lang='lat' dir='ltr'>peractis</span> <span class='ocrx_word' id='word_1_303' title='bbox 1773 2738 2011 2808; x_wconf 87' lang='lat' dir='ltr'>legeque</span> 
     </span>
    </p>
   </div>
   <div class='ocr_carea' id='block_1_45' title="bbox 411 2825 2014 2908">
    <p class='ocr_par' dir='ltr' id='par_1_45' title="bbox 411 2825 2014 2908">
     <span class='ocr_line' id='line_1_45' title="bbox 411 2825 2014 2908; baseline -0.007 -18"><span class='ocrx_word' id='word_1_304' title='bbox 411 2831 805 2908; x_wconf 90' lang='lat' dir='ltr'>peremptoria</span> <span class='ocrx_word' id='word_1_305' title='bbox 829 2829 1249 2894; x_wconf 89' lang='lat' dir='ltr'>consummata,</span> <span class='ocrx_word' id='word_1_306' title='bbox 1275 2843 1406 2880; x_wconf 92' lang='lat' dir='ltr'>cum</span> <span class='ocrx_word' id='word_1_307' title='bbox 1429 2826 1570 2880; x_wconf 88' lang='lat' dir='ltr'>nihil</span> <span class='ocrx_word' id='word_1_308' title='bbox 1591 2825 1743 2880; x_wconf 89' lang='lat' dir='ltr'>aliud</span> <span class='ocrx_word' id='word_1_309' title='bbox 1773 2829 2014 2879; x_wconf 89' lang='lat' dir='ltr'>restaret</span> 
     </span>
    </p>
   </div>
   <div class='ocr_carea' id='block_1_46' title="bbox 414 2913 2012 2992">
    <p class='ocr_par' dir='ltr' id='par_1_46' title="bbox 414 2913 2012 2992">
     <span class='ocr_line' id='line_1_46' title="bbox 414 2913 2012 2992; baseline -0.008 -14"><span class='ocrx_word' id='word_1_310' title='bbox 414 2922 524 2978; x_wconf 88' lang='lat' dir='ltr'>nisi</span> <span class='ocrx_word' id='word_1_311' title='bbox 555 2925 618 2976; x_wconf 91' lang='lat' dir='ltr'>ut</span> <span class='ocrx_word' id='word_1_312' title='bbox 630 2917 935 2992; x_wconf 89' lang='lat' dir='ltr'>judiciaria</span> <span class='ocrx_word' id='word_1_313' title='bbox 973 2917 1258 2988; x_wconf 89' lang='lat' dir='ltr'>potestate</span> <span class='ocrx_word' id='word_1_314' title='bbox 1309 2913 1582 2986; x_wconf 89' lang='lat' dir='ltr'>principis</span> <span class='ocrx_word' id='word_1_315' title='bbox 1633 2917 2012 2981; x_wconf 89' lang='lat' dir='ltr'>coerceretur,</span> 
     </span>
    </p>
   </div>
   <div class='ocr_carea' id='block_1_47' title="bbox 413 3002 2014 3081">
    <p class='ocr_par' dir='ltr' id='par_1_47' title="bbox 413 3002 2014 3081">
     <span class='ocr_line' id='line_1_47' title="bbox 413 3002 2014 3081; baseline -0.008 -14"><span class='ocrx_word' id='word_1_316' title='bbox 413 3016 471 3066; x_wconf 87' lang='lat' dir='ltr'>et</span> <span class='ocrx_word' id='word_1_317' title='bbox 497 3015 772 3081; x_wconf 90' lang='lat' dir='ltr'>tanquam</span> <span class='ocrx_word' id='word_1_318' title='bbox 799 3006 1100 3061; x_wconf 90' lang='lat' dir='ltr'>seditiosus</span> <span class='ocrx_word' id='word_1_319' title='bbox 1129 3007 1188 3057; x_wconf 88' lang='lat' dir='ltr'>et</span> <span class='ocrx_word' id='word_1_320' title='bbox 1234 3003 1463 3057; x_wconf 90' lang='lat' dir='ltr'>rebellis</span> <span class='ocrx_word' id='word_1_321' title='bbox 1507 3020 1540 3057; x_wconf 92' lang='lat' dir='ltr'>a</span> <span class='ocrx_word' id='word_1_322' title='bbox 1592 3002 1894 3075; x_wconf 90' lang='lat' dir='ltr'>principali</span> <span class='ocrx_word' id='word_1_323' title='bbox 1921 3019 2014 3055; x_wconf 90' lang='lat' dir='ltr'>ca-</span> 
     </span>
    </p>
   </div>
   <div class='ocr_carea' id='block_1_48' title="bbox 2112 1945 3725 2018">
    <p class='ocr_par' dir='ltr' id='par_1_48' title="bbox 2112 1945 3725 2018">
     <span class='ocr_line' id='line_1_48' title="bbox 2112 1945 3725 2018; baseline 0.001 -18"><span class='ocrx_word' id='word_1_324' title='bbox 2112 1947 2418 2018; x_wconf 89' lang='lat' dir='ltr'>prostituit.</span> <span class='ocrx_word' id='word_1_325' title='bbox 2453 1947 2602 2000; x_wconf 87' lang='lat' dir='ltr'>Num</span> <span class='ocrx_word' id='word_1_326' title='bbox 2632 1945 2809 2016; x_wconf 88' lang='lat' dir='ltr'>igitur</span> <span class='ocrx_word' id='word_1_327' title='bbox 2835 1962 2990 2015; x_wconf 88' lang='lat' dir='ltr'>eam,</span> <span class='ocrx_word' id='word_1_328' title='bbox 3020 1949 3120 2000; x_wconf 91' lang='lat' dir='ltr'>aut</span> <span class='ocrx_word' id='word_1_329' title='bbox 3147 1963 3325 2017; x_wconf 91' lang='lat' dir='ltr'>quam</span> <span class='ocrx_word' id='word_1_330' title='bbox 3349 1963 3469 2001; x_wconf 90' lang='lat' dir='ltr'>non</span> <span class='ocrx_word' id='word_1_331' title='bbox 3505 1948 3725 2012; x_wconf 88' lang='lat' dir='ltr'>habuit,</span> 
     </span>
    </p>
   </div>
   <div class='ocr_carea' id='block_1_49' title="bbox 2113 2033 3722 2105">
    <p class='ocr_par' dir='ltr' id='par_1_49' title="bbox 2113 2033 3722 2105">
     <span class='ocr_line' id='line_1_49' title="bbox 2113 2033 3722 2105; baseline 0.001 -17"><span class='ocrx_word' id='word_1_332' title='bbox 2113 2037 2212 2088; x_wconf 92' lang='lat' dir='ltr'>aut</span> <span class='ocrx_word' id='word_1_333' title='bbox 2237 2050 2410 2105; x_wconf 91' lang='lat' dir='ltr'>quam</span> <span class='ocrx_word' id='word_1_334' title='bbox 2443 2050 2544 2088; x_wconf 89' lang='lat' dir='ltr'>suo</span> <span class='ocrx_word' id='word_1_335' title='bbox 2570 2035 2781 2087; x_wconf 88' lang='lat' dir='ltr'>scelere</span> <span class='ocrx_word' id='word_1_336' title='bbox 2822 2033 3092 2104; x_wconf 90' lang='lat' dir='ltr'>perdidit,</span> <span class='ocrx_word' id='word_1_337' title='bbox 3125 2033 3274 2088; x_wconf 92' lang='lat' dir='ltr'>illius</span> <span class='ocrx_word' id='word_1_338' title='bbox 3321 2051 3600 2104; x_wconf 88' lang='lat' dir='ltr'>sponsam</span> <span class='ocrx_word' id='word_1_339' title='bbox 3634 2052 3722 2090; x_wconf 89' lang='lat' dir='ltr'>ra-</span> 
     </span>
    </p>
   </div>
   <div class='ocr_carea' id='block_1_50' title="bbox 2112 2121 3724 2194">
    <p class='ocr_par' dir='ltr' id='par_1_50' title="bbox 2112 2121 3724 2194">
     <span class='ocr_line' id='line_1_50' title="bbox 2112 2121 3724 2194; baseline 0.001 -18"><span class='ocrx_word' id='word_1_340' title='bbox 2112 2122 2210 2193; x_wconf 91' lang='lat' dir='ltr'>pui</span> <span class='ocrx_word' id='word_1_341' title='bbox 2231 2122 2259 2176; x_wconf 82' lang='lat'><strong>?</strong></span> <span class='ocrx_word' id='word_1_342' title='bbox 2285 2123 2495 2176; x_wconf 88' lang='lat' dir='ltr'>Sedem</span> <span class='ocrx_word' id='word_1_343' title='bbox 2521 2124 2714 2175; x_wconf 88' lang='lat' dir='ltr'>autem</span> <span class='ocrx_word' id='word_1_344' title='bbox 2735 2121 3105 2176; x_wconf 83' lang='lat' dir='ltr'>multitudine</span> <span class='ocrx_word' id='word_1_345' title='bbox 3139 2123 3496 2194; x_wconf 91' lang='lat' dir='ltr'>populorum</span> <span class='ocrx_word' id='word_1_346' title='bbox 3541 2123 3724 2177; x_wconf 85' lang='lat' dir='ltr'>refer-</span> 
     </span>
    </p>
   </div>
   <div class='ocr_carea' id='block_1_51' title="bbox 2117 2210 3724 2283">
    <p class='ocr_par' dir='ltr' id='par_1_51' title="bbox 2117 2210 3724 2283">
     <span class='ocr_line' id='line_1_51' title="bbox 2117 2210 3724 2283; baseline 0.001 -19"><span class='ocrx_word' id='word_1_347' title='bbox 2117 2216 2235 2265; x_wconf 92' lang='lat' dir='ltr'>tam</span> <span class='ocrx_word' id='word_1_348' title='bbox 2263 2211 2482 2266; x_wconf 87' lang='lat' dir='ltr'>advena</span> <span class='ocrx_word' id='word_1_349' title='bbox 2523 2214 2580 2264; x_wconf 91' lang='lat' dir='ltr'>et</span> <span class='ocrx_word' id='word_1_350' title='bbox 2617 2210 2977 2282; x_wconf 89' lang='lat' dir='ltr'>peregrinus,</span> <span class='ocrx_word' id='word_1_351' title='bbox 3027 2211 3238 2264; x_wconf 90' lang='lat' dir='ltr'>nullius</span> <span class='ocrx_word' id='word_1_352' title='bbox 3284 2213 3464 2265; x_wconf 88' lang='lat' dir='ltr'>fretus</span> <span class='ocrx_word' id='word_1_353' title='bbox 3495 2212 3724 2283; x_wconf 85' lang='lat' dir='ltr'>opibus,</span> 
     </span>
    </p>
   </div>
   <div class='ocr_carea' id='block_1_52' title="bbox 2117 2299 3727 2371">
    <p class='ocr_par' dir='ltr' id='par_1_52' title="bbox 2117 2299 3727 2371">
     <span class='ocr_line' id='line_1_52' title="bbox 2117 2299 3727 2371; baseline 0.001 -18"><span class='ocrx_word' id='word_1_354' title='bbox 2117 2299 2430 2371; x_wconf 89' lang='lat' dir='ltr'>pervadere</span> <span class='ocrx_word' id='word_1_355' title='bbox 2462 2299 2558 2370; x_wconf 88' lang='lat' dir='ltr'>qui</span> <span class='ocrx_word' id='word_1_356' title='bbox 2607 2299 2767 2368; x_wconf 90' lang='lat' dir='ltr'>potui</span> <span class='ocrx_word' id='word_1_357' title='bbox 2799 2299 2826 2352; x_wconf 73' lang='lat' dir='ltr'>‘I</span> <span class='ocrx_word' id='word_1_358' title='bbox 2857 2299 2969 2352; x_wconf 87' lang='lat' dir='ltr'>Sed</span> <span class='ocrx_word' id='word_1_359' title='bbox 3011 2299 3157 2352; x_wconf 86' lang='lat' dir='ltr'>forte</span> <span class='ocrx_word' id='word_1_360' title='bbox 3211 2299 3530 2370; x_wconf 89' lang='lat' dir='ltr'>apostolica</span> <span class='ocrx_word' id='word_1_361' title='bbox 3562 2301 3727 2354; x_wconf 87' lang='lat' dir='ltr'>sedes</span> 
     </span>
    </p>
   </div>
   <div class='ocr_carea' id='block_1_53' title="bbox 2115 2387 3723 2457">
    <p class='ocr_par' dir='ltr' id='par_1_53' title="bbox 2115 2387 3723 2457">
     <span class='ocr_line' id='line_1_53' title="bbox 2115 2387 3723 2457; baseline 0.001 -16"><span class='ocrx_word' id='word_1_362' title='bbox 2115 2387 2277 2441; x_wconf 90' lang='lat' dir='ltr'>nobis</span> <span class='ocrx_word' id='word_1_363' title='bbox 2304 2388 2634 2457; x_wconf 90' lang='lat' dir='ltr'>opponitur,</span> <span class='ocrx_word' id='word_1_364' title='bbox 2666 2389 2943 2456; x_wconf 87' lang='lat' dir='ltr'>tanquam</span> <span class='ocrx_word' id='word_1_365' title='bbox 2977 2403 3043 2440; x_wconf 89' lang='lat' dir='ltr'>ea</span> <span class='ocrx_word' id='word_1_366' title='bbox 3074 2387 3397 2441; x_wconf 90' lang='lat' dir='ltr'>inconsulta</span> <span class='ocrx_word' id='word_1_367' title='bbox 3425 2404 3723 2442; x_wconf 91' lang='lat' dir='ltr'>summum</span> 
     </span>
    </p>
   </div>
   <div class='ocr_carea' id='block_1_54' title="bbox 2113 2473 3726 2545">
    <p class='ocr_par' dir='ltr' id='par_1_54' title="bbox 2113 2473 3726 2545">
     <span class='ocr_line' id='line_1_54' title="bbox 2113 2473 3726 2545; baseline 0 -17"><span class='ocrx_word' id='word_1_368' title='bbox 2113 2475 2222 2529; x_wconf 87' lang='lat' dir='ltr'>hoc</span> <span class='ocrx_word' id='word_1_369' title='bbox 2253 2475 2553 2545; x_wconf 86' lang='lat' dir='ltr'>negotium</span> <span class='ocrx_word' id='word_1_370' title='bbox 2605 2473 2918 2528; x_wconf 88' lang='lat' dir='ltr'>discussum</span> <span class='ocrx_word' id='word_1_371' title='bbox 2971 2474 3059 2539; x_wconf 91' lang='lat' dir='ltr'>sit,</span> <span class='ocrx_word' id='word_1_372' title='bbox 3112 2475 3198 2528; x_wconf 92' lang='lat' dir='ltr'>vel</span> <span class='ocrx_word' id='word_1_373' title='bbox 3256 2474 3610 2544; x_wconf 85' lang='lat' dir='ltr'>ignorantia,</span> <span class='ocrx_word' id='word_1_374' title='bbox 3639 2476 3726 2529; x_wconf 86' lang='lat' dir='ltr'>vel</span> 
     </span>
    </p>
   </div>
   <div class='ocr_carea' id='block_1_55' title="bbox 2114 2563 3724 2633">
    <p class='ocr_par' dir='ltr' id='par_1_55' title="bbox 2114 2563 3724 2633">
     <span class='ocr_line' id='line_1_55' title="bbox 2114 2563 3724 2633; baseline -0.001 -16"><span class='ocrx_word' id='word_1_375' title='bbox 2114 2563 2498 2617; x_wconf 84' lang='lat' dir='ltr'>contumacia.</span> <span class='ocrx_word' id='word_1_376' title='bbox 2553 2563 2716 2616; x_wconf 89' lang='lat' dir='ltr'>Certe</span> <span class='ocrx_word' id='word_1_377' title='bbox 2750 2563 2894 2616; x_wconf 87' lang='lat' dir='ltr'>nihil</span> <span class='ocrx_word' id='word_1_378' title='bbox 2940 2566 3130 2616; x_wconf 91' lang='lat' dir='ltr'>actum</span> <span class='ocrx_word' id='word_1_379' title='bbox 3162 2566 3246 2616; x_wconf 92' lang='lat' dir='ltr'>est</span> <span class='ocrx_word' id='word_1_380' title='bbox 3292 2565 3377 2617; x_wconf 86' lang='lat' dir='ltr'>vel</span> <span class='ocrx_word' id='word_1_381' title='bbox 3427 2564 3724 2633; x_wconf 89' lang='lat' dir='ltr'>agendum</span> 
     </span>
    </p>
   </div>
   <div class='ocr_carea' id='block_1_56' title="bbox 2114 2651 3725 2722">
    <p class='ocr_par' dir='ltr' id='par_1_56' title="bbox 2114 2651 3725 2722">
     <span class='ocr_line' id='line_1_56' title="bbox 2114 2651 3725 2722; baseline -0.001 -17"><span class='ocrx_word' id='word_1_382' title='bbox 2114 2652 2240 2718; x_wconf 85' lang='lat' dir='ltr'>fuit,</span> <span class='ocrx_word' id='word_1_383' title='bbox 2275 2652 2429 2722; x_wconf 92' lang='lat' dir='ltr'>quod</span> <span class='ocrx_word' id='word_1_384' title='bbox 2461 2651 2787 2720; x_wconf 63' lang='lat' dir='ltr'>apostolicae</span> <span class='ocrx_word' id='word_1_385' title='bbox 2815 2651 2934 2704; x_wconf 91' lang='lat' dir='ltr'>sedi</span> <span class='ocrx_word' id='word_1_386' title='bbox 2955 2652 3203 2704; x_wconf 89' lang='lat' dir='ltr'>relatum</span> <span class='ocrx_word' id='word_1_387' title='bbox 3232 2668 3349 2705; x_wconf 92' lang='lat' dir='ltr'>non</span> <span class='ocrx_word' id='word_1_388' title='bbox 3369 2651 3725 2722; x_wconf 76' lang='lat' dir='ltr'>fuerit,ejus~</span> 
     </span>
    </p>
   </div>
   <div class='ocr_carea' id='block_1_57' title="bbox 2117 2739 3723 2810">
    <p class='ocr_par' dir='ltr' id='par_1_57' title="bbox 2117 2739 3723 2810">
     <span class='ocr_line' id='line_1_57' title="bbox 2117 2739 3723 2810; baseline 0 -17"><span class='ocrx_word' id='word_1_389' title='bbox 2117 2740 2244 2793; x_wconf 88' lang='lat' dir='ltr'>dem</span> <span class='ocrx_word' id='word_1_390' title='bbox 2276 2756 2380 2810; x_wconf 91' lang='lat' dir='ltr'>per</span> <span class='ocrx_word' id='word_1_391' title='bbox 2405 2739 2607 2793; x_wconf 89' lang='lat' dir='ltr'>decem</span> <span class='ocrx_word' id='word_1_392' title='bbox 2639 2742 2696 2793; x_wconf 91' lang='lat' dir='ltr'>et</span> <span class='ocrx_word' id='word_1_393' title='bbox 2725 2742 2853 2793; x_wconf 89' lang='lat' dir='ltr'>octo</span> <span class='ocrx_word' id='word_1_394' title='bbox 2887 2755 3115 2793; x_wconf 90' lang='lat' dir='ltr'>menses</span> <span class='ocrx_word' id='word_1_395' title='bbox 3141 2743 3466 2809; x_wconf 81' lang='lat' dir='ltr'>exspectata</span> <span class='ocrx_word' id='word_1_396' title='bbox 3493 2744 3723 2794; x_wconf 88' lang='lat' dir='ltr'>senten-</span> 
     </span>
    </p>
   </div>
   <div class='ocr_carea' id='block_1_58' title="bbox 2115 2826 3723 2899">
    <p class='ocr_par' dir='ltr' id='par_1_58' title="bbox 2115 2826 3723 2899">
     <span class='ocr_line' id='line_1_58' title="bbox 2115 2826 3723 2899; baseline -0.001 -18"><span class='ocrx_word' id='word_1_397' title='bbox 2115 2827 2217 2881; x_wconf 89' lang='lat' dir='ltr'>tia.</span> <span class='ocrx_word' id='word_1_398' title='bbox 2248 2826 2359 2881; x_wconf 92' lang='lat' dir='ltr'>Sed</span> <span class='ocrx_word' id='word_1_399' title='bbox 2389 2828 2526 2881; x_wconf 92' lang='lat' dir='ltr'>dum</span> <span class='ocrx_word' id='word_1_400' title='bbox 2560 2827 2630 2881; x_wconf 91' lang='lat' dir='ltr'>ab</span> <span class='ocrx_word' id='word_1_401' title='bbox 2662 2826 2994 2882; x_wconf 91' lang='lat' dir='ltr'>hominibus</span> <span class='ocrx_word' id='word_1_402' title='bbox 3025 2827 3324 2881; x_wconf 88' lang='lat' dir='ltr'>consilium</span> <span class='ocrx_word' id='word_1_403' title='bbox 3342 2828 3723 2899; x_wconf 88' lang='lat' dir='ltr'>noncapitur,</span> 
     </span>
    </p>
   </div>
   <div class='ocr_carea' id='block_1_59' title="bbox 2118 2916 3721 2986">
    <p class='ocr_par' dir='ltr' id='par_1_59' title="bbox 2118 2916 3721 2986">
     <span class='ocr_line' id='line_1_59' title="bbox 2118 2916 3721 2986; baseline 0 -17"><span class='ocrx_word' id='word_1_404' title='bbox 2118 2917 2190 2970; x_wconf 91' lang='lat' dir='ltr'>ad</span> <span class='ocrx_word' id='word_1_405' title='bbox 2221 2916 2342 2970; x_wconf 88' lang='lat' dir='ltr'>Filii</span> <span class='ocrx_word' id='word_1_406' title='bbox 2369 2916 2469 2970; x_wconf 88' lang='lat' dir='ltr'>Dei</span> <span class='ocrx_word' id='word_1_407' title='bbox 2516 2916 2953 2986; x_wconf 88' lang='lat' dir='ltr'>supereminens</span> <span class='ocrx_word' id='word_1_408' title='bbox 3009 2916 3301 2986; x_wconf 90' lang='lat' dir='ltr'>eloquium</span> <span class='ocrx_word' id='word_1_409' title='bbox 3362 2916 3721 2970; x_wconf 83' lang='lat' dir='ltr'>recurritur:</span> 
     </span>
    </p>
   </div>
   <div class='ocr_carea' id='block_1_60' title="bbox 2120 3004 3723 3075">
    <p class='ocr_par' dir='ltr' id='par_1_60' title="bbox 2120 3004 3723 3075">
     <span class='ocr_line' id='line_1_60' title="bbox 2120 3004 3723 3075; baseline 0.002 -21"><span class='ocrx_word' id='word_1_410' title='bbox 2120 3028 2147 3054; x_wconf 83' lang='lat'>«</span> <span class='ocrx_word' id='word_1_411' title='bbox 2183 3004 2238 3059; x_wconf 90' lang='lat' dir='ltr'>Si</span> <span class='ocrx_word' id='word_1_412' title='bbox 2273 3006 2492 3066; x_wconf 88' lang='lat' dir='ltr'>oculus,</span> <span class='ocrx_word' id='word_1_413' title='bbox 2530 3004 2738 3075; x_wconf 88' lang='lat' dir='ltr'>inquit,</span> <span class='ocrx_word' id='word_1_414' title='bbox 2770 3008 2898 3058; x_wconf 91' lang='lat' dir='ltr'>tuus</span> <span class='ocrx_word' id='word_1_415' title='bbox 2924 3005 3272 3058; x_wconf 85' lang='lat' dir='ltr'>scandalizat</span> <span class='ocrx_word' id='word_1_416' title='bbox 3293 3008 3370 3066; x_wconf 88' lang='lat' dir='ltr'>te,</span> <span class='ocrx_word' id='word_1_417' title='bbox 3403 3021 3542 3058; x_wconf 89' lang='lat' dir='ltr'>erue</span> <span class='ocrx_word' id='word_1_418' title='bbox 3566 3021 3723 3071; x_wconf 91' lang='lat' dir='ltr'>eum,</span> 
     </span>
    </p>
   </div>
   <div class='ocr_carea' id='block_1_61' title="bbox 411 3090 3722 3180">
    <p class='ocr_par' dir='ltr' id='par_1_61' title="bbox 411 3090 3722 3180">
     <span class='ocr_line' id='line_1_61' title="bbox 411 3090 3722 3180; baseline -0.002 -26"><span class='ocrx_word' id='word_1_419' title='bbox 411 3099 620 3154; x_wconf 89' lang='lat' dir='ltr'>thedra</span> <span class='ocrx_word' id='word_1_420' title='bbox 637 3096 1066 3160; x_wconf 89' lang='lat' dir='ltr'>removeretur;</span> <span class='ocrx_word' id='word_1_421' title='bbox 1102 3093 1226 3180; x_wconf 85' lang='lat' dir='ltr'>lege</span> <span class='ocrx_word' id='word_1_422' title='bbox 1264 3090 1519 3180; x_wconf 78' lang='lat' dir='ltr'>Africani</span> <span class='ocrx_word' id='word_1_423' title='bbox 1546 3090 1770 3145; x_wconf 85' lang='lat' dir='ltr'>concilii</span> <span class='ocrx_word' id='word_1_424' title='bbox 1803 3091 2014 3145; x_wconf 88' lang='lat' dir='ltr'>iterum</span> <span class='ocrx_word' id='word_1_425' title='bbox 2040 3121 2087 3180; x_wconf 82' lang='lat' dir='ltr'>C</span> <span class='ocrx_word' id='word_1_426' title='bbox 2115 3096 2173 3148; x_wconf 89' lang='lat' dir='ltr'>et</span> <span class='ocrx_word' id='word_1_427' title='bbox 2200 3091 2420 3165; x_wconf 89' lang='lat' dir='ltr'>projice</span> <span class='ocrx_word' id='word_1_428' title='bbox 2455 3092 2621 3146; x_wconf 90' lang='lat' dir='ltr'>illum</span> <span class='ocrx_word' id='word_1_429' title='bbox 2655 3093 2767 3147; x_wconf 91' lang='lat' dir='ltr'>&#39;abs</span> <span class='ocrx_word' id='word_1_430' title='bbox 2817 3095 2892 3146; x_wconf 92' lang='lat' dir='ltr'>te.</span> <span class='ocrx_word' id='word_1_431' title='bbox 2923 3091 3144 3158; x_wconf 79' lang='lat' dir='ltr'>(Matth.</span> <span class='ocrx_word' id='word_1_432' title='bbox 3188 3092 3266 3163; x_wconf 91' lang='lat' dir='ltr'>v.)</span> <span class='ocrx_word' id='word_1_433' title='bbox 3301 3113 3328 3139; x_wconf 90' lang='grc'>››</span> <span class='ocrx_word' id='word_1_434' title='bbox 3377 3093 3444 3146; x_wconf 89' lang='lat' dir='ltr'>Et</span> <span class='ocrx_word' id='word_1_435' title='bbox 3473 3093 3722 3146; x_wconf 82' lang='lat' dir='ltr'>fratrem</span> 
     </span>
    </p>
   </div>
   <div class='ocr_carea' id='block_1_62' title="bbox 414 3179 2018 3251">
    <p class='ocr_par' dir='ltr' id='par_1_62' title="bbox 414 3179 2018 3251">
     <span class='ocr_line' id='line_1_62' title="bbox 414 3179 2018 3251; baseline -0.007 -8"><span class='ocrx_word' id='word_1_436' title='bbox 414 3205 448 3243; x_wconf 89' lang='lat' dir='ltr'>a</span> <span class='ocrx_word' id='word_1_437' title='bbox 473 3184 744 3242; x_wconf 84' lang='lat' dir='ltr'>fratribus</span> <span class='ocrx_word' id='word_1_438' title='bbox 773 3182 918 3237; x_wconf 90' lang='lat' dir='ltr'>meis</span> <span class='ocrx_word' id='word_1_439' title='bbox 947 3185 1004 3235; x_wconf 92' lang='lat' dir='ltr'>et</span> <span class='ocrx_word' id='word_1_440' title='bbox 1035 3179 1199 3251; x_wconf 84' lang='lat' dir='ltr'>regni</span> <span class='ocrx_word' id='word_1_441' title='bbox 1233 3179 1576 3250; x_wconf 89' lang='lat' dir='ltr'>primatibus</span> <span class='ocrx_word' id='word_1_442' title='bbox 1616 3181 1928 3234; x_wconf 90' lang='lat' dir='ltr'>conventus</span> <span class='ocrx_word' id='word_1_443' title='bbox 1959 3181 2018 3232; x_wconf 90' lang='lat' dir='ltr'>et</span> 
     </span>
    </p>
   </div>
   <div class='ocr_carea' id='block_1_63' title="bbox 414 3269 2016 3339">
    <p class='ocr_par' dir='ltr' id='par_1_63' title="bbox 414 3269 2016 3339">
     <span class='ocr_line' id='line_1_63' title="bbox 414 3269 2016 3339; baseline -0.006 -9"><span class='ocrx_word' id='word_1_444' title='bbox 414 3272 802 3330; x_wconf 88' lang='lat' dir='ltr'>commonitus</span> <span class='ocrx_word' id='word_1_445' title='bbox 858 3287 1006 3337; x_wconf 91' lang='lat' dir='ltr'>sum,</span> <span class='ocrx_word' id='word_1_446' title='bbox 1063 3272 1144 3336; x_wconf 90' lang='lat' dir='ltr'>ut,</span> <span class='ocrx_word' id='word_1_447' title='bbox 1198 3269 1420 3322; x_wconf 85' lang='lat' dir='ltr'>excluso</span> <span class='ocrx_word' id='word_1_448' title='bbox 1480 3270 1760 3339; x_wconf 88' lang='lat' dir='ltr'>apostata,</span> <span class='ocrx_word' id='word_1_449' title='bbox 1820 3283 2016 3322; x_wconf 91' lang='lat' dir='ltr'>curam</span> 
     </span>
    </p>
   </div>
   <div class='ocr_carea' id='block_1_64' title="bbox 417 3355 2018 3428">
    <p class='ocr_par' dir='ltr' id='par_1_64' title="bbox 417 3355 2018 3428">
     <span class='ocr_line' id='line_1_64' title="bbox 417 3355 2018 3428; baseline -0.006 -10"><span class='ocrx_word' id='word_1_450' title='bbox 417 3361 629 3418; x_wconf 89' lang='lat' dir='ltr'>discissi</span> <span class='ocrx_word' id='word_1_451' title='bbox 653 3364 710 3416; x_wconf 88' lang='lat' dir='ltr'>et</span> <span class='ocrx_word' id='word_1_452' title='bbox 753 3357 1010 3415; x_wconf 88' lang='lat' dir='ltr'>dilaniati</span> <span class='ocrx_word' id='word_1_453' title='bbox 1040 3356 1392 3428; x_wconf 80' lang='lat' dir='ltr'>susciperem</span> <span class='ocrx_word' id='word_1_454' title='bbox 1427 3356 1666 3426; x_wconf 90' lang='lat' dir='ltr'>populi;</span> <span class='ocrx_word' id='word_1_455' title='bbox 1709 3356 1871 3426; x_wconf 92' lang='lat' dir='ltr'>quod</span> <span class='ocrx_word' id='word_1_456' title='bbox 1897 3355 2018 3426; x_wconf 92' lang='lat' dir='ltr'>qui-</span> 
     </span>
    </p>
   </div>
   <div class='ocr_carea' id='block_1_65' title="bbox 417 3442 2013 3516">
    <p class='ocr_par' dir='ltr' id='par_1_65' title="bbox 417 3442 2013 3516">
     <span class='ocr_line' id='line_1_65' title="bbox 417 3442 2013 3516; baseline -0.007 -9"><span class='ocrx_word' id='word_1_457' title='bbox 417 3452 552 3506; x_wconf 90' lang='lat' dir='ltr'>dem</span> <span class='ocrx_word' id='word_1_458' title='bbox 581 3449 679 3505; x_wconf 91' lang='lat' dir='ltr'>diu</span> <span class='ocrx_word' id='word_1_459' title='bbox 699 3446 908 3513; x_wconf 81' lang='lat' dir='ltr'>distuli,</span> <span class='ocrx_word' id='word_1_460' title='bbox 927 3449 984 3500; x_wconf 91' lang='lat' dir='ltr'>et</span> <span class='ocrx_word' id='word_1_461' title='bbox 996 3447 1196 3516; x_wconf 90' lang='lat' dir='ltr'>postea</span> <span class='ocrx_word' id='word_1_462' title='bbox 1217 3460 1335 3499; x_wconf 93' lang='lat' dir='ltr'>non</span> <span class='ocrx_word' id='word_1_463' title='bbox 1357 3444 1491 3498; x_wconf 89' lang='lat' dir='ltr'>satis</span> <span class='ocrx_word' id='word_1_464' title='bbox 1503 3446 1708 3516; x_wconf 89' lang='lat' dir='ltr'>sponte</span> <span class='ocrx_word' id='word_1_465' title='bbox 1738 3442 2013 3515; x_wconf 89' lang='lat' dir='ltr'>acquievi,</span> 
     </span>
    </p>
   </div>
   <div class='ocr_carea' id='block_1_66' title="bbox 415 3533 2017 3612">
    <p class='ocr_par' dir='ltr' id='par_1_66' title="bbox 415 3533 2017 3612">
     <span class='ocr_line' id='line_1_66' title="bbox 415 3533 2017 3612; baseline -0.005 -18"><span class='ocrx_word' id='word_1_466' title='bbox 415 3537 690 3612; x_wconf 90' lang='lat' dir='ltr'>quoniam</span> <span class='ocrx_word' id='word_1_467' title='bbox 722 3552 849 3607; x_wconf 68' lang='lat' dir='ltr'>qua:</span> <span class='ocrx_word' id='word_1_468' title='bbox 871 3535 1299 3589; x_wconf 88' lang='lat' dir='ltr'>tormentorum</span> <span class='ocrx_word' id='word_1_469' title='bbox 1320 3547 1537 3602; x_wconf 86' lang='lat' dir='ltr'>genera</span> <span class='ocrx_word' id='word_1_470' title='bbox 1554 3548 1648 3585; x_wconf 90' lang='lat' dir='ltr'>me</span> <span class='ocrx_word' id='word_1_471' title='bbox 1668 3533 2017 3586; x_wconf 88' lang='lat' dir='ltr'>comitaren-</span> 
     </span>
    </p>
   </div>
   <div class='ocr_carea' id='block_1_67' title="bbox 415 3621 2018 3694">
    <p class='ocr_par' dir='ltr' id='par_1_67' title="bbox 415 3621 2018 3694">
     <span class='ocr_line' id='line_1_67' title="bbox 415 3621 2018 3694; baseline -0.006 -10"><span class='ocrx_word' id='word_1_472' title='bbox 415 3631 529 3694; x_wconf 87' lang='lat' dir='ltr'>tur,</span> <span class='ocrx_word' id='word_1_473' title='bbox 563 3623 912 3682; x_wconf 90' lang='lat' dir='ltr'>omnimodis</span> <span class='ocrx_word' id='word_1_474' title='bbox 939 3621 1207 3677; x_wconf 86' lang='lat' dir='ltr'>intellexi.</span> <span class='ocrx_word' id='word_1_475' title='bbox 1241 3622 1367 3675; x_wconf 78' lang='lat' dir='ltr'>Haec</span> <span class='ocrx_word' id='word_1_476' title='bbox 1393 3623 1479 3675; x_wconf 89' lang='lat' dir='ltr'>est</span> <span class='ocrx_word' id='word_1_477' title='bbox 1511 3621 1731 3675; x_wconf 87' lang='lat' dir='ltr'>viarum</span> <span class='ocrx_word' id='word_1_478' title='bbox 1755 3637 2018 3675; x_wconf 89' lang='lat' dir='ltr'>mearum</span> 
     </span>
    </p>
   </div>
   <div class='ocr_carea' id='block_1_68' title="bbox 418 3708 2015 3787">
    <p class='ocr_par' dir='ltr' id='par_1_68' title="bbox 418 3708 2015 3787">
     <span class='ocr_line' id='line_1_68' title="bbox 418 3708 2015 3787; baseline -0.004 -17"><span class='ocrx_word' id='word_1_479' title='bbox 418 3713 767 3787; x_wconf 89' lang='lat' dir='ltr'>simplicitas,</span> <span class='ocrx_word' id='word_1_480' title='bbox 794 3713 917 3767; x_wconf 68' lang='lat' dir='ltr'>haec</span> <span class='ocrx_word' id='word_1_481' title='bbox 947 3709 1292 3766; x_wconf 68' lang='lat' dir='ltr'>innocentia:</span> <span class='ocrx_word' id='word_1_482' title='bbox 1318 3708 1555 3779; x_wconf 91' lang='lat' dir='ltr'>puritas,</span> <span class='ocrx_word' id='word_1_483' title='bbox 1588 3712 1646 3762; x_wconf 92' lang='lat' dir='ltr'>et</span> <span class='ocrx_word' id='word_1_484' title='bbox 1676 3724 1872 3762; x_wconf 90' lang='lat' dir='ltr'>coram</span> <span class='ocrx_word' id='word_1_485' title='bbox 1905 3709 2015 3763; x_wconf 93' lang='lat' dir='ltr'>Do-</span> 
     </span>
    </p>
   </div>
   <div class='ocr_carea' id='block_1_69' title="bbox 417 3795 2019 3859">
    <p class='ocr_par' dir='ltr' id='par_1_69' title="bbox 417 3795 2019 3859">
     <span class='ocr_line' id='line_1_69' title="bbox 417 3795 2019 3859; baseline -0.005 0"><span class='ocrx_word' id='word_1_486' title='bbox 417 3805 577 3859; x_wconf 93' lang='lat' dir='ltr'>mino</span> <span class='ocrx_word' id='word_1_487' title='bbox 609 3806 667 3857; x_wconf 87' lang='lat' dir='ltr'>et</span> <span class='ocrx_word' id='word_1_488' title='bbox 684 3800 843 3856; x_wconf 86' lang='lat' dir='ltr'>vobis</span> <span class='ocrx_word' id='word_1_489' title='bbox 869 3797 1261 3854; x_wconf 90' lang='lat' dir='ltr'>sacerdotibus</span> <span class='ocrx_word' id='word_1_490' title='bbox 1292 3795 1350 3848; x_wconf 90' lang='lat' dir='ltr'>in</span> <span class='ocrx_word' id='word_1_491' title='bbox 1376 3795 1462 3848; x_wconf 90' lang='lat' dir='ltr'>his</span> <span class='ocrx_word' id='word_1_492' title='bbox 1493 3795 1762 3850; x_wconf 90' lang='lat' dir='ltr'>omnibus</span> <span class='ocrx_word' id='word_1_493' title='bbox 1800 3797 2019 3851; x_wconf 89' lang='lat' dir='ltr'>munda</span> 
     </span>
    </p>
   </div>
   <div class='ocr_carea' id='block_1_70' title="bbox 414 3883 2020 3948">
    <p class='ocr_par' dir='ltr' id='par_1_70' title="bbox 414 3883 2020 3948">
     <span class='ocr_line' id='line_1_70' title="bbox 414 3883 2020 3948; baseline -0.006 -1"><span class='ocrx_word' id='word_1_494' title='bbox 414 3889 783 3948; x_wconf 86' lang='lat' dir='ltr'>conscientia.</span> <span class='ocrx_word' id='word_1_495' title='bbox 817 3887 931 3943; x_wconf 90' lang='lat' dir='ltr'>Sed</span> <span class='ocrx_word' id='word_1_496' title='bbox 979 3901 1110 3940; x_wconf 89' lang='lat' dir='ltr'>ecce</span> <span class='ocrx_word' id='word_1_497' title='bbox 1154 3899 1222 3936; x_wconf 85' lang='lat' dir='ltr'>ex</span> <span class='ocrx_word' id='word_1_498' title='bbox 1271 3883 1506 3937; x_wconf 89' lang='lat' dir='ltr'>adverso</span> <span class='ocrx_word' id='word_1_499' title='bbox 1535 3883 1781 3938; x_wconf 89' lang='lat' dir='ltr'>occurrit</span> <span class='ocrx_word' id='word_1_500' title='bbox 1810 3885 2020 3938; x_wconf 87' lang='lat' dir='ltr'>calum-</span> 
     </span>
    </p>
   </div>
   <div class='ocr_carea' id='block_1_71' title="bbox 416 3966 2016 4047">
    <p class='ocr_par' dir='ltr' id='par_1_71' title="bbox 416 3966 2016 4047">
     <span class='ocr_line' id='line_1_71' title="bbox 416 3966 2016 4047; baseline -0.006 -11"><span class='ocrx_word' id='word_1_501' title='bbox 416 3966 633 4047; x_wconf 87' lang='lat' dir='ltr'>niator;</span> <span class='ocrx_word' id='word_1_502' title='bbox 663 3992 868 4033; x_wconf 89' lang='lat' dir='ltr'>vocum</span> <span class='ocrx_word' id='word_1_503' title='bbox 893 3971 1257 4037; x_wconf 87' lang='lat' dir='ltr'>novitatibus,</span> <span class='ocrx_word' id='word_1_504' title='bbox 1290 3973 1353 4024; x_wconf 88' lang='lat' dir='ltr'>ut</span> <span class='ocrx_word' id='word_1_505' title='bbox 1396 3971 1585 4040; x_wconf 86' lang='lat' dir='ltr'>major</span> <span class='ocrx_word' id='word_1_506' title='bbox 1633 3972 1734 4026; x_wconf 84' lang='lat' dir='ltr'>fiat</span> <span class='ocrx_word' id='word_1_507' title='bbox 1782 3972 2016 4040; x_wconf 87' lang='lat' dir='ltr'>invidia,</span> 
     </span>
    </p>
   </div>
   <div class='ocr_carea' id='block_1_72' title="bbox 417 4060 2019 4140">
    <p class='ocr_par' dir='ltr' id='par_1_72' title="bbox 417 4060 2019 4140">
     <span class='ocr_line' id='line_1_72' title="bbox 417 4060 2019 4140; baseline -0.006 -14"><span class='ocrx_word' id='word_1_508' title='bbox 417 4068 748 4140; x_wconf 89' lang='lat' dir='ltr'>obloquitur</span> <span class='ocrx_word' id='word_1_509' title='bbox 794 4081 807 4119; x_wconf 89' lang='lat'><strong>:</strong></span> <span class='ocrx_word' id='word_1_510' title='bbox 852 4060 1167 4117; x_wconf 91' lang='lat' dir='ltr'>Dominum</span> <span class='ocrx_word' id='word_1_511' title='bbox 1216 4063 1379 4114; x_wconf 92' lang='lat' dir='ltr'>tuum</span> <span class='ocrx_word' id='word_1_512' title='bbox 1436 4060 1742 4129; x_wconf 90' lang='lat' dir='ltr'>tradidisti,</span> <span class='ocrx_word' id='word_1_513' title='bbox 1804 4063 2019 4117; x_wconf 89' lang='lat' dir='ltr'>carceri</span> 
     </span>
    </p>
   </div>
   <div class='ocr_carea' id='block_1_73' title="bbox 415 4147 2015 4226">
    <p class='ocr_par' dir='ltr' id='par_1_73' title="bbox 415 4147 2015 4226">
     <span class='ocr_line' id='line_1_73' title="bbox 415 4147 2015 4226; baseline -0.006 -13"><span class='ocrx_word' id='word_1_514' title='bbox 415 4157 778 4226; x_wconf 81' lang='lat' dir='ltr'>mancipastl,</span> <span class='ocrx_word' id='word_1_515' title='bbox 812 4164 1083 4221; x_wconf 88' lang='lat' dir='ltr'>sponsam</span> <span class='ocrx_word' id='word_1_516' title='bbox 1113 4148 1234 4218; x_wconf 87' lang='lat' dir='ltr'>ejus</span> <span class='ocrx_word' id='word_1_517' title='bbox 1286 4147 1544 4219; x_wconf 90' lang='lat' dir='ltr'>rapuisti,</span> <span class='ocrx_word' id='word_1_518' title='bbox 1577 4149 1774 4204; x_wconf 91' lang='lat' dir='ltr'>sedem</span> <span class='ocrx_word' id='word_1_519' title='bbox 1815 4166 2015 4220; x_wconf 87' lang='lat' dir='ltr'>perva-</span> 
     </span>
    </p>
   </div>
   <div class='ocr_carea' id='block_1_74' title="bbox 415 4235 2015 4312">
    <p class='ocr_par' dir='ltr' id='par_1_74' title="bbox 415 4235 2015 4312">
     <span class='ocr_line' id='line_1_74' title="bbox 415 4235 2015 4312; baseline -0.003 -11"><span class='ocrx_word' id='word_1_520' title='bbox 415 4245 556 4301; x_wconf 91' lang='lat' dir='ltr'>sisti.</span> <span class='ocrx_word' id='word_1_521' title='bbox 589 4246 748 4298; x_wconf 89' lang='lat' dir='ltr'>Itane</span> <span class='ocrx_word' id='word_1_522' title='bbox 777 4254 885 4310; x_wconf 88' lang='lat' dir='ltr'>ego</span> <span class='ocrx_word' id='word_1_523' title='bbox 913 4235 1216 4291; x_wconf 89' lang='lat' dir='ltr'>dominum</span> <span class='ocrx_word' id='word_1_524' title='bbox 1248 4237 1479 4304; x_wconf 91' lang='lat' dir='ltr'>tradidi,</span> <span class='ocrx_word' id='word_1_525' title='bbox 1513 4239 1671 4310; x_wconf 90' lang='lat' dir='ltr'>cujus</span> <span class='ocrx_word' id='word_1_526' title='bbox 1715 4257 2015 4312; x_wconf 90' lang='lat' dir='ltr'>nunquam</span> 
     </span>
    </p>
   </div>
   <div class='ocr_carea' id='block_1_75' title="bbox 415 4324 2016 4400">
    <p class='ocr_par' dir='ltr' id='par_1_75' title="bbox 415 4324 2016 4400">
     <span class='ocr_line' id='line_1_75' title="bbox 415 4324 2016 4400; baseline -0.004 -10"><span class='ocrx_word' id='word_1_527' title='bbox 415 4349 611 4390; x_wconf 85' lang='lat' dir='ltr'>servus</span> <span class='ocrx_word' id='word_1_528' title='bbox 635 4327 866 4395; x_wconf 81' lang='lat' dir='ltr'>fuerim,</span> <span class='ocrx_word' id='word_1_529' title='bbox 901 4324 991 4380; x_wconf 90' lang='lat' dir='ltr'>cui</span> <span class='ocrx_word' id='word_1_530' title='bbox 1021 4324 1196 4379; x_wconf 88' lang='lat' dir='ltr'>etiam</span> <span class='ocrx_word' id='word_1_531' title='bbox 1223 4326 1443 4380; x_wconf 91' lang='lat' dir='ltr'>nullum</span> <span class='ocrx_word' id='word_1_532' title='bbox 1471 4329 1815 4383; x_wconf 88' lang='lat' dir='ltr'>sacramenti</span> <span class='ocrx_word' id='word_1_533' title='bbox 1837 4347 2016 4400; x_wconf 89' lang='lat' dir='ltr'>genus</span> 
     </span>
    </p>
   </div>
   <div class='ocr_carea' id='block_1_76' title="bbox 417 4393 2094 4492">
    <p class='ocr_par' dir='ltr' id='par_1_76' title="bbox 417 4393 2094 4492">
     <span class='ocr_line' id='line_1_76' title="bbox 417 4393 2094 4492; baseline -0.003 -16"><span class='ocrx_word' id='word_1_534' title='bbox 417 4434 718 4492; x_wconf 89' lang='lat' dir='ltr'>nunquam</span> <span class='ocrx_word' id='word_1_535' title='bbox 737 4393 1223 4489; x_wconf 26' lang='lat' dir='ltr'>(sic)_przestiterim</span> <span class='ocrx_word' id='word_1_536' title='bbox 1238 4415 1266 4469; x_wconf 80' lang='lat'>‘?</span> <span class='ocrx_word' id='word_1_537' title='bbox 1287 4414 1397 4469; x_wconf 92' lang='lat' dir='ltr'>Sed</span> <span class='ocrx_word' id='word_1_538' title='bbox 1421 4417 1465 4470; x_wconf 92' lang='lat' dir='ltr'>si</span> <span class='ocrx_word' id='word_1_539' title='bbox 1491 4417 1570 4470; x_wconf 93' lang='lat' dir='ltr'>illi</span> <span class='ocrx_word' id='word_1_540' title='bbox 1589 4417 1662 4472; x_wconf 92' lang='lat' dir='ltr'>ad</span> <span class='ocrx_word' id='word_1_541' title='bbox 1685 4393 1910 4488; x_wconf 64' lang='lat' dir='ltr'>tempbs</span> <span class='ocrx_word' id='word_1_542' title='bbox 1932 4419 2014 4473; x_wconf 87' lang='lat' dir='ltr'>fa-</span> <span class='ocrx_word' id='word_1_543' title='bbox 2041 4393 2094 4452; x_wconf 83' lang='grc' dir='ltr'>Ῑ)</span> 
     </span>
    </p>
   </div>
   <div class='ocr_carea' id='block_1_77' title="bbox 417 4502 2013 4575">
    <p class='ocr_par' dir='ltr' id='par_1_77' title="bbox 417 4502 2013 4575">
     <span class='ocr_line' id='line_1_77' title="bbox 417 4502 2013 4575; baseline -0.004 -10"><span class='ocrx_word' id='word_1_544' title='bbox 417 4510 669 4565; x_wconf 89' lang='lat' dir='ltr'>mulatus</span> <span class='ocrx_word' id='word_1_545' title='bbox 693 4520 841 4573; x_wconf 90' lang='lat' dir='ltr'>sum,</span> <span class='ocrx_word' id='word_1_546' title='bbox 862 4503 995 4558; x_wconf 90' lang='lat' dir='ltr'>fecit</span> <span class='ocrx_word' id='word_1_547' title='bbox 1009 4503 1116 4557; x_wconf 91' lang='lat' dir='ltr'>hoc</span> <span class='ocrx_word' id='word_1_548' title='bbox 1130 4502 1438 4574; x_wconf 91' lang='lat' dir='ltr'>imperium</span> <span class='ocrx_word' id='word_1_549' title='bbox 1454 4505 1629 4575; x_wconf 88' lang='lat' dir='ltr'>patris</span> <span class='ocrx_word' id='word_1_550' title='bbox 1647 4507 2013 4562; x_wconf 86' lang='lat' dir='ltr'>meiAdalbe-</span> 
     </span>
    </p>
   </div>
   <div class='ocr_carea' id='block_1_78' title="bbox 417 4594 2013 4669">
    <p class='ocr_par' dir='ltr' id='par_1_78' title="bbox 417 4594 2013 4669">
     <span class='ocr_line' id='line_1_78' title="bbox 417 4594 2013 4669; baseline -0.003 -14"><span class='ocrx_word' id='word_1_551' title='bbox 417 4597 597 4666; x_wconf 88' lang='lat' dir='ltr'>ronis,</span> <span class='ocrx_word' id='word_1_552' title='bbox 612 4595 708 4669; x_wconf 91' lang='lat' dir='ltr'>qui</span> <span class='ocrx_word' id='word_1_553' title='bbox 740 4611 833 4650; x_wconf 90' lang='lat' dir='ltr'>me</span> <span class='ocrx_word' id='word_1_554' title='bbox 862 4594 922 4648; x_wconf 94' lang='lat' dir='ltr'>in</span> <span class='ocrx_word' id='word_1_555' title='bbox 949 4594 1213 4648; x_wconf 85' lang='lat' dir='ltr'>Remensi</span> <span class='ocrx_word' id='word_1_556' title='bbox 1237 4595 1472 4649; x_wconf 90' lang='lat' dir='ltr'>ecclesia</span> <span class='ocrx_word' id='word_1_557' title='bbox 1503 4596 1848 4650; x_wconf 87' lang='lat' dir='ltr'>commorari</span> <span class='ocrx_word' id='word_1_558' title='bbox 1867 4613 2013 4667; x_wconf 69' lang='lat' dir='ltr'>pra:-</span> 
     </span>
    </p>
   </div>
   <div class='ocr_carea' id='block_1_79' title="bbox 417 4681 2017 4761">
    <p class='ocr_par' dir='ltr' id='par_1_79' title="bbox 417 4681 2017 4761">
     <span class='ocr_line' id='line_1_79' title="bbox 417 4681 2017 4761; baseline -0.003 -17"><span class='ocrx_word' id='word_1_559' title='bbox 417 4687 586 4761; x_wconf 87' lang='lat' dir='ltr'>cepit,</span> <span class='ocrx_word' id='word_1_560' title='bbox 621 4683 992 4757; x_wconf 88' lang='lat' dir='ltr'>quoadusque</span> <span class='ocrx_word' id='word_1_561' title='bbox 1027 4681 1311 4754; x_wconf 87' lang='lat' dir='ltr'>pontificis</span> <span class='ocrx_word' id='word_1_562' title='bbox 1351 4683 1408 4736; x_wconf 92' lang='lat' dir='ltr'>in</span> <span class='ocrx_word' id='word_1_563' title='bbox 1459 4700 1527 4738; x_wconf 89' lang='lat' dir='ltr'>ea</span> <span class='ocrx_word' id='word_1_564' title='bbox 1574 4684 1780 4739; x_wconf 90' lang='lat' dir='ltr'>sacrati</span> <span class='ocrx_word' id='word_1_565' title='bbox 1825 4701 2017 4740; x_wconf 88' lang='lat' dir='ltr'>mores</span> 
     </span>
    </p>
   </div>
   <div class='ocr_carea' id='block_1_80' title="bbox 416 4771 2016 4848">
    <p class='ocr_par' dir='ltr' id='par_1_80' title="bbox 416 4771 2016 4848">
     <span class='ocr_line' id='line_1_80' title="bbox 416 4771 2016 4848; baseline -0.004 -14"><span class='ocrx_word' id='word_1_566' title='bbox 416 4781 687 4848; x_wconf 86' lang='lat' dir='ltr'>actusque</span> <span class='ocrx_word' id='word_1_567' title='bbox 707 4771 1296 4846; x_wconf 89' lang='lat' dir='ltr'>dignoscerem.Quod</span> <span class='ocrx_word' id='word_1_568' title='bbox 1311 4772 1445 4827; x_wconf 93' lang='lat' dir='ltr'>dum</span> <span class='ocrx_word' id='word_1_569' title='bbox 1468 4773 2016 4844; x_wconf 88' lang='lat' dir='ltr'>opperior,hostium</span> 
     </span>
    </p>
   </div>
   <div class='ocr_carea' id='block_1_81' title="bbox 415 4861 2014 4942">
    <p class='ocr_par' dir='ltr' id='par_1_81' title="bbox 415 4861 2014 4942">
     <span class='ocr_line' id='line_1_81' title="bbox 415 4861 2014 4942; baseline -0.004 -20"><span class='ocrx_word' id='word_1_570' title='bbox 415 4867 614 4942; x_wconf 63' lang='lat' dir='ltr'>praeda</span> <span class='ocrx_word' id='word_1_571' title='bbox 639 4865 821 4919; x_wconf 88' lang='lat' dir='ltr'>factus</span> <span class='ocrx_word' id='word_1_572' title='bbox 843 4878 992 4929; x_wconf 90' lang='lat' dir='ltr'>sum,</span> <span class='ocrx_word' id='word_1_573' title='bbox 1017 4863 1075 4915; x_wconf 89' lang='lat' dir='ltr'>et</span> <span class='ocrx_word' id='word_1_574' title='bbox 1104 4877 1232 4931; x_wconf 71' lang='lat' dir='ltr'>qua:</span> <span class='ocrx_word' id='word_1_575' title='bbox 1259 4865 1444 4916; x_wconf 91' lang='lat' dir='ltr'>vestra</span> <span class='ocrx_word' id='word_1_576' title='bbox 1474 4861 1867 4916; x_wconf 85' lang='lat' dir='ltr'>muniﬁcentia</span> <span class='ocrx_word' id='word_1_577' title='bbox 1893 4879 2014 4916; x_wconf 91' lang='lat' dir='ltr'>ma-</span> 
     </span>
    </p>
   </div>
   <div class='ocr_carea' id='block_1_82' title="bbox 415 4949 2016 5029">
    <p class='ocr_par' dir='ltr' id='par_1_82' title="bbox 415 4949 2016 5029">
     <span class='ocr_line' id='line_1_82' title="bbox 415 4949 2016 5029; baseline -0.003 -18"><span class='ocrx_word' id='word_1_578' title='bbox 415 4970 780 5029; x_wconf 88' lang='lat' dir='ltr'>gnorumque</span> <span class='ocrx_word' id='word_1_579' title='bbox 811 4951 1021 5006; x_wconf 90' lang='lat' dir='ltr'>ducum</span> <span class='ocrx_word' id='word_1_580' title='bbox 1039 4949 1276 5020; x_wconf 89' lang='lat' dir='ltr'>largitas</span> <span class='ocrx_word' id='word_1_581' title='bbox 1307 4951 1460 5005; x_wconf 89' lang='lat' dir='ltr'>clara</span> <span class='ocrx_word' id='word_1_582' title='bbox 1484 4953 1541 5004; x_wconf 89' lang='lat' dir='ltr'>et</span> <span class='ocrx_word' id='word_1_583' title='bbox 1566 4950 1855 5021; x_wconf 67' lang='lat' dir='ltr'>praecipua</span> <span class='ocrx_word' id='word_1_584' title='bbox 1879 4968 2016 5006; x_wconf 92' lang='lat' dir='ltr'>con-</span> 
     </span>
    </p>
   </div>
   <div class='ocr_carea' id='block_1_83' title="bbox 413 5038 2016 5113">
    <p class='ocr_par' dir='ltr' id='par_1_83' title="bbox 413 5038 2016 5113">
     <span class='ocr_line' id='line_1_83' title="bbox 413 5038 2016 5113; baseline -0.003 -12"><span class='ocrx_word' id='word_1_585' title='bbox 413 5046 644 5110; x_wconf 87' lang='lat' dir='ltr'>tulerat,</span> <span class='ocrx_word' id='word_1_586' title='bbox 673 5042 925 5097; x_wconf 89' lang='lat' dir='ltr'>violenta</span> <span class='ocrx_word' id='word_1_587' title='bbox 942 5038 1280 5111; x_wconf 67' lang='lat' dir='ltr'>praedonum</span> <span class='ocrx_word' id='word_1_588' title='bbox 1305 5056 1510 5094; x_wconf 89' lang='lat' dir='ltr'>manus</span> <span class='ocrx_word' id='word_1_589' title='bbox 1534 5039 1785 5107; x_wconf 89' lang='lat' dir='ltr'>abstulit,</span> <span class='ocrx_word' id='word_1_590' title='bbox 1809 5057 2016 5113; x_wconf 90' lang='lat' dir='ltr'>meque</span> 
     </span>
    </p>
   </div>
   <div class='ocr_carea' id='block_1_84' title="bbox 413 5127 2017 5206">
    <p class='ocr_par' dir='ltr' id='par_1_84' title="bbox 413 5127 2017 5206">
     <span class='ocr_line' id='line_1_84' title="bbox 413 5127 2017 5206; baseline -0.002 -17"><span class='ocrx_word' id='word_1_591' title='bbox 413 5151 563 5206; x_wconf 90' lang='lat' dir='ltr'>pene</span> <span class='ocrx_word' id='word_1_592' title='bbox 595 5132 814 5186; x_wconf 92' lang='lat' dir='ltr'>nudum</span> <span class='ocrx_word' id='word_1_593' title='bbox 845 5127 1050 5199; x_wconf 87' lang='lat' dir='ltr'>gladiis</span> <span class='ocrx_word' id='word_1_594' title='bbox 1077 5127 1190 5182; x_wconf 92' lang='lat' dir='ltr'>suis</span> <span class='ocrx_word' id='word_1_595' title='bbox 1221 5131 1486 5198; x_wconf 90' lang='lat' dir='ltr'>ereptum</span> <span class='ocrx_word' id='word_1_596' title='bbox 1520 5127 1720 5182; x_wconf 89' lang='lat' dir='ltr'>doluit.</span> <span class='ocrx_word' id='word_1_597' title='bbox 1760 5129 2017 5201; x_wconf 88' lang='lat' dir='ltr'>Denique</span> 
     </span>
    </p>
   </div>
   <div class='ocr_carea' id='block_1_85' title="bbox 413 5214 2018 5295">
    <p class='ocr_par' dir='ltr' id='par_1_85' title="bbox 413 5214 2018 5295">
     <span class='ocr_line' id='line_1_85' title="bbox 413 5214 2018 5295; baseline -0.002 -18"><span class='ocrx_word' id='word_1_598' title='bbox 413 5225 723 5295; x_wconf 89' lang='lat' dir='ltr'>postquam</span> <span class='ocrx_word' id='word_1_599' title='bbox 749 5217 912 5271; x_wconf 92' lang='lat' dir='ltr'>illum</span> <span class='ocrx_word' id='word_1_600' title='bbox 935 5219 1252 5288; x_wconf 89' lang='lat' dir='ltr'>apostatam</span> <span class='ocrx_word' id='word_1_601' title='bbox 1273 5214 1575 5285; x_wconf 89' lang='lat' dir='ltr'>dereliqui,</span> <span class='ocrx_word' id='word_1_602' title='bbox 1597 5214 1711 5270; x_wconf 88' lang='lat' dir='ltr'>vias</span> <span class='ocrx_word' id='word_1_603' title='bbox 1738 5220 1795 5272; x_wconf 92' lang='lat' dir='ltr'>et</span> <span class='ocrx_word' id='word_1_604' title='bbox 1810 5217 2018 5273; x_wconf 84' lang='lat' dir='ltr'>itinera</span> 
     </span>
    </p>
   </div>
   <div class='ocr_carea' id='block_1_86' title="bbox 414 5302 2016 5375">
    <p class='ocr_par' dir='ltr' id='par_1_86' title="bbox 414 5302 2016 5375">
     <span class='ocr_line' id='line_1_86' title="bbox 414 5302 2016 5375; baseline -0.002 -11"><span class='ocrx_word' id='word_1_605' title='bbox 414 5309 566 5365; x_wconf 89' lang='lat' dir='ltr'>illius</span> <span class='ocrx_word' id='word_1_606' title='bbox 595 5323 712 5361; x_wconf 92' lang='lat' dir='ltr'>non</span> <span class='ocrx_word' id='word_1_607' title='bbox 743 5303 1054 5368; x_wconf 87' lang='lat' dir='ltr'>observavi,</span> <span class='ocrx_word' id='word_1_608' title='bbox 1073 5320 1178 5359; x_wconf 90' lang='lat' dir='ltr'>nec</span> <span class='ocrx_word' id='word_1_609' title='bbox 1208 5302 1656 5375; x_wconf 90' lang='lat' dir='ltr'>quolibetmodo</span> <span class='ocrx_word' id='word_1_610' title='bbox 1682 5303 1734 5358; x_wconf 90' lang='lat' dir='ltr'>ei</span> <span class='ocrx_word' id='word_1_611' title='bbox 1756 5321 2016 5361; x_wconf 87' lang='lat' dir='ltr'>commu-</span> 
     </span>
    </p>
   </div>
   <div class='ocr_carea' id='block_1_87' title="bbox 413 5390 2017 5466">
    <p class='ocr_par' dir='ltr' id='par_1_87' title="bbox 413 5390 2017 5466">
     <span class='ocr_line' id='line_1_87' title="bbox 413 5390 2017 5466; baseline -0.004 -12"><span class='ocrx_word' id='word_1_612' title='bbox 413 5396 532 5454; x_wconf 85' lang='lat' dir='ltr'>cavi</span> <span class='ocrx_word' id='word_1_613' title='bbox 559 5412 574 5464; x_wconf 94' lang='lat'>;</span> <span class='ocrx_word' id='word_1_614' title='bbox 603 5393 895 5466; x_wconf 88' lang='lat' dir='ltr'>quomodo</span> <span class='ocrx_word' id='word_1_615' title='bbox 922 5409 1059 5466; x_wconf 87' lang='lat' dir='ltr'>ergo</span> <span class='ocrx_word' id='word_1_616' title='bbox 1075 5409 1208 5447; x_wconf 89' lang='lat' dir='ltr'>eum</span> <span class='ocrx_word' id='word_1_617' title='bbox 1241 5390 1583 5461; x_wconf 88' lang='lat' dir='ltr'>tradidi,qui</span> <span class='ocrx_word' id='word_1_618' title='bbox 1604 5392 1700 5446; x_wconf 91' lang='lat' dir='ltr'>ubi</span> <span class='ocrx_word' id='word_1_619' title='bbox 1719 5396 1855 5447; x_wconf 90' lang='lat' dir='ltr'>tunc</span> <span class='ocrx_word' id='word_1_620' title='bbox 1871 5397 2017 5448; x_wconf 88' lang='lat' dir='ltr'>tem-</span> 
     </span>
    </p>
   </div>
   <div class='ocr_carea' id='block_1_88' title="bbox 413 5480 2020 5560">
    <p class='ocr_par' dir='ltr' id='par_1_88' title="bbox 413 5480 2020 5560">
     <span class='ocr_line' id='line_1_88' title="bbox 413 5480 2020 5560; baseline -0.004 -19"><span class='ocrx_word' id='word_1_621' title='bbox 413 5485 572 5560; x_wconf 91' lang='lat' dir='ltr'>poris</span> <span class='ocrx_word' id='word_1_622' title='bbox 598 5483 707 5539; x_wconf 90' lang='lat' dir='ltr'>fuit</span> <span class='ocrx_word' id='word_1_623' title='bbox 738 5482 996 5538; x_wconf 82' lang='lat' dir='ltr'>nescivi?</span> <span class='ocrx_word' id='word_1_624' title='bbox 1022 5481 1136 5535; x_wconf 94' lang='lat' dir='ltr'>Sed</span> <span class='ocrx_word' id='word_1_625' title='bbox 1168 5495 1355 5550; x_wconf 90' lang='lat' dir='ltr'>neque</span> <span class='ocrx_word' id='word_1_626' title='bbox 1387 5496 1521 5533; x_wconf 92' lang='lat' dir='ltr'>eum</span> <span class='ocrx_word' id='word_1_627' title='bbox 1551 5480 1766 5534; x_wconf 89' lang='lat' dir='ltr'>carceri</span> <span class='ocrx_word' id='word_1_628' title='bbox 1807 5481 2020 5535; x_wconf 89' lang='lat' dir='ltr'>manci-</span> 
     </span>
    </p>
   </div>
   <div class='ocr_carea' id='block_1_89' title="bbox 413 5566 2020 5648">
    <p class='ocr_par' dir='ltr' id='par_1_89' title="bbox 413 5566 2020 5648">
     <span class='ocr_line' id='line_1_89' title="bbox 413 5566 2020 5648; baseline -0.003 -19"><span class='ocrx_word' id='word_1_629' title='bbox 413 5573 564 5648; x_wconf 89' lang='lat' dir='ltr'>pavi,</span> <span class='ocrx_word' id='word_1_630' title='bbox 584 5571 682 5646; x_wconf 90' lang='lat' dir='ltr'>qui</span> <span class='ocrx_word' id='word_1_631' title='bbox 698 5588 851 5628; x_wconf 90' lang='lat' dir='ltr'>nunc</span> <span class='ocrx_word' id='word_1_632' title='bbox 868 5585 1054 5640; x_wconf 90' lang='lat' dir='ltr'>nuper</span> <span class='ocrx_word' id='word_1_633' title='bbox 1073 5566 1176 5621; x_wconf 90' lang='lat' dir='ltr'>sub</span> <span class='ocrx_word' id='word_1_634' title='bbox 1201 5567 1505 5638; x_wconf 84' lang='lat' dir='ltr'>praesentia</span> <span class='ocrx_word' id='word_1_635' title='bbox 1516 5567 1774 5623; x_wconf 88' lang='lat' dir='ltr'>ﬁdelium</span> <span class='ocrx_word' id='word_1_636' title='bbox 1788 5569 2020 5624; x_wconf 87' lang='lat' dir='ltr'>testium</span> 
     </span>
    </p>
   </div>
   <div class='ocr_carea' id='block_1_90' title="bbox 412 5652 2016 5728">
    <p class='ocr_par' dir='ltr' id='par_1_90' title="bbox 412 5652 2016 5728">
     <span class='ocr_line' id='line_1_90' title="bbox 412 5652 2016 5728; baseline -0.005 -5"><span class='ocrx_word' id='word_1_637' title='bbox 412 5661 703 5725; x_wconf 75' lang='lat' dir='ltr'>seniorem</span> <span class='ocrx_word' id='word_1_638' title='bbox 730 5673 929 5720; x_wconf 86' lang='lat' dir='ltr'>meum</span> <span class='ocrx_word' id='word_1_639' title='bbox 958 5652 1291 5724; x_wconf 87' lang='lat' dir='ltr'>conveni,ut</span> <span class='ocrx_word' id='word_1_640' title='bbox 1318 5657 1556 5728; x_wconf 88' lang='lat' dir='ltr'>propter</span> <span class='ocrx_word' id='word_1_641' title='bbox 1570 5671 1666 5712; x_wconf 85' lang='lat' dir='ltr'>me</span> <span class='ocrx_word' id='word_1_642' title='bbox 1677 5671 1782 5712; x_wconf 90' lang='lat' dir='ltr'>nec</span> <span class='ocrx_word' id='word_1_643' title='bbox 1795 5656 1867 5713; x_wconf 88' lang='lat' dir='ltr'>ad</span> <span class='ocrx_word' id='word_1_644' title='bbox 1889 5673 2016 5717; x_wconf 88' lang='lat' dir='ltr'>mo-</span> 
     </span>
    </p>
   </div>
   <div class='ocr_carea' id='block_1_91' title="bbox 2116 3180 3729 3254">
    <p class='ocr_par' dir='ltr' id='par_1_91' title="bbox 2116 3180 3729 3254">
     <span class='ocr_line' id='line_1_91' title="bbox 2116 3180 3729 3254; baseline -0.002 -18"><span class='ocrx_word' id='word_1_645' title='bbox 2116 3184 2477 3254; x_wconf 89' lang='lat' dir='ltr'>peccantem,</span> <span class='ocrx_word' id='word_1_646' title='bbox 2528 3196 2725 3234; x_wconf 89' lang='lat' dir='ltr'>coram</span> <span class='ocrx_word' id='word_1_647' title='bbox 2787 3180 3027 3235; x_wconf 88' lang='lat' dir='ltr'>testibus</span> <span class='ocrx_word' id='word_1_648' title='bbox 3092 3196 3406 3251; x_wconf 89' lang='lat' dir='ltr'>coramque</span> <span class='ocrx_word' id='word_1_649' title='bbox 3479 3181 3729 3234; x_wconf 85' lang='lat' dir='ltr'>Ecclesia</span> 
     </span>
    </p>
   </div>
   <div class='ocr_carea' id='block_1_92' title="bbox 2117 3268 3730 3339">
    <p class='ocr_par' dir='ltr' id='par_1_92' title="bbox 2117 3268 3730 3339">
     <span class='ocr_line' id='line_1_92' title="bbox 2117 3268 3730 3339; baseline -0.001 -14"><span class='ocrx_word' id='word_1_650' title='bbox 2117 3269 2564 3338; x_wconf 87' lang='lat' dir='ltr'>commonitum,</span> <span class='ocrx_word' id='word_1_651' title='bbox 2580 3273 2636 3323; x_wconf 89' lang='lat' dir='ltr'>et</span> <span class='ocrx_word' id='word_1_652' title='bbox 2660 3286 2776 3324; x_wconf 93' lang='lat' dir='ltr'>non</span> <span class='ocrx_word' id='word_1_653' title='bbox 2805 3270 3331 3339; x_wconf 88' lang='lat' dir='ltr'>obtemperantem,</span> <span class='ocrx_word' id='word_1_654' title='bbox 3347 3268 3613 3324; x_wconf 90' lang='lat' dir='ltr'>decernit</span> <span class='ocrx_word' id='word_1_655' title='bbox 3631 3269 3730 3323; x_wconf 90' lang='lat' dir='ltr'>ha-</span> 
     </span>
    </p>
   </div>
   <div class='ocr_carea' id='block_1_93' title="bbox 2116 3357 3728 3429">
    <p class='ocr_par' dir='ltr' id='par_1_93' title="bbox 2116 3357 3728 3429">
     <span class='ocr_line' id='line_1_93' title="bbox 2116 3357 3728 3429; baseline -0.001 -16"><span class='ocrx_word' id='word_1_656' title='bbox 2116 3358 2372 3413; x_wconf 88' lang='lat' dir='ltr'>bendum</span> <span class='ocrx_word' id='word_1_657' title='bbox 2407 3363 2686 3429; x_wconf 88' lang='lat' dir='ltr'>tanquam</span> <span class='ocrx_word' id='word_1_658' title='bbox 2718 3358 3014 3411; x_wconf 88' lang='lat' dir='ltr'>ethnicum</span> <span class='ocrx_word' id='word_1_659' title='bbox 3048 3360 3104 3411; x_wconf 89' lang='lat' dir='ltr'>et</span> <span class='ocrx_word' id='word_1_660' title='bbox 3151 3357 3544 3427; x_wconf 86' lang='lat' dir='ltr'>publicanum.</span> <span class='ocrx_word' id='word_1_661' title='bbox 3574 3359 3728 3412; x_wconf 84' lang='lat' dir='ltr'>Con-</span> 
     </span>
    </p>
   </div>
   <div class='ocr_carea' id='block_1_94' title="bbox 2116 3445 3725 3518">
    <p class='ocr_par' dir='ltr' id='par_1_94' title="bbox 2116 3445 3725 3518">
     <span class='ocr_line' id='line_1_94' title="bbox 2116 3445 3725 3518; baseline -0.001 -17"><span class='ocrx_word' id='word_1_662' title='bbox 2116 3451 2316 3502; x_wconf 91' lang='lat' dir='ltr'>ventus</span> <span class='ocrx_word' id='word_1_663' title='bbox 2345 3465 2483 3518; x_wconf 89' lang='lat' dir='ltr'>ergo</span> <span class='ocrx_word' id='word_1_664' title='bbox 2509 3447 2802 3509; x_wconf 79' lang='lat' dir='ltr'>Arnulfus,</span> <span class='ocrx_word' id='word_1_665' title='bbox 2835 3446 3222 3502; x_wconf 90' lang='lat' dir='ltr'>commonitus</span> <span class='ocrx_word' id='word_1_666' title='bbox 3252 3445 3456 3500; x_wconf 88' lang='lat' dir='ltr'>litteris</span> <span class='ocrx_word' id='word_1_667' title='bbox 3481 3450 3541 3500; x_wconf 90' lang='lat' dir='ltr'>et</span> <span class='ocrx_word' id='word_1_668' title='bbox 3570 3447 3725 3517; x_wconf 87' lang='lat' dir='ltr'>lega-</span> 
     </span>
    </p>
   </div>
   <div class='ocr_carea' id='block_1_95' title="bbox 2117 3534 3725 3606">
    <p class='ocr_par' dir='ltr' id='par_1_95' title="bbox 2117 3534 3725 3606">
     <span class='ocr_line' id='line_1_95' title="bbox 2117 3534 3725 3606; baseline -0.001 -17"><span class='ocrx_word' id='word_1_669' title='bbox 2117 3536 2192 3590; x_wconf 92' lang='lat' dir='ltr'>tis</span> <span class='ocrx_word' id='word_1_670' title='bbox 2223 3535 2625 3606; x_wconf 90' lang='lat' dir='ltr'>episcoporum</span> <span class='ocrx_word' id='word_1_671' title='bbox 2658 3535 2871 3601; x_wconf 64' lang='lat' dir='ltr'>Galliae,</span> <span class='ocrx_word' id='word_1_672' title='bbox 2903 3538 2964 3588; x_wconf 89' lang='lat' dir='ltr'>ut</span> <span class='ocrx_word' id='word_1_673' title='bbox 2994 3551 3026 3588; x_wconf 93' lang='lat' dir='ltr'>a</span> <span class='ocrx_word' id='word_1_674' title='bbox 3056 3537 3240 3605; x_wconf 86' lang='lat' dir='ltr'>coepto</span> <span class='ocrx_word' id='word_1_675' title='bbox 3265 3534 3460 3588; x_wconf 88' lang='lat' dir='ltr'>furore</span> <span class='ocrx_word' id='word_1_676' title='bbox 3489 3535 3725 3588; x_wconf 85' lang='lat' dir='ltr'>desiste-</span> 
     </span>
    </p>
   </div>
   <div class='ocr_carea' id='block_1_96' title="bbox 2117 3621 3724 3695">
    <p class='ocr_par' dir='ltr' id='par_1_96' title="bbox 2117 3621 3724 3695">
     <span class='ocr_line' id='line_1_96' title="bbox 2117 3621 3724 3695; baseline -0.002 -17"><span class='ocrx_word' id='word_1_677' title='bbox 2117 3627 2227 3692; x_wconf 91' lang='lat' dir='ltr'>ret,</span> <span class='ocrx_word' id='word_1_678' title='bbox 2251 3625 2328 3686; x_wconf 90' lang='lat' dir='ltr'>et,</span> <span class='ocrx_word' id='word_1_679' title='bbox 2355 3626 2399 3676; x_wconf 89' lang='lat' dir='ltr'>si</span> <span class='ocrx_word' id='word_1_680' title='bbox 2427 3624 2660 3689; x_wconf 88' lang='lat' dir='ltr'>valeret,</span> <span class='ocrx_word' id='word_1_681' title='bbox 2693 3623 3106 3695; x_wconf 89' lang='lat' dir='ltr'>quoquomodo</span> <span class='ocrx_word' id='word_1_682' title='bbox 3135 3640 3192 3677; x_wconf 90' lang='lat' dir='ltr'>se</span> <span class='ocrx_word' id='word_1_683' title='bbox 3228 3621 3576 3694; x_wconf 87' lang='lat' dir='ltr'>proditionis</span> <span class='ocrx_word' id='word_1_684' title='bbox 3609 3638 3724 3675; x_wconf 90' lang='lat' dir='ltr'>sce-</span> 
     </span>
    </p>
   </div>
   <div class='ocr_carea' id='block_1_97' title="bbox 2121 3710 3723 3782">
    <p class='ocr_par' dir='ltr' id='par_1_97' title="bbox 2121 3710 3723 3782">
     <span class='ocr_line' id='line_1_97' title="bbox 2121 3710 3723 3782; baseline -0.002 -16"><span class='ocrx_word' id='word_1_685' title='bbox 2121 3714 2241 3767; x_wconf 89' lang='lat' dir='ltr'>lere</span> <span class='ocrx_word' id='word_1_686' title='bbox 2270 3715 2584 3782; x_wconf 88' lang='lat' dir='ltr'>purgaret;</span> <span class='ocrx_word' id='word_1_687' title='bbox 2631 3711 2769 3765; x_wconf 90' lang='lat' dir='ltr'>dum</span> <span class='ocrx_word' id='word_1_688' title='bbox 2819 3711 3042 3765; x_wconf 91' lang='lat' dir='ltr'>monita</span> <span class='ocrx_word' id='word_1_689' title='bbox 3081 3711 3329 3765; x_wconf 90' lang='lat' dir='ltr'>salubria</span> <span class='ocrx_word' id='word_1_690' title='bbox 3369 3710 3723 3778; x_wconf 89' lang='lat' dir='ltr'>contemnit,</span> 
     </span>
    </p>
   </div>
   <div class='ocr_carea' id='block_1_98' title="bbox 2117 3798 3724 3871">
    <p class='ocr_par' dir='ltr' id='par_1_98' title="bbox 2117 3798 3724 3871">
     <span class='ocr_line' id='line_1_98' title="bbox 2117 3798 3724 3871; baseline -0.001 -16"><span class='ocrx_word' id='word_1_691' title='bbox 2117 3799 2346 3855; x_wconf 88' lang='lat' dir='ltr'>habitus</span> <span class='ocrx_word' id='word_1_692' title='bbox 2360 3803 2444 3853; x_wconf 92' lang='lat' dir='ltr'>est</span> <span class='ocrx_word' id='word_1_693' title='bbox 2460 3803 2739 3871; x_wconf 90' lang='lat' dir='ltr'>tanquam</span> <span class='ocrx_word' id='word_1_694' title='bbox 2772 3799 3031 3853; x_wconf 89' lang='lat' dir='ltr'>ethnicus</span> <span class='ocrx_word' id='word_1_695' title='bbox 3052 3802 3109 3853; x_wconf 90' lang='lat' dir='ltr'>ct</span> <span class='ocrx_word' id='word_1_696' title='bbox 3127 3798 3482 3869; x_wconf 91' lang='lat' dir='ltr'>publicanus.</span> <span class='ocrx_word' id='word_1_697' title='bbox 3508 3799 3623 3853; x_wconf 89' lang='lat' dir='ltr'>Nec</span> <span class='ocrx_word' id='word_1_698' title='bbox 3638 3803 3724 3854; x_wconf 87' lang='lat' dir='ltr'>ta-</span> 
     </span>
    </p>
   </div>
   <div class='ocr_carea' id='block_1_99' title="bbox 2119 3886 3723 3958">
    <p class='ocr_par' dir='ltr' id='par_1_99' title="bbox 2119 3886 3723 3958">
     <span class='ocr_line' id='line_1_99' title="bbox 2119 3886 3723 3958; baseline -0.001 -14"><span class='ocrx_word' id='word_1_699' title='bbox 2119 3907 2254 3944; x_wconf 90' lang='lat' dir='ltr'>men</span> <span class='ocrx_word' id='word_1_700' title='bbox 2273 3889 2483 3944; x_wconf 90' lang='lat' dir='ltr'>idcirco</span> <span class='ocrx_word' id='word_1_701' title='bbox 2500 3889 2572 3958; x_wconf 90' lang='lat' dir='ltr'>dij</span> <span class='ocrx_word' id='word_1_702' title='bbox 2585 3888 2846 3942; x_wconf 91' lang='lat' dir='ltr'>udicatur</span> <span class='ocrx_word' id='word_1_703' title='bbox 2870 3891 2930 3941; x_wconf 92' lang='lat' dir='ltr'>ut</span> <span class='ocrx_word' id='word_1_704' title='bbox 2946 3886 3306 3954; x_wconf 89' lang='lat' dir='ltr'>ethnicus,ob</span> <span class='ocrx_word' id='word_1_705' title='bbox 3325 3887 3475 3941; x_wconf 91' lang='lat' dir='ltr'>sedis</span> <span class='ocrx_word' id='word_1_706' title='bbox 3489 3890 3723 3958; x_wconf 89' lang='lat' dir='ltr'>aposto-</span> 
     </span>
    </p>
   </div>
   <div class='ocr_carea' id='block_1_100' title="bbox 2119 3975 3726 4048">
    <p class='ocr_par' dir='ltr' id='par_1_100' title="bbox 2119 3975 3726 4048">
     <span class='ocr_line' id='line_1_100' title="bbox 2119 3975 3726 4048; baseline -0.002 -14"><span class='ocrx_word' id='word_1_707' title='bbox 2119 3979 2238 4034; x_wconf 68' lang='lat' dir='ltr'>licaa</span> <span class='ocrx_word' id='word_1_708' title='bbox 2261 3978 2668 4046; x_wconf 88' lang='lat' dir='ltr'>reverentiam,</span> <span class='ocrx_word' id='word_1_709' title='bbox 2687 3977 2946 4048; x_wconf 89' lang='lat' dir='ltr'>sacrique</span> <span class='ocrx_word' id='word_1_710' title='bbox 2963 3976 3261 4031; x_wconf 88' lang='lat' dir='ltr'>sacerdotii</span> <span class='ocrx_word' id='word_1_711' title='bbox 3279 3975 3602 4047; x_wconf 84' lang='lat' dir='ltr'>privilegia;</span> <span class='ocrx_word' id='word_1_712' title='bbox 3625 3976 3726 4031; x_wconf 88' lang='lat' dir='ltr'>sed</span> 
     </span>
    </p>
   </div>
   <div class='ocr_carea' id='block_1_101' title="bbox 2119 4064 3721 4138">
    <p class='ocr_par' dir='ltr' id='par_1_101' title="bbox 2119 4064 3721 4138">
     <span class='ocr_line' id='line_1_101' title="bbox 2119 4064 3721 4138; baseline -0.002 -15"><span class='ocrx_word' id='word_1_713' title='bbox 2119 4068 2348 4138; x_wconf 86' lang='lat' dir='ltr'>aseipso</span> <span class='ocrx_word' id='word_1_714' title='bbox 2366 4067 2425 4120; x_wconf 90' lang='lat' dir='ltr'>in</span> <span class='ocrx_word' id='word_1_715' title='bbox 2448 4065 2698 4137; x_wconf 90' lang='lat' dir='ltr'>seipsum</span> <span class='ocrx_word' id='word_1_716' title='bbox 2732 4064 3022 4120; x_wconf 88' lang='lat' dir='ltr'>sententia</span> <span class='ocrx_word' id='word_1_717' title='bbox 3055 4064 3450 4120; x_wconf 86' lang='lat' dir='ltr'>damnationis</span> <span class='ocrx_word' id='word_1_718' title='bbox 3471 4067 3721 4135; x_wconf 90' lang='lat' dir='ltr'>prolata,</span> 
     </span>
    </p>
   </div>
   <div class='ocr_carea' id='block_1_102' title="bbox 2117 4152 3723 4226">
    <p class='ocr_par' dir='ltr' id='par_1_102' title="bbox 2117 4152 3723 4226">
     <span class='ocr_line' id='line_1_102' title="bbox 2117 4152 3723 4226; baseline -0.002 -15"><span class='ocrx_word' id='word_1_719' title='bbox 2117 4158 2225 4212; x_wconf 93' lang='lat' dir='ltr'>hoc</span> <span class='ocrx_word' id='word_1_720' title='bbox 2247 4157 2433 4210; x_wconf 91' lang='lat' dir='ltr'>solum</span> <span class='ocrx_word' id='word_1_721' title='bbox 2448 4154 2504 4208; x_wconf 93' lang='lat' dir='ltr'>in</span> <span class='ocrx_word' id='word_1_722' title='bbox 2520 4153 2676 4209; x_wconf 92' lang='lat' dir='ltr'>omni</span> <span class='ocrx_word' id='word_1_723' title='bbox 2693 4154 3207 4226; x_wconf 58' lang='lat' dir='ltr'>vitasuapraclare</span> <span class='ocrx_word' id='word_1_724' title='bbox 3229 4152 3412 4224; x_wconf 88' lang='lat' dir='ltr'>egisse</span> <span class='ocrx_word' id='word_1_725' title='bbox 3445 4153 3521 4223; x_wconf 89' lang='lat' dir='ltr'>dij</span> <span class='ocrx_word' id='word_1_726' title='bbox 3533 4154 3723 4208; x_wconf 89' lang='lat' dir='ltr'>udica-</span> 
     </span>
    </p>
   </div>
   <div class='ocr_carea' id='block_1_103' title="bbox 2116 4242 3721 4314">
    <p class='ocr_par' dir='ltr' id='par_1_103' title="bbox 2116 4242 3721 4314">
     <span class='ocr_line' id='line_1_103' title="bbox 2116 4242 3721 4314; baseline -0.003 -14"><span class='ocrx_word' id='word_1_727' title='bbox 2116 4250 2241 4300; x_wconf 87' lang='lat' dir='ltr'>tum</span> <span class='ocrx_word' id='word_1_728' title='bbox 2267 4247 2372 4299; x_wconf 90' lang='lat' dir='ltr'>est.</span> <span class='ocrx_word' id='word_1_729' title='bbox 2399 4242 2543 4307; x_wconf 85' lang='lat' dir='ltr'>Quia</span> <span class='ocrx_word' id='word_1_730' title='bbox 2563 4242 2844 4297; x_wconf 85' lang='lat' dir='ltr'>nimirum</span> <span class='ocrx_word' id='word_1_731' title='bbox 2870 4243 2934 4310; x_wconf 93' lang='lat' dir='ltr'>si,</span> <span class='ocrx_word' id='word_1_732' title='bbox 2968 4260 3025 4296; x_wconf 91' lang='lat' dir='ltr'>se</span> <span class='ocrx_word' id='word_1_733' title='bbox 3046 4243 3168 4314; x_wconf 89' lang='lat' dir='ltr'>ipso</span> <span class='ocrx_word' id='word_1_734' title='bbox 3205 4243 3550 4310; x_wconf 88' lang='lat' dir='ltr'>damnante,</span> <span class='ocrx_word' id='word_1_735' title='bbox 3575 4243 3721 4314; x_wconf 90' lang='lat' dir='ltr'>epis-</span> 
     </span>
    </p>
   </div>
   <div class='ocr_carea' id='block_1_104' title="bbox 2116 4329 3719 4404">
    <p class='ocr_par' dir='ltr' id='par_1_104' title="bbox 2116 4329 3719 4404">
     <span class='ocr_line' id='line_1_104' title="bbox 2116 4329 3719 4404; baseline -0.002 -17"><span class='ocrx_word' id='word_1_736' title='bbox 2116 4333 2243 4404; x_wconf 91' lang='lat' dir='ltr'>copi</span> <span class='ocrx_word' id='word_1_737' title='bbox 2274 4333 2656 4394; x_wconf 85' lang='lat' dir='ltr'>absolverent,</span> <span class='ocrx_word' id='word_1_738' title='bbox 2678 4347 2910 4402; x_wconf 71' lang='lat' dir='ltr'>poenam</span> <span class='ocrx_word' id='word_1_739' title='bbox 2943 4331 3169 4386; x_wconf 88' lang='lat' dir='ltr'>sceleris</span> <span class='ocrx_word' id='word_1_740' title='bbox 3185 4330 3306 4400; x_wconf 86' lang='lat' dir='ltr'>ejus</span> <span class='ocrx_word' id='word_1_741' title='bbox 3332 4329 3719 4386; x_wconf 86' lang='lat' dir='ltr'>incurrerent.</span> 
     </span>
    </p>
   </div>
   <div class='ocr_carea' id='block_1_105' title="bbox 2118 4421 3726 4492">
    <p class='ocr_par' dir='ltr' id='par_1_105' title="bbox 2118 4421 3726 4492">
     <span class='ocr_line' id='line_1_105' title="bbox 2118 4421 3726 4492; baseline 0.001 -20"><span class='ocrx_word' id='word_1_742' title='bbox 2118 4445 2145 4472; x_wconf 82' lang='lat'><strong>«</strong></span> <span class='ocrx_word' id='word_1_743' title='bbox 2181 4421 2260 4488; x_wconf 90' lang='lat' dir='ltr'>Si,</span> <span class='ocrx_word' id='word_1_744' title='bbox 2293 4421 2499 4492; x_wconf 90' lang='lat' dir='ltr'>inquit,</span> <span class='ocrx_word' id='word_1_745' title='bbox 2543 4422 2774 4491; x_wconf 87' lang='lat' dir='ltr'>Magnus</span> <span class='ocrx_word' id='word_1_746' title='bbox 2806 4421 2915 4474; x_wconf 90' lang='lat' dir='ltr'>Leo</span> <span class='ocrx_word' id='word_1_747' title='bbox 2961 4436 3128 4492; x_wconf 88' lang='lat' dir='ltr'>papa,</span> <span class='ocrx_word' id='word_1_748' title='bbox 3162 4437 3365 4475; x_wconf 88' lang='lat' dir='ltr'>omnes</span> <span class='ocrx_word' id='word_1_749' title='bbox 3397 4421 3726 4475; x_wconf 89' lang='lat' dir='ltr'>sacerdotes</span> 
     </span>
    </p>
   </div>
   <div class='ocr_carea' id='block_1_106' title="bbox 2117 4509 3723 4579">
    <p class='ocr_par' dir='ltr' id='par_1_106' title="bbox 2117 4509 3723 4579">
     <span class='ocr_line' id='line_1_106' title="bbox 2117 4509 3723 4579; baseline -0.002 -14"><span class='ocrx_word' id='word_1_750' title='bbox 2117 4514 2174 4565; x_wconf 92' lang='lat' dir='ltr'>et</span> <span class='ocrx_word' id='word_1_751' title='bbox 2203 4509 2451 4564; x_wconf 91' lang='lat' dir='ltr'>mundus</span> <span class='ocrx_word' id='word_1_752' title='bbox 2477 4509 2746 4563; x_wconf 89' lang='lat' dir='ltr'>assentiat</span> <span class='ocrx_word' id='word_1_753' title='bbox 2768 4509 3572 4579; x_wconf 78' lang='lat' dir='ltr'>(sic)damnandis,damnatio</span> <span class='ocrx_word' id='word_1_754' title='bbox 3587 4525 3723 4563; x_wconf 92' lang='lat' dir='ltr'>con-</span> 
     </span>
    </p>
   </div>
   <div class='ocr_carea' id='block_1_107' title="bbox 2117 4596 3725 4667">
    <p class='ocr_par' dir='ltr' id='par_1_107' title="bbox 2117 4596 3725 4667">
     <span class='ocr_line' id='line_1_107' title="bbox 2117 4596 3725 4667; baseline -0.001 -15"><span class='ocrx_word' id='word_1_755' title='bbox 2117 4599 2426 4653; x_wconf 90' lang='lat' dir='ltr'>sentientes</span> <span class='ocrx_word' id='word_1_756' title='bbox 2447 4597 2700 4664; x_wconf 89' lang='lat' dir='ltr'>involvit,</span> <span class='ocrx_word' id='word_1_757' title='bbox 2724 4614 2842 4651; x_wconf 93' lang='lat' dir='ltr'>non</span> <span class='ocrx_word' id='word_1_758' title='bbox 2863 4596 3396 4667; x_wconf 66' lang='lat' dir='ltr'>przevaricationem</span> <span class='ocrx_word' id='word_1_759' title='bbox 3412 4613 3725 4651; x_wconf 87' lang='lat' dir='ltr'>consensus</span> 
     </span>
    </p>
   </div>
   <div class='ocr_carea' id='block_1_108' title="bbox 2119 4685 3725 4757">
    <p class='ocr_par' dir='ltr' id='par_1_108' title="bbox 2119 4685 3725 4757">
     <span class='ocr_line' id='line_1_108' title="bbox 2119 4685 3725 4757; baseline -0.002 -15"><span class='ocrx_word' id='word_1_760' title='bbox 2119 4687 2378 4742; x_wconf 91' lang='lat' dir='ltr'>absolvit.</span> <span class='ocrx_word' id='word_1_761' title='bbox 2401 4687 2512 4741; x_wconf 85' lang='lat' dir='ltr'>Hoc</span> <span class='ocrx_word' id='word_1_762' title='bbox 2530 4686 2686 4740; x_wconf 91' lang='lat' dir='ltr'>enim</span> <span class='ocrx_word' id='word_1_763' title='bbox 2712 4687 2859 4740; x_wconf 90' lang='lat' dir='ltr'>Deus</span> <span class='ocrx_word' id='word_1_764' title='bbox 2881 4687 3144 4740; x_wconf 92' lang='lat' dir='ltr'>omnium</span> <span class='ocrx_word' id='word_1_765' title='bbox 3163 4685 3453 4752; x_wconf 88' lang='lat' dir='ltr'>indicavit,</span> <span class='ocrx_word' id='word_1_766' title='bbox 3476 4687 3573 4757; x_wconf 88' lang='lat' dir='ltr'>qui</span> <span class='ocrx_word' id='word_1_767' title='bbox 3594 4702 3725 4757; x_wconf 91' lang='lat' dir='ltr'>pec-</span> 
     </span>
    </p>
   </div>
   <div class='ocr_carea' id='block_1_109' title="bbox 2119 4774 3726 4844">
    <p class='ocr_par' dir='ltr' id='par_1_109' title="bbox 2119 4774 3726 4844">
     <span class='ocr_line' id='line_1_109' title="bbox 2119 4774 3726 4844; baseline -0.004 -12"><span class='ocrx_word' id='word_1_768' title='bbox 2119 4779 2347 4832; x_wconf 91' lang='lat' dir='ltr'>cantem</span> <span class='ocrx_word' id='word_1_769' title='bbox 2373 4775 2657 4829; x_wconf 89' lang='lat' dir='ltr'>mundum</span> <span class='ocrx_word' id='word_1_770' title='bbox 2689 4775 2948 4844; x_wconf 88' lang='lat' dir='ltr'>generali</span> <span class='ocrx_word' id='word_1_771' title='bbox 2980 4775 3188 4828; x_wconf 92' lang='lat' dir='ltr'>diluvio</span> <span class='ocrx_word' id='word_1_772' title='bbox 3230 4774 3554 4828; x_wconf 91' lang='lat' dir='ltr'>interemit.</span> <span class='ocrx_word' id='word_1_773' title='bbox 3598 4794 3629 4825; x_wconf 86' lang='lat'><strong>»</strong></span> <span class='ocrx_word' id='word_1_774' title='bbox 3662 4774 3726 4826; x_wconf 87' lang='lat' dir='ltr'>Et</span> 
     </span>
    </p>
   </div>
   <div class='ocr_carea' id='block_1_110' title="bbox 2120 4863 3724 4938">
    <p class='ocr_par' dir='ltr' id='par_1_110' title="bbox 2120 4863 3724 4938">
     <span class='ocr_line' id='line_1_110' title="bbox 2120 4863 3724 4938; baseline -0.001 -18"><span class='ocrx_word' id='word_1_775' title='bbox 2120 4883 2269 4938; x_wconf 88' lang='lat' dir='ltr'>papa</span> <span class='ocrx_word' id='word_1_776' title='bbox 2297 4864 2544 4919; x_wconf 83' lang='lat' dir='ltr'>Gelasius</span> <span class='ocrx_word' id='word_1_777' title='bbox 2576 4879 2589 4917; x_wconf 90' lang='lat'>:</span> <span class='ocrx_word' id='word_1_778' title='bbox 2625 4882 2656 4914; x_wconf 88' lang='lat'>«</span> <span class='ocrx_word' id='word_1_779' title='bbox 2690 4864 2861 4918; x_wconf 89' lang='lat' dir='ltr'>Error</span> <span class='ocrx_word' id='word_1_780' title='bbox 2890 4863 2985 4934; x_wconf 90' lang='lat' dir='ltr'>qui</span> <span class='ocrx_word' id='word_1_781' title='bbox 3011 4865 3185 4918; x_wconf 91' lang='lat' dir='ltr'>semel</span> <span class='ocrx_word' id='word_1_782' title='bbox 3212 4867 3297 4917; x_wconf 89' lang='lat' dir='ltr'>est</span> <span class='ocrx_word' id='word_1_783' title='bbox 3319 4879 3448 4916; x_wconf 89' lang='lat' dir='ltr'>eum</span> <span class='ocrx_word' id='word_1_784' title='bbox 3484 4881 3588 4918; x_wconf 92' lang='lat' dir='ltr'>suo</span> <span class='ocrx_word' id='word_1_785' title='bbox 3629 4880 3724 4918; x_wconf 87' lang='lat' dir='ltr'>au-</span> 
     </span>
    </p>
   </div>
   <div class='ocr_carea' id='block_1_111' title="bbox 2119 4951 3728 5024">
    <p class='ocr_par' dir='ltr' id='par_1_111' title="bbox 2119 4951 3728 5024">
     <span class='ocr_line' id='line_1_111' title="bbox 2119 4951 3728 5024; baseline -0.002 -15"><span class='ocrx_word' id='word_1_786' title='bbox 2119 4959 2276 5009; x_wconf 91' lang='lat' dir='ltr'>ctore</span> <span class='ocrx_word' id='word_1_787' title='bbox 2290 4951 2683 5018; x_wconf 90' lang='lat' dir='ltr'>damnatus,in</span> <span class='ocrx_word' id='word_1_788' title='bbox 2702 4951 2978 5024; x_wconf 88' lang='lat' dir='ltr'>participe</span> <span class='ocrx_word' id='word_1_789' title='bbox 2997 4952 3247 5024; x_wconf 88' lang='lat' dir='ltr'>quolibet</span> <span class='ocrx_word' id='word_1_790' title='bbox 3263 4967 3451 5022; x_wconf 62' lang='lat' dir='ltr'>prava:</span> <span class='ocrx_word' id='word_1_791' title='bbox 3470 4969 3728 5009; x_wconf 87' lang='lat' dir='ltr'>commu-</span> 
     </span>
    </p>
   </div>
   <div class='ocr_carea' id='block_1_112' title="bbox 2120 5040 3724 5112">
    <p class='ocr_par' dir='ltr' id='par_1_112' title="bbox 2120 5040 3724 5112">
     <span class='ocr_line' id='line_1_112' title="bbox 2120 5040 3724 5112; baseline -0.002 -14"><span class='ocrx_word' id='word_1_792' title='bbox 2120 5043 2308 5098; x_wconf 86' lang='lat' dir='ltr'>nionis</span> <span class='ocrx_word' id='word_1_793' title='bbox 2340 5041 2540 5095; x_wconf 74' lang='lat' dir='ltr'>effecto</span> <span class='ocrx_word' id='word_1_794' title='bbox 2565 5042 3016 5096; x_wconf 87' lang='lat' dir='ltr'>exsecrationem</span> <span class='ocrx_word' id='word_1_795' title='bbox 3039 5040 3122 5094; x_wconf 92' lang='lat' dir='ltr'>sui</span> <span class='ocrx_word' id='word_1_796' title='bbox 3156 5044 3412 5112; x_wconf 89' lang='lat' dir='ltr'>gestatet</span> <span class='ocrx_word' id='word_1_797' title='bbox 3434 5057 3724 5112; x_wconf 83' lang='lat' dir='ltr'>pcenam.»</span> 
     </span>
    </p>
   </div>
   <div class='ocr_carea' id='block_1_113' title="bbox 2191 5127 3725 5201">
    <p class='ocr_par' dir='ltr' id='par_1_113' title="bbox 2191 5127 3725 5201">
     <span class='ocr_line' id='line_1_113' title="bbox 2191 5127 3725 5201; baseline -0.001 -17"><span class='ocrx_word' id='word_1_798' title='bbox 2191 5132 2420 5184; x_wconf 83' lang='lat' dir='ltr'>Excluso</span> <span class='ocrx_word' id='word_1_799' title='bbox 2452 5129 2643 5201; x_wconf 89' lang='lat' dir='ltr'>itaque</span> <span class='ocrx_word' id='word_1_800' title='bbox 2700 5130 2794 5185; x_wconf 93' lang='lat' dir='ltr'>illo</span> <span class='ocrx_word' id='word_1_801' title='bbox 2851 5131 2923 5184; x_wconf 90' lang='lat' dir='ltr'>ab</span> <span class='ocrx_word' id='word_1_802' title='bbox 2979 5129 3248 5183; x_wconf 82' lang='lat' dir='ltr'>Remensi</span> <span class='ocrx_word' id='word_1_803' title='bbox 3299 5129 3561 5196; x_wconf 74' lang='lat' dir='ltr'>ecclesia,</span> <span class='ocrx_word' id='word_1_804' title='bbox 3588 5127 3725 5183; x_wconf 88' lang='lat' dir='ltr'>mihi</span> 
     </span>
    </p>
   </div>
   <div class='ocr_carea' id='block_1_114' title="bbox 2119 5217 3728 5290">
    <p class='ocr_par' dir='ltr' id='par_1_114' title="bbox 2119 5217 3728 5290">
     <span class='ocr_line' id='line_1_114' title="bbox 2119 5217 3728 5290; baseline -0.002 -15"><span class='ocrx_word' id='word_1_805' title='bbox 2119 5217 2443 5284; x_wconf 88' lang='lat' dir='ltr'>reluctanti,</span> <span class='ocrx_word' id='word_1_806' title='bbox 2465 5219 2827 5290; x_wconf 86' lang='lat' dir='ltr'>multumque</span> <span class='ocrx_word' id='word_1_807' title='bbox 2842 5236 2909 5273; x_wconf 90' lang='lat' dir='ltr'>ea</span> <span class='ocrx_word' id='word_1_808' title='bbox 2932 5235 3058 5290; x_wconf 71' lang='lat' dir='ltr'>quas</span> <span class='ocrx_word' id='word_1_809' title='bbox 3084 5234 3280 5288; x_wconf 85' lang='lat' dir='ltr'>passus</span> <span class='ocrx_word' id='word_1_810' title='bbox 3298 5234 3447 5284; x_wconf 90' lang='lat' dir='ltr'>sum,</span> <span class='ocrx_word' id='word_1_811' title='bbox 3465 5222 3525 5272; x_wconf 91' lang='lat' dir='ltr'>et</span> <span class='ocrx_word' id='word_1_812' title='bbox 3545 5218 3728 5271; x_wconf 84' lang='lat' dir='ltr'>adhuc</span> 
     </span>
    </p>
   </div>
   <div class='ocr_carea' id='block_1_115' title="bbox 2122 5306 3728 5380">
    <p class='ocr_par' dir='ltr' id='par_1_115' title="bbox 2122 5306 3728 5380">
     <span class='ocr_line' id='line_1_115' title="bbox 2122 5306 3728 5380; baseline -0.001 -18"><span class='ocrx_word' id='word_1_813' title='bbox 2122 5308 2326 5380; x_wconf 90' lang='lat' dir='ltr'>patior,</span> <span class='ocrx_word' id='word_1_814' title='bbox 2351 5306 2708 5373; x_wconf 89' lang='lat' dir='ltr'>formidanti,</span> <span class='ocrx_word' id='word_1_815' title='bbox 2739 5324 2772 5360; x_wconf 92' lang='lat' dir='ltr'>a</span> <span class='ocrx_word' id='word_1_816' title='bbox 2795 5306 3067 5361; x_wconf 87' lang='lat' dir='ltr'>fratribus</span> <span class='ocrx_word' id='word_1_817' title='bbox 3096 5307 3240 5360; x_wconf 85' lang='lat' dir='ltr'>meis</span> <span class='ocrx_word' id='word_1_818' title='bbox 3265 5306 3588 5361; x_wconf 89' lang='lat' dir='ltr'>Galliarum</span> <span class='ocrx_word' id='word_1_819' title='bbox 3615 5306 3728 5378; x_wconf 88' lang='lat' dir='ltr'>epi-</span> 
     </span>
    </p>
   </div>
   <div class='ocr_carea' id='block_1_116' title="bbox 2119 5395 3728 5469">
    <p class='ocr_par' dir='ltr' id='par_1_116' title="bbox 2119 5395 3728 5469">
     <span class='ocr_line' id='line_1_116' title="bbox 2119 5395 3728 5469; baseline -0.001 -17"><span class='ocrx_word' id='word_1_820' title='bbox 2119 5396 2305 5469; x_wconf 80' lang='lat' dir='ltr'>SCOpis</span> <span class='ocrx_word' id='word_1_821' title='bbox 2325 5397 2432 5451; x_wconf 89' lang='lat' dir='ltr'>hoc</span> <span class='ocrx_word' id='word_1_822' title='bbox 2463 5412 2605 5450; x_wconf 92' lang='lat' dir='ltr'>onus</span> <span class='ocrx_word' id='word_1_823' title='bbox 2633 5397 2936 5451; x_wconf 90' lang='lat' dir='ltr'>sacerdotii</span> <span class='ocrx_word' id='word_1_824' title='bbox 2960 5397 3065 5451; x_wconf 90' lang='lat' dir='ltr'>sub</span> <span class='ocrx_word' id='word_1_825' title='bbox 3099 5395 3274 5450; x_wconf 89' lang='lat' dir='ltr'>divini</span> <span class='ocrx_word' id='word_1_826' title='bbox 3297 5396 3554 5451; x_wconf 92' lang='lat' dir='ltr'>nominis</span> <span class='ocrx_word' id='word_1_827' title='bbox 3572 5397 3728 5451; x_wconf 87' lang='lat' dir='ltr'>obte-</span> 
     </span>
    </p>
   </div>
   <div class='ocr_carea' id='block_1_117' title="bbox 2121 5484 3728 5556">
    <p class='ocr_par' dir='ltr' id='par_1_117' title="bbox 2121 5484 3728 5556">
     <span class='ocr_line' id='line_1_117' title="bbox 2121 5484 3728 5556; baseline 0.001 -16"><span class='ocrx_word' id='word_1_828' title='bbox 2121 5484 2364 5540; x_wconf 90' lang='lat' dir='ltr'>statione</span> <span class='ocrx_word' id='word_1_829' title='bbox 2394 5484 2730 5555; x_wconf 91' lang='lat' dir='ltr'>impositum</span> <span class='ocrx_word' id='word_1_830' title='bbox 2767 5489 2874 5540; x_wconf 91' lang='lat' dir='ltr'>est.</span> <span class='ocrx_word' id='word_1_831' title='bbox 2906 5484 3072 5548; x_wconf 88' lang='lat' dir='ltr'>Quod</span> <span class='ocrx_word' id='word_1_832' title='bbox 3100 5485 3144 5539; x_wconf 89' lang='lat' dir='ltr'>si</span> <span class='ocrx_word' id='word_1_833' title='bbox 3176 5485 3325 5540; x_wconf 88' lang='lat' dir='ltr'>forte</span> <span class='ocrx_word' id='word_1_834' title='bbox 3359 5485 3663 5556; x_wconf 87' lang='lat' dir='ltr'>quidpiam</span> <span class='ocrx_word' id='word_1_835' title='bbox 3694 5501 3728 5541; x_wconf 85' lang='lat' dir='ltr'>a</span> 
     </span>
    </p>
   </div>
   <div class='ocr_carea' id='block_1_118' title="bbox 2120 5572 3729 5646">
    <p class='ocr_par' dir='ltr' id='par_1_118' title="bbox 2120 5572 3729 5646">
     <span class='ocr_line' id='line_1_118' title="bbox 2120 5572 3729 5646; baseline 0.001 -17"><span class='ocrx_word' id='word_1_836' title='bbox 2120 5572 2294 5629; x_wconf 88' lang='lat' dir='ltr'>sacris</span> <span class='ocrx_word' id='word_1_837' title='bbox 2342 5573 2564 5646; x_wconf 89' lang='lat' dir='ltr'>legibus</span> <span class='ocrx_word' id='word_1_838' title='bbox 2612 5573 2901 5629; x_wconf 89' lang='lat' dir='ltr'>deviatum</span> <span class='ocrx_word' id='word_1_839' title='bbox 2949 5576 3054 5641; x_wconf 90' lang='lat' dir='ltr'>est,</span> <span class='ocrx_word' id='word_1_840' title='bbox 3098 5591 3216 5630; x_wconf 93' lang='lat' dir='ltr'>non</span> <span class='ocrx_word' id='word_1_841' title='bbox 3250 5574 3308 5628; x_wconf 91' lang='lat' dir='ltr'>id</span> <span class='ocrx_word' id='word_1_842' title='bbox 3354 5574 3597 5642; x_wconf 88' lang='lat' dir='ltr'>malitia,</span> <span class='ocrx_word' id='word_1_843' title='bbox 3631 5573 3729 5631; x_wconf 88' lang='lat' dir='ltr'>sed</span> 
     </span>
    </p>
   </div>
   <div class='ocr_carea' id='block_1_119' title="bbox 2129 5661 3732 5750">
    <p class='ocr_par' dir='ltr' id='par_1_119' title="bbox 2129 5661 3732 5750">
     <span class='ocr_line' id='line_1_119' title="bbox 2129 5661 3732 5750; baseline 0.003 -30"><span class='ocrx_word' id='word_1_844' title='bbox 2129 5662 2408 5739; x_wconf 87' lang='lat' dir='ltr'>temporis</span> <span class='ocrx_word' id='word_1_845' title='bbox 2445 5661 2782 5736; x_wconf 82' lang='lat' dir='ltr'>importavit</span> <span class='ocrx_word' id='word_1_846' title='bbox 2816 5663 3150 5722; x_wconf 85' lang='lat' dir='ltr'>necessitas.</span> <span class='ocrx_word' id='word_1_847' title='bbox 3200 5663 3432 5738; x_wconf 85' lang='lat' dir='ltr'>Alioqui</span> <span class='ocrx_word' id='word_1_848' title='bbox 3464 5666 3732 5750; x_wconf 77' lang='lat' dir='ltr'>tempore</span> 
     </span>
    </p>
   </div>
  </div>
