3918 6230
194 377 292 438 197

1391 381 1765 445 'CONCILIUM
1792 373 2357 448 RAVENNATENS'E.

3427 395 3530 459 198

192 501 382 558 hostili
416 518 606 558 omne
632 502 729 576 jus
761 515 1055 578 omneque
1088 504 1307 562 licitum
1330 523 1548 574 cavere,
1581 510 1718 583 quid
1740 515 1825 567 est
1845 519 1897 578 Α
1925 513 2051 584 piis.
2083 515 2222 570 Hinc
2237 515 2362 570 dira
2377 518 2601 586 egestas
2625 532 2640 583 ;
2667 509 2881 572 horrea
2897 511 2954 573 et
2981 521 3286 591 apothecas
3307 529 3532 580 armata

198 591 351 646 aliud
374 609 564 664 quam
597 591 850 664 patriam
875 595 1138 666 perdere,
1161 598 1219 649 et
1240 614 1440 652 necem
1466 597 1677 653 inferre
1693 601 1719 655 ?
1745 601 1825 655 Si-

198 679 319 734 lent
349 681 638 752 equidem
666 683 824 753 leges
849 681 1003 737 inter
1030 700 1214 750 arma,
1239 684 1443 756 quibus
1471 686 1564 741 ille
1595 687 1714 743 Odo
1743 690 1824 743 fe-

199 767 331 821 ralis
353 768 551 822 bestia
579 769 662 822 ita
687 771 797 824 hoc
826 773 1095 841 tempore
1113 772 1323 826 abusus
1351 777 1456 839 est,
1482 776 1544 828 ut
1565 791 1828 831 reveren-

201 855 472 910 dissimos
485 857 818 912 sacerdotes
835 859 934 912 Dei
950 859 1111 929 quasi
1128 860 1259 914 vilia
1273 862 1561 933 mancipia
1573 867 1825 935 caperet,

201 960 306 998 nec
361 944 439 998 ab
493 944 635 1016 ipsis
686 947 1064 1002 sacrosanctis
1121 949 1397 1004 altaribus
1450 954 1824 1021 temperaret,

201 1035 574 1086 commeatus
607 1033 865 1104 publicos
896 1034 1326 1090 intercluderet.

273 1120 472 1174 Redeo
505 1121 582 1175 ad
605 1137 720 1187 me,
753 1121 1218 1177 reverendissimi
1250 1127 1462 1194 patres,
1494 1126 1583 1180 cui
1607 1127 1827 1198 specia-

201 1207 336 1262 liter
367 1210 443 1263 ob
475 1210 723 1263 salutem
749 1211 1044 1281 pereuntis
1065 1212 1286 1284 populi,
1321 1213 1606 1286 totiusque
1632 1216 1825 1288 reipu-

202 1296 369 1353 blicae
391 1314 620 1365 curam,
637 1315 793 1353 mors
819 1299 1127 1354 furibunda
1159 1317 1289 1355 cum
1313 1302 1427 1356 suis
1459 1303 1719 1360 incubuit
1739 1323 1831 1360 co-

1926 619 2133 657 manus
2161 604 2266 658 sibi
2298 604 2710 660 vindicat:illic
2740 606 2902 662 fortis
2930 608 3172 680 gladius,
3192 611 3344 666 intus
3358 631 3535 684 pavor

1925 689 2044 744 dies
2075 707 2140 745 ac
2171 696 2367 746 noctes
2424 693 2802 749 reddiderunt
2827 695 3140 753 insomnes.
3173 697 3307 753 Sola
3353 706 3539 757 vestra

1926 781 2252 850 auctoritas,
2285 785 2347 836 ut
2377 786 2668 838 tantorum
2703 787 2990 840 malorum
3037 788 3298 844 levamen
3352 790 3537 860 fieret,

1927 874 2254 941 exspectata
2281 875 2388 934 est,
2415 890 2541 944 qua:
2567 879 2786 929 tantam
2803 875 2915 930 vim
2943 877 3157 933 habere
3178 879 3449 947 creditur,
3478 886 3541 936 ut

1927 974 2045 1011 non
2079 959 2264 1014 solum
2290 961 2576 1016 Remensi.
2611 963 2710 1017 sed
2742 963 2919 1019 etiam
2951 965 3109 1019 omni
3148 967 3539 1024 ecclesimGal-

1928 1045 2118 1099 lorum
2153 1047 2421 1103 desolataa
2461 1053 2519 1104 et
2550 1068 2698 1121 pene
2723 1052 2795 1106 ad
2827 1052 3069 1108 nihilum
3097 1054 3343 1109 redacta:
3363 1057 3541 1112 subsi-

1930 1131 2025 1186 dio
2039 1150 2158 1188 esse
2176 1136 2550 1200 valeat.Quod
2569 1138 2862 1193 divinitate
2887 1141 3134 1212 propitia
3150 1147 3539 1214 exspectamus

1931 1224 1989 1274 et
2017 1223 2077 1274 ut
2108 1223 2227 1289 ﬁat,
2261 1241 2464 1280 omnes
2506 1225 2564 1282 in
2600 1243 2911 1284 commune
2945 1245 3178 1285 oramus
3199 1232 3324 1304 (27).

212 1431 3507 1471 ——____________________________________

871 1562 1654 1670 CONCILIUM
1724 1569 2705 1685 BAVENNATEN
2717 1581 2882 1686 SE

197 1773 255 1835 Α
284 1776 659 1837 Gnasaa'ro
691 1777 1206 1850 archiepiscopo
1246 1778 1823 1932 habitumﬁgmitiot

1616 1874 1690 1920 ec
1722 1877 1814 1920 an

1928 1786 2325 1942 iazieégjiliis
2369 1793 2460 1851 ad
2514 1795 2951 1868 disciplinam
3001 1799 3534 1864 ecclesiasticam

1250 2037 1460 2112 (Apud.
1491 2039 1666 2096 Labb.
1701 2038 1866 2098 Conc.
1893 2044 2039 2100 tom.
2075 2045 2158 2113 IX,
2191 2062 2325 2119 pag.
2347 2050 2498 2122 709.)

276 2325 566 2395 perpetuo
597 2329 886 2397 regnante
918 2325 1166 2382 Domino
1194 2331 1390 2382 ηοευο
1421 2329 1550 2382 ,πρε-,υ
1581 2329 1826 2396 Christo,
1849 2317 1900 2376 B
1930 2314 2188 2385 recipiat,
2219 2321 2316 2372 aut
2345 2320 2642 2378 ecclesiam
2665 2324 2734 2394 [ί.
2767 2324 2904 2380 deest
2933 2327 3180 2400 dedicet]
3210 2331 3268 2388 in
3300 2333 3533 2392 alterius

203 2413 471 2482 tempore
484 2412 807 2484 piiCazsaris
823 2413 1202 2482 Ottonislll,in
1218 2432 1372 2470 anno
1387 2433 1423 2470 ιι
1439 2416 1669 2487 imperil
1683 2418 1730 2487 ej
1742 2436 1803 2472 us
1815 2458 1829 2478 ,

209 2497 534 2554 indictione
561 2517 637 2566 xi,
692 2501 795 2555 sub
829 2501 1084 2572 imagine
1113 2503 1442 2572 Salvatoris,
1463 2504 1613 2560 infra
1644 2507 1828 2560 valvas

202 2588 446 2657 majoris
462 2589 719 2642 ecclesiae
741 2590 1214 2659 Ravennateusis,
1234 2592 1826 2663 Gerbertus,ejusdem

203 2675 458 2730 ecclesiae
487 2677 718 2746 prazsul,
752 2677 1009 2732 residens
1029 2695 1159 2733 cum
1187 2680 1444 2751 pluribus
1471 2681 1749 2752 episcopis
1770 2686 1829 2736 et

206 2764 561 2836 presbyteris
584 2765 839 2820 ecclesiae
859 2770 1219 2835 memorata,
1240 2769 1557 2823 astantibus
1579 2769 1827 2824 diaconi-

205 2853 310 2907 bus
344 2857 403 2906 et
426 2857 636 2909 cuncto
661 2855 842 2922 clero,
871 2854 1011 2909 dixit
1043 2873 1056 2912 :

997 2947 1038 3000 l.

280 3054 307 3081 α
354 3033 416 3085 In
465 3035 670 3086 sancta
721 3049 786 3087 ac
843 3033 1176 3089 Ravennate
1215 3034 1480 3102 Ecclesia,
1520 3033 1608 3089 cui
1636 3034 1828 3090 divina

206 3120 564 3191 dispensatio
599 3137 844 3192 praeesse
877 3122 1199 3191 mezvoluit,
1228 3124 1446 3178 dudum
1473 3123 1826 3178 consuetudo

207 3213 291 3262 est
311 3209 479 3262 valde
496 3208 962 3281 reprehensibilis
984 3215 1129 3278 orta,
1155 3215 1216 3265 ut
1229 3211 1609 3266 subdiaconus
1624 3227 1828 3282 corpus

202 3296 467 3358 Domini,
497 3297 655 3368 quod
675 3297 995 3352 formatum
1017 3300 1602 3370 appellant,tempore
1628 3315 1826 3354 conse-

207 3385 492 3440 crationis
520 3385 946 3458 episc0porum,
996 3387 1130 3458 ipsis
1155 3388 1408 3442 vendant
1439 3387 1736 3460 episcopis,
1770 3391 1828 3442 et

207 3472 468 3527 chrisma
487 3474 744 3527 vendant
762 3475 1273 3546 archipresbyteris
1302 3476 1626 3530 annualiter
1655 3492 1824 3546 paro-

203 3561 348 3615 chias
373 3563 604 3615 vestras.
636 3561 695 3615 in
736 3561 939 3634 quibus
959 3566 1200 3635 apparet
1221 3563 1470 3618 venditio
1484 3563 1608 3617 Filii
1629 3564 1750 3630 Dei,
1768 3568 1826 3618 et

1929 2403 2266 2472 dimcesi,vel
2283 2423 2386 2477 per
2397 2413 2834 2481 acceptam,sive
2848 2419 3188 2486 promissam
3203 2424 3528 2494 pecuniam;

1929 2491 2027 2582 sed
2047 2495 2412 2564 nequeillum
2435 2499 2506 2566 [ί.
2538 2501 2679 2556 deest
2709 2507 3064 2571 promoveat]
3121 2491 3294 2579 quem
3327 2491 3534 2582 proba-

1928 2577 2102 2633 bilem
2132 2582 2203 2636 ad
2227 2582 2481 2639 officium
2504 2603 2620 2641 non
2648 2588 2921 2659 inveniat,
2941 2597 3042 2647 aut
3066 2577 3380 2653 immatura
3395 2606 3534 2657 mtas

1927 2669 2012 2721 vel
2043 2670 2261 2724 crimen
2295 2673 2572 2742 excludit;
2609 2693 2713 2731 nec
2741 2679 2900 2733 illum
2931 2698 3104 2752 quem
3137 2684 3359 2740 inscitia
3376 2703 3534 2741 coer-

1927 2760 2073 2823 ceat,
2109 2759 2194 2811 vel
2229 2761 2384 2830 leges
2413 2761 2656 2818 infamia
2679 2765 2978 2835 damnent,
3013 2775 3112 2825 aut
3155 2772 3420 2828 debilitas
3445 2777 3532 2830 vel

1927 2843 2256 2902 imminutio
2274 2851 2672 2907 membrorum
2704 2856 3092 2925 cohibeat,seu
3117 2878 3289 2932 quem
3307 2863 3533 2934 abjecta

1927 2933 2116 2988 ofﬁcia
2144 2937 2230 2990 vel
2275 2937 2599 2994 ministeria
2648 2942 2935 3000 deformia
2979 2952 3204 3015 notant,
3237 2950 3323 3004 vel
3356 2933 3531 3022 quem

1927 3023 2782 3110 turpislucricupiditasabjicit,
2809 3035 2894 3087 vel
2916 3039 3119 3090 contra
3147 3037 3304 3108 leges
3336 3039 3529 3110 prohi-

1927 3108 2295 3184 bitio;neque
2327 3115 2504 3169 ullum
2521 3133 2746 3182 eorum,
2793 3137 2935 3190 quos
2975 3124 3294 3195 neophytos
3311 3108 3528 3196 dicunt,

1927 3197 2211 3270 bigamos,
2243 3202 2504 3270 curiales,
2527 3207 2612 3259 vel
2635 3207 2826 3275 laicos,
2857 3211 2942 3263 vel
2973 3227 3175 3266 eorum
3203 3214 3299 3285 qui
3345 3215 3403 3270 in
3437 3233 3532 3272 ca-

1928 3288 2176 3344 nonibus
2206 3293 2262 3344 et
2275 3293 2494 3363 legibus
2507 3295 2878 3352 cohibentur:
2901 3299 3053 3354 unde
3071 3307 3400 3373 competere
3413 3321 3530 3360 non

1927 3376 2276 3447 ambigimus
2309 3383 2369 3433 ut
2386 3381 2654 3450 prmsenti
2679 3385 2920 3439 concilio
2949 3387 3270 3456 priscorum
3295 3392 3532 3448 Patrum

1925 3464 2248 3518 sanctiones
2273 3467 2572 3522 firmantes
2597 3471 2918 3539 teneamus,
2967 3479 3027 3529 ut
3055 3493 3228 3531 nemo
3270 3483 3531 3536 nostrum

1925 3551 2321 3607 ecclesiamvel
2343 3553 2652 3625 aliquando
2696 3560 3012 3615 oratorium
3033 3561 3090 3617 in
3123 3564 3358 3618 alterius
3387 3567 3528 3623 dice-

203 3649 472 3704 venditio
508 3648 761 3719 Spiritus
779 3651 1116 3716 sancti.Qua
1133 3652 1204 3706 de
1225 3668 1286 3706 re
1309 3652 1577 3722 praesenti
1594 3652 1824 3707 decreto
1843 3643 1892 3703 C
1923 3639 2034 3694 οθεί
2065 3639 2329 3695 dedicare
2347 3644 2596 3697 δῑιθηιδι
2615 3645 2736 3699 Sine
2767 3649 3044 3716 Permissa
3058 3653 3115 3703 θῑ
3126 3667 3406 3706 consensu
3418 3655 3534 3726 θρὶ-

197 3739 498 3794 constituo
527 3741 592 3792 ut
622 3739 680 3792 in
703 3739 810 3794 hac
854 3740 986 3795 sede
1015 3744 1072 3795 et
1102 3739 1160 3794 in
1195 3740 1280 3794 his
1300 3741 1569 3796 omnibus
1598 3757 1721 3813 quae
1751 3741 1825 3795 ad

207 3845 324 3882 nos
353 3826 682 3899 pertinent,
735 3829 971 3883 ulterius
1000 3830 1192 3884 minus
1218 3828 1339 3884 ﬁat.
1366 3850 1394 3878 »
1430 3829 1593 3894 Quod
1625 3847 1827 3885 omnes

197 3916 531 3970 statuentes
571 3915 903 3971 laudarunt.
963 3918 1030 3971 Et
1084 3917 1221 3972 dixit
1253 3934 1266 3972 ε
1311 3940 1338 3967 ‹‹
1373 3917 1431 3972 Si
1470 3917 1597 3989 quis
1628 3921 1824 3973 autem

197 4007 412 4058 contra
445 4003 556 4058 hoc
591 4002 890 4059 decretum
922 4021 1089 4058 ausus
1132 4004 1308 4060 fuerit
1343 4008 1651 4072 attentare,
1685 4023 1823 4060 ana-

199 4091 505 4164 thema.sis
538 4109 552 4159 ;
580 4095 680 4146 net
709 4093 1134 4164 responderunt
1151 4109 1356 4148 omnes
1387 4111 1399 4148 :
1437 4096 1692 4149 «Amen.
1727 4115 1754 4143 »

980 4182 1047 4234 Il.

281 4291 311 4318 ‹‹
354 4267 680 4324 Statuimus
709 4267 886 4323 etiam
916 4272 979 4323 ut
1022 4270 1354 4328 annualiter
1380 4271 1439 4325 in
1470 4271 1618 4326 festo
1649 4271 1830 4326 sancti

202 4355 412 4411 Vitalis
443 4372 650 4411 omnes
685 4356 1165 4429 archipresbyteri
1211 4359 1283 4413 ad
1315 4376 1420 4413 nos
1449 4358 1826 4430 pertinentes,

203 4463 312 4518 pro
347 4449 615 4516 respectu
647 4445 819 4512 sedis,
851 4445 1215 4500 subdiaconis
1261 4447 1470 4501 nostris
1516 4449 1830 4502 annualem

205 4549 458 4588 censum
492 4534 821 4603 persolvant
847 4533 1058 4588 solidos
1089 4533 1250 4601 duos,
1281 4539 1337 4588 et
1356 4535 1682 4606 quicunque
1698 4553 1832 4591 con-

202 4623 450 4677 cesserit
467 4623 841 4689 censualiter,
866 4623 1076 4676 sentiat
1108 4623 1411 4685 ultionem,
1442 4623 1682 4680 arbitrio
1711 4625 1829 4696 pri-

203 4729 445 4767 morum
476 4711 642 4783 hujus
689 4711 972 4766 Ecclesiae.
1009 4733 1037 4761 »
1083 4713 1151 4766 Et
1189 4713 1261 4768 ab
1293 4713 1566 4768 omnibus
1598 4717 1683 4769 est
1709 4716 1829 4770 lau-

203 4800 436 4856 datum.

981 4873 1071 4927 IlI.

1924 3727 2163 3800 sc0piad
2177 3745 2350 3800 quem
2380 3731 2633 3802 pertinet
2649 3732 2770 3805 ipsa
2784 3733 3058 3804 dioecesis;
3092 3754 3279 3810 neque
3299 3741 3531 3797 alterius

1925 3816 2300 3872 dicecesenses
2317 3818 2399 3872 vel
2435 3820 2815 3890 parochianos
2863 3823 3118 3896 recipere
3166 3831 3265 3882 aut
3298 3844 3532 3899 promo-

1925 3921 2056 3958 vere
2087 3921 2186 3959 seu
2205 3906 2454 3962 retinere
2476 3911 2944 3981 prmsumat,sine
2962 3915 3254 3970 canonicis
3279 3916 3533 3988 epistolis

1927 4010 2067 4065 quas
2097 3993 2326 4050 Nicazna
2349 3997 2618 4068 synodus,
2639 4000 2788 4070 apud
2814 4001 3139 4072 Bithyniam
3160 4009 3532 4077 congregata,

1926 4080 2166 4136 sancivit
2196 4083 2397 4139 Latino
2429 4101 2592 4141 more
2621 4087 2848 4143 recitari
2881 4089 3180 4161 formatas;
3200 4096 3258 4148 et
3273 4096 3333 4148 ut
3355 4095 3536 4150 nullu-

1929 4170 2100 4224 sacris
2143 4173 2441 4240 permittat
2487 4175 2804 4244 ordinibus,
2851 4177 2956 4232 nisi
2983 4196 3156 4250 quem
3199 4185 3355 4251 tetas,
3400 4183 3535 4253 vita,

1930 4257 2211 4326 doctrina,
2253 4276 2466 4327 mores,
2497 4264 2806 4320 auctoritas
2858 4267 3135 4322 canonica
3162 4272 3540 4328 commendat

1931 4350 2101 4417 atque
2128 4349 2344 4418 legalis.
2381 4349 2450 4403 Ut
2471 4354 2663 4406 autem
2692 4352 2814 4407 haec
2844 4355 3061 4410 sanctio
3088 4374 3192 4429 per
3216 4359 3414 4414 omnia
3438 4361 3537 4414 flr-

1932 4434 2085 4489 mior
2112 4438 2392 4503 teneat,et
2422 4441 2483 4491 ut
2503 4438 2609 4493 hoc
2630 4439 2881 4511 indignis
2901 4459 3017 4497 non
3046 4446 3414 4513 concedatur,
3432 4449 3536 4504 sub

1931 4523 2317 4578 anathematis
2329 4524 2679 4596 obligatione
2696 4531 3078 4599 nosmetipsos
3088 4533 3538 4605 constringimus

1931 4614 2351 4667 etsuccessores
2393 4618 2619 4669 nostros
2635 4616 3038 4690 episcoposqui
3083 4623 3416 4678 contrahaac
3439 4625 3538 4679 de-

1931 4702 2087 4754 creta
2104 4702 2590 4774 praesumpserint.
2616 4704 2684 4758 Et
2705 4703 2751 4758 si
2776 4706 2902 4777 quis
2931 4708 3074 4762 sacri
3096 4709 3316 4764 ordinis
3348 4711 3418 4766 de
3449 4728 3538 4766 se-

1934 4789 2165 4860 pultura
2189 4795 2552 4846 mortuorum
2574 4792 2791 4864 aliquid
2813 4795 3230 4865 acceperit,nisi
3243 4797 3391 4850 forte
3409 4814 3538 4867 quae

1933 4881 2139 4948 sponte
2164 4879 2235 4933 ab
2265 4879 2462 4934 amicis
2487 4882 2574 4936 vel
2604 4881 2942 4954 propinquis
2966 4886 3331 4938 mortuorum
3361 4887 3541 4941 eccle-

281 4984 308 5011 ι‹
340 4961 409 5016 Et
433 4961 695 5033 quamvis
718 4959 1037 5032 antiquitus
1054 4961 1127 5015 sit
1147 4963 1426 5017 statutum
1443 4967 1505 5018 nt
1523 4980 1696 5018 nemo
1716 4964 1832 5037 epi-
1851 4977 1903 5035 Ι)
1934 4967 2029 5021 sim
2045 4968 2260 5023 fuerint
2303 4971 2642 5038 collata,hac
2666 4971 3072 5026 maledictione
3103 4973 3413 5026 teneantur
3436 4974 3540 5030 ob-

207 5067 301 5106 sco
308 5067 517 5122 porum
533 5050 767 5105 alterius
781 5048 1051 5104 clericum
1067 5050 1187 5105 sine
1208 5067 1275 5105 eo
1290 5052 1608 5107 mandante
1628 5053 1831 5110 litteris

278 5218 387 5289 (27)
422 5217 636 5284 Labbe,
667 5219 825 5289 tom.
843 5216 926 5289 IX,
958 5216 1066 5270 col.
1096 5218 1201 5272 747
1228 5216 1578 5287 ;Hardouin,
1620 5222 1743 5275 tom
1762 5219 1829 5274 VI

207 5287 424 5362 party],
448 5291 568 5362 col,
593 5290 698 5343 733
724 5287 998 5362 ;_M_arlot,
1034 5289 1256 5362 tom_ll,
1292 5303 1424 5359 pag.
1455 5291 1548 5362 54.

275 5363 388 5431 (28)
418 5361 555 5415 Huic
573 5358 802 5432 synodo
816 5358 1142 5432 interfuisse
1159 5358 1430 5432 0ttonem
1449 5361 1594 5432 Imp,
1614 5360 1694 5415 ait
1712 5362 1824 5416 Ru-

275 5377 388 5431 (Ζδ)
418 5377 555 5415 nunc
573 5379 598 5414 s
643 5377 802 5414 [ιοαο
816 5377 1142 5412 interxuisse
1159 5377 1430 5413 uuonem
1449 5377 1594 5432 imp,
1614 5377 1694 5415 an.
1712 5377 1824 5416 uu-

205 5432 361 5499 beus,
386 5433 525 5487 Hist.
557 5377 717 5512 libnv
741 5429 878 5512 ἰδείᾲ
907 5445 978 5510 ex
1002 5429 1092 5511 his.
1117 5430 1271 5512 actis
1288 5431 1410 5510 falsi
1445 5432 1825 5512 convincitur.

206 5504 387 5569 Quam
418 5520 552 5559 vero
586 5501 775 5556 refert
803 5500 1050 5554 Rivesius
1081 5501 1140 5554 in
1161 5502 1404 5556 Historia
1423 5502 1825 5572 conciliorum,

203 5577 806 5650 synodumiﬂavennje
832 5571 1240 5650 hocipsoanno
1263 5571 1825 5650 habitaAm,Gerberto

201 5643 462 5734 praeside,
481 5649 545 5707 in
579 5660 704 5722 qua
719 5643 1024 5717 Hugonem
1044 5643 1316 5704 abbatem
1336 5643 1690 5715 Farfensem,
1713 5645 1823 5705 ini-

1932 5057 2108 5113 noxii.
2140 5077 2168 5105 »

1930 5233 2040 5289 que
2066 5219 2123 5271 et
2144 5216 2456 5289 simoniace
2497 5216 2843 5289 ingressum,
2895 5215 3297 5286 pmnitentiam
3351 5219 3534 5289 egisse

1929 5286 2030 5355 ait,
2054 5292 2112 5343 et
2141 5287 2379 5342 Arnulfo
2402 5286 2806 5341 Mediolaneusi
2827 5293 3092 5356 papatum
3122 5286 3533 5356 ablatumfnul-

1928 5361 2048 5414 lum
2070 5359 2194 5440 ejus
2215 5358 2573 5440 apparethoc
2587 5373 2741 5440 anno
2757 5356 3092 5440 vestigium;
3122 5364 3379 5440 a_tneque
3401 5365 3539 5419 tunc

1927 5426 2198 5503 Arnul't'us
2247 5426 2404 5503 ullus
2422 5430 2545 5480 erat
2587 5426 3024 5503 mediolanensis
3052 5426 3535 5503 archiepiscopus,

1928 5502 2016 5556 cui
2034 5505 2268 5570 Ραραιαε
2297 5497 2616 5570 auferretur.
2647 5499 2787 5552 Nam
2817 5499 3088 5570 Arnulfus
3118 5497 3338 5570 prinius
3390 5497 3536 5560 obiit

1928 5589 1998 5627 an
2009 5567 2081 5625 no
2101 5567 2224 5635 975,
2249 5567 2522 5622 Arnulfus
2539 5585 2670 5623 vero
2699 5569 2981 5624 secundus
3007 5567 3161 5626 ann—0
3183 5574 3413 5629 tantum
3432 5577 3538 5636 999

1927 5640 2482 5716 archiepiscopatum
2511 5639 2659 5698 iniit.
2734 5640 2960 5705 Gabriel
2991 5640 3258 5702 Cossum
