  <div class='ocr_page' id='page_1' title='image "/cluster/home/n/w/nwhite01/storage/ocr_20150623/139/uva.x000829787/107.png"; bbox 0 0 3918 6230; ppageno 0'>
   <div class='ocr_carea' id='block_1_1' title="bbox 439 413 542 472">
    <p class='ocr_par' dir='ltr' id='par_1_1' title="bbox 439 413 542 472">
     <span class='ocr_line' id='line_1_1' title="bbox 439 413 542 472; baseline 0 -1"><span class='ocrx_word' id='word_1_1' title='bbox 439 413 542 472; x_wconf 67' lang='lat'>203</span> 
     </span>
    </p>
   </div>
   <div class='ocr_carea' id='block_1_2' title="bbox 441 535 2128 609">
    <p class='ocr_par' dir='ltr' id='par_1_2' title="bbox 441 535 2128 609">
     <span class='ocr_line' id='line_1_2' title="bbox 441 535 2128 609; baseline -0.001 -17"><span class='ocrx_word' id='word_1_2' title='bbox 441 536 660 609; x_wconf 87' lang='lat' dir='ltr'>rapinis</span> <span class='ocrx_word' id='word_1_3' title='bbox 689 535 900 592; x_wconf 86' lang='lat' dir='ltr'>nostra</span> <span class='ocrx_word' id='word_1_4' title='bbox 940 535 1202 591; x_wconf 87' lang='lat' dir='ltr'>Ecclesia</span> <span class='ocrx_word' id='word_1_5' title='bbox 1233 553 1351 592; x_wconf 90' lang='lat' dir='ltr'>non</span> <span class='ocrx_word' id='word_1_6' title='bbox 1393 535 1642 592; x_wconf 75' lang='lat' dir='ltr'>cessatis.</span> <span class='ocrx_word' id='word_1_7' title='bbox 1668 537 1870 592; x_wconf 88' lang='lat' dir='ltr'>Nostra</span> <span class='ocrx_word' id='word_1_8' title='bbox 1898 537 2052 592; x_wconf 89' lang='lat' dir='ltr'>velut</span> <span class='ocrx_word' id='word_1_9' title='bbox 2070 541 2128 602; x_wconf 68' lang='grc' dir='ltr'>Α</span> 
     </span>
    </p>
   </div>
   <div class='ocr_carea' id='block_1_3' title="bbox 440 623 2050 698">
    <p class='ocr_par' dir='ltr' id='par_1_3' title="bbox 440 623 2050 698">
     <span class='ocr_line' id='line_1_3' title="bbox 440 623 2050 698; baseline -0.001 -17"><span class='ocrx_word' id='word_1_10' title='bbox 440 625 678 698; x_wconf 87' lang='lat' dir='ltr'>propria</span> <span class='ocrx_word' id='word_1_11' title='bbox 704 625 983 680; x_wconf 80' lang='lat' dir='ltr'>militibus</span> <span class='ocrx_word' id='word_1_12' title='bbox 1003 624 1270 693; x_wconf 89' lang='lat' dir='ltr'>dividitis,</span> <span class='ocrx_word' id='word_1_13' title='bbox 1301 624 1397 696; x_wconf 91' lang='lat' dir='ltr'>qui</span> <span class='ocrx_word' id='word_1_14' title='bbox 1426 625 1647 681; x_wconf 88' lang='lat' dir='ltr'>diversa</span> <span class='ocrx_word' id='word_1_15' title='bbox 1665 623 1724 680; x_wconf 92' lang='lat' dir='ltr'>in</span> <span class='ocrx_word' id='word_1_16' title='bbox 1755 625 2050 697; x_wconf 87' lang='lat' dir='ltr'>integrum</span> 
     </span>
    </p>
   </div>
   <div class='ocr_carea' id='block_1_4' title="bbox 437 712 2050 784">
    <p class='ocr_par' dir='ltr' id='par_1_4' title="bbox 437 712 2050 784">
     <span class='ocr_line' id='line_1_4' title="bbox 437 712 2050 784; baseline 0.001 -17"><span class='ocrx_word' id='word_1_17' title='bbox 437 729 710 769; x_wconf 89' lang='lat' dir='ltr'>revocare</span> <span class='ocrx_word' id='word_1_18' title='bbox 737 713 1031 770; x_wconf 79' lang='lat' dir='ltr'>debuistis.</span> <span class='ocrx_word' id='word_1_19' title='bbox 1063 713 1287 784; x_wconf 80' lang='lat' dir='ltr'>Rapite,</span> <span class='ocrx_word' id='word_1_20' title='bbox 1316 712 1680 783; x_wconf 78' lang='lat' dir='ltr'>pradamini,</span> <span class='ocrx_word' id='word_1_21' title='bbox 1701 713 1847 768; x_wconf 90' lang='lat' dir='ltr'>vires</span> <span class='ocrx_word' id='word_1_22' title='bbox 1875 713 2050 768; x_wconf 85' lang='lat' dir='ltr'>Italia</span> 
     </span>
    </p>
   </div>
   <div class='ocr_carea' id='block_1_5' title="bbox 438 801 2048 881">
    <p class='ocr_par' dir='ltr' id='par_1_5' title="bbox 438 801 2048 881">
     <span class='ocr_line' id='line_1_5' title="bbox 438 801 2048 881; baseline 0 -25"><span class='ocrx_word' id='word_1_23' title='bbox 438 807 641 858; x_wconf 89' lang='lat' dir='ltr'>contra</span> <span class='ocrx_word' id='word_1_24' title='bbox 670 802 1094 881; x_wconf 71' lang='lat' dir='ltr'>nosconcutite.</span> <span class='ocrx_word' id='word_1_25' title='bbox 1117 802 1518 874; x_wconf 76' lang='lat' dir='ltr'>Opportunum</span> <span class='ocrx_word' id='word_1_26' title='bbox 1548 805 1773 872; x_wconf 90' lang='lat' dir='ltr'>tempus</span> <span class='ocrx_word' id='word_1_27' title='bbox 1796 801 1946 856; x_wconf 87' lang='lat' dir='ltr'>nacti</span> <span class='ocrx_word' id='word_1_28' title='bbox 1961 819 2048 856; x_wconf 89' lang='lat' dir='ltr'>es-</span> 
     </span>
    </p>
   </div>
   <div class='ocr_carea' id='block_1_6' title="bbox 438 890 2046 961">
    <p class='ocr_par' dir='ltr' id='par_1_6' title="bbox 438 890 2046 961">
     <span class='ocr_line' id='line_1_6' title="bbox 438 890 2046 961; baseline -0.001 -15"><span class='ocrx_word' id='word_1_29' title='bbox 438 891 530 946; x_wconf 87' lang='lat' dir='ltr'>tis.</span> <span class='ocrx_word' id='word_1_30' title='bbox 563 890 840 946; x_wconf 78' lang='lat' dir='ltr'>Dominus</span> <span class='ocrx_word' id='word_1_31' title='bbox 869 893 1065 946; x_wconf 87' lang='lat' dir='ltr'>noster</span> <span class='ocrx_word' id='word_1_32' title='bbox 1088 891 1370 946; x_wconf 90' lang='lat' dir='ltr'>bellorum</span> <span class='ocrx_word' id='word_1_33' title='bbox 1389 891 1703 945; x_wconf 91' lang='lat' dir='ltr'>certamine</span> <span class='ocrx_word' id='word_1_34' title='bbox 1717 893 2046 961; x_wconf 88' lang='lat' dir='ltr'>occupatur,</span> 
     </span>
    </p>
   </div>
   <div class='ocr_carea' id='block_1_7' title="bbox 440 979 2050 1050">
    <p class='ocr_par' dir='ltr' id='par_1_7' title="bbox 440 979 2050 1050">
     <span class='ocr_line' id='line_1_7' title="bbox 440 979 2050 1050; baseline -0.001 -15"><span class='ocrx_word' id='word_1_35' title='bbox 440 997 546 1035; x_wconf 88' lang='lat' dir='ltr'>nos</span> <span class='ocrx_word' id='word_1_36' title='bbox 579 996 898 1035; x_wconf 85' lang='lat' dir='ltr'>nccmanus</span> <span class='ocrx_word' id='word_1_37' title='bbox 925 982 1152 1049; x_wconf 88' lang='lat' dir='ltr'>paratas</span> <span class='ocrx_word' id='word_1_38' title='bbox 1175 980 1517 1050; x_wconf 88' lang='lat' dir='ltr'>eumjuvare</span> <span class='ocrx_word' id='word_1_39' title='bbox 1535 979 2050 1046; x_wconf 86' lang='lat' dir='ltr'>delinebimus,nec</span> 
     </span>
    </p>
   </div>
   <div class='ocr_carea' id='block_1_8' title="bbox 442 1067 2048 1139">
    <p class='ocr_par' dir='ltr' id='par_1_8' title="bbox 442 1067 2048 1139">
     <span class='ocr_line' id='line_1_8' title="bbox 442 1067 2048 1139; baseline -0.001 -17"><span class='ocrx_word' id='word_1_40' title='bbox 442 1069 595 1139; x_wconf 88' lang='lat' dir='ltr'>quod</span> <span class='ocrx_word' id='word_1_41' title='bbox 626 1069 748 1139; x_wconf 88' lang='lat' dir='ltr'>ejus</span> <span class='ocrx_word' id='word_1_42' title='bbox 772 1067 946 1122; x_wconf 83' lang='lat' dir='ltr'>ofﬁcii</span> <span class='ocrx_word' id='word_1_43' title='bbox 980 1071 1066 1121; x_wconf 90' lang='lat' dir='ltr'>est</span> <span class='ocrx_word' id='word_1_44' title='bbox 1092 1071 1308 1122; x_wconf 83' lang='lat' dir='ltr'>temere</span> <span class='ocrx_word' id='word_1_45' title='bbox 1355 1067 1778 1138; x_wconf 91' lang='lat' dir='ltr'>usurpabimus.</span> <span class='ocrx_word' id='word_1_46' title='bbox 1821 1067 1878 1121; x_wconf 91' lang='lat' dir='ltr'>Si</span> <span class='ocrx_word' id='word_1_47' title='bbox 1910 1083 2048 1138; x_wconf 84' lang='lat' dir='ltr'>pace</span> 
     </span>
    </p>
   </div>
   <div class='ocr_carea' id='block_1_9' title="bbox 443 1154 2050 1226">
    <p class='ocr_par' dir='ltr' id='par_1_9' title="bbox 443 1154 2050 1226">
     <span class='ocr_line' id='line_1_9' title="bbox 443 1154 2050 1226; baseline -0.001 -17"><span class='ocrx_word' id='word_1_48' title='bbox 443 1155 521 1209; x_wconf 87' lang='lat' dir='ltr'>uti</span> <span class='ocrx_word' id='word_1_49' title='bbox 552 1156 888 1226; x_wconf 84' lang='lat' dir='ltr'>poterimus,</span> <span class='ocrx_word' id='word_1_50' title='bbox 917 1155 1145 1210; x_wconf 85' lang='lat' dir='ltr'>servitio</span> <span class='ocrx_word' id='word_1_51' title='bbox 1165 1155 1346 1209; x_wconf 86' lang='lat' dir='ltr'>nostri</span> <span class='ocrx_word' id='word_1_52' title='bbox 1370 1155 1604 1210; x_wconf 71' lang='lat' dir='ltr'>Caesaris</span> <span class='ocrx_word' id='word_1_53' title='bbox 1624 1171 1864 1226; x_wconf 85' lang='lat' dir='ltr'>operam</span> <span class='ocrx_word' id='word_1_54' title='bbox 1886 1154 2050 1209; x_wconf 88' lang='lat' dir='ltr'>dabi-</span> 
     </span>
    </p>
   </div>
   <div class='ocr_carea' id='block_1_10' title="bbox 442 1243 2048 1316">
    <p class='ocr_par' dir='ltr' id='par_1_10' title="bbox 442 1243 2048 1316">
     <span class='ocr_line' id='line_1_10' title="bbox 442 1243 2048 1316; baseline -0.001 -18"><span class='ocrx_word' id='word_1_55' title='bbox 442 1261 730 1313; x_wconf 87' lang='lat' dir='ltr'>mus,cum</span> <span class='ocrx_word' id='word_1_56' title='bbox 747 1248 1059 1316; x_wconf 85' lang='lat' dir='ltr'>prasentes</span> <span class='ocrx_word' id='word_1_57' title='bbox 1073 1249 1197 1300; x_wconf 92' lang='lat' dir='ltr'>tum</span> <span class='ocrx_word' id='word_1_58' title='bbox 1230 1244 1512 1299; x_wconf 87' lang='lat' dir='ltr'>absentes.</span> <span class='ocrx_word' id='word_1_59' title='bbox 1538 1243 1662 1311; x_wconf 85' lang='lat' dir='ltr'>Sin,</span> <span class='ocrx_word' id='word_1_60' title='bbox 1682 1243 1805 1314; x_wconf 88' lang='lat' dir='ltr'>ejus</span> <span class='ocrx_word' id='word_1_61' title='bbox 1819 1244 2048 1298; x_wconf 89' lang='lat' dir='ltr'>tantum</span> 
     </span>
    </p>
   </div>
   <div class='ocr_carea' id='block_1_11' title="bbox 441 1331 2052 1406">
    <p class='ocr_par' dir='ltr' id='par_1_11' title="bbox 441 1331 2052 1406">
     <span class='ocr_line' id='line_1_11' title="bbox 441 1331 2052 1406; baseline -0.002 -18"><span class='ocrx_word' id='word_1_62' title='bbox 441 1333 748 1406; x_wconf 80' lang='lat' dir='ltr'>prasentia</span> <span class='ocrx_word' id='word_1_63' title='bbox 763 1337 1020 1390; x_wconf 88' lang='lat' dir='ltr'>nostram</span> <span class='ocrx_word' id='word_1_64' title='bbox 1036 1332 1667 1404; x_wconf 89' lang='lat' dir='ltr'>solabiturinopiam,et</span> <span class='ocrx_word' id='word_1_65' title='bbox 1687 1331 1984 1404; x_wconf 59' lang='lat' dir='ltr'>quoniam!</span> <span class='ocrx_word' id='word_1_66' title='bbox 1991 1334 2052 1386; x_wconf 91' lang='lat' dir='ltr'>ut</span> 
     </span>
    </p>
   </div>
   <div class='ocr_carea' id='block_1_12' title="bbox 447 1420 2050 1494">
    <p class='ocr_par' dir='ltr' id='par_1_12' title="bbox 447 1420 2050 1494">
     <span class='ocr_line' id='line_1_12' title="bbox 447 1420 2050 1494; baseline -0.003 -16"><span class='ocrx_word' id='word_1_67' title='bbox 447 1422 528 1478; x_wconf 90' lang='lat' dir='ltr'>ait</span> <span class='ocrx_word' id='word_1_68' title='bbox 557 1423 748 1493; x_wconf 86' lang='lat' dir='ltr'>poeta)</span> <span class='ocrx_word' id='word_1_69' title='bbox 771 1439 1052 1494; x_wconf 87' lang='lat' dir='ltr'>nusquam</span> <span class='ocrx_word' id='word_1_70' title='bbox 1079 1425 1206 1477; x_wconf 87' lang='lat' dir='ltr'>tuta</span> <span class='ocrx_word' id='word_1_71' title='bbox 1221 1422 1447 1483; x_wconf 90' lang='lat' dir='ltr'>ﬁdes,et</span> <span class='ocrx_word' id='word_1_72' title='bbox 1467 1420 1601 1494; x_wconf 85' lang='lat' dir='ltr'>quia</span> <span class='ocrx_word' id='word_1_73' title='bbox 1621 1422 1918 1492; x_wconf 91' lang='lat' dir='ltr'>ﬁnguntur</span> <span class='ocrx_word' id='word_1_74' title='bbox 1945 1436 2050 1474; x_wconf 88' lang='lat' dir='ltr'>nec</span> 
     </span>
    </p>
   </div>
   <div class='ocr_carea' id='block_1_13' title="bbox 441 1507 2048 1579">
    <p class='ocr_par' dir='ltr' id='par_1_13' title="bbox 441 1507 2048 1579">
     <span class='ocr_line' id='line_1_13' title="bbox 441 1507 2048 1579; baseline -0.002 -14"><span class='ocrx_word' id='word_1_75' title='bbox 441 1511 694 1578; x_wconf 88' lang='lat' dir='ltr'>visa,nee</span> <span class='ocrx_word' id='word_1_76' title='bbox 723 1511 1302 1579; x_wconf 86' lang='lat' dir='ltr'>audita,voluntalem</span> <span class='ocrx_word' id='word_1_77' title='bbox 1331 1513 1590 1565; x_wconf 84' lang='lat' dir='ltr'>nostram</span> <span class='ocrx_word' id='word_1_78' title='bbox 1614 1508 1773 1564; x_wconf 87' lang='lat' dir='ltr'>vobis</span> <span class='ocrx_word' id='word_1_79' title='bbox 1793 1525 1908 1563; x_wconf 91' lang='lat' dir='ltr'>non</span> <span class='ocrx_word' id='word_1_80' title='bbox 1943 1507 2048 1562; x_wconf 86' lang='lat' dir='ltr'>nisi</span> 
     </span>
    </p>
   </div>
   <div class='ocr_carea' id='block_1_14' title="bbox 444 1595 2047 1673">
    <p class='ocr_par' dir='ltr' id='par_1_14' title="bbox 444 1595 2047 1673">
     <span class='ocr_line' id='line_1_14' title="bbox 444 1595 2047 1673; baseline -0.002 -18"><span class='ocrx_word' id='word_1_81' title='bbox 444 1601 672 1672; x_wconf 85' lang='lat' dir='ltr'>scriptis</span> <span class='ocrx_word' id='word_1_82' title='bbox 700 1599 1018 1673; x_wconf 86' lang='lat' dir='ltr'>aperimus,</span> <span class='ocrx_word' id='word_1_83' title='bbox 1051 1615 1157 1654; x_wconf 89' lang='lat' dir='ltr'>nec</span> <span class='ocrx_word' id='word_1_84' title='bbox 1191 1601 1440 1654; x_wconf 82' lang='lat' dir='ltr'>vestram</span> <span class='ocrx_word' id='word_1_85' title='bbox 1491 1598 1656 1652; x_wconf 90' lang='lat' dir='ltr'>aliter</span> <span class='ocrx_word' id='word_1_86' title='bbox 1683 1595 2047 1668; x_wconf 88' lang='lat' dir='ltr'>recipiemus.</span> 
     </span>
    </p>
   </div>
   <div class='ocr_carea' id='block_1_15' title="bbox 1015 1705 1476 1761">
    <p class='ocr_par' dir='ltr' id='par_1_15' title="bbox 1015 1705 1476 1761">
     <span class='ocr_line' id='line_1_15' title="bbox 1015 1705 1476 1761; baseline -0.007 0"><span class='ocrx_word' id='word_1_87' title='bbox 1015 1705 1350 1761; x_wconf 83' lang='lat' dir='ltr'>EPISTOLA</span> <span class='ocrx_word' id='word_1_88' title='bbox 1392 1705 1476 1758; x_wconf 93' lang='lat' dir='ltr'>VI.</span> 
     </span>
    </p>
   </div>
   <div class='ocr_carea' id='block_1_16' title="bbox 868 1809 1623 1850">
    <p class='ocr_par' dir='ltr' id='par_1_16' title="bbox 868 1809 1623 1850">
     <span class='ocr_line' id='line_1_16' title="bbox 868 1809 1623 1850; baseline -0.003 0"><span class='ocrx_word' id='word_1_89' title='bbox 868 1813 937 1850; x_wconf 78' lang='lat' dir='ltr'>AD</span> <span class='ocrx_word' id='word_1_90' title='bbox 975 1811 1280 1850; x_wconf 74' lang='lat' dir='ltr'><strong>ADELAIDEM</strong></span> <span class='ocrx_word' id='word_1_91' title='bbox 1311 1809 1623 1848; x_wconf 66' lang='lat' dir='ltr'>AUGUSTAM.</span> 
     </span>
    </p>
   </div>
   <div class='ocr_carea' id='block_1_17' title="bbox 515 1856 2124 1955">
    <p class='ocr_par' dir='ltr' id='par_1_17' title="bbox 515 1856 2124 1955">
     <span class='ocr_line' id='line_1_17' title="bbox 515 1856 2124 1955; baseline -0.004 -13"><span class='ocrx_word' id='word_1_92' title='bbox 515 1885 775 1942; x_wconf 87' lang='lat' dir='ltr'>Domina</span> <span class='ocrx_word' id='word_1_93' title='bbox 805 1901 922 1938; x_wconf 85' lang='lat' dir='ltr'>sua</span> <span class='ocrx_word' id='word_1_94' title='bbox 977 1886 1240 1938; x_wconf 70' lang='lat' dir='ltr'>Annum:</span> <span class='ocrx_word' id='word_1_95' title='bbox 1295 1898 1528 1953; x_wconf 85' lang='lat' dir='ltr'>semper</span> <span class='ocrx_word' id='word_1_96' title='bbox 1572 1883 1862 1955; x_wconf 83' lang='lat' dir='ltr'>Augusta,</span> <span class='ocrx_word' id='word_1_97' title='bbox 1906 1881 2045 1936; x_wconf 71' lang='lat' dir='ltr'>Gaa-</span> <span class='ocrx_word' id='word_1_98' title='bbox 2071 1856 2124 1918; x_wconf 83' lang='lat' dir='ltr'><strong>B</strong></span> 
     </span>
    </p>
   </div>
   <div class='ocr_carea' id='block_1_18' title="bbox 443 1991 668 2030">
    <p class='ocr_par' dir='ltr' id='par_1_18' title="bbox 443 1991 668 2030">
     <span class='ocr_line' id='line_1_18' title="bbox 443 1991 668 2030; baseline 0 0"><span class='ocrx_word' id='word_1_99' title='bbox 443 1991 668 2030; x_wconf 72' lang='lat' dir='ltr'>BERTUS.</span> 
     </span>
    </p>
   </div>
   <div class='ocr_carea' id='block_1_19' title="bbox 510 2060 2047 2134">
    <p class='ocr_par' dir='ltr' id='par_1_19' title="bbox 510 2060 2047 2134">
     <span class='ocr_line' id='line_1_19' title="bbox 510 2060 2047 2134; baseline -0.005 -15"><span class='ocrx_word' id='word_1_100' title='bbox 510 2067 590 2119; x_wconf 91' lang='lat' dir='ltr'><strong>De</strong></span> <span class='ocrx_word' id='word_1_101' title='bbox 610 2062 904 2118; x_wconf 81' lang='lat' dir='ltr'>beneficiis</span> <span class='ocrx_word' id='word_1_102' title='bbox 956 2064 1013 2116; x_wconf 89' lang='lat' dir='ltr'>et</span> <span class='ocrx_word' id='word_1_103' title='bbox 1060 2060 1372 2128; x_wconf 88' lang='lat' dir='ltr'>libellariis,</span> <span class='ocrx_word' id='word_1_104' title='bbox 1435 2077 1500 2116; x_wconf 84' lang='lat' dir='ltr'>ex</span> <span class='ocrx_word' id='word_1_105' title='bbox 1548 2064 1732 2134; x_wconf 87' lang='lat' dir='ltr'>parte,</span> <span class='ocrx_word' id='word_1_106' title='bbox 1783 2062 2047 2116; x_wconf 88' lang='lat' dir='ltr'>nostrum</span> 
     </span>
    </p>
   </div>
   <div class='ocr_carea' id='block_1_20' title="bbox 436 2147 2040 2212">
    <p class='ocr_par' dir='ltr' id='par_1_20' title="bbox 436 2147 2040 2212">
     <span class='ocr_line' id='line_1_20' title="bbox 436 2147 2040 2212; baseline -0.004 -6"><span class='ocrx_word' id='word_1_107' title='bbox 436 2153 580 2207; x_wconf 90' lang='lat' dir='ltr'>velle</span> <span class='ocrx_word' id='word_1_108' title='bbox 609 2169 673 2206; x_wconf 87' lang='lat' dir='ltr'>ex</span> <span class='ocrx_word' id='word_1_109' title='bbox 704 2155 834 2207; x_wconf 89' lang='lat' dir='ltr'>voto</span> <span class='ocrx_word' id='word_1_110' title='bbox 863 2149 1087 2206; x_wconf 89' lang='lat' dir='ltr'>domini</span> <span class='ocrx_word' id='word_1_111' title='bbox 1112 2150 1292 2204; x_wconf 85' lang='lat' dir='ltr'>nostri</span> <span class='ocrx_word' id='word_1_112' title='bbox 1317 2150 1554 2205; x_wconf 77' lang='lat' dir='ltr'>Caesaris</span> <span class='ocrx_word' id='word_1_113' title='bbox 1574 2147 1795 2204; x_wconf 83' lang='lat' dir='ltr'>executi</span> <span class='ocrx_word' id='word_1_114' title='bbox 1819 2163 2040 2212; x_wconf 90' lang='lat' dir='ltr'>sumus,</span> 
     </span>
    </p>
   </div>
   <div class='ocr_carea' id='block_1_21' title="bbox 438 2238 2050 2310">
    <p class='ocr_par' dir='ltr' id='par_1_21' title="bbox 438 2238 2050 2310">
     <span class='ocr_line' id='line_1_21' title="bbox 438 2238 2050 2310; baseline -0.005 -14"><span class='ocrx_word' id='word_1_115' title='bbox 438 2241 792 2296; x_wconf 86' lang='lat' dir='ltr'>Recordetur</span> <span class='ocrx_word' id='word_1_116' title='bbox 821 2239 1062 2294; x_wconf 91' lang='lat' dir='ltr'>domina</span> <span class='ocrx_word' id='word_1_117' title='bbox 1081 2255 1210 2293; x_wconf 89' lang='lat' dir='ltr'>mea</span> <span class='ocrx_word' id='word_1_118' title='bbox 1236 2239 1394 2310; x_wconf 90' lang='lat' dir='ltr'>quod</span> <span class='ocrx_word' id='word_1_119' title='bbox 1413 2238 1668 2292; x_wconf 90' lang='lat' dir='ltr'>innuerit</span> <span class='ocrx_word' id='word_1_120' title='bbox 1688 2253 1852 2291; x_wconf 86' lang='lat' dir='ltr'>servo</span> <span class='ocrx_word' id='word_1_121' title='bbox 1876 2251 1976 2289; x_wconf 91' lang='lat' dir='ltr'>suo</span> <span class='ocrx_word' id='word_1_122' title='bbox 1991 2251 2050 2288; x_wconf 87' lang='lat' dir='ltr'>se</span> 
     </span>
    </p>
   </div>
   <div class='ocr_carea' id='block_1_22' title="bbox 439 2317 2050 2398">
    <p class='ocr_par' dir='ltr' id='par_1_22' title="bbox 439 2317 2050 2398">
     <span class='ocr_line' id='line_1_22' title="bbox 439 2317 2050 2398; baseline -0.006 -14"><span class='ocrx_word' id='word_1_123' title='bbox 439 2332 732 2384; x_wconf 88' lang='lat' dir='ltr'>oraturam</span> <span class='ocrx_word' id='word_1_124' title='bbox 767 2343 870 2398; x_wconf 90' lang='lat' dir='ltr'>pro</span> <span class='ocrx_word' id='word_1_125' title='bbox 899 2327 1176 2398; x_wconf 86' lang='lat' dir='ltr'>pluribus,</span> <span class='ocrx_word' id='word_1_126' title='bbox 1211 2326 1378 2381; x_wconf 88' lang='lat' dir='ltr'>aliter</span> <span class='ocrx_word' id='word_1_127' title='bbox 1399 2342 1574 2396; x_wconf 90' lang='lat' dir='ltr'>quam</span> <span class='ocrx_word' id='word_1_128' title='bbox 1597 2326 1720 2380; x_wconf 88' lang='lat' dir='ltr'>ﬁeri</span> <span class='ocrx_word' id='word_1_129' title='bbox 1751 2323 1948 2395; x_wconf 87' lang='lat' dir='ltr'>possit.</span> <span class='ocrx_word' id='word_1_130' title='bbox 1969 2317 2050 2375; x_wconf 65' lang='grc' dir='ltr'>Ἐκ</span> 
     </span>
    </p>
   </div>
   <div class='ocr_carea' id='block_1_23' title="bbox 442 2409 2052 2489">
    <p class='ocr_par' dir='ltr' id='par_1_23' title="bbox 442 2409 2052 2489">
     <span class='ocr_line' id='line_1_23' title="bbox 442 2409 2052 2489; baseline -0.006 -17"><span class='ocrx_word' id='word_1_131' title='bbox 442 2433 556 2489; x_wconf 84' lang='lat' dir='ltr'>quo</span> <span class='ocrx_word' id='word_1_132' title='bbox 597 2433 632 2470; x_wconf 88' lang='lat' dir='ltr'>a</span> <span class='ocrx_word' id='word_1_133' title='bbox 669 2417 829 2471; x_wconf 83' lang='lat' dir='ltr'>vobis</span> <span class='ocrx_word' id='word_1_134' title='bbox 869 2413 1250 2482; x_wconf 89' lang='lat' dir='ltr'>discessimus,</span> <span class='ocrx_word' id='word_1_135' title='bbox 1288 2429 1394 2467; x_wconf 90' lang='lat' dir='ltr'>nec</span> <span class='ocrx_word' id='word_1_136' title='bbox 1425 2413 1744 2478; x_wconf 72' lang='lat' dir='ltr'>Critonem,</span> <span class='ocrx_word' id='word_1_137' title='bbox 1796 2427 1900 2466; x_wconf 90' lang='lat' dir='ltr'>nec</span> <span class='ocrx_word' id='word_1_138' title='bbox 1931 2409 2052 2480; x_wconf 88' lang='lat' dir='ltr'>ejus</span> 
     </span>
    </p>
   </div>
   <div class='ocr_carea' id='block_1_24' title="bbox 440 2497 2052 2572">
    <p class='ocr_par' dir='ltr' id='par_1_24' title="bbox 440 2497 2052 2572">
     <span class='ocr_line' id='line_1_24' title="bbox 440 2497 2052 2572; baseline -0.004 -14"><span class='ocrx_word' id='word_1_139' title='bbox 440 2504 711 2558; x_wconf 90' lang='lat' dir='ltr'>nuntium</span> <span class='ocrx_word' id='word_1_140' title='bbox 741 2503 1006 2558; x_wconf 88' lang='lat' dir='ltr'>vidimus.</span> <span class='ocrx_word' id='word_1_141' title='bbox 1040 2503 1304 2568; x_wconf 89' lang='lat' dir='ltr'>Terram,</span> <span class='ocrx_word' id='word_1_142' title='bbox 1338 2517 1513 2572; x_wconf 90' lang='lat' dir='ltr'>quam</span> <span class='ocrx_word' id='word_1_143' title='bbox 1548 2500 1762 2555; x_wconf 87' lang='lat' dir='ltr'>nostris</span> <span class='ocrx_word' id='word_1_144' title='bbox 1791 2497 2052 2555; x_wconf 87' lang='lat' dir='ltr'>ﬁdelibus</span> 
     </span>
    </p>
   </div>
   <div class='ocr_carea' id='block_1_25' title="bbox 439 2585 2053 2661">
    <p class='ocr_par' dir='ltr' id='par_1_25' title="bbox 439 2585 2053 2661">
     <span class='ocr_line' id='line_1_25' title="bbox 439 2585 2053 2661; baseline -0.004 -14"><span class='ocrx_word' id='word_1_145' title='bbox 439 2592 566 2646; x_wconf 89' lang='lat' dir='ltr'>heri</span> <span class='ocrx_word' id='word_1_146' title='bbox 598 2591 1000 2656; x_wconf 89' lang='lat' dir='ltr'>concessimus,</span> <span class='ocrx_word' id='word_1_147' title='bbox 1030 2605 1163 2644; x_wconf 89' lang='lat' dir='ltr'>cras</span> <span class='ocrx_word' id='word_1_148' title='bbox 1194 2589 1490 2661; x_wconf 88' lang='lat' dir='ltr'>quomodo</span> <span class='ocrx_word' id='word_1_149' title='bbox 1512 2590 1838 2643; x_wconf 88' lang='lat' dir='ltr'>auferemus</span> <span class='ocrx_word' id='word_1_150' title='bbox 1863 2588 1890 2642; x_wconf 60' lang='grc' dir='ltr'>σῖ</span> <span class='ocrx_word' id='word_1_151' title='bbox 1913 2591 1987 2641; x_wconf 85' lang='lat' dir='ltr'><strong>At</strong></span> <span class='ocrx_word' id='word_1_152' title='bbox 2007 2585 2053 2640; x_wconf 90' lang='lat' dir='ltr'>si</span> 
     </span>
    </p>
   </div>
   <div class='ocr_carea' id='block_1_26' title="bbox 445 2675 2052 2751">
    <p class='ocr_par' dir='ltr' id='par_1_26' title="bbox 445 2675 2052 2751">
     <span class='ocr_line' id='line_1_26' title="bbox 445 2675 2052 2751; baseline -0.003 -16"><span class='ocrx_word' id='word_1_153' title='bbox 445 2679 646 2735; x_wconf 91' lang='lat' dir='ltr'>omnia</span> <span class='ocrx_word' id='word_1_154' title='bbox 674 2695 802 2751; x_wconf 87' lang='lat' dir='ltr'>quae</span> <span class='ocrx_word' id='word_1_155' title='bbox 833 2693 1038 2734; x_wconf 88' lang='lat' dir='ltr'>omnes</span> <span class='ocrx_word' id='word_1_156' title='bbox 1059 2677 1271 2749; x_wconf 85' lang='lat' dir='ltr'>jubent</span> <span class='ocrx_word' id='word_1_157' title='bbox 1300 2677 1468 2746; x_wconf 89' lang='lat' dir='ltr'>ﬁunt,</span> <span class='ocrx_word' id='word_1_158' title='bbox 1495 2677 1631 2749; x_wconf 90' lang='lat' dir='ltr'>quid</span> <span class='ocrx_word' id='word_1_159' title='bbox 1657 2677 1748 2732; x_wconf 90' lang='lat' dir='ltr'>hic</span> <span class='ocrx_word' id='word_1_160' title='bbox 1767 2675 2052 2732; x_wconf 84' lang='lat' dir='ltr'>facimus?</span> 
     </span>
    </p>
   </div>
   <div class='ocr_carea' id='block_1_27' title="bbox 445 2754 2054 2830">
    <p class='ocr_par' dir='ltr' id='par_1_27' title="bbox 445 2754 2054 2830">
     <span class='ocr_line' id='line_1_27' title="bbox 445 2754 2054 2830; baseline -0.003 -15"><span class='ocrx_word' id='word_1_161' title='bbox 445 2763 505 2815; x_wconf 87' lang='lat' dir='ltr'>et</span> <span class='ocrx_word' id='word_1_162' title='bbox 540 2759 585 2813; x_wconf 91' lang='lat' dir='ltr'>si</span> <span class='ocrx_word' id='word_1_163' title='bbox 605 2762 792 2814; x_wconf 91' lang='lat' dir='ltr'>totum</span> <span class='ocrx_word' id='word_1_164' title='bbox 821 2758 1044 2827; x_wconf 90' lang='lat' dir='ltr'>damus,</span> <span class='ocrx_word' id='word_1_165' title='bbox 1078 2757 1216 2830; x_wconf 89' lang='lat' dir='ltr'>quid</span> <span class='ocrx_word' id='word_1_166' title='bbox 1247 2758 1613 2813; x_wconf 79' lang='lat' dir='ltr'>tenebimus?</span> <span class='ocrx_word' id='word_1_167' title='bbox 1641 2756 1916 2830; x_wconf 90' lang='lat' dir='ltr'>Griphoni</span> <span class='ocrx_word' id='word_1_168' title='bbox 1957 2754 2054 2810; x_wconf 89' lang='lat' dir='ltr'>ubi</span> 
     </span>
    </p>
   </div>
   <div class='ocr_carea' id='block_1_28' title="bbox 448 2846 1790 2921">
    <p class='ocr_par' dir='ltr' id='par_1_28' title="bbox 448 2846 1790 2921">
     <span class='ocr_line' id='line_1_28' title="bbox 448 2846 1790 2921; baseline 0 -17"><span class='ocrx_word' id='word_1_169' title='bbox 448 2849 734 2921; x_wconf 90' lang='lat' dir='ltr'>possimus</span> <span class='ocrx_word' id='word_1_170' title='bbox 759 2847 1106 2903; x_wconf 90' lang='lat' dir='ltr'>beneﬁcium</span> <span class='ocrx_word' id='word_1_171' title='bbox 1139 2848 1360 2903; x_wconf 86' lang='lat' dir='ltr'>nullum</span> <span class='ocrx_word' id='word_1_172' title='bbox 1401 2846 1790 2904; x_wconf 88' lang='lat' dir='ltr'>concedimus.</span> 
     </span>
    </p>
   </div>
   <div class='ocr_carea' id='block_1_29' title="bbox 1019 2953 1504 3011">
    <p class='ocr_par' dir='ltr' id='par_1_29' title="bbox 1019 2953 1504 3011">
     <span class='ocr_line' id='line_1_29' title="bbox 1019 2953 1504 3011; baseline -0.002 -1"><span class='ocrx_word' id='word_1_173' title='bbox 1019 2953 1356 3011; x_wconf 77' lang='lat' dir='ltr'>EPISTULA</span> <span class='ocrx_word' id='word_1_174' title='bbox 1393 2954 1504 3009; x_wconf 86' lang='lat' dir='ltr'><strong>VII.</strong></span> 
     </span>
    </p>
   </div>
   <div class='ocr_carea' id='block_1_30' title="bbox 1047 3059 1442 3100">
    <p class='ocr_par' dir='ltr' id='par_1_30' title="bbox 1047 3059 1442 3100">
     <span class='ocr_line' id='line_1_30' title="bbox 1047 3059 1442 3100; baseline 0.008 -3"><span class='ocrx_word' id='word_1_175' title='bbox 1047 3059 1116 3098; x_wconf 98' lang='lat' dir='ltr'>AD</span> <span class='ocrx_word' id='word_1_176' title='bbox 1146 3060 1342 3100; x_wconf 75' lang='lat' dir='ltr'><strong>AIRARD</strong></span> <span class='ocrx_word' id='word_1_177' title='bbox 1351 3060 1442 3100; x_wconf 66' lang='lat' dir='ltr'>UH.</span> 
     </span>
    </p>
   </div>
   <div class='ocr_carea' id='block_1_31' title="bbox 1069 399 2054 476">
    <p class='ocr_par' dir='ltr' id='par_1_31' title="bbox 1069 400 2054 476">
     <span class='ocr_line' id='line_1_31' title="bbox 1069 400 2054 476; baseline 0.002 -6"><span class='ocrx_word' id='word_1_178' title='bbox 1069 400 1122 470; x_wconf 73' lang='lat' dir='ltr'>ll</span> <span class='ocrx_word' id='word_1_179' title='bbox 1161 408 1512 473; x_wconf 83' lang='lat' dir='ltr'>SlLVES&#39;I‘RI</span> <span class='ocrx_word' id='word_1_180' title='bbox 1545 403 1753 472; x_wconf 63' lang='lat' dir='ltr'>mm;</span> <span class='ocrx_word' id='word_1_181' title='bbox 1791 413 1948 476; x_wconf 70' lang='lat' dir='ltr'>ora.</span> <span class='ocrx_word' id='word_1_182' title='bbox 1986 405 2054 472; x_wconf 63' lang='lat' dir='ltr'>Pi</span> 
     </span>
    </p>
   </div>
   <div class='ocr_carea' id='block_1_32' title="bbox 2160 399 3110 476">
    <p class='ocr_par' dir='ltr' id='par_1_32' title="bbox 2160 399 3110 474">
     <span class='ocr_line' id='line_1_32' title="bbox 2160 399 3110 474; baseline -0.001 -2"><span class='ocrx_word' id='word_1_183' title='bbox 2160 417 2166 437; x_wconf 66' lang='grc' dir='ltr'>ι</span> <span class='ocrx_word' id='word_1_184' title='bbox 2201 403 2294 472; x_wconf 84' lang='lat' dir='ltr'>m.</span> <span class='ocrx_word' id='word_1_185' title='bbox 2335 447 2404 458; x_wconf 85' lang='lat'><strong><em>—</em></strong></span> <span class='ocrx_word' id='word_1_186' title='bbox 2443 402 2658 474; x_wconf 30' lang='lat' dir='ltr'>E‘PIST.</span> <span class='ocrx_word' id='word_1_187' title='bbox 2712 399 2794 472; x_wconf 65' lang='grc' dir='ltr'><strong>ΕΤ</strong></span> <span class='ocrx_word' id='word_1_188' title='bbox 2831 401 3110 474; x_wconf 67' lang='lat' dir='ltr'>mrtem.</span> 
     </span>
    </p>
   </div>
   <div class='ocr_carea' id='block_1_33' title="bbox 3655 402 3750 472">
    <p class='ocr_par' dir='ltr' id='par_1_33' title="bbox 3655 402 3750 472">
     <span class='ocr_line' id='line_1_33' title="bbox 3655 402 3750 472; baseline 0.021 -2"><span class='ocrx_word' id='word_1_189' title='bbox 3655 402 3750 472; x_wconf 67' lang='lat' dir='ltr'>20‘s</span> 
     </span>
    </p>
   </div>
   <div class='ocr_carea' id='block_1_34' title="bbox 2751 535 3184 592">
    <p class='ocr_par' dir='ltr' id='par_1_34' title="bbox 2751 535 3184 592">
     <span class='ocr_line' id='line_1_34' title="bbox 2751 535 3184 592; baseline 0 0"><span class='ocrx_word' id='word_1_190' title='bbox 2751 535 3086 592; x_wconf 77' lang='lat' dir='ltr'>EPISTOLA</span> <span class='ocrx_word' id='word_1_191' title='bbox 3122 537 3184 592; x_wconf 88' lang='lat' dir='ltr'>X.</span> 
     </span>
    </p>
   </div>
   <div class='ocr_carea' id='block_1_35' title="bbox 2777 643 3148 682">
    <p class='ocr_par' dir='ltr' id='par_1_35' title="bbox 2777 643 3148 682">
     <span class='ocr_line' id='line_1_35' title="bbox 2777 643 3148 682; baseline -0.003 0"><span class='ocrx_word' id='word_1_192' title='bbox 2777 644 2846 682; x_wconf 89' lang='lat' dir='ltr'>AD</span> <span class='ocrx_word' id='word_1_193' title='bbox 2877 643 3148 682; x_wconf 59' lang='lat' dir='ltr'>CESAREM.</span> 
     </span>
    </p>
   </div>
   <div class='ocr_carea' id='block_1_36' title="bbox 2223 714 3751 788">
    <p class='ocr_par' dir='ltr' id='par_1_36' title="bbox 2223 714 3751 788">
     <span class='ocr_line' id='line_1_36' title="bbox 2223 714 3751 788; baseline 0.003 -17"><span class='ocrx_word' id='word_1_194' title='bbox 2223 714 2569 788; x_wconf 88' lang='lat' dir='ltr'>Principiani</span> <span class='ocrx_word' id='word_1_195' title='bbox 2599 716 2937 772; x_wconf 87' lang='lat' dir='ltr'>monasterii</span> <span class='ocrx_word' id='word_1_196' title='bbox 2957 717 3070 770; x_wconf 92' lang='lat' dir='ltr'>duo</span> <span class='ocrx_word' id='word_1_197' title='bbox 3100 716 3328 784; x_wconf 81' lang='lat' dir='ltr'>fratres,</span> <span class='ocrx_word' id='word_1_198' title='bbox 3357 717 3516 772; x_wconf 88' lang='lat' dir='ltr'>velut</span> <span class='ocrx_word' id='word_1_199' title='bbox 3544 719 3751 776; x_wconf 82' lang='lat' dir='ltr'>exsules</span> 
     </span>
    </p>
   </div>
   <div class='ocr_carea' id='block_1_37' title="bbox 2151 804 3748 878">
    <p class='ocr_par' dir='ltr' id='par_1_37' title="bbox 2151 804 3748 878">
     <span class='ocr_line' id='line_1_37' title="bbox 2151 804 3748 878; baseline 0.003 -19"><span class='ocrx_word' id='word_1_200' title='bbox 2151 806 2206 859; x_wconf 91' lang='lat' dir='ltr'>et</span> <span class='ocrx_word' id='word_1_201' title='bbox 2235 804 2548 876; x_wconf 84' lang='lat' dir='ltr'>peregrini,</span> <span class='ocrx_word' id='word_1_202' title='bbox 2601 823 2635 860; x_wconf 92' lang='lat' dir='ltr'>a</span> <span class='ocrx_word' id='word_1_203' title='bbox 2663 805 2830 860; x_wconf 89' lang='lat' dir='ltr'>nobis</span> <span class='ocrx_word' id='word_1_204' title='bbox 2859 804 3073 876; x_wconf 89' lang='lat' dir='ltr'>recepti</span> <span class='ocrx_word' id='word_1_205' title='bbox 3113 808 3265 874; x_wconf 90' lang='lat' dir='ltr'>sunt,</span> <span class='ocrx_word' id='word_1_206' title='bbox 3299 806 3396 878; x_wconf 86' lang='lat' dir='ltr'>qui</span> <span class='ocrx_word' id='word_1_207' title='bbox 3447 807 3748 864; x_wconf 89' lang='lat' dir='ltr'>desolatio-</span> 
     </span>
    </p>
   </div>
   <div class='ocr_carea' id='block_1_38' title="bbox 2149 893 3750 967">
    <p class='ocr_par' dir='ltr' id='par_1_38' title="bbox 2149 893 3750 967">
     <span class='ocr_line' id='line_1_38' title="bbox 2149 893 3750 967; baseline 0.002 -20"><span class='ocrx_word' id='word_1_208' title='bbox 2149 911 2287 954; x_wconf 86' lang='lat' dir='ltr'>nem</span> <span class='ocrx_word' id='word_1_209' title='bbox 2313 894 2398 948; x_wconf 87' lang='lat' dir='ltr'>sui</span> <span class='ocrx_word' id='word_1_210' title='bbox 2429 893 2536 948; x_wconf 89' lang='lat' dir='ltr'>loci</span> <span class='ocrx_word' id='word_1_211' title='bbox 2567 911 2602 948; x_wconf 90' lang='lat' dir='ltr'>a</span> <span class='ocrx_word' id='word_1_212' title='bbox 2631 893 2908 949; x_wconf 89' lang='lat' dir='ltr'>Laudensi</span> <span class='ocrx_word' id='word_1_213' title='bbox 2928 893 3212 964; x_wconf 89' lang='lat' dir='ltr'>episcooo,</span> <span class='ocrx_word' id='word_1_214' title='bbox 3243 895 3640 967; x_wconf 85' lang='lat' dir='ltr'>neOphitoque</span> <span class='ocrx_word' id='word_1_215' title='bbox 3657 897 3750 952; x_wconf 87' lang='lat' dir='ltr'>ab-</span> 
     </span>
    </p>
   </div>
   <div class='ocr_carea' id='block_1_39' title="bbox 2148 981 3750 1054">
    <p class='ocr_par' dir='ltr' id='par_1_39' title="bbox 2148 981 3750 1054">
     <span class='ocr_line' id='line_1_39' title="bbox 2148 981 3750 1054; baseline 0.004 -20"><span class='ocrx_word' id='word_1_216' title='bbox 2148 981 2281 1036; x_wconf 88' lang='lat' dir='ltr'>bate</span> <span class='ocrx_word' id='word_1_217' title='bbox 2306 981 2541 1047; x_wconf 86' lang='lat' dir='ltr'>factam,</span> <span class='ocrx_word' id='word_1_218' title='bbox 2575 981 2978 1036; x_wconf 87' lang='lat' dir='ltr'>molestissime</span> <span class='ocrx_word' id='word_1_219' title='bbox 3021 981 3237 1050; x_wconf 87' lang='lat' dir='ltr'>ferunt,</span> <span class='ocrx_word' id='word_1_220' title='bbox 3288 981 3577 1054; x_wconf 86' lang='lat' dir='ltr'>simulque</span> <span class='ocrx_word' id='word_1_221' title='bbox 3607 985 3750 1040; x_wconf 85' lang='lat' dir='ltr'>refe-</span> 
     </span>
    </p>
   </div>
   <div class='ocr_carea' id='block_1_40' title="bbox 2150 1069 3748 1142">
    <p class='ocr_par' dir='ltr' id='par_1_40' title="bbox 2150 1069 3748 1142">
     <span class='ocr_line' id='line_1_40' title="bbox 2150 1069 3748 1142; baseline 0.003 -19"><span class='ocrx_word' id='word_1_222' title='bbox 2150 1071 2286 1124; x_wconf 90' lang='lat' dir='ltr'>runt</span> <span class='ocrx_word' id='word_1_223' title='bbox 2314 1087 2374 1126; x_wconf 90' lang='lat' dir='ltr'>se</span> <span class='ocrx_word' id='word_1_224' title='bbox 2408 1069 2578 1125; x_wconf 87' lang='lat' dir='ltr'>alicui</span> <span class='ocrx_word' id='word_1_225' title='bbox 2617 1071 2878 1125; x_wconf 84' lang='lat' dir='ltr'>Ecclesia</span> <span class='ocrx_word' id='word_1_226' title='bbox 2911 1069 3157 1126; x_wconf 90' lang='lat' dir='ltr'>minime</span> <span class='ocrx_word' id='word_1_227' title='bbox 3191 1071 3487 1142; x_wconf 87' lang='lat' dir='ltr'>subjacere</span> <span class='ocrx_word' id='word_1_228' title='bbox 3521 1071 3748 1128; x_wconf 87' lang='lat' dir='ltr'>debere.</span> 
     </span>
    </p>
   </div>
   <div class='ocr_carea' id='block_1_41' title="bbox 2150 1157 3750 1232">
    <p class='ocr_par' dir='ltr' id='par_1_41' title="bbox 2150 1157 3750 1232">
     <span class='ocr_line' id='line_1_41' title="bbox 2150 1157 3750 1232; baseline 0.003 -21"><span class='ocrx_word' id='word_1_229' title='bbox 2150 1158 2272 1212; x_wconf 89' lang='lat' dir='ltr'>Erit</span> <span class='ocrx_word' id='word_1_230' title='bbox 2290 1175 2428 1230; x_wconf 91' lang='lat' dir='ltr'>ergo</span> <span class='ocrx_word' id='word_1_231' title='bbox 2445 1163 2646 1214; x_wconf 89' lang='lat' dir='ltr'>vestra</span> <span class='ocrx_word' id='word_1_232' title='bbox 2670 1159 2991 1232; x_wconf 87' lang='lat' dir='ltr'>prudentia</span> <span class='ocrx_word' id='word_1_233' title='bbox 3015 1175 3081 1214; x_wconf 92' lang='lat' dir='ltr'>ac</span> <span class='ocrx_word' id='word_1_234' title='bbox 3109 1157 3359 1232; x_wconf 90' lang='lat' dir='ltr'>pietatis,</span> <span class='ocrx_word' id='word_1_235' title='bbox 3392 1163 3456 1215; x_wconf 92' lang='lat' dir='ltr'>ut</span> <span class='ocrx_word' id='word_1_236' title='bbox 3483 1177 3593 1216; x_wconf 89' lang='lat' dir='ltr'>nec</span> <span class='ocrx_word' id='word_1_237' title='bbox 3616 1161 3750 1216; x_wconf 87' lang='lat' dir='ltr'>Lau-</span> 
     </span>
    </p>
   </div>
   <div class='ocr_carea' id='block_1_42' title="bbox 2151 1245 3750 1319">
    <p class='ocr_par' dir='ltr' id='par_1_42' title="bbox 2151 1245 3750 1319">
     <span class='ocr_line' id='line_1_42' title="bbox 2151 1245 3750 1319; baseline 0.002 -20"><span class='ocrx_word' id='word_1_238' title='bbox 2151 1245 2342 1300; x_wconf 87' lang='lat' dir='ltr'>densis</span> <span class='ocrx_word' id='word_1_239' title='bbox 2391 1247 2638 1302; x_wconf 87' lang='lat' dir='ltr'>Ecclesia</span> <span class='ocrx_word' id='word_1_240' title='bbox 2693 1247 2884 1303; x_wconf 89' lang='lat' dir='ltr'>debito</span> <span class='ocrx_word' id='word_1_241' title='bbox 2937 1245 3193 1319; x_wconf 89' lang='lat' dir='ltr'>privetur</span> <span class='ocrx_word' id='word_1_242' title='bbox 3230 1247 3452 1303; x_wconf 87' lang='lat' dir='ltr'>honore</span> <span class='ocrx_word' id='word_1_243' title='bbox 3487 1248 3626 1304; x_wconf 83' lang='lat' dir='ltr'>odio</span> <span class='ocrx_word' id='word_1_244' title='bbox 3657 1265 3750 1319; x_wconf 85' lang='lat' dir='ltr'>pa-</span> 
     </span>
    </p>
   </div>
   <div class='ocr_carea' id='block_1_43' title="bbox 2150 1333 3752 1408">
    <p class='ocr_par' dir='ltr' id='par_1_43' title="bbox 2150 1333 3752 1408">
     <span class='ocr_line' id='line_1_43' title="bbox 2150 1333 3752 1408; baseline 0.004 -21"><span class='ocrx_word' id='word_1_245' title='bbox 2150 1333 2338 1402; x_wconf 88' lang='lat' dir='ltr'>storis,</span> <span class='ocrx_word' id='word_1_246' title='bbox 2363 1351 2468 1390; x_wconf 91' lang='lat' dir='ltr'>nec</span> <span class='ocrx_word' id='word_1_247' title='bbox 2496 1334 2915 1391; x_wconf 87' lang='lat' dir='ltr'>monasterium</span> <span class='ocrx_word' id='word_1_248' title='bbox 2941 1335 3233 1406; x_wconf 89' lang='lat' dir='ltr'>subjaceat</span> <span class='ocrx_word' id='word_1_249' title='bbox 3257 1335 3552 1408; x_wconf 86' lang='lat' dir='ltr'>tyrannidi</span> <span class='ocrx_word' id='word_1_250' title='bbox 3594 1335 3752 1392; x_wconf 83' lang='lat' dir='ltr'>deva-</span> 
     </span>
    </p>
   </div>
   <div class='ocr_carea' id='block_1_44' title="bbox 2149 1422 3469 1478">
    <p class='ocr_par' dir='ltr' id='par_1_44' title="bbox 2149 1422 3469 1478">
     <span class='ocr_line' id='line_1_44' title="bbox 2149 1422 3469 1478; baseline 0.008 -3"><span class='ocrx_word' id='word_1_251' title='bbox 2149 1422 2398 1478; x_wconf 88' lang='lat' dir='ltr'>statoris.</span> <span class='ocrx_word' id='word_1_252' title='bbox 3441 1445 3469 1458; x_wconf 81' lang='lat'><em>’</em></span> 
     </span>
    </p>
   </div>
   <div class='ocr_carea' id='block_1_45' title="bbox 2719 1530 3176 1587">
    <p class='ocr_par' dir='ltr' id='par_1_45' title="bbox 2719 1530 3176 1587">
     <span class='ocr_line' id='line_1_45' title="bbox 2719 1530 3176 1587; baseline 0.002 -2"><span class='ocrx_word' id='word_1_253' title='bbox 2719 1530 3056 1587; x_wconf 83' lang='lat' dir='ltr'>EPISTOLA</span> <span class='ocrx_word' id='word_1_254' title='bbox 3091 1531 3176 1586; x_wconf 82' lang='lat' dir='ltr'>XI.</span> 
     </span>
    </p>
   </div>
   <div class='ocr_carea' id='block_1_46' title="bbox 2679 1637 3223 1676">
    <p class='ocr_par' dir='ltr' id='par_1_46' title="bbox 2679 1637 3223 1676">
     <span class='ocr_line' id='line_1_46' title="bbox 2679 1637 3223 1676; baseline 0.004 -2"><span class='ocrx_word' id='word_1_255' title='bbox 2679 1637 2807 1674; x_wconf 69' lang='lat' dir='ltr'>IDEM</span> <span class='ocrx_word' id='word_1_256' title='bbox 2863 1637 2933 1674; x_wconf 86' lang='lat' dir='ltr'>AD</span> <span class='ocrx_word' id='word_1_257' title='bbox 2982 1637 3223 1676; x_wconf 67' lang='grc' dir='ltr'>Εωωεη.</span> 
     </span>
    </p>
   </div>
   <div class='ocr_carea' id='block_1_47' title="bbox 2222 1705 3754 1780">
    <p class='ocr_par' dir='ltr' id='par_1_47' title="bbox 2222 1705 3754 1780">
     <span class='ocr_line' id='line_1_47' title="bbox 2222 1705 3754 1780; baseline 0.004 -18"><span class='ocrx_word' id='word_1_258' title='bbox 2222 1705 2369 1772; x_wconf 87' lang='lat' dir='ltr'>Quid</span> <span class='ocrx_word' id='word_1_259' title='bbox 2389 1722 2492 1762; x_wconf 90' lang='lat' dir='ltr'>ora</span> <span class='ocrx_word' id='word_1_260' title='bbox 2521 1707 2830 1780; x_wconf 89' lang='lat' dir='ltr'>caudaque</span> <span class='ocrx_word' id='word_1_261' title='bbox 2851 1708 3107 1780; x_wconf 87' lang='lat' dir='ltr'>vulpium</span> <span class='ocrx_word' id='word_1_262' title='bbox 3134 1708 3513 1766; x_wconf 88' lang='lat' dir='ltr'>blandiuntur</span> <span class='ocrx_word' id='word_1_263' title='bbox 3537 1710 3634 1767; x_wconf 88' lang='lat' dir='ltr'>hic</span> <span class='ocrx_word' id='word_1_264' title='bbox 3662 1711 3754 1767; x_wconf 87' lang='lat' dir='ltr'>do-</span> 
     </span>
    </p>
   </div>
   <div class='ocr_carea' id='block_1_48' title="bbox 2147 1795 3751 1872">
    <p class='ocr_par' dir='ltr' id='par_1_48' title="bbox 2147 1795 3751 1872">
     <span class='ocr_line' id='line_1_48' title="bbox 2147 1795 3751 1872; baseline 0.004 -23"><span class='ocrx_word' id='word_1_265' title='bbox 2147 1795 2310 1850; x_wconf 90' lang='lat' dir='ltr'>mino</span> <span class='ocrx_word' id='word_1_266' title='bbox 2343 1811 2474 1852; x_wconf 89' lang='lat' dir='ltr'>meo</span> <span class='ocrx_word' id='word_1_267' title='bbox 2495 1795 2524 1851; x_wconf 74' lang='lat' dir='ltr'>‘I</span> <span class='ocrx_word' id='word_1_268' title='bbox 2550 1797 2663 1850; x_wconf 84' lang='lat' dir='ltr'>Aut</span> <span class='ocrx_word' id='word_1_269' title='bbox 2678 1799 2883 1852; x_wconf 85' lang='lat' dir='ltr'>exeant</span> <span class='ocrx_word' id='word_1_270' title='bbox 2912 1797 2982 1852; x_wconf 90' lang='lat' dir='ltr'>de</span> <span class='ocrx_word' id='word_1_271' title='bbox 3009 1797 3242 1868; x_wconf 88' lang='lat' dir='ltr'>palatio,</span> <span class='ocrx_word' id='word_1_272' title='bbox 3267 1801 3368 1852; x_wconf 90' lang='lat' dir='ltr'>aut</span> <span class='ocrx_word' id='word_1_273' title='bbox 3383 1815 3520 1855; x_wconf 90' lang='lat' dir='ltr'>suos</span> <span class='ocrx_word' id='word_1_274' title='bbox 3543 1815 3751 1872; x_wconf 83' lang='lat' dir='ltr'>repra-</span> 
     </span>
    </p>
   </div>
   <div class='ocr_carea' id='block_1_49' title="bbox 2149 1884 3753 1962">
    <p class='ocr_par' dir='ltr' id='par_1_49' title="bbox 2149 1884 3753 1962">
     <span class='ocr_line' id='line_1_49' title="bbox 2149 1884 3753 1962; baseline 0.003 -24"><span class='ocrx_word' id='word_1_275' title='bbox 2149 1886 2378 1939; x_wconf 88' lang='lat' dir='ltr'>sentent</span> <span class='ocrx_word' id='word_1_276' title='bbox 2393 1885 2664 1940; x_wconf 83' lang='lat' dir='ltr'>satellites</span> <span class='ocrx_word' id='word_1_277' title='bbox 2675 1884 2770 1956; x_wconf 88' lang='lat' dir='ltr'>qui</span> <span class='ocrx_word' id='word_1_278' title='bbox 2794 1884 2982 1940; x_wconf 88' lang='lat' dir='ltr'>edicta</span> <span class='ocrx_word' id='word_1_279' title='bbox 2995 1885 3230 1941; x_wconf 85' lang='lat' dir='ltr'>Casaris</span> <span class='ocrx_word' id='word_1_280' title='bbox 3245 1889 3753 1962; x_wconf 87' lang='lat' dir='ltr'>contemnunt,qui</span> 
     </span>
    </p>
   </div>
   <div class='ocr_carea' id='block_1_50' title="bbox 2149 1973 3754 2046">
    <p class='ocr_par' dir='ltr' id='par_1_50' title="bbox 2149 1973 3754 2046">
     <span class='ocr_line' id='line_1_50' title="bbox 2149 1973 3754 2046; baseline 0.003 -20"><span class='ocrx_word' id='word_1_281' title='bbox 2149 1973 2369 2044; x_wconf 84' lang='lat' dir='ltr'>legatos</span> <span class='ocrx_word' id='word_1_282' title='bbox 2395 1973 2516 2043; x_wconf 88' lang='lat' dir='ltr'>ejus</span> <span class='ocrx_word' id='word_1_283' title='bbox 2547 1973 2868 2028; x_wconf 84' lang='lat' dir='ltr'>interﬁcere</span> <span class='ocrx_word' id='word_1_284' title='bbox 2895 1974 3232 2041; x_wconf 89' lang='lat' dir='ltr'>moliuntur,</span> <span class='ocrx_word' id='word_1_285' title='bbox 3255 1973 3353 2046; x_wconf 89' lang='lat' dir='ltr'>qui</span> <span class='ocrx_word' id='word_1_286' title='bbox 3376 1974 3569 2046; x_wconf 89' lang='lat' dir='ltr'>ipsum</span> <span class='ocrx_word' id='word_1_287' title='bbox 3598 1977 3754 2032; x_wconf 89' lang='lat' dir='ltr'>asino</span> 
     </span>
    </p>
   </div>
   <div class='ocr_carea' id='block_1_51' title="bbox 2149 2061 3754 2135">
    <p class='ocr_par' dir='ltr' id='par_1_51' title="bbox 2149 2061 3754 2135">
     <span class='ocr_line' id='line_1_51' title="bbox 2149 2061 3754 2135; baseline 0.002 -19"><span class='ocrx_word' id='word_1_288' title='bbox 2149 2064 2471 2132; x_wconf 82' lang='lat' dir='ltr'>coaquant.</span> <span class='ocrx_word' id='word_1_289' title='bbox 2490 2061 2672 2115; x_wconf 85' lang='lat' dir='ltr'>Taceo</span> <span class='ocrx_word' id='word_1_290' title='bbox 2703 2061 2774 2116; x_wconf 92' lang='lat' dir='ltr'>de</span> <span class='ocrx_word' id='word_1_291' title='bbox 2806 2078 2922 2130; x_wconf 88' lang='lat' dir='ltr'>me,</span> <span class='ocrx_word' id='word_1_292' title='bbox 2955 2079 3128 2134; x_wconf 89' lang='lat' dir='ltr'>quem</span> <span class='ocrx_word' id='word_1_293' title='bbox 3156 2080 3306 2118; x_wconf 92' lang='lat' dir='ltr'>novo</span> <span class='ocrx_word' id='word_1_294' title='bbox 3329 2064 3640 2119; x_wconf 86' lang='lat' dir='ltr'>locutionis</span> <span class='ocrx_word' id='word_1_295' title='bbox 3659 2081 3754 2135; x_wconf 83' lang='lat' dir='ltr'>ge-</span> 
     </span>
    </p>
   </div>
   <div class='ocr_carea' id='block_1_52' title="bbox 2150 2151 3756 2223">
    <p class='ocr_par' dir='ltr' id='par_1_52' title="bbox 2150 2151 3756 2223">
     <span class='ocr_line' id='line_1_52' title="bbox 2150 2151 3756 2223; baseline 0.001 -17"><span class='ocrx_word' id='word_1_296' title='bbox 2150 2167 2288 2206; x_wconf 77' lang='lat' dir='ltr'>nere</span> <span class='ocrx_word' id='word_1_297' title='bbox 2313 2167 2519 2223; x_wconf 86' lang='lat' dir='ltr'>equum</span> <span class='ocrx_word' id='word_1_298' title='bbox 2556 2151 2922 2206; x_wconf 89' lang='lat' dir='ltr'>emissarium</span> <span class='ocrx_word' id='word_1_299' title='bbox 2958 2153 3756 2219; x_wconf 75' lang='lat' dir='ltr'>su&lt;urrant,uxoremetﬁlios</span> 
     </span>
    </p>
   </div>
   <div class='ocr_carea' id='block_1_53' title="bbox 2148 2239 3756 2311">
    <p class='ocr_par' dir='ltr' id='par_1_53' title="bbox 2148 2239 3756 2311">
     <span class='ocr_line' id='line_1_53' title="bbox 2148 2239 3756 2311; baseline 0.002 -17"><span class='ocrx_word' id='word_1_300' title='bbox 2148 2239 2724 2311; x_wconf 85' lang='lat' dir='ltr'>habentem.propter</span> <span class='ocrx_word' id='word_1_301' title='bbox 2745 2243 2970 2310; x_wconf 86' lang='lat' dir='ltr'>partem</span> <span class='ocrx_word' id='word_1_302' title='bbox 2994 2240 3228 2295; x_wconf 83' lang='lat' dir='ltr'>familia</span> <span class='ocrx_word' id='word_1_303' title='bbox 3247 2257 3394 2296; x_wconf 85' lang='lat' dir='ltr'>mea</span> <span class='ocrx_word' id='word_1_304' title='bbox 3419 2241 3492 2296; x_wconf 89' lang='lat' dir='ltr'>de</span> <span class='ocrx_word' id='word_1_305' title='bbox 3519 2243 3756 2298; x_wconf 83' lang='lat' dir='ltr'>Francia</span> 
     </span>
    </p>
   </div>
   <div class='ocr_carea' id='block_1_54' title="bbox 2150 2328 3754 2402">
    <p class='ocr_par' dir='ltr' id='par_1_54' title="bbox 2150 2328 3754 2402">
     <span class='ocr_line' id='line_1_54' title="bbox 2150 2328 3754 2402; baseline 0.004 -20"><span class='ocrx_word' id='word_1_306' title='bbox 2150 2329 2538 2384; x_wconf 84' lang='lat' dir='ltr'>recollectam.</span> <span class='ocrx_word' id='word_1_307' title='bbox 2563 2328 2732 2384; x_wconf 89' lang='lat' dir='ltr'>Victis</span> <span class='ocrx_word' id='word_1_308' title='bbox 2759 2330 3138 2402; x_wconf 87' lang='lat' dir='ltr'>abestpudor.</span> <span class='ocrx_word' id='word_1_309' title='bbox 3161 2330 3206 2386; x_wconf 91' lang='grc'>0</span> <span class='ocrx_word' id='word_1_310' title='bbox 3229 2333 3495 2402; x_wconf 89' lang='lat' dir='ltr'>tempora</span> <span class='ocrx_word' id='word_1_311' title='bbox 3523 2330 3536 2385; x_wconf 91' lang='lat' dir='ltr'>l</span> <span class='ocrx_word' id='word_1_312' title='bbox 3575 2349 3610 2388; x_wconf 94' lang='grc' dir='ltr'>ο</span> <span class='ocrx_word' id='word_1_313' title='bbox 3634 2349 3754 2388; x_wconf 87' lang='lat' dir='ltr'>mo-</span> 
     </span>
    </p>
   </div>
   <div class='ocr_carea' id='block_1_55' title="bbox 2099 2417 3756 2490">
    <p class='ocr_par' dir='ltr' id='par_1_55' title="bbox 2099 2417 3756 2490">
     <span class='ocr_line' id='line_1_55' title="bbox 2099 2417 3756 2490; baseline 0.004 -18"><span class='ocrx_word' id='word_1_314' title='bbox 2099 2469 2104 2472; x_wconf 83' lang='lat'>.</span> <span class='ocrx_word' id='word_1_315' title='bbox 2151 2435 2242 2474; x_wconf 86' lang='lat' dir='ltr'>res</span> <span class='ocrx_word' id='word_1_316' title='bbox 2267 2417 2278 2472; x_wconf 88' lang='lat'>!</span> <span class='ocrx_word' id='word_1_317' title='bbox 2302 2419 2541 2474; x_wconf 89' lang='lat' dir='ltr'>ubinam</span> <span class='ocrx_word' id='word_1_318' title='bbox 2562 2417 2825 2490; x_wconf 85' lang='lat' dir='ltr'>gentium</span> <span class='ocrx_word' id='word_1_319' title='bbox 2841 2417 2993 2474; x_wconf 80' lang='lat' dir='ltr'>vivo!</span> <span class='ocrx_word' id='word_1_320' title='bbox 3021 2418 3077 2473; x_wconf 93' lang='lat' dir='ltr'>Si</span> <span class='ocrx_word' id='word_1_321' title='bbox 3100 2417 3346 2490; x_wconf 88' lang='lat' dir='ltr'>patriam</span> <span class='ocrx_word' id='word_1_322' title='bbox 3367 2436 3604 2488; x_wconf 87' lang='lat' dir='ltr'>sequor,</span> <span class='ocrx_word' id='word_1_323' title='bbox 3628 2438 3756 2478; x_wconf 84' lang='lat' dir='ltr'>san-</span> 
     </span>
    </p>
   </div>
   <div class='ocr_carea' id='block_1_56' title="bbox 2152 2505 3754 2581">
    <p class='ocr_par' dir='ltr' id='par_1_56' title="bbox 2152 2505 3754 2581">
     <span class='ocr_line' id='line_1_56' title="bbox 2152 2505 3754 2581; baseline 0.002 -19"><span class='ocrx_word' id='word_1_324' title='bbox 2152 2506 2464 2562; x_wconf 91' lang='lat' dir='ltr'>ctissimam</span> <span class='ocrx_word' id='word_1_325' title='bbox 2510 2507 2688 2561; x_wconf 90' lang='lat' dir='ltr'>ﬁdem</span> <span class='ocrx_word' id='word_1_326' title='bbox 2721 2505 3016 2578; x_wconf 87' lang='lat' dir='ltr'>relinquo;</span> <span class='ocrx_word' id='word_1_327' title='bbox 3049 2506 3094 2560; x_wconf 91' lang='lat' dir='ltr'>si</span> <span class='ocrx_word' id='word_1_328' title='bbox 3137 2523 3256 2562; x_wconf 90' lang='lat' dir='ltr'>non</span> <span class='ocrx_word' id='word_1_329' title='bbox 3279 2525 3512 2581; x_wconf 89' lang='lat' dir='ltr'>sequor,</span> <span class='ocrx_word' id='word_1_330' title='bbox 3541 2511 3754 2567; x_wconf 81' lang='lat' dir='ltr'>exsule.</span> 
     </span>
    </p>
   </div>
   <div class='ocr_carea' id='block_1_57' title="bbox 2153 2594 3752 2671">
    <p class='ocr_par' dir='ltr' id='par_1_57' title="bbox 2153 2594 3752 2671">
     <span class='ocr_line' id='line_1_57' title="bbox 2153 2594 3752 2671; baseline 0.003 -20"><span class='ocrx_word' id='word_1_331' title='bbox 2153 2596 2269 2652; x_wconf 87' lang='lat' dir='ltr'>Sed</span> <span class='ocrx_word' id='word_1_332' title='bbox 2299 2595 2487 2666; x_wconf 89' lang='lat' dir='ltr'>potius</span> <span class='ocrx_word' id='word_1_333' title='bbox 2507 2594 2640 2649; x_wconf 90' lang='lat' dir='ltr'>licet</span> <span class='ocrx_word' id='word_1_334' title='bbox 2657 2611 2791 2649; x_wconf 92' lang='lat' dir='ltr'>cum</span> <span class='ocrx_word' id='word_1_335' title='bbox 2823 2595 2935 2650; x_wconf 82' lang='lat' dir='ltr'>fide</span> <span class='ocrx_word' id='word_1_336' title='bbox 2963 2595 3019 2650; x_wconf 91' lang='lat' dir='ltr'>in</span> <span class='ocrx_word' id='word_1_337' title='bbox 3043 2595 3258 2667; x_wconf 90' lang='lat' dir='ltr'>palatio</span> <span class='ocrx_word' id='word_1_338' title='bbox 3290 2597 3550 2654; x_wconf 84' lang='lat' dir='ltr'>exsulare</span> <span class='ocrx_word' id='word_1_339' title='bbox 3581 2615 3752 2671; x_wconf 85' lang='lat' dir='ltr'>quam</span> 
     </span>
    </p>
   </div>
   <div class='ocr_carea' id='block_1_58' title="bbox 2151 2681 2994 2755">
    <p class='ocr_par' dir='ltr' id='par_1_58' title="bbox 2151 2681 2994 2755">
     <span class='ocr_line' id='line_1_58' title="bbox 2151 2681 2994 2755; baseline -0.004 -14"><span class='ocrx_word' id='word_1_340' title='bbox 2151 2700 2274 2742; x_wconf 88' lang='lat' dir='ltr'>sme</span> <span class='ocrx_word' id='word_1_341' title='bbox 2303 2683 2416 2738; x_wconf 84' lang='lat' dir='ltr'>fide</span> <span class='ocrx_word' id='word_1_342' title='bbox 2449 2682 2506 2738; x_wconf 91' lang='lat' dir='ltr'>in</span> <span class='ocrx_word' id='word_1_343' title='bbox 2541 2681 2698 2738; x_wconf 89' lang='lat' dir='ltr'>Latio</span> <span class='ocrx_word' id='word_1_344' title='bbox 2729 2699 2994 2755; x_wconf 88' lang='lat' dir='ltr'>regnare.</span> 
     </span>
    </p>
   </div>
   <div class='ocr_carea' id='block_1_59' title="bbox 2707 2789 3194 2847">
    <p class='ocr_par' dir='ltr' id='par_1_59' title="bbox 2707 2789 3194 2847">
     <span class='ocr_line' id='line_1_59' title="bbox 2707 2789 3194 2847; baseline 0.006 -3"><span class='ocrx_word' id='word_1_345' title='bbox 2707 2789 3043 2846; x_wconf 76' lang='lat' dir='ltr'>EPISTULA</span> <span class='ocrx_word' id='word_1_346' title='bbox 3083 2791 3194 2847; x_wconf 85' lang='lat' dir='ltr'><strong>XII.</strong></span> 
     </span>
    </p>
   </div>
   <div class='ocr_carea' id='block_1_60' title="bbox 2540 2896 3360 2938">
    <p class='ocr_par' dir='ltr' id='par_1_60' title="bbox 2540 2896 3360 2938">
     <span class='ocr_line' id='line_1_60' title="bbox 2540 2896 3360 2938; baseline 0.002 -2"><span class='ocrx_word' id='word_1_347' title='bbox 2540 2897 2610 2936; x_wconf 81' lang='lat' dir='ltr'>AD</span> <span class='ocrx_word' id='word_1_348' title='bbox 2641 2897 2902 2936; x_wconf 76' lang='lat' dir='ltr'>HUGONEII</span> <span class='ocrx_word' id='word_1_349' title='bbox 2943 2896 3360 2938; x_wconf 66' lang='lat' dir='ltr'>BCIIOLASTICUH.</span> 
     </span>
    </p>
   </div>
   <div class='ocr_carea' id='block_1_61' title="bbox 2220 2968 3653 3042">
    <p class='ocr_par' dir='ltr' id='par_1_61' title="bbox 2220 2968 3653 3042">
     <span class='ocr_line' id='line_1_61' title="bbox 2220 2968 3653 3042; baseline 0.001 -15"><span class='ocrx_word' id='word_1_350' title='bbox 2220 2971 2436 3027; x_wconf 77' lang='lat' dir='ltr'>Hucom</span> <span class='ocrx_word' id='word_1_351' title='bbox 2453 2987 2554 3026; x_wconf 88' lang='lat' dir='ltr'>suo</span> <span class='ocrx_word' id='word_1_352' title='bbox 2577 2970 2899 3025; x_wconf 70' lang='lat' dir='ltr'>Cranen-run</span> <span class='ocrx_word' id='word_1_353' title='bbox 2929 2968 3226 3042; x_wconf 88' lang='lat' dir='ltr'>quondam</span> <span class='ocrx_word' id='word_1_354' title='bbox 3255 2970 3653 3028; x_wconf 87' lang='lat' dir='ltr'>scholasticus.</span> 
     </span>
    </p>
   </div>
   <div class='ocr_carea' id='block_1_62' title="bbox 2223 3057 3756 3134">
    <p class='ocr_par' dir='ltr' id='par_1_62' title="bbox 2223 3057 3756 3134">
     <span class='ocr_line' id='line_1_62' title="bbox 2223 3057 3756 3134; baseline 0 -18"><span class='ocrx_word' id='word_1_355' title='bbox 2223 3059 2550 3116; x_wconf 86' lang='lat' dir='ltr'>Secundum</span> <span class='ocrx_word' id='word_1_356' title='bbox 2568 3057 3013 3130; x_wconf 89' lang='lat' dir='ltr'>amplitudinem</span> <span class='ocrx_word' id='word_1_357' title='bbox 3039 3059 3155 3114; x_wconf 91' lang='lat' dir='ltr'>mei</span> <span class='ocrx_word' id='word_1_358' title='bbox 3183 3058 3366 3116; x_wconf 89' lang='lat' dir='ltr'>animi</span> <span class='ocrx_word' id='word_1_359' title='bbox 3383 3059 3756 3134; x_wconf 88' lang='lat' dir='ltr'>amplissimis</span> 
     </span>
    </p>
   </div>
   <div class='ocr_carea' id='block_1_63' title="bbox 511 3131 3758 3228">
    <p class='ocr_par' dir='ltr' id='par_1_63' title="bbox 511 3131 3758 3228">
     <span class='ocr_line' id='line_1_63' title="bbox 511 3131 3758 3228; baseline 0 -23"><span class='ocrx_word' id='word_1_360' title='bbox 511 3134 834 3228; x_wconf 59' lang='lat' dir='ltr'>GERBERTUR</span> <span class='ocrx_word' id='word_1_361' title='bbox 883 3131 1179 3204; x_wconf 70' lang='lat' dir='ltr'>quondam</span> <span class='ocrx_word' id='word_1_362' title='bbox 1222 3131 1588 3189; x_wconf 61' lang='grc' dir='ltr'>δεδοιθειίοαδ</span> <span class='ocrx_word' id='word_1_363' title='bbox 1647 3133 1896 3188; x_wconf 49' lang='lat' dir='ltr'><strong>Amano</strong></span> <span class='ocrx_word' id='word_1_364' title='bbox 1944 3146 2046 3186; x_wconf 69' lang='lat' dir='ltr'>suo</span> <span class='ocrx_word' id='word_1_365' title='bbox 2073 3167 2120 3228; x_wconf 72' lang='grc' dir='ltr'>ο</span> <span class='ocrx_word' id='word_1_366' title='bbox 2144 3150 2468 3207; x_wconf 90' lang='lat' dir='ltr'>honoribus</span> <span class='ocrx_word' id='word_1_367' title='bbox 2495 3149 2692 3204; x_wconf 90' lang='lat' dir='ltr'>ditavit</span> <span class='ocrx_word' id='word_1_368' title='bbox 2712 3165 2806 3204; x_wconf 93' lang='lat' dir='ltr'>me</span> <span class='ocrx_word' id='word_1_369' title='bbox 2829 3147 3099 3204; x_wconf 83' lang='lat' dir='ltr'>dominus</span> <span class='ocrx_word' id='word_1_370' title='bbox 3119 3149 3453 3204; x_wconf 88' lang='lat' dir='ltr'>meus.Nam</span> <span class='ocrx_word' id='word_1_371' title='bbox 3468 3131 3598 3222; x_wconf 79' lang='lat' dir='ltr'>qua</span> <span class='ocrx_word' id='word_1_372' title='bbox 3627 3167 3758 3224; x_wconf 87' lang='lat' dir='ltr'>pars</span> 
     </span>
    </p>
   </div>
   <div class='ocr_carea' id='block_1_64' title="bbox 440 3225 714 3282">
    <p class='ocr_par' dir='ltr' id='par_1_64' title="bbox 440 3225 714 3282">
     <span class='ocr_line' id='line_1_64' title="bbox 440 3225 714 3282; baseline 0.007 -2"><span class='ocrx_word' id='word_1_373' title='bbox 440 3225 685 3280; x_wconf 88' lang='lat' dir='ltr'>salutem</span> <span class='ocrx_word' id='word_1_374' title='bbox 699 3267 714 3282; x_wconf 94' lang='lat'>.</span> 
     </span>
    </p>
   </div>
   <div class='ocr_carea' id='block_1_65' title="bbox 513 3309 2046 3384">
    <p class='ocr_par' dir='ltr' id='par_1_65' title="bbox 513 3309 2046 3384">
     <span class='ocr_line' id='line_1_65' title="bbox 513 3309 2046 3384; baseline -0.003 -14"><span class='ocrx_word' id='word_1_375' title='bbox 513 3313 890 3370; x_wconf 89' lang='lat' dir='ltr'>Petitionibus</span> <span class='ocrx_word' id='word_1_376' title='bbox 913 3312 1022 3368; x_wconf 89' lang='lat' dir='ltr'>tuis</span> <span class='ocrx_word' id='word_1_377' title='bbox 1052 3309 1382 3379; x_wconf 88' lang='lat' dir='ltr'>annuimus,</span> <span class='ocrx_word' id='word_1_378' title='bbox 1407 3314 1602 3367; x_wconf 89' lang='lat' dir='ltr'>nostra</span> <span class='ocrx_word' id='word_1_379' title='bbox 1627 3313 1690 3366; x_wconf 92' lang='lat' dir='ltr'>ut</span> <span class='ocrx_word' id='word_1_380' title='bbox 1717 3310 2046 3384; x_wconf 86' lang='lat' dir='ltr'>exsequaris</span> 
     </span>
    </p>
   </div>
   <div class='ocr_carea' id='block_1_66' title="bbox 441 3401 2048 3478">
    <p class='ocr_par' dir='ltr' id='par_1_66' title="bbox 441 3401 2048 3478">
     <span class='ocr_line' id='line_1_66' title="bbox 441 3401 2048 3478; baseline -0.004 -18"><span class='ocrx_word' id='word_1_381' title='bbox 441 3404 696 3478; x_wconf 89' lang='lat' dir='ltr'>negotia,</span> <span class='ocrx_word' id='word_1_382' title='bbox 733 3406 882 3460; x_wconf 90' lang='lat' dir='ltr'>velut</span> <span class='ocrx_word' id='word_1_383' title='bbox 909 3403 1146 3476; x_wconf 89' lang='lat' dir='ltr'>propria</span> <span class='ocrx_word' id='word_1_384' title='bbox 1173 3417 1500 3457; x_wconf 89' lang='lat' dir='ltr'>monemus.</span> <span class='ocrx_word' id='word_1_385' title='bbox 1537 3401 1752 3456; x_wconf 90' lang='lat' dir='ltr'>Plinius</span> <span class='ocrx_word' id='word_1_386' title='bbox 1777 3401 2048 3456; x_wconf 90' lang='lat' dir='ltr'>emende-</span> 
     </span>
    </p>
   </div>
   <div class='ocr_carea' id='block_1_67' title="bbox 449 3487 2050 3566">
    <p class='ocr_par' dir='ltr' id='par_1_67' title="bbox 449 3487 2050 3566">
     <span class='ocr_line' id='line_1_67' title="bbox 449 3487 2050 3566; baseline -0.004 -17"><span class='ocrx_word' id='word_1_387' title='bbox 449 3499 564 3561; x_wconf 83' lang='lat' dir='ltr'>tur,</span> <span class='ocrx_word' id='word_1_388' title='bbox 597 3493 959 3566; x_wconf 86' lang='lat' dir='ltr'>Eugraphius</span> <span class='ocrx_word' id='word_1_389' title='bbox 1011 3489 1322 3563; x_wconf 86' lang='lat' dir='ltr'>recipiatur</span> <span class='ocrx_word' id='word_1_390' title='bbox 1355 3506 1369 3545; x_wconf 88' lang='lat'><strong>:</strong></span> <span class='ocrx_word' id='word_1_391' title='bbox 1402 3489 1500 3562; x_wconf 91' lang='lat' dir='ltr'>qui</span> <span class='ocrx_word' id='word_1_392' title='bbox 1531 3489 1763 3544; x_wconf 90' lang='lat' dir='ltr'>Orbaeis</span> <span class='ocrx_word' id='word_1_393' title='bbox 1797 3491 1855 3543; x_wconf 92' lang='lat' dir='ltr'>et</span> <span class='ocrx_word' id='word_1_394' title='bbox 1897 3487 2050 3560; x_wconf 89' lang='lat' dir='ltr'>apud</span> 
     </span>
    </p>
   </div>
   <div class='ocr_carea' id='block_1_68' title="bbox 441 3576 2053 3652">
    <p class='ocr_par' dir='ltr' id='par_1_68' title="bbox 441 3576 2053 3652">
     <span class='ocr_line' id='line_1_68' title="bbox 441 3576 2053 3652; baseline -0.004 -14"><span class='ocrx_word' id='word_1_395' title='bbox 441 3586 704 3638; x_wconf 85' lang='lat' dir='ltr'>sanctum</span> <span class='ocrx_word' id='word_1_396' title='bbox 737 3583 1003 3638; x_wconf 87' lang='lat' dir='ltr'>Basolum</span> <span class='ocrx_word' id='word_1_397' title='bbox 1059 3582 1211 3648; x_wconf 87' lang='lat' dir='ltr'>sunt,</span> <span class='ocrx_word' id='word_1_398' title='bbox 1260 3578 1712 3652; x_wconf 85' lang='lat' dir='ltr'>prescribantur.</span> <span class='ocrx_word' id='word_1_399' title='bbox 1757 3577 1867 3632; x_wconf 77' lang='lat' dir='ltr'>Fac</span> <span class='ocrx_word' id='word_1_400' title='bbox 1897 3576 2053 3649; x_wconf 89' lang='lat' dir='ltr'>quod</span> 
     </span>
    </p>
   </div>
   <div class='ocr_carea' id='block_1_69' title="bbox 441 3667 1466 3742">
    <p class='ocr_par' dir='ltr' id='par_1_69' title="bbox 441 3667 1466 3742">
     <span class='ocr_line' id='line_1_69' title="bbox 441 3667 1466 3742; baseline -0.006 -14"><span class='ocrx_word' id='word_1_401' title='bbox 441 3689 694 3742; x_wconf 88' lang='lat' dir='ltr'>oramus,</span> <span class='ocrx_word' id='word_1_402' title='bbox 729 3675 790 3727; x_wconf 86' lang='lat' dir='ltr'>ut</span> <span class='ocrx_word' id='word_1_403' title='bbox 809 3671 1087 3726; x_wconf 82' lang='lat' dir='ltr'>faciamus</span> <span class='ocrx_word' id='word_1_404' title='bbox 1127 3667 1284 3740; x_wconf 91' lang='lat' dir='ltr'>quod</span> <span class='ocrx_word' id='word_1_405' title='bbox 1315 3684 1466 3723; x_wconf 90' lang='lat' dir='ltr'>oras.</span> 
     </span>
    </p>
   </div>
   <div class='ocr_carea' id='block_1_70' title="bbox 981 3774 1499 3832">
    <p class='ocr_par' dir='ltr' id='par_1_70' title="bbox 981 3774 1499 3832">
     <span class='ocr_line' id='line_1_70' title="bbox 981 3774 1499 3832; baseline 0.004 -2"><span class='ocrx_word' id='word_1_406' title='bbox 981 3774 1319 3830; x_wconf 83' lang='lat' dir='ltr'>EPISTOLA</span> <span class='ocrx_word' id='word_1_407' title='bbox 1356 3774 1499 3832; x_wconf 85' lang='lat' dir='ltr'><strong>VIII.</strong></span> 
     </span>
    </p>
   </div>
   <div class='ocr_carea' id='block_1_71' title="bbox 581 3874 1908 3924">
    <p class='ocr_par' dir='ltr' id='par_1_71' title="bbox 581 3874 1908 3924">
     <span class='ocr_line' id='line_1_71' title="bbox 581 3874 1908 3924; baseline -0.005 -1"><span class='ocrx_word' id='word_1_408' title='bbox 581 3885 650 3924; x_wconf 80' lang='grc' dir='ltr'>ΔΙ)</span> <span class='ocrx_word' id='word_1_409' title='bbox 691 3879 1084 3922; x_wconf 67' lang='grc' dir='ltr'>ΑΠΑΒΒΕΗΟΝΕΠ</span> <span class='ocrx_word' id='word_1_410' title='bbox 1122 3877 1382 3917; x_wconf 68' lang='lat' dir='ltr'>RBIORUM</span> <span class='ocrx_word' id='word_1_411' title='bbox 1419 3874 1908 3917; x_wconf 72' lang='lat' dir='ltr'>ARCHIEPISCOPUII.</span> 
     </span>
    </p>
   </div>
   <div class='ocr_carea' id='block_1_72' title="bbox 512 3957 2052 4034">
    <p class='ocr_par' dir='ltr' id='par_1_72' title="bbox 512 3957 2052 4034">
     <span class='ocr_line' id='line_1_72' title="bbox 512 3957 2052 4034; baseline -0.006 -13"><span class='ocrx_word' id='word_1_412' title='bbox 512 3967 757 4022; x_wconf 82' lang='lat' dir='ltr'>Mantua</span> <span class='ocrx_word' id='word_1_413' title='bbox 779 3961 916 4034; x_wconf 86' lang='lat' dir='ltr'>quid</span> <span class='ocrx_word' id='word_1_414' title='bbox 943 3957 1169 4029; x_wconf 84' lang='lat' dir='ltr'>egerim</span> <span class='ocrx_word' id='word_1_415' title='bbox 1202 3973 1372 4028; x_wconf 89' lang='lat' dir='ltr'>super</span> <span class='ocrx_word' id='word_1_416' title='bbox 1402 3957 1650 4028; x_wconf 88' lang='lat' dir='ltr'>negotiis</span> <span class='ocrx_word' id='word_1_417' title='bbox 1672 3957 1888 4012; x_wconf 89' lang='lat' dir='ltr'>vestris.</span> <span class='ocrx_word' id='word_1_418' title='bbox 1905 3974 2052 4030; x_wconf 84' lang='lat' dir='ltr'>pra-</span> 
     </span>
    </p>
   </div>
   <div class='ocr_carea' id='block_1_73' title="bbox 451 4044 2052 4119">
    <p class='ocr_par' dir='ltr' id='par_1_73' title="bbox 451 4044 2052 4119">
     <span class='ocr_line' id='line_1_73' title="bbox 451 4044 2052 4119; baseline -0.004 -8"><span class='ocrx_word' id='word_1_419' title='bbox 451 4072 583 4112; x_wconf 86' lang='lat' dir='ltr'>sens</span> <span class='ocrx_word' id='word_1_420' title='bbox 610 4051 814 4106; x_wconf 84' lang='lat' dir='ltr'>melius</span> <span class='ocrx_word' id='word_1_421' title='bbox 839 4047 1132 4118; x_wconf 89' lang='lat' dir='ltr'>explicabo</span> <span class='ocrx_word' id='word_1_422' title='bbox 1156 4044 1364 4113; x_wconf 87' lang='lat' dir='ltr'>verbis,</span> <span class='ocrx_word' id='word_1_423' title='bbox 1385 4062 1562 4117; x_wconf 90' lang='lat' dir='ltr'>quam</span> <span class='ocrx_word' id='word_1_424' title='bbox 1577 4047 1781 4102; x_wconf 90' lang='lat' dir='ltr'>absens</span> <span class='ocrx_word' id='word_1_425' title='bbox 1809 4047 2052 4119; x_wconf 90' lang='lat' dir='ltr'>scriptis.</span> 
     </span>
    </p>
   </div>
   <div class='ocr_carea' id='block_1_74' title="bbox 449 4133 2058 4208">
    <p class='ocr_par' dir='ltr' id='par_1_74' title="bbox 449 4133 2058 4208">
     <span class='ocr_line' id='line_1_74' title="bbox 449 4133 2058 4208; baseline -0.006 -9"><span class='ocrx_word' id='word_1_426' title='bbox 449 4146 648 4201; x_wconf 85' lang='lat' dir='ltr'>Claves</span> <span class='ocrx_word' id='word_1_427' title='bbox 675 4139 957 4193; x_wconf 89' lang='lat' dir='ltr'>librorum</span> <span class='ocrx_word' id='word_1_428' title='bbox 993 4152 1134 4207; x_wconf 88' lang='lat' dir='ltr'>quas</span> <span class='ocrx_word' id='word_1_429' title='bbox 1177 4133 1468 4189; x_wconf 90' lang='lat' dir='ltr'>mitterem</span> <span class='ocrx_word' id='word_1_430' title='bbox 1504 4133 1786 4206; x_wconf 87' lang='lat' dir='ltr'>ignoravi,</span> <span class='ocrx_word' id='word_1_431' title='bbox 1819 4140 2058 4208; x_wconf 86' lang='lat' dir='ltr'>propter</span> 
     </span>
    </p>
   </div>
   <div class='ocr_carea' id='block_1_75' title="bbox 446 4223 2056 4288">
    <p class='ocr_par' dir='ltr' id='par_1_75' title="bbox 446 4223 2056 4288">
     <span class='ocr_line' id='line_1_75' title="bbox 446 4223 2056 4288; baseline -0.006 0"><span class='ocrx_word' id='word_1_432' title='bbox 446 4243 826 4288; x_wconf 90' lang='lat' dir='ltr'>communem</span> <span class='ocrx_word' id='word_1_433' title='bbox 841 4241 1006 4279; x_wconf 91' lang='lat' dir='ltr'>usum</span> <span class='ocrx_word' id='word_1_434' title='bbox 1023 4223 1294 4278; x_wconf 88' lang='lat' dir='ltr'>similium</span> <span class='ocrx_word' id='word_1_435' title='bbox 1317 4223 1906 4279; x_wconf 85' lang='lat' dir='ltr'>serarum.llistoriam</span> <span class='ocrx_word' id='word_1_436' title='bbox 1925 4224 2056 4279; x_wconf 77' lang='lat' dir='ltr'>Julii</span> 
     </span>
    </p>
   </div>
   <div class='ocr_carea' id='block_1_76' title="bbox 450 4311 2054 4375">
    <p class='ocr_par' dir='ltr' id='par_1_76' title="bbox 450 4311 2054 4375">
     <span class='ocr_line' id='line_1_76' title="bbox 450 4311 2054 4375; baseline -0.006 0"><span class='ocrx_word' id='word_1_437' title='bbox 450 4315 686 4375; x_wconf 80' lang='lat' dir='ltr'>Casaris</span> <span class='ocrx_word' id='word_1_438' title='bbox 702 4332 736 4368; x_wconf 91' lang='lat' dir='ltr'>a</span> <span class='ocrx_word' id='word_1_439' title='bbox 755 4312 992 4368; x_wconf 91' lang='lat' dir='ltr'>domino</span> <span class='ocrx_word' id='word_1_440' title='bbox 1023 4313 1212 4366; x_wconf 88' lang='lat' dir='ltr'>Azone</span> <span class='ocrx_word' id='word_1_441' title='bbox 1240 4312 1446 4366; x_wconf 88' lang='lat' dir='ltr'>abbate</span> <span class='ocrx_word' id='word_1_442' title='bbox 1469 4311 1738 4366; x_wconf 89' lang='lat' dir='ltr'>Dervensi</span> <span class='ocrx_word' id='word_1_443' title='bbox 1767 4312 1839 4366; x_wconf 89' lang='lat' dir='ltr'>ad</span> <span class='ocrx_word' id='word_1_444' title='bbox 1855 4311 2054 4366; x_wconf 89' lang='lat' dir='ltr'>rescri-</span> 
     </span>
    </p>
   </div>
   <div class='ocr_carea' id='block_1_77' title="bbox 2145 3236 3759 3312">
    <p class='ocr_par' dir='ltr' id='par_1_77' title="bbox 2145 3236 3759 3312">
     <span class='ocr_line' id='line_1_77' title="bbox 2145 3236 3759 3312; baseline -0.001 -16"><span class='ocrx_word' id='word_1_445' title='bbox 2145 3241 2320 3296; x_wconf 85' lang='lat' dir='ltr'>ltalia</span> <span class='ocrx_word' id='word_1_446' title='bbox 2347 3237 2734 3312; x_wconf 90' lang='lat' dir='ltr'>possessiones</span> <span class='ocrx_word' id='word_1_447' title='bbox 2760 3237 2941 3292; x_wconf 88' lang='lat' dir='ltr'>beatis</span> <span class='ocrx_word' id='word_1_448' title='bbox 2969 3236 3311 3292; x_wconf 85' lang='lat' dir='ltr'>Columbani</span> <span class='ocrx_word' id='word_1_449' title='bbox 3329 3253 3447 3292; x_wconf 90' lang='lat' dir='ltr'>non</span> <span class='ocrx_word' id='word_1_450' title='bbox 3468 3239 3759 3296; x_wconf 81' lang='lat' dir='ltr'>continet?</span> 
     </span>
    </p>
   </div>
   <div class='ocr_carea' id='block_1_78' title="bbox 2145 3325 3766 3402">
    <p class='ocr_par' dir='ltr' id='par_1_78' title="bbox 2145 3325 3766 3402">
     <span class='ocr_line' id='line_1_78' title="bbox 2145 3325 3766 3402; baseline -0.002 -15"><span class='ocrx_word' id='word_1_451' title='bbox 2145 3331 2261 3387; x_wconf 88' lang='lat' dir='ltr'>Hoc</span> <span class='ocrx_word' id='word_1_452' title='bbox 2277 3328 2508 3402; x_wconf 90' lang='lat' dir='ltr'>quidem</span> <span class='ocrx_word' id='word_1_453' title='bbox 2523 3326 2601 3382; x_wconf 89' lang='lat' dir='ltr'>ita</span> <span class='ocrx_word' id='word_1_454' title='bbox 2619 3344 2684 3382; x_wconf 87' lang='lat' dir='ltr'>ex</span> <span class='ocrx_word' id='word_1_455' title='bbox 2700 3327 2965 3400; x_wconf 88' lang='lat' dir='ltr'>largitate</span> <span class='ocrx_word' id='word_1_456' title='bbox 2977 3325 3448 3382; x_wconf 85' lang='lat' dir='ltr'>etbenevolentia</span> <span class='ocrx_word' id='word_1_457' title='bbox 3460 3327 3766 3384; x_wconf 84' lang='lat' dir='ltr'>nostriCa-</span> 
     </span>
    </p>
   </div>
   <div class='ocr_carea' id='block_1_79' title="bbox 2146 3414 3761 3492">
    <p class='ocr_par' dir='ltr' id='par_1_79' title="bbox 2146 3414 3761 3492">
     <span class='ocr_line' id='line_1_79' title="bbox 2146 3414 3761 3492; baseline -0.002 -16"><span class='ocrx_word' id='word_1_458' title='bbox 2146 3417 2308 3486; x_wconf 88' lang='lat' dir='ltr'>saris,</span> <span class='ocrx_word' id='word_1_459' title='bbox 2327 3417 2563 3473; x_wconf 88' lang='lat' dir='ltr'>fortuna</span> <span class='ocrx_word' id='word_1_460' title='bbox 2588 3431 2724 3492; x_wconf 83' lang='lat' dir='ltr'>vero</span> <span class='ocrx_word' id='word_1_461' title='bbox 2757 3415 2924 3470; x_wconf 89' lang='lat' dir='ltr'>aliter</span> <span class='ocrx_word' id='word_1_462' title='bbox 2973 3415 3238 3470; x_wconf 88' lang='lat' dir='ltr'>instituit.</span> <span class='ocrx_word' id='word_1_463' title='bbox 3273 3414 3607 3472; x_wconf 92' lang='lat' dir='ltr'>Secundum</span> <span class='ocrx_word' id='word_1_464' title='bbox 3634 3434 3761 3472; x_wconf 89' lang='lat' dir='ltr'>am-</span> 
     </span>
    </p>
   </div>
   <div class='ocr_carea' id='block_1_80' title="bbox 2149 3501 3765 3582">
    <p class='ocr_par' dir='ltr' id='par_1_80' title="bbox 2149 3501 3765 3582">
     <span class='ocr_line' id='line_1_80' title="bbox 2149 3501 3765 3582; baseline -0.002 -19"><span class='ocrx_word' id='word_1_465' title='bbox 2149 3507 2496 3582; x_wconf 89' lang='lat' dir='ltr'>plitudinem</span> <span class='ocrx_word' id='word_1_466' title='bbox 2529 3505 2740 3578; x_wconf 88' lang='lat' dir='ltr'>quippe</span> <span class='ocrx_word' id='word_1_467' title='bbox 2771 3503 2938 3560; x_wconf 89' lang='lat' dir='ltr'>amici</span> <span class='ocrx_word' id='word_1_468' title='bbox 2971 3503 3087 3558; x_wconf 90' lang='lat' dir='ltr'>mei</span> <span class='ocrx_word' id='word_1_469' title='bbox 3119 3501 3488 3576; x_wconf 85' lang='lat' dir='ltr'>amplissimis</span> <span class='ocrx_word' id='word_1_470' title='bbox 3508 3520 3604 3560; x_wconf 89' lang='lat' dir='ltr'>me</span> <span class='ocrx_word' id='word_1_471' title='bbox 3627 3521 3765 3561; x_wconf 73' lang='lat' dir='ltr'>one~</span> 
     </span>
    </p>
   </div>
   <div class='ocr_carea' id='block_1_81' title="bbox 2151 3592 3766 3666">
    <p class='ocr_par' dir='ltr' id='par_1_81' title="bbox 2151 3592 3766 3666">
     <span class='ocr_line' id='line_1_81' title="bbox 2151 3592 3766 3666; baseline -0.003 -14"><span class='ocrx_word' id='word_1_472' title='bbox 2151 3595 2734 3652; x_wconf 86' lang='lat' dir='ltr'>ravithostibus.Nam</span> <span class='ocrx_word' id='word_1_473' title='bbox 2757 3611 2882 3666; x_wconf 86' lang='lat' dir='ltr'>qua</span> <span class='ocrx_word' id='word_1_474' title='bbox 2897 3609 3029 3665; x_wconf 90' lang='lat' dir='ltr'>pars</span> <span class='ocrx_word' id='word_1_475' title='bbox 3045 3592 3220 3648; x_wconf 89' lang='lat' dir='ltr'>Italia</span> <span class='ocrx_word' id='word_1_476' title='bbox 3251 3609 3412 3648; x_wconf 90' lang='lat' dir='ltr'>meos</span> <span class='ocrx_word' id='word_1_477' title='bbox 3435 3609 3555 3648; x_wconf 90' lang='lat' dir='ltr'>non</span> <span class='ocrx_word' id='word_1_478' title='bbox 3585 3593 3766 3648; x_wconf 87' lang='lat' dir='ltr'>habet</span> 
     </span>
    </p>
   </div>
   <div class='ocr_carea' id='block_1_82' title="bbox 2152 3681 3766 3754">
    <p class='ocr_par' dir='ltr' id='par_1_82' title="bbox 2152 3681 3766 3754">
     <span class='ocr_line' id='line_1_82' title="bbox 2152 3681 3766 3754; baseline -0.002 -14"><span class='ocrx_word' id='word_1_479' title='bbox 2152 3685 2346 3740; x_wconf 88' lang='lat' dir='ltr'>hostes</span> <span class='ocrx_word' id='word_1_480' title='bbox 2365 3683 2393 3739; x_wconf 75' lang='lat' dir='ltr'><strong>‘I</strong></span> <span class='ocrx_word' id='word_1_481' title='bbox 2411 3683 2566 3738; x_wconf 89' lang='lat' dir='ltr'>Vires</span> <span class='ocrx_word' id='word_1_482' title='bbox 2581 3699 2726 3738; x_wconf 82' lang='lat' dir='ltr'>mea</span> <span class='ocrx_word' id='word_1_483' title='bbox 2741 3681 2994 3754; x_wconf 91' lang='lat' dir='ltr'>impares</span> <span class='ocrx_word' id='word_1_484' title='bbox 3017 3685 3153 3736; x_wconf 90' lang='lat' dir='ltr'>sunt</span> <span class='ocrx_word' id='word_1_485' title='bbox 3177 3681 3390 3736; x_wconf 90' lang='lat' dir='ltr'>viribus</span> <span class='ocrx_word' id='word_1_486' title='bbox 3402 3681 3602 3737; x_wconf 87' lang='lat' dir='ltr'>Italia.</span> <span class='ocrx_word' id='word_1_487' title='bbox 3619 3681 3766 3738; x_wconf 78' lang='lat' dir='ltr'>Con-</span> 
     </span>
    </p>
   </div>
   <div class='ocr_carea' id='block_1_83' title="bbox 2155 3769 3762 3845">
    <p class='ocr_par' dir='ltr' id='par_1_83' title="bbox 2155 3769 3762 3845">
     <span class='ocr_line' id='line_1_83' title="bbox 2155 3769 3762 3845; baseline -0.002 -16"><span class='ocrx_word' id='word_1_488' title='bbox 2155 3773 2296 3829; x_wconf 90' lang='lat' dir='ltr'>ditio</span> <span class='ocrx_word' id='word_1_489' title='bbox 2335 3771 2490 3845; x_wconf 89' lang='lat' dir='ltr'>pacis</span> <span class='ocrx_word' id='word_1_490' title='bbox 2528 3771 2652 3827; x_wconf 88' lang='lat' dir='ltr'>hac</span> <span class='ocrx_word' id='word_1_491' title='bbox 2682 3773 2786 3838; x_wconf 91' lang='lat' dir='ltr'>est,</span> <span class='ocrx_word' id='word_1_492' title='bbox 2819 3770 2864 3825; x_wconf 91' lang='lat' dir='ltr'>si</span> <span class='ocrx_word' id='word_1_493' title='bbox 2895 3770 3171 3844; x_wconf 87' lang='lat' dir='ltr'>spoliatus</span> <span class='ocrx_word' id='word_1_494' title='bbox 3197 3770 3380 3826; x_wconf 90' lang='lat' dir='ltr'>servio</span> <span class='ocrx_word' id='word_1_495' title='bbox 3406 3769 3582 3828; x_wconf 87' lang='lat' dir='ltr'>ferire</span> <span class='ocrx_word' id='word_1_496' title='bbox 3611 3769 3762 3826; x_wconf 84' lang='lat' dir='ltr'>desi-</span> 
     </span>
    </p>
   </div>
   <div class='ocr_carea' id='block_1_84' title="bbox 2155 3858 3766 3932">
    <p class='ocr_par' dir='ltr' id='par_1_84' title="bbox 2155 3858 3766 3932">
     <span class='ocr_line' id='line_1_84' title="bbox 2155 3858 3766 3932; baseline -0.002 -15"><span class='ocrx_word' id='word_1_497' title='bbox 2155 3866 2319 3930; x_wconf 89' lang='lat' dir='ltr'>nent,</span> <span class='ocrx_word' id='word_1_498' title='bbox 2351 3861 2618 3916; x_wconf 87' lang='lat' dir='ltr'>vestitum</span> <span class='ocrx_word' id='word_1_499' title='bbox 2650 3859 2919 3915; x_wconf 90' lang='lat' dir='ltr'>districtis</span> <span class='ocrx_word' id='word_1_500' title='bbox 2939 3863 3358 3932; x_wconf 88' lang='lat' dir='ltr'>persequentur</span> <span class='ocrx_word' id='word_1_501' title='bbox 3382 3858 3588 3931; x_wconf 88' lang='lat' dir='ltr'>gladiis</span> <span class='ocrx_word' id='word_1_502' title='bbox 3618 3876 3635 3928; x_wconf 85' lang='lat'><strong>;</strong></span> <span class='ocrx_word' id='word_1_503' title='bbox 3667 3858 3766 3914; x_wconf 93' lang='lat' dir='ltr'>ubi</span> 
     </span>
    </p>
   </div>
   <div class='ocr_carea' id='block_1_85' title="bbox 2154 3948 3764 4024">
    <p class='ocr_par' dir='ltr' id='par_1_85' title="bbox 2154 3948 3764 4024">
     <span class='ocr_line' id='line_1_85' title="bbox 2154 3948 3764 4024; baseline -0.002 -18"><span class='ocrx_word' id='word_1_504' title='bbox 2154 3951 2346 4024; x_wconf 86' lang='lat' dir='ltr'>gladio</span> <span class='ocrx_word' id='word_1_505' title='bbox 2365 3950 2536 4005; x_wconf 86' lang='lat' dir='ltr'>ferire</span> <span class='ocrx_word' id='word_1_506' title='bbox 2550 3948 3095 4021; x_wconf 87' lang='lat' dir='ltr'>nequibunt,jaculis</span> <span class='ocrx_word' id='word_1_507' title='bbox 3118 3948 3427 4002; x_wconf 86' lang='lat' dir='ltr'>verborum</span> <span class='ocrx_word' id='word_1_508' title='bbox 3462 3951 3764 4020; x_wconf 88' lang='lat' dir='ltr'>appetent.</span> 
     </span>
    </p>
   </div>
   <div class='ocr_carea' id='block_1_86' title="bbox 2155 4035 3766 4110">
    <p class='ocr_par' dir='ltr' id='par_1_86' title="bbox 2155 4035 3766 4110">
     <span class='ocr_line' id='line_1_86' title="bbox 2155 4035 3766 4110; baseline -0.002 -15"><span class='ocrx_word' id='word_1_509' title='bbox 2155 4041 2576 4096; x_wconf 87' lang='lat' dir='ltr'>Contemnetur</span> <span class='ocrx_word' id='word_1_510' title='bbox 2595 4037 2908 4110; x_wconf 88' lang='lat' dir='ltr'>imperialis</span> <span class='ocrx_word' id='word_1_511' title='bbox 2931 4037 3221 4108; x_wconf 74' lang='lat' dir='ltr'>maiestas,</span> <span class='ocrx_word' id='word_1_512' title='bbox 3249 4052 3378 4091; x_wconf 90' lang='lat' dir='ltr'>cum</span> <span class='ocrx_word' id='word_1_513' title='bbox 3407 4035 3466 4092; x_wconf 91' lang='lat' dir='ltr'>in</span> <span class='ocrx_word' id='word_1_514' title='bbox 3496 4053 3616 4106; x_wconf 87' lang='lat' dir='ltr'>me,</span> <span class='ocrx_word' id='word_1_515' title='bbox 3639 4039 3766 4092; x_wconf 89' lang='lat' dir='ltr'>tum</span> 
     </span>
    </p>
   </div>
   <div class='ocr_carea' id='block_1_87' title="bbox 2155 4124 3766 4200">
    <p class='ocr_par' dir='ltr' id='par_1_87' title="bbox 2155 4124 3766 4200">
     <span class='ocr_line' id='line_1_87' title="bbox 2155 4124 3766 4200; baseline -0.003 -16"><span class='ocrx_word' id='word_1_516' title='bbox 2155 4130 2216 4184; x_wconf 91' lang='lat' dir='ltr'>in</span> <span class='ocrx_word' id='word_1_517' title='bbox 2246 4128 2431 4200; x_wconf 89' lang='lat' dir='ltr'>seipsa</span> <span class='ocrx_word' id='word_1_518' title='bbox 2460 4128 2518 4182; x_wconf 90' lang='lat' dir='ltr'>in</span> <span class='ocrx_word' id='word_1_519' title='bbox 2552 4126 2826 4183; x_wconf 90' lang='lat' dir='ltr'>divisione</span> <span class='ocrx_word' id='word_1_520' title='bbox 2856 4125 3163 4181; x_wconf 90' lang='lat' dir='ltr'>sanctuarii</span> <span class='ocrx_word' id='word_1_521' title='bbox 3195 4124 3426 4180; x_wconf 90' lang='lat' dir='ltr'>Domini</span> <span class='ocrx_word' id='word_1_522' title='bbox 3446 4125 3766 4180; x_wconf 88' lang='lat' dir='ltr'>secundum</span> 
     </span>
    </p>
   </div>
   <div class='ocr_carea' id='block_1_88' title="bbox 2155 4213 3768 4289">
    <p class='ocr_par' dir='ltr' id='par_1_88' title="bbox 2155 4213 3768 4289">
     <span class='ocr_line' id='line_1_88' title="bbox 2155 4213 3768 4289; baseline -0.003 -15"><span class='ocrx_word' id='word_1_523' title='bbox 2155 4217 2464 4274; x_wconf 89' lang='lat' dir='ltr'>libellarias</span> <span class='ocrx_word' id='word_1_524' title='bbox 2492 4218 2648 4289; x_wconf 88' lang='lat' dir='ltr'>leges</span> <span class='ocrx_word' id='word_1_525' title='bbox 2679 4216 2862 4271; x_wconf 78' lang='lat' dir='ltr'>facta:</span> <span class='ocrx_word' id='word_1_526' title='bbox 2895 4215 3029 4288; x_wconf 89' lang='lat' dir='ltr'>quia</span> <span class='ocrx_word' id='word_1_527' title='bbox 3058 4213 3385 4274; x_wconf 82' lang='lat' dir='ltr'>consentire</span> <span class='ocrx_word' id='word_1_528' title='bbox 3408 4215 3568 4284; x_wconf 90' lang='lat' dir='ltr'>nolo,</span> <span class='ocrx_word' id='word_1_529' title='bbox 3593 4214 3768 4286; x_wconf 85' lang='lat' dir='ltr'>perﬁ-</span> 
     </span>
    </p>
   </div>
   <div class='ocr_carea' id='block_1_89' title="bbox 2157 4302 3769 4376">
    <p class='ocr_par' dir='ltr' id='par_1_89' title="bbox 2157 4302 3769 4376">
     <span class='ocr_line' id='line_1_89' title="bbox 2157 4302 3769 4376; baseline -0.002 -14"><span class='ocrx_word' id='word_1_530' title='bbox 2157 4307 2282 4374; x_wconf 83' lang='lat' dir='ltr'>dus,</span> <span class='ocrx_word' id='word_1_531' title='bbox 2300 4306 2566 4374; x_wconf 88' lang='lat' dir='ltr'>crudelis,</span> <span class='ocrx_word' id='word_1_532' title='bbox 2581 4309 2856 4376; x_wconf 87' lang='lat' dir='ltr'>tyrannus</span> <span class='ocrx_word' id='word_1_533' title='bbox 2884 4303 3286 4376; x_wconf 87' lang='lat' dir='ltr'>cognominor.</span> <span class='ocrx_word' id='word_1_534' title='bbox 3301 4303 3424 4374; x_wconf 89' lang='lat' dir='ltr'>Ipse</span> <span class='ocrx_word' id='word_1_535' title='bbox 3439 4302 3632 4358; x_wconf 72' lang='lat' dir='ltr'>Caesar</span> <span class='ocrx_word' id='word_1_536' title='bbox 3645 4319 3769 4359; x_wconf 80' lang='lat' dir='ltr'>om-</span> 
     </span>
    </p>
   </div>
   <div class='ocr_carea' id='block_1_90' title="bbox 449 4391 3769 4472">
    <p class='ocr_par' dir='ltr' id='par_1_90' title="bbox 449 4391 3769 4472">
     <span class='ocr_line' id='line_1_90' title="bbox 449 4391 3769 4472; baseline -0.005 -9"><span class='ocrx_word' id='word_1_537' title='bbox 449 4405 706 4464; x_wconf 89' lang='lat' dir='ltr'>bendum</span> <span class='ocrx_word' id='word_1_538' title='bbox 733 4400 896 4456; x_wconf 89' lang='lat' dir='ltr'>nobis</span> <span class='ocrx_word' id='word_1_539' title='bbox 920 4399 1218 4472; x_wconf 89' lang='lat' dir='ltr'>acquirite,</span> <span class='ocrx_word' id='word_1_540' title='bbox 1238 4402 1300 4454; x_wconf 90' lang='lat' dir='ltr'>ut</span> <span class='ocrx_word' id='word_1_541' title='bbox 1329 4415 1631 4472; x_wconf 89' lang='lat' dir='ltr'>vos,penes</span> <span class='ocrx_word' id='word_1_542' title='bbox 1656 4417 1798 4472; x_wconf 88' lang='lat' dir='ltr'>quos</span> <span class='ocrx_word' id='word_1_543' title='bbox 1825 4417 1930 4456; x_wconf 89' lang='lat' dir='ltr'>nos</span> <span class='ocrx_word' id='word_1_544' title='bbox 1953 4401 2054 4454; x_wconf 89' lang='lat' dir='ltr'>ha-</span> <span class='ocrx_word' id='word_1_545' title='bbox 2077 4391 2132 4450; x_wconf 89' lang='lat' dir='ltr'>D</span> <span class='ocrx_word' id='word_1_546' title='bbox 2159 4397 2318 4452; x_wconf 88' lang='lat' dir='ltr'>nium</span> <span class='ocrx_word' id='word_1_547' title='bbox 2347 4395 2650 4450; x_wconf 88' lang='lat' dir='ltr'>hominum</span> <span class='ocrx_word' id='word_1_548' title='bbox 2681 4392 3208 4459; x_wconf 87' lang='lat' dir='ltr'>excellentissimus,</span> <span class='ocrx_word' id='word_1_549' title='bbox 3238 4407 3273 4446; x_wconf 89' lang='lat' dir='ltr'>a</span> <span class='ocrx_word' id='word_1_550' title='bbox 3301 4391 3587 4446; x_wconf 87' lang='lat' dir='ltr'>fureiferis</span> <span class='ocrx_word' id='word_1_551' title='bbox 3608 4392 3769 4448; x_wconf 90' lang='lat' dir='ltr'>asino</span> 
     </span>
    </p>
   </div>
   <div class='ocr_carea' id='block_1_91' title="bbox 435 4488 2060 4562">
    <p class='ocr_par' dir='ltr' id='par_1_91' title="bbox 435 4488 2060 4562">
     <span class='ocr_line' id='line_1_91' title="bbox 435 4488 2060 4562; baseline -0.004 -11"><span class='ocrx_word' id='word_1_552' title='bbox 435 4497 675 4559; x_wconf 83' lang='lat' dir='ltr'>~bemus,</span> <span class='ocrx_word' id='word_1_553' title='bbox 700 4490 980 4556; x_wconf 87' lang='lat' dir='ltr'>habeatis,</span> <span class='ocrx_word' id='word_1_554' title='bbox 999 4493 1056 4544; x_wconf 90' lang='lat' dir='ltr'>et</span> <span class='ocrx_word' id='word_1_555' title='bbox 1073 4489 1228 4560; x_wconf 86' lang='lat' dir='ltr'>quod</span> <span class='ocrx_word' id='word_1_556' title='bbox 1251 4489 1569 4562; x_wconf 87' lang='lat' dir='ltr'>reperimus</span> <span class='ocrx_word' id='word_1_557' title='bbox 1590 4489 1850 4560; x_wconf 88' lang='lat' dir='ltr'>speretis,</span> <span class='ocrx_word' id='word_1_558' title='bbox 1884 4488 1944 4544; x_wconf 90' lang='lat' dir='ltr'>id</span> <span class='ocrx_word' id='word_1_559' title='bbox 1975 4493 2060 4544; x_wconf 89' lang='lat' dir='ltr'>est</span> 
     </span>
    </p>
   </div>
   <div class='ocr_carea' id='block_1_92' title="bbox 430 4577 2061 4650">
    <p class='ocr_par' dir='ltr' id='par_1_92' title="bbox 430 4577 2061 4650">
     <span class='ocr_line' id='line_1_92' title="bbox 430 4577 2061 4650; baseline -0.005 -11"><span class='ocrx_word' id='word_1_560' title='bbox 430 4586 583 4640; x_wconf 42' lang='lat' dir='ltr'>.octo</span> <span class='ocrx_word' id='word_1_561' title='bbox 612 4579 908 4636; x_wconf 89' lang='lat' dir='ltr'>volumina</span> <span class='ocrx_word' id='word_1_562' title='bbox 933 4577 1111 4634; x_wconf 87' lang='lat' dir='ltr'>Boetii</span> <span class='ocrx_word' id='word_1_563' title='bbox 1139 4577 1210 4633; x_wconf 91' lang='lat' dir='ltr'>de</span> <span class='ocrx_word' id='word_1_564' title='bbox 1251 4578 1584 4650; x_wconf 86' lang='lat' dir='ltr'>astrologia,</span> <span class='ocrx_word' id='word_1_565' title='bbox 1619 4577 2061 4648; x_wconf 82' lang='lat' dir='ltr'>praclarissima</span> 
     </span>
    </p>
   </div>
   <div class='ocr_carea' id='block_1_93' title="bbox 453 4665 2063 4746">
    <p class='ocr_par' dir='ltr' id='par_1_93' title="bbox 453 4665 2063 4746">
     <span class='ocr_line' id='line_1_93' title="bbox 453 4665 2063 4746; baseline -0.006 -17"><span class='ocrx_word' id='word_1_566' title='bbox 453 4687 684 4746; x_wconf 84' lang='lat' dir='ltr'>quoque</span> <span class='ocrx_word' id='word_1_567' title='bbox 713 4670 1032 4741; x_wconf 87' lang='lat' dir='ltr'>ﬁgurarum</span> <span class='ocrx_word' id='word_1_568' title='bbox 1072 4667 1431 4738; x_wconf 81' lang='lat' dir='ltr'>geometria,</span> <span class='ocrx_word' id='word_1_569' title='bbox 1469 4667 1695 4740; x_wconf 88' lang='lat' dir='ltr'>aliaque</span> <span class='ocrx_word' id='word_1_570' title='bbox 1724 4683 1842 4722; x_wconf 89' lang='lat' dir='ltr'>non</span> <span class='ocrx_word' id='word_1_571' title='bbox 1869 4665 2063 4721; x_wconf 89' lang='lat' dir='ltr'>minus</span> 
     </span>
    </p>
   </div>
   <div class='ocr_carea' id='block_1_94' title="bbox 454 4757 2065 4818">
    <p class='ocr_par' dir='ltr' id='par_1_94' title="bbox 454 4757 2065 4818">
     <span class='ocr_line' id='line_1_94' title="bbox 454 4757 2065 4818; baseline -0.004 0"><span class='ocrx_word' id='word_1_572' title='bbox 454 4759 820 4818; x_wconf 83' lang='lat' dir='ltr'>admiranda.</span> <span class='ocrx_word' id='word_1_573' title='bbox 855 4757 1170 4812; x_wconf 87' lang='lat' dir='ltr'>Fortunam</span> <span class='ocrx_word' id='word_1_574' title='bbox 1189 4757 1446 4811; x_wconf 90' lang='lat' dir='ltr'>nostram</span> <span class='ocrx_word' id='word_1_575' title='bbox 1472 4757 1593 4812; x_wconf 91' lang='lat' dir='ltr'>sola</span> <span class='ocrx_word' id='word_1_576' title='bbox 1615 4758 1804 4811; x_wconf 84' lang='lat' dir='ltr'>vestra</span> <span class='ocrx_word' id='word_1_577' title='bbox 1829 4757 2065 4811; x_wconf 84' lang='lat' dir='ltr'>contur-</span> 
     </span>
    </p>
   </div>
   <div class='ocr_carea' id='block_1_95' title="bbox 427 4843 1464 4917">
    <p class='ocr_par' dir='ltr' id='par_1_95' title="bbox 427 4843 1464 4917">
     <span class='ocr_line' id='line_1_95' title="bbox 427 4843 1464 4917; baseline -0.009 -10"><span class='ocrx_word' id='word_1_578' title='bbox 427 4851 554 4908; x_wconf 45' lang='lat' dir='ltr'>obat</span> <span class='ocrx_word' id='word_1_579' title='bbox 582 4846 845 4904; x_wconf 89' lang='lat' dir='ltr'>absentia</span> <span class='ocrx_word' id='word_1_580' title='bbox 869 4849 1182 4916; x_wconf 90' lang='lat' dir='ltr'>noctesque</span> <span class='ocrx_word' id='word_1_581' title='bbox 1208 4843 1464 4917; x_wconf 88' lang='lat' dir='ltr'>diesque.</span> 
     </span>
    </p>
   </div>
   <div class='ocr_carea' id='block_1_96' title="bbox 1027 4951 1494 5010">
    <p class='ocr_par' dir='ltr' id='par_1_96' title="bbox 1027 4951 1494 5010">
     <span class='ocr_line' id='line_1_96' title="bbox 1027 4951 1494 5010; baseline 0.006 -4"><span class='ocrx_word' id='word_1_582' title='bbox 1027 4951 1361 5007; x_wconf 82' lang='lat' dir='ltr'>EPISTOLA</span> <span class='ocrx_word' id='word_1_583' title='bbox 1410 4953 1494 5010; x_wconf 79' lang='lat' dir='ltr'>IX.</span> 
     </span>
    </p>
   </div>
   <div class='ocr_carea' id='block_1_97' title="bbox 865 5057 1652 5098">
    <p class='ocr_par' dir='ltr' id='par_1_97' title="bbox 865 5057 1652 5098">
     <span class='ocr_line' id='line_1_97' title="bbox 865 5057 1652 5098; baseline -0.004 0"><span class='ocrx_word' id='word_1_584' title='bbox 865 5059 934 5098; x_wconf 87' lang='lat' dir='ltr'>AD</span> <span class='ocrx_word' id='word_1_585' title='bbox 977 5059 1006 5095; x_wconf 73' lang='grc' dir='ltr'><strong>(ἱ</strong></span> <span class='ocrx_word' id='word_1_586' title='bbox 1018 5057 1336 5096; x_wconf 71' lang='lat' dir='ltr'><strong>ISILBERTUH</strong></span> <span class='ocrx_word' id='word_1_587' title='bbox 1381 5057 1552 5096; x_wconf 76' lang='lat' dir='ltr'><strong>ABBAT</strong></span> <span class='ocrx_word' id='word_1_588' title='bbox 1561 5057 1630 5096; x_wconf 69' lang='grc' dir='ltr'>ΕΠ</span> <span class='ocrx_word' id='word_1_589' title='bbox 1639 5080 1652 5095; x_wconf 79' lang='grc' dir='ltr'><strong>ο</strong></span> 
     </span>
    </p>
   </div>
   <div class='ocr_carea' id='block_1_98' title="bbox 530 5129 2066 5201">
    <p class='ocr_par' dir='ltr' id='par_1_98' title="bbox 530 5129 2066 5201">
     <span class='ocr_line' id='line_1_98' title="bbox 530 5129 2066 5201; baseline -0.003 -11"><span class='ocrx_word' id='word_1_590' title='bbox 530 5134 588 5190; x_wconf 88' lang='lat' dir='ltr'>Si</span> <span class='ocrx_word' id='word_1_591' title='bbox 614 5134 762 5189; x_wconf 88' lang='lat' dir='ltr'>bene</span> <span class='ocrx_word' id='word_1_592' title='bbox 793 5131 991 5187; x_wconf 90' lang='lat' dir='ltr'>valetis</span> <span class='ocrx_word' id='word_1_593' title='bbox 1019 5130 1361 5201; x_wconf 86' lang='lat' dir='ltr'>gaudemus.</span> <span class='ocrx_word' id='word_1_594' title='bbox 1383 5129 1772 5201; x_wconf 88' lang='lat' dir='ltr'>Indigentiam</span> <span class='ocrx_word' id='word_1_595' title='bbox 1815 5132 2066 5186; x_wconf 89' lang='lat' dir='ltr'>vestram</span> 
     </span>
    </p>
   </div>
   <div class='ocr_carea' id='block_1_99' title="bbox 458 5217 2066 5296">
    <p class='ocr_par' dir='ltr' id='par_1_99' title="bbox 458 5217 2066 5296">
     <span class='ocr_line' id='line_1_99' title="bbox 458 5217 2066 5296; baseline -0.002 -18"><span class='ocrx_word' id='word_1_596' title='bbox 458 5227 732 5296; x_wconf 87' lang='lat' dir='ltr'>putamus</span> <span class='ocrx_word' id='word_1_597' title='bbox 756 5223 1015 5276; x_wconf 86' lang='lat' dir='ltr'>nostram</span> <span class='ocrx_word' id='word_1_598' title='bbox 1051 5234 1062 5274; x_wconf 92' lang='lat'>:</span> <span class='ocrx_word' id='word_1_599' title='bbox 1098 5235 1275 5290; x_wconf 89' lang='lat' dir='ltr'>quam</span> <span class='ocrx_word' id='word_1_600' title='bbox 1301 5217 1656 5290; x_wconf 90' lang='lat' dir='ltr'>patimur,ut</span> <span class='ocrx_word' id='word_1_601' title='bbox 1682 5218 1943 5274; x_wconf 88' lang='lat' dir='ltr'>relevctis</span> <span class='ocrx_word' id='word_1_602' title='bbox 1971 5235 2066 5274; x_wconf 90' lang='lat' dir='ltr'>ro-</span> 
     </span>
    </p>
   </div>
   <div class='ocr_carea' id='block_1_100' title="bbox 461 5307 2070 5384">
    <p class='ocr_par' dir='ltr' id='par_1_100' title="bbox 461 5307 2070 5384">
     <span class='ocr_line' id='line_1_100' title="bbox 461 5307 2070 5384; baseline -0.002 -17"><span class='ocrx_word' id='word_1_603' title='bbox 461 5328 688 5384; x_wconf 87' lang='lat' dir='ltr'>gamus.</span> <span class='ocrx_word' id='word_1_604' title='bbox 723 5313 802 5366; x_wconf 90' lang='lat' dir='ltr'><strong>Dc</strong></span> <span class='ocrx_word' id='word_1_605' title='bbox 833 5309 1048 5364; x_wconf 88' lang='lat' dir='ltr'>morbis</span> <span class='ocrx_word' id='word_1_606' title='bbox 1077 5325 1143 5364; x_wconf 91' lang='lat' dir='ltr'>ac</span> <span class='ocrx_word' id='word_1_607' title='bbox 1174 5307 1448 5362; x_wconf 89' lang='lat' dir='ltr'>remediis</span> <span class='ocrx_word' id='word_1_608' title='bbox 1501 5308 1832 5364; x_wconf 89' lang='lat' dir='ltr'>occulorum</span> <span class='ocrx_word' id='word_1_609' title='bbox 1862 5308 2070 5365; x_wconf 88' lang='lat' dir='ltr'>Demo-</span> 
     </span>
    </p>
   </div>
   <div class='ocr_carea' id='block_1_101' title="bbox 425 5395 2070 5470">
    <p class='ocr_par' dir='ltr' id='par_1_101' title="bbox 425 5395 2070 5470">
     <span class='ocr_line' id='line_1_101' title="bbox 425 5395 2070 5470; baseline -0.004 -11"><span class='ocrx_word' id='word_1_610' title='bbox 425 5402 692 5468; x_wconf 74' lang='lat' dir='ltr'>sthenes</span> <span class='ocrx_word' id='word_1_611' title='bbox 721 5398 1092 5470; x_wconf 85' lang='lat' dir='ltr'>philosophus</span> <span class='ocrx_word' id='word_1_612' title='bbox 1123 5396 1335 5450; x_wconf 90' lang='lat' dir='ltr'>librum</span> <span class='ocrx_word' id='word_1_613' title='bbox 1379 5395 1576 5465; x_wconf 88' lang='lat' dir='ltr'>edidit,</span> <span class='ocrx_word' id='word_1_614' title='bbox 1609 5415 1705 5469; x_wconf 81' lang='lat' dir='ltr'>qui</span> <span class='ocrx_word' id='word_1_615' title='bbox 1743 5396 2070 5452; x_wconf 87' lang='lat' dir='ltr'>inscribitur</span> 
     </span>
    </p>
   </div>
   <div class='ocr_carea' id='block_1_102' title="bbox 420 5483 2066 5560">
    <p class='ocr_par' dir='ltr' id='par_1_102' title="bbox 420 5483 2066 5560">
     <span class='ocr_line' id='line_1_102' title="bbox 420 5483 2066 5560; baseline 0.002 -24"><span class='ocrx_word' id='word_1_616' title='bbox 420 5529 426 5536; x_wconf 88' lang='lat'>.</span> <span class='ocrx_word' id='word_1_617' title='bbox 462 5487 957 5560; x_wconf 79' lang='lat' dir='ltr'>Ophthalmicus;ej</span> <span class='ocrx_word' id='word_1_618' title='bbox 971 5503 1033 5539; x_wconf 91' lang='lat' dir='ltr'>us</span> <span class='ocrx_word' id='word_1_619' title='bbox 1049 5483 1398 5557; x_wconf 90' lang='lat' dir='ltr'>principium</span> <span class='ocrx_word' id='word_1_620' title='bbox 1420 5485 1463 5539; x_wconf 92' lang='lat' dir='ltr'>si</span> <span class='ocrx_word' id='word_1_621' title='bbox 1484 5485 1736 5552; x_wconf 88' lang='lat' dir='ltr'>habetis,</span> <span class='ocrx_word' id='word_1_622' title='bbox 1763 5483 2066 5556; x_wconf 88' lang='lat' dir='ltr'>habemus,</span> 
     </span>
    </p>
   </div>
   <div class='ocr_carea' id='block_1_103' title="bbox 417 5571 2068 5658">
    <p class='ocr_par' dir='ltr' id='par_1_103' title="bbox 417 5571 2068 5658">
     <span class='ocr_line' id='line_1_103' title="bbox 417 5571 2068 5658; baseline -0.001 -24"><span class='ocrx_word' id='word_1_623' title='bbox 417 5653 422 5658; x_wconf 21' lang='lat'><strong>‘</strong></span> <span class='ocrx_word' id='word_1_624' title='bbox 459 5578 743 5652; x_wconf 87' lang='lat' dir='ltr'>simulque</span> <span class='ocrx_word' id='word_1_625' title='bbox 774 5577 954 5634; x_wconf 89' lang='lat' dir='ltr'>ﬁnem</span> <span class='ocrx_word' id='word_1_626' title='bbox 987 5571 1276 5630; x_wconf 88' lang='lat' dir='ltr'>Ciceronis</span> <span class='ocrx_word' id='word_1_627' title='bbox 1305 5588 1410 5647; x_wconf 90' lang='lat' dir='ltr'>pro</span> <span class='ocrx_word' id='word_1_628' title='bbox 1455 5589 1594 5648; x_wconf 83' lang='lat' dir='ltr'>rege</span> <span class='ocrx_word' id='word_1_629' title='bbox 1633 5573 1926 5649; x_wconf 87' lang='lat' dir='ltr'>Dejotaro.</span> <span class='ocrx_word' id='word_1_630' title='bbox 1961 5573 2068 5632; x_wconf 80' lang='lat' dir='ltr'>Va-</span> 
     </span>
    </p>
   </div>
   <div class='ocr_carea' id='block_1_104' title="bbox 454 5665 594 5728">
    <p class='ocr_par' dir='ltr' id='par_1_104' title="bbox 454 5665 594 5728">
     <span class='ocr_line' id='line_1_104' title="bbox 454 5665 594 5728; baseline 0.014 -2"><span class='ocrx_word' id='word_1_631' title='bbox 454 5665 594 5728; x_wconf 78' lang='lat' dir='ltr'>lete.</span> 
     </span>
    </p>
   </div>
   <div class='ocr_carea' id='block_1_105' title="bbox 2159 4479 3771 4558">
    <p class='ocr_par' dir='ltr' id='par_1_105' title="bbox 2159 4479 3771 4558">
     <span class='ocr_line' id='line_1_105' title="bbox 2159 4479 3771 4558; baseline -0.003 -17"><span class='ocrx_word' id='word_1_632' title='bbox 2159 4487 2510 4558; x_wconf 86' lang='lat' dir='ltr'>coaquatur.</span> <span class='ocrx_word' id='word_1_633' title='bbox 2536 4483 2579 4538; x_wconf 94' lang='grc' dir='ltr'><strong>Ο</strong></span> <span class='ocrx_word' id='word_1_634' title='bbox 2600 4481 2923 4537; x_wconf 90' lang='lat' dir='ltr'>amicorum</span> <span class='ocrx_word' id='word_1_635' title='bbox 2945 4479 3252 4536; x_wconf 83' lang='lat' dir='ltr'>ﬁdissime!</span> <span class='ocrx_word' id='word_1_636' title='bbox 3275 4497 3348 4535; x_wconf 91' lang='lat' dir='ltr'>ne</span> <span class='ocrx_word' id='word_1_637' title='bbox 3375 4479 3612 4536; x_wconf 86' lang='lat' dir='ltr'>deseras</span> <span class='ocrx_word' id='word_1_638' title='bbox 3631 4480 3771 4536; x_wconf 85' lang='lat' dir='ltr'>ami-</span> 
     </span>
    </p>
   </div>
   <div class='ocr_carea' id='block_1_106' title="bbox 2161 4569 3770 4642">
    <p class='ocr_par' dir='ltr' id='par_1_106' title="bbox 2161 4569 3770 4642">
     <span class='ocr_line' id='line_1_106' title="bbox 2161 4569 3770 4642; baseline -0.004 -13"><span class='ocrx_word' id='word_1_639' title='bbox 2161 4591 2292 4630; x_wconf 89' lang='lat' dir='ltr'>cum</span> <span class='ocrx_word' id='word_1_640' title='bbox 2305 4571 2542 4628; x_wconf 90' lang='lat' dir='ltr'>consilio</span> <span class='ocrx_word' id='word_1_641' title='bbox 2564 4575 2622 4626; x_wconf 91' lang='lat' dir='ltr'>et</span> <span class='ocrx_word' id='word_1_642' title='bbox 2639 4570 3197 4626; x_wconf 85' lang='lat' dir='ltr'>auxilio.Recordare</span> <span class='ocrx_word' id='word_1_643' title='bbox 3223 4569 3380 4642; x_wconf 89' lang='lat' dir='ltr'>quod</span> <span class='ocrx_word' id='word_1_644' title='bbox 3396 4574 3452 4626; x_wconf 91' lang='lat' dir='ltr'>te</span> <span class='ocrx_word' id='word_1_645' title='bbox 3483 4569 3770 4626; x_wconf 89' lang='lat' dir='ltr'>oraverim</span> 
     </span>
    </p>
   </div>
   <div class='ocr_carea' id='block_1_107' title="bbox 2162 4659 3772 4732">
    <p class='ocr_par' dir='ltr' id='par_1_107' title="bbox 2162 4659 3772 4732">
     <span class='ocr_line' id='line_1_107' title="bbox 2162 4659 3772 4732; baseline -0.004 -12"><span class='ocrx_word' id='word_1_646' title='bbox 2162 4682 2258 4720; x_wconf 90' lang='lat' dir='ltr'>me</span> <span class='ocrx_word' id='word_1_647' title='bbox 2285 4664 2456 4718; x_wconf 91' lang='lat' dir='ltr'>malle</span> <span class='ocrx_word' id='word_1_648' title='bbox 2487 4679 2606 4718; x_wconf 88' lang='lat' dir='ltr'>esse</span> <span class='ocrx_word' id='word_1_649' title='bbox 2631 4661 2877 4716; x_wconf 88' lang='lat' dir='ltr'>militem</span> <span class='ocrx_word' id='word_1_650' title='bbox 2905 4659 2965 4714; x_wconf 90' lang='lat' dir='ltr'>in</span> <span class='ocrx_word' id='word_1_651' title='bbox 2999 4660 3334 4717; x_wconf 87' lang='lat' dir='ltr'>Casarianis</span> <span class='ocrx_word' id='word_1_652' title='bbox 3364 4659 3566 4716; x_wconf 89' lang='lat' dir='ltr'>castris</span> <span class='ocrx_word' id='word_1_653' title='bbox 3598 4675 3772 4732; x_wconf 87' lang='lat' dir='ltr'>quam</span> 
     </span>
    </p>
   </div>
   <div class='ocr_carea' id='block_1_108' title="bbox 2163 4750 2788 4828">
    <p class='ocr_par' dir='ltr' id='par_1_108' title="bbox 2163 4750 2788 4828">
     <span class='ocr_line' id='line_1_108' title="bbox 2163 4750 2788 4828; baseline -0.006 -18"><span class='ocrx_word' id='word_1_654' title='bbox 2163 4769 2365 4828; x_wconf 87' lang='lat' dir='ltr'>regem</span> <span class='ocrx_word' id='word_1_655' title='bbox 2396 4751 2456 4808; x_wconf 90' lang='lat' dir='ltr'>in</span> <span class='ocrx_word' id='word_1_656' title='bbox 2483 4750 2788 4808; x_wconf 86' lang='lat' dir='ltr'>extraneis.</span> 
     </span>
    </p>
   </div>
   <div class='ocr_carea' id='block_1_109' title="bbox 2713 4858 3196 4916">
    <p class='ocr_par' dir='ltr' id='par_1_109' title="bbox 2713 4858 3196 4916">
     <span class='ocr_line' id='line_1_109' title="bbox 2713 4858 3196 4916; baseline 0 -2"><span class='ocrx_word' id='word_1_657' title='bbox 2713 4858 3050 4916; x_wconf 78' lang='lat' dir='ltr'>EPISTOLA</span> <span class='ocrx_word' id='word_1_658' title='bbox 3078 4859 3196 4914; x_wconf 81' lang='lat' dir='ltr'>XIII</span> 
     </span>
    </p>
   </div>
   <div class='ocr_carea' id='block_1_110' title="bbox 2335 4960 3606 5008">
    <p class='ocr_par' dir='ltr' id='par_1_110' title="bbox 2335 4960 3606 5008">
     <span class='ocr_line' id='line_1_110' title="bbox 2335 4960 3606 5008; baseline -0.002 0"><span class='ocrx_word' id='word_1_659' title='bbox 2335 4967 2405 5008; x_wconf 86' lang='lat' dir='ltr'>AD</span> <span class='ocrx_word' id='word_1_660' title='bbox 2433 4964 2707 5006; x_wconf 77' lang='lat' dir='ltr'>ECBEIITUII</span> <span class='ocrx_word' id='word_1_661' title='bbox 2729 4963 3184 5004; x_wconf 76' lang='lat' dir='ltr'>ARCIIIEPISCOPUII</span> <span class='ocrx_word' id='word_1_662' title='bbox 3207 4960 3606 5006; x_wconf 63' lang='lat' dir='ltr'>TREVIRENSEH.</span> 
     </span>
    </p>
   </div>
   <div class='ocr_carea' id='block_1_111' title="bbox 2237 5036 3777 5110">
    <p class='ocr_par' dir='ltr' id='par_1_111' title="bbox 2237 5036 3777 5110">
     <span class='ocr_line' id='line_1_111' title="bbox 2237 5036 3777 5110; baseline -0.003 -13"><span class='ocrx_word' id='word_1_663' title='bbox 2237 5038 2498 5097; x_wconf 81' lang='lat' dir='ltr'>Vestram</span> <span class='ocrx_word' id='word_1_664' title='bbox 2537 5038 2894 5107; x_wconf 83' lang='lat' dir='ltr'>felicitatem,</span> <span class='ocrx_word' id='word_1_665' title='bbox 2925 5036 3180 5110; x_wconf 89' lang='lat' dir='ltr'>gloriam</span> <span class='ocrx_word' id='word_1_666' title='bbox 3229 5036 3630 5092; x_wconf 90' lang='lat' dir='ltr'>existimamus</span> <span class='ocrx_word' id='word_1_667' title='bbox 3663 5051 3777 5092; x_wconf 80' lang='lat' dir='ltr'>esse</span> 
     </span>
    </p>
   </div>
   <div class='ocr_carea' id='block_1_112' title="bbox 2167 5124 3781 5199">
    <p class='ocr_par' dir='ltr' id='par_1_112' title="bbox 2167 5124 3781 5199">
     <span class='ocr_line' id='line_1_112' title="bbox 2167 5124 3781 5199; baseline -0.004 -14"><span class='ocrx_word' id='word_1_668' title='bbox 2167 5131 2448 5186; x_wconf 88' lang='lat' dir='ltr'>nostram.</span> <span class='ocrx_word' id='word_1_669' title='bbox 2464 5127 3006 5184; x_wconf 88' lang='lat' dir='ltr'>Incommoditatem</span> <span class='ocrx_word' id='word_1_670' title='bbox 3029 5127 3074 5181; x_wconf 89' lang='lat' dir='ltr'>si</span> <span class='ocrx_word' id='word_1_671' title='bbox 3089 5143 3264 5199; x_wconf 89' lang='lat' dir='ltr'>quam</span> <span class='ocrx_word' id='word_1_672' title='bbox 3285 5124 3781 5194; x_wconf 86' lang='lat' dir='ltr'>sustinetis,simul</span> 
     </span>
    </p>
   </div>
   <div class='ocr_carea' id='block_1_113' title="bbox 2165 5213 3779 5293">
    <p class='ocr_par' dir='ltr' id='par_1_113' title="bbox 2165 5213 3779 5293">
     <span class='ocr_line' id='line_1_113' title="bbox 2165 5213 3779 5293; baseline -0.002 -19"><span class='ocrx_word' id='word_1_673' title='bbox 2165 5218 2443 5293; x_wconf 88' lang='lat' dir='ltr'>patimur.</span> <span class='ocrx_word' id='word_1_674' title='bbox 2467 5217 2700 5274; x_wconf 88' lang='lat' dir='ltr'>Domini</span> <span class='ocrx_word' id='word_1_675' title='bbox 2734 5216 2916 5273; x_wconf 89' lang='lat' dir='ltr'>nostri</span> <span class='ocrx_word' id='word_1_676' title='bbox 2941 5215 3030 5272; x_wconf 84' lang='lat' dir='ltr'>Ca</span> <span class='ocrx_word' id='word_1_677' title='bbox 3050 5215 3193 5270; x_wconf 88' lang='lat' dir='ltr'>saris</span> <span class='ocrx_word' id='word_1_678' title='bbox 3210 5213 3779 5287; x_wconf 87' lang='lat' dir='ltr'>magnanimitatem,</span> 
     </span>
    </p>
   </div>
   <div class='ocr_carea' id='block_1_114' title="bbox 2165 5301 3786 5380">
    <p class='ocr_par' dir='ltr' id='par_1_114' title="bbox 2165 5301 3786 5380">
     <span class='ocr_line' id='line_1_114' title="bbox 2165 5301 3786 5380; baseline -0.007 -13"><span class='ocrx_word' id='word_1_679' title='bbox 2165 5307 2545 5367; x_wconf 86' lang='lat' dir='ltr'>intentionem</span> <span class='ocrx_word' id='word_1_680' title='bbox 2556 5306 2894 5380; x_wconf 89' lang='lat' dir='ltr'>,appetitum</span> <span class='ocrx_word' id='word_1_681' title='bbox 2907 5305 3194 5360; x_wconf 92' lang='lat' dir='ltr'>bonorum</span> <span class='ocrx_word' id='word_1_682' title='bbox 3209 5303 3465 5358; x_wconf 84' lang='lat' dir='ltr'>virorum</span> <span class='ocrx_word' id='word_1_683' title='bbox 3478 5301 3786 5376; x_wconf 86' lang='lat' dir='ltr'>superemi-</span> 
     </span>
    </p>
   </div>
   <div class='ocr_carea' id='block_1_115' title="bbox 2169 5393 3785 5468">
    <p class='ocr_par' dir='ltr' id='par_1_115' title="bbox 2169 5393 3785 5468">
     <span class='ocr_line' id='line_1_115' title="bbox 2169 5393 3785 5468; baseline -0.004 -14"><span class='ocrx_word' id='word_1_684' title='bbox 2169 5403 2409 5454; x_wconf 86' lang='lat' dir='ltr'>nentem</span> <span class='ocrx_word' id='word_1_685' title='bbox 2436 5396 2802 5468; x_wconf 90' lang='lat' dir='ltr'>eognovistis.</span> <span class='ocrx_word' id='word_1_686' title='bbox 2821 5393 3074 5450; x_wconf 91' lang='lat' dir='ltr'>Proinde</span> <span class='ocrx_word' id='word_1_687' title='bbox 3097 5394 3142 5450; x_wconf 88' lang='lat' dir='ltr'>si</span> <span class='ocrx_word' id='word_1_688' title='bbox 3169 5393 3502 5450; x_wconf 85' lang='lat' dir='ltr'>deliberatis</span> <span class='ocrx_word' id='word_1_689' title='bbox 3525 5412 3600 5450; x_wconf 88' lang='lat' dir='ltr'>an</span> <span class='ocrx_word' id='word_1_690' title='bbox 3633 5395 3785 5450; x_wconf 59' lang='lat' dir='ltr'>scbm</span> 
     </span>
    </p>
   </div>
   <div class='ocr_carea' id='block_1_116' title="bbox 2165 5481 3781 5558">
    <p class='ocr_par' dir='ltr' id='par_1_116' title="bbox 2165 5481 3781 5558">
     <span class='ocr_line' id='line_1_116' title="bbox 2165 5481 3781 5558; baseline -0.004 -14"><span class='ocrx_word' id='word_1_691' title='bbox 2165 5485 2700 5544; x_wconf 89' lang='lat' dir='ltr'>Iastieosinltaliam</span> <span class='ocrx_word' id='word_1_692' title='bbox 2734 5484 2807 5539; x_wconf 88' lang='lat' dir='ltr'>ad</span> <span class='ocrx_word' id='word_1_693' title='bbox 2835 5500 2940 5538; x_wconf 85' lang='lat' dir='ltr'>nos</span> <span class='ocrx_word' id='word_1_694' title='bbox 2956 5500 3134 5556; x_wconf 87' lang='lat' dir='ltr'>usque</span> <span class='ocrx_word' id='word_1_695' title='bbox 3158 5481 3446 5558; x_wconf 76' lang='lat' dir='ltr'>dirigatis,</span> <span class='ocrx_word' id='word_1_696' title='bbox 3479 5484 3781 5540; x_wconf 89' lang='lat' dir='ltr'>consilium</span> 
     </span>
    </p>
   </div>
   <div class='ocr_carea' id='block_1_117' title="bbox 2166 5571 3782 5648">
    <p class='ocr_par' dir='ltr' id='par_1_117' title="bbox 2166 5571 3782 5648">
     <span class='ocr_line' id='line_1_117' title="bbox 2166 5571 3782 5648; baseline -0.002 -15"><span class='ocrx_word' id='word_1_697' title='bbox 2166 5579 2433 5634; x_wconf 89' lang='lat' dir='ltr'>nostrum</span> <span class='ocrx_word' id='word_1_698' title='bbox 2463 5574 2521 5630; x_wconf 90' lang='lat' dir='ltr'>in</span> <span class='ocrx_word' id='word_1_699' title='bbox 2551 5575 2750 5648; x_wconf 88' lang='lat' dir='ltr'>aperto</span> <span class='ocrx_word' id='word_1_700' title='bbox 2777 5571 3050 5647; x_wconf 85' lang='lat' dir='ltr'>est;quod</span> <span class='ocrx_word' id='word_1_701' title='bbox 3065 5571 3371 5630; x_wconf 89' lang='lat' dir='ltr'>laudabitis</span> <span class='ocrx_word' id='word_1_702' title='bbox 3394 5572 3782 5647; x_wconf 86' lang='lat' dir='ltr'>laudabimus,</span> 
     </span>
    </p>
   </div>
   <div class='ocr_carea' id='block_1_118' title="bbox 2170 5662 2856 5742">
    <p class='ocr_par' dir='ltr' id='par_1_118' title="bbox 2170 5662 2856 5742">
     <span class='ocr_line' id='line_1_118' title="bbox 2170 5662 2856 5742; baseline 0 -22"><span class='ocrx_word' id='word_1_703' title='bbox 2170 5663 2327 5742; x_wconf 85' lang='lat' dir='ltr'>quod</span> <span class='ocrx_word' id='word_1_704' title='bbox 2355 5663 2552 5720; x_wconf 87' lang='lat' dir='ltr'>feretis</span> <span class='ocrx_word' id='word_1_705' title='bbox 2580 5662 2856 5720; x_wconf 85' lang='lat' dir='ltr'>feremus.</span> 
     </span>
    </p>
   </div>
  </div>
