3918 6230
132 446 216 503 ’833

673 572 1008 629 EPISTOLA
1043 574 1174 629 XIV.

630 687 699 725 AD
742 687 913 726 PAPAI
948 687 1213 727 JOANNBH.

187 776 505 834 Beatissimo
539 794 711 850 papas
759 779 953 834 JOANNI
985 780 1302 835 Geneanrrs
1334 783 1453 837 solo
1488 783 1724 839 nomine

127 866 279 921 officii
321 866 626 921 Bobiensis
658 868 905 922 coenobii
936 868 1129 924 abbas.
1168 868 1289 932 Quo
1314 886 1408 925 me
1456 875 1676 927 vertam
1698 874 1726 928 ?

123 956 250 1024 proh
263 954 475 1025 pudor!
515 955 733 1010 Sedem
747 957 1123 1026 apostolicam
1141 959 1184 1011 si
1203 959 1723 1029 appello,irridcor,

122 1059 212 1097 nec
235 1043 303 1097 ad
323 1059 419 1098 vos
448 1047 700 1114 propter
720 1044 908 1098 hostes
936 1046 1024 1098 est
1052 1045 1318 1100 veniendi
1338 1046 1596 1115 facultas,
1620 1066 1725 1103 nec

121 1131 180 1185 de
201 1131 349 1185 Italia
372 1131 723 1202 egrediendi
753 1133 933 1186 libera
947 1137 1218 1203 potestas.
1249 1134 1453 1189 Morari
1470 1136 1722 1206 difficile,

119 1219 325 1291 quando
342 1236 449 1273 nec
463 1220 527 1273 in
549 1221 908 1275 monasterio
928 1236 1033 1275 nec
1058 1225 1220 1276 extra
1230 1222 1545 1295 quidquam
1559 1226 1724 1279 nobis

118 1308 355 1362 relictum
385 1311 493 1375 est,
528 1312 755 1379 printer
779 1309 1000 1381 virgam
1022 1312 1375 1381 pastoralem
1405 1314 1466 1366 et
1486 1317 1717 1384 aposto-

114 1397 263 1451 licam
288 1398 789 1453 benedictionem.
818 1399 1131 1454 Dominam
1162 1400 1421 1468 Imizam,
1456 1401 1590 1473 quia
1618 1418 1716 1457 vos

115 1485 297 1558 diligit,
331 1486 657 1558 diligimus.
689 1488 802 1541 Per
832 1504 961 1542 eam
985 1488 1151 1543 nobis
1175 1491 1235 1543 et
1264 1489 1479 1544 nuntiis
1505 1494 1563 1544 et
1591 1490 1711 1562 epi-

112 1574 255 1628 stolis
298 1574 704 1645 significabitis
760 1575 1044 1648 quidquid
1090 1593 1196 1631 nos
1223 1577 1411 1632 facere
1458 1578 1706 1635 voletis:

113 1662 371 1736 simulque
392 1679 502 1719 nos
527 1679 644 1735 per
672 1680 805 1719 eam
836 1664 995 1719 vobis
1024 1665 1306 1737 quidquid
1352 1666 1423 1721 de
1471 1670 1622 1721 statu
1651 1671 1710 1722 et

114 1752 387 1807 molimine
399 1768 733 1824 regnorum
745 1754 1186 1824 cognoverimus
1198 1758 1386 1811 vestra
1406 1755 1703 1811 interesse.

108 1838 296 1898 Valete.

662 1950 999 2007 EPISTOLA
1027 1951 1133 2006 XV.

474 2065 547 2104 AD
590 2066 952 2105 PETROALDUM
994 2064 1308 2105 MONACHUM.

164 2154 888 2229 Magnamintelligentiam
914 2160 1095 2223 tuam,
1114 2156 1311 2223 frater,
1352 2173 1429 2213 ne
1456 2158 1701 2214 turbent

110 2241 384 2299 ﬂuitantia.
416 2244 525 2309 Qui
544 2249 603 2300 te
627 2245 921 2317 quondam
938 2246 1243 2300 florentem
1262 2246 1571 2301 Dominum
1591 2249 1699 2302 cla-

109 2331 318 2386 mabant
346 2337 403 2388 et
428 2336 694 2405 patrem,
719 2350 871 2388 nunc
901 2350 1241 2388 conservum
1274 2335 1488 2389 habere
1538 2335 1696 2390 dedi-

108 2423 330 2490 gnantur
356 2424 413 2475 et
441 2438 680 2492 parem.
698 2422 834 2477 Sors
863 2422 1062 2477 omnia
1084 2425 1292 2481 versat.
1320 2425 1381 2477 In
1405 2424 1611 2479 dandis
1641 2428 1700 2480 et

108 2508 437 2579 accipiendis,
469 2514 535 2565 ut
562 2511 922 2565 monachum
977 2511 1141 2565 decet
1169 2515 1227 2565 et
1274 2512 1447 2580 nosti;
1504 2515 1702 2567 nostra

106 2593 306 2651 licentia
326 2601 508 2653 utere.
537 2599 629 2654 Ne
660 2599 917 2670 negligas
940 2599 1095 2670 quod
1122 2599 1502 2669 coudiximus,
1538 2605 1599 2657 ut
1622 2602 1701 2656 tui

109 2686 425 2742 memoriam
455 2687 927 2761 frequentiorem
967 2688 1305 2745 habeamus.

636 2811 971 2867 EPISTOLA
1008 2814 1137 2869 XVI.

301 2917 368 2955 AD
406 2916 708 2956 GBRALDUM
746 2917 990 2956 ΑΒΒΛἸἙΠ
1026 2917 1478 2960 AURILIACENSEII.

167 3003 384 3073 Occidit,
415 3007 657 3075 occidit,
699 3008 779 3062 mi
831 3009 1022 3077 Pater,
1075 3012 1256 3065 status
1313 3010 1694 3067 Ecclesiarum

108 3091 328 3150 Domini.
360 3097 622 3168 Respuh.
645 3096 835 3166 periit,
849 3097 1239 3153 sanctuarium
1255 3098 1486 3154 Domini
1500 3116 1697 3171 perva-

111 3178 259 3251 ditur,
282 3186 525 3257 populus
546 3185 756 3256 prmda
784 3184 850 3238 fit
877 3185 1150 3242 hostium.
1202 3186 1467 3255 Consule,
1500 3189 1688 3257 Pater,
1721 3186 1769 3248 C

111 3283 205 3339 quo
232 3288 319 3327 me
347 3276 713 3328 convertam.
742 3274 941 3329 Milites
969 3275 1205 3347 quidem
1256 3276 1370 3332 mei
1394 3293 1559 3333 arma
1605 3295 1693 3333 sus

110 3370 263 3428 mere,
284 3365 463 3417 castra
494 3362 735 3417 munire
758 3362 963 3434 parati.
991 3364 1107 3418 Sed
1137 3381 1264 3436 quin
1292 3381 1420 3437 spes
1448 3365 1570 3421 sine
1609 3383 1696 3422 re-

109 3447 241 3501 ctore
267 3450 480 3520 patrita,
504 3467 649 3505 cum
671 3450 869 3518 fidem,
904 3468 1115 3515 mores,
1143 3452 1387 3521 animos,
1414 3472 1691 3527 quorum-

106 3532 219 3589 dam
229 3537 490 3594 Italorum
506 3556 928 3610 pernoscamus
940 3541 967 3595 ‘I
990 3541 1273 3597 Cessimus
1287 3559 1425 3615 ergo
1441 3544 1691 3601 fortunae

102 3623 365 3697 studiaque
379 3633 587 3684 nostra
602 3631 867 3699 tempore
890 3629 1443 3699 intermissa,animo
1461 3637 1692 3689 retenta

100 3713 399 3783 repetimus,
451 3716 670 3788 quibus
699 3716 743 3770 si
774 3717 961 3788 placet
1004 3718 1348 3790 magistrum
1390 3721 1688 3791 quondam

102 3804 334 3858 nostrum
388 3805 793 3860 Raimundum
865 3806 1147 3861 interesse
1197 3808 1481 3880 cupimus,
1540 3809 1687 3864 inte-

100 3887 194 3942 rim
213 3890 341 3947 dum
387 3894 512 3949 Kal.
572 3894 983 3949 Decembribus
1035 3895 1281 3951 Romam
1338 3896 1449 3952 iter
1503 3898 1689 3955 inten-

102 3975 295 4035 damus.

608 4087 946 4146 EPISTOLA
982 4091 1136 4145 XVII.

706 4196 774 4233 AD
814 4194 1053 4234 εωωειι.

158 4276 311 4338 Pater
337 4301 502 4341 meus
528 4284 818 4341 Adalbero
845 4286 1162 4342 Remorum
1210 4285 1677 4363 archiepiscopus

100 4381 183 4422 vos
208 4370 345 4428 bene
368 4375 559 4429 valere
591 4374 766 4445 cupit.
802 4376 859 4429 et
889 4374 1025 4446 quia
1037 4378 1287 4431 vestram
1307 4378 1680 4447 praesentiam

99 4470 199 4511 non
218 4460 370 4529 adiit,
401 4462 774 4518 conturbatio
797 4478 1112 4535 regnorum
1132 4464 1287 4532 fecit,
1305 4465 1679 4539 specialisque
1700 4473 1753 4532 D

99 4549 277 4602 contra
298 4565 459 4606 suam
485 4549 801 4606 Ecclesiam
831 4551 1146 4607 commotio
1161 4553 1447 4608 Heriberti
1464 4554 1678 4611 Tricas-

96 4631 207 4701 sini,
231 4641 284 4691 et
332 4639 558 4696 Ottonis
613 4639 839 4695 comitis
888 4640 990 4695 filii
1028 4641 1324 4697 Tedbaldi.
1361 4642 1468 4707 Qui
1500 4648 1678 4702 status

94 4735 382 4793 regnorum
424 4744 606 4799 penes
634 4744 733 4784 vos
769 4728 842 4783 sit
871 4729 1014 4784 scire
1064 4730 1243 4802 cupit,
1294 4733 1352 4786 et
1381 4748 1455 4787 an
1489 4733 1671 4805 Hugo,

95 4825 248 4880 quem
271 4820 449 4872 vestra
473 4818 677 4890 lingua
718 4818 1144 4874 abbacomitem
1192 4820 1399 4889 dicitis,
1432 4839 1670 4880 uxorem

95 4895 309 4958 duxerit.
331 4904 468 4970 Quae
488 4922 595 4962 sua
619 4909 752 4962 sunt
782 4911 979 4962 nostra
1029 4910 1250 4981 putate,
1274 4912 1332 4965 et
1363 4926 1436 4965 ne
1483 4915 1672 4969 vestra

94 4988 246 5054 gratis
272 4998 522 5065 appetat,
572 4995 711 5066 quid
748 4995 832 5050 sui
863 4996 1023 5052 vobis
1046 4998 1270 5070 placeat
1323 4998 1664 5070 significate.

92 5072 191 5131 Hoc
216 5080 391 5153 signo,
423 5101 629 5157 sagum
666 5085 886 5140 lineum
917 5101 1229 5157 operosum
1257 5088 1418 5144 vobis
1465 5090 1666 5161 mittit,

94 5161 217 5219 sicut
238 5169 370 5225 olim
394 5188 500 5243 per
523 5176 773 5229 vestrum
802 5175 1110 5230 Airardum
1137 5177 1383 5233 alterum
1406 5178 1665 5249 miserat,

93 5253 176 5307 sed
193 5256 435 5325 planum.
466 5263 546 5317 De
579 5264 1056 5333 multiplicatione
1075 5269 1134 5319 et
1153 5265 1429 5322 divisione
1460 5285 1666 5325 nume.

92 5353 266 5398 rerum
310 5347 563 5405 libellum
597 5367 631 5405 a
658 5351 866 5423 Joseph
926 5353 1177 5424 Hispano
1211 5354 1432 5411 editum
1491 5358 1667 5414 abbas

94 5426 406 5491 Guarnerius
446 5455 626 5511 penes
657 5455 754 5494 vos
810 5442 1062 5514 reliquit,
1112 5443 1235 5514 ejus
1281 5447 1578 5518 exemplar
1606 5448 1667 5503 in

96 5529 374 5607 commune
399 5542 690 5599 rogamus.
712 5528 769 5583 Si
799 5530 1000 5586 limina
1020 5532 1323 5588 beatorum
1341 5534 1589 5607 Remigii
1611 5540 1670 5592 et

92 5598 320 5683 Dionysii
347 5598 512 5671 datur
523 5615 685 5672 vobis
699 5617 860 5691 copia
873 5618 1126 5690 videndi,
1146 5622 1351 5679 nuntio
1368 5598 1667 5699 praemisso

92 5699 269 5761 Vestris
290 5703 544 5784 alloquiis
583 5707 901 5786 poterimus
927 5711 1339 5776 condolectari.

818 447 829 454 δ
896 458 903 468 ο
944 437 1248 508 "~‘SEC’t‘IO
1282 442 1330 507 ἱ.
1369 483 1440 495 -
1475 452 1656 510 ANTE
1694 442 1980 517 summ
2020 458 2541 524 PONTIFICATUM.

1745 588 1802 645 Α
2354 591 2688 648 EPISTOLA
2723 592 2905 653 XVIII.
2974 620 2981 631 ι

1726 1905 1779 1964 Β

3328 484 3429 540 2οὐ

2285 705 2352 741 ΑΙ)
2386 707 2615 746 FRATRES
2654 709 2965 755 BOBIENSES.

1888 788 2182 860 Scriptura
2210 798 2409 849 sancta
2446 796 2585 852 dicit
2618 815 2630 852 :
2656 798 2766 865 Qui
2790 802 2911 869 ﬁcte
2940 804 3251 873 Dominum,
3280 824 3429 880 qum-

1826 883 1969 943 runl,
2002 896 2277 951 nunquam
2329 886 2563 939 invenire
2615 897 2941 946 mereantur.
3002 891 3108 956 Qui
3166 898 3427 966 regulam

1824 965 2004 1019 sancti
2056 967 2345 1024 Benedicti
2402 974 2641 1044 professi
2689 977 2840 1044 estis,
2874 982 2930 1033 et
2950 985 3240 1052 pastorem
3263 984 3426 1039 dese-

1824 1052 2005 1107 rendo
2027 1054 2331 1125 abjecistis,
2364 1062 2509 1115 colla
2556 1065 2815 1134 tyrannis
2839 1072 3042 1137 sponte
3072 1070 3421 1133 subdidistis.

1823 1137 1947 1193 Non
1978 1141 2049 1195 de
2080 1145 2347 1201 omnibus
2358 1148 2484 1203 dico
2502 1153 2761 1221 tyrannis
2782 1155 2977 1211 vestris
2996 1156 3251 1213 ducibus.
3272 1162 3421 1216 Ante

1824 1224 2076 1320 tribunal
2091 1230 2604 1307 Christiquomodo
2626 1256 2905 1311 apparere
2917 1245 3126 1300 vultis?
3156 1248 3282 1302 Haec
3299 1252 3420 1320 qui-

1820 1311 1954 1368 dem
1976 1332 2093 1371 non
2124 1334 2294 1375 causa
2338 1324 2628 1382 retinendi
2685 1328 2920 1385 honoris
2939 1333 3148 1401 scribo,
3197 1336 3298 1391 sed
3337 1338 3419 1393 lo-

1817 1403 2050 1471 quenda
2070 1406 2329 1480 loquens,
2349 1428 2485 1469 cura
2512 1417 2785 1486 pastorali
2802 1420 3062 1475 animam
3096 1434 3287 1480 meam
3311 1428 3415 1481 cri-

1810 1490 1969 1587 mine
1996 1494 2199 1565 libero,
2234 1516 2350 1555 non
2377 1503 2675 1559 audientes
2696 1506 3287 1583 implico.Apostolica
3302 1515 3414 1587 pri-

1808 1577 2013 1668 vilegia
2036 1587 2325 1655 revolvite,
2367 1593 2739 1649 anathemata
2764 1577 2891 1668 quas
2922 1577 3065 1655 mihi
3110 1577 3409 1658 ostenditis

1808 1666 1884 1762 ad
1902 1673 2249 1730 memoriam
2269 1678 2543 1747 reducite,
2571 1666 2805 1756 insuper
2824 1685 3125 1759 intelligite
3147 1691 3302 1762 quod
3315 1708 3405 1747 sa-

1805 1755 1886 1811 cri
1939 1774 2190 1817 canones
2245 1765 2472 1823 dicunt:
2495 1768 2605 1835 Qui
2665 1755 3128 1832 eicommum'c—atzk
3162 1755 3408 1850 quolibet

1805 1844 1960 1900 modo
2012 1864 2065 1901 se
2101 1850 2373 1921 jumerz't,
2438 1862 2922 1916 excommunicatus
2974 1866 3061 1918 sit.
3114 1865 3313 1921 Videte
3345 1867 3404 1923 in

1804 1938 2021 2025 quanto
2039 1938 2289 2008 periculo
2308 1958 2398 1997 res
2413 1948 2611 2000 vestra:
2628 1946 2748 2003 sitae
2771 1950 2907 2006 sint.
2928 1952 3404 2025 Supernusjudex

1800 2020 1975 2076 faciat
1997 2040 2094 2080 vos
2114 2044 2215 2082 sua
2232 2035 2518 2104 prmcepta
2546 2051 2915 2108 cognoscere,
2940 2043 2997 2095 et
3020 2058 3087 2095 ea
3109 2057 3281 2113 opere
3299 2043 3405 2098 im-

1799 2109 1979 2180 plere.

2370 2225 2704 2284 EPISTOLA
2741 2231 2848 2286 XIX

2223 2337 2292 2374 AD
2324 2338 2635 2381 RAINAUDAM
2667 2345 2879 2386 MONACH
2888 2348 2980 2387 UH.

1872 2409 2041 2507 Recte
2073 2416 2330 2507 quidem,
2363 2421 2544 2478 frater
2577 2431 2947 2499 conquereris
2981 2450 3153 2507 super
3179 2437 3402 2499 abbatis

1799 2499 1880 2555 tui
1903 2502 2244 2573 privatione.
2299 2510 2440 2565 Oves
2461 2512 2518 2567 in
2547 2518 2901 2575 convallibus
2927 2499 3066 2579 ante
3092 2543 3194 2583 ora
3238 2530 3400 2605 lupo-

1800 2607 1931 2646 rum
1959 2594 2174 2668 absque
2191 2603 2440 2668 pastore,
2463 2606 2732 2661 monachi
2751 2608 2810 2664 in
2824 2617 3176 2672 monasterio
3189 2594 3402 2694 absque

1800 2680 2025 2772 abbate.
2043 2683 2369 2744 Secundum
2397 2690 2539 2747 scire
2561 2696 2724 2751 tuum
2759 2701 2816 2754 et
2827 2704 3169 2772 posse,beue
3188 2711 3243 2763 te
3262 2680 3403 2766 velle

1797 2772 1855 2856 et
1882 2769 2073 2827 facere
2087 2774 2448 2846 adhortor,et
2464 2769 2880 2844 moneo.Unius
2892 2769 3028 2847 anni
3056 2794 3166 2850 tria
3181 2795 3405 2856 diversa

1795 2855 2043 2928 imperia
2067 2879 2238 2934 super
2265 2869 2317 2920 te
2346 2867 2557 2926 docent
2587 2889 2714 2944 quae
2744 2875 2918 2947 vides,
2962 2879 3189 2940 fallacia
3217 2890 3275 2941 et
3312 2855 3401 2944 in;

1797 2950 2139 3044 constantia.
2167 2953 2440 3012 Futuram
2469 2958 3028 3035 desolationem,non
3042 2974 3276 3030 tantum
3304 2994 3403 3049 pa-

1793 3034 2007 3092 rietum
2051 3043 2335 3111 quantum
2383 3047 2713 3106 animarum
2740 3034 3075 3127 ingemisce,
3108 3064 3167 3117 et
3196 3062 3267 3120 de
3297 3034 3402 3122 Do-

1797 3124 1940 3181 mini
1963 3127 2358 3188 misericordia
2390 3136 2508 3191 noli
2540 3124 2864 3211 desperare.
2900 3152 2905 3159 '

2359 3259 2693 3318 EPISTOLA
2728 3266 2830 3321 XX.

2181 3361 2251 3399 AD
2282 3362 2588 3405 ADELAIDEM
2619 3369 3009 3416 IMPERATRICEK

1861 3437 2033 3527 multa
2059 3441 2294 3512 quidem
2317 3452 2553 3515 peccata
2575 3466 2707 3505 mea
2719 3457 2852 3509 ante
2875 3457 3183 3527 Deum,sed
3195 3469 3398 3525 contra

1793 3524 2095 3617 dominam
2119 3546 2333 3599 meam,
2352 3535 2449 3605 qui
2479 3539 2600 3592 uta
2630 3540 2857 3597 servitio
2898 3524 3157 3617 repellat,
3218 3524 3397 3613 fidem

1790 3614 2139 3684 promissam
2153 3635 2454 3692 nunquam
2468 3614 3003 3694 violavi,commissa
3015 3653 3130 3691 non
3144 3614 3394 3712 prodidi,

1788 3702 2068 3773 pietatem
2088 3707 2211 3762 sine
2242 3711 2477 3767 avaritia
2501 3729 2765 3772 exercere
2791 3735 2884 3775 me
2909 3702 3189 3791 putavi.Si
3211 3702 3394 3788 erravi

1787 3791 1940 3847 circa
1967 3794 2319 3853 voluntatem
2348 3805 2594 3857 vestram
2626 3804 2764 3877 quid
2784 3809 3099 3883 modicum,
3122 3815 3259 3872 fecit
3284 3820 3393 3875 hoc

1786 3880 2251 3973 improvidentia,
2283 3906 2400 3945 non
2437 3891 2771 3952 deliberatio
2794 3898 3047 3973 :sintque
3078 3880 3237 3962 vobis
3256 3911 3391 3965 satis

1785 3972 2135 4070 continuatae
2180 3977 2306 4047 jam
2364 3979 2423 4034 in
2509 3984 2846 4054 paenitentia
2899 3988 3386 4070 Quadragesimie,

1785 4062 1938 4134 quod
1964 4068 2119 4120 certe
2158 4067 2235 4122 sic
2265 4070 2493 4127 confido
2526 4090 2667 4128 esse.
2704 4076 3008 4135 Praevaluit
3060 4062 3387 4160 advtempus'

1783 4153 2170 4222 quorumdam
2215 4158 2496 4215 nobilium
2520 4179 2841 4236 pauperum
2888 4185 3039 4226 cazca
3082 4153 3384 4249 cupiditas,

1784 4256 1937 4295 nunc
1956 4245 2268 4312 przevaleat
2297 4252 2638 4324 vestra,qua3
2665 4259 3035 4328 semperfuit,
3051 4245 3206 4320 circa
3214 4245 3384 4339 justi;

1780 4328 1934 4424 tiam_
1954 4330 2157 4424 pietas.
2192 4335 2361 4389 Favet
2389 4337 2463 4392 ad
2508 4340 2619 4395 hoc
2671 4342 2955 4415 divinitas,
3006 4367 3189 4424 regna
3214 4328 3384 4416 'vobis

1779 4419 2106 4489 cencilians,
2122 4425 2355 4495 etreges
2370 4429 2634 4496 potentes
2645 4436 2832 4489 vestro
2850 4419 3100 4508 imperio
3108 4443 3380 4505 subdens.

1776 4506 1899 4562 Mea
1916 4510 2201 4566 sententia
2239 4513 2360 4569 haec
2381 4518 2484 4573 est.
2519 4517 2704 4582 Quam
2730 4522 2907 4579 fidem
2934 4506 3077 4585 vfilio
3125 4531 3381 4594 dominre

1778 4612 1925 4652 mese
1949 4599 2017 4653 A.
2040 4600 2279 4671 servavi,
2309 4620 2436 4659 eam
2454 4606 2626 4661 matri
2650 4611 2974 4670 servabo.Si
2996 4634 3219 4692 nequeo
3235 4639 3380 4695 pra:-

1776 4702 1927 4783 sens,
1953 4691 2158 4745 saltem
2189 4692 2395 4748 absens
2419 4694 2892 4772 beneloquendo,
2915 4703 3065 4762 bene
3095 4691 3375 4783 Optanda,

1772 4774 1921 4836 bene
1951 4781 2192 4838 orando.

2324 4892 2657 4952 EPISTOLA
2691 4898 2820 4955 XXI.

2018 4997 2087 5035 AD
2116 4998 2445 5039 ECEIANNUX
2474 5001 2778 5044 PALATINUII
2808 5005 3123 5051 IONACHUH.

1842 5086 2308 5144 Benevolentiam
2322 5093 2482 5146 tuam
2497 5091 2645 5147 circa
2661 5109 2757 5148 me
2774 5096 3133 5168 sentiens,mi
3165 5098 3367 5175 frater,

1769 5176 1914 5230 tanti
1938 5176 2193 5232 hominis
2206 5180 2765 5249 gratuloramicitiae.
2800 5183 2943 5238 Eum
2972 5202 3104 5242 vere
3144 5194 3200 5246 te
3230 5208 3370 5251 con-

1767 5267 2017 5319 stantem
2042 5264 2101 5320 in
2132 5266 2246 5321 ﬁde
2272 5284 2404 5323 cum
2436 5268 2494 5323 in
2520 5286 2614 5324 me
2668 5274 2791 5326 tum
2830 5271 2890 5326 in
2928 5274 3017 5329 his
3045 5278 3142 5349 qui
3173 5297 3233 5337 se
3264 5284 3367 5342 tibi

1765 5353 2154 5421 crediderunt,
2202 5356 2420 5427 liquido
2455 5359 2878 5429 deprehensum
2900 5365 2942 5419 ‘.
2967 5365 3162 5440 Neque
3209 5374 3366 5431 enim

1766 5442 1972 5497 domus
1988 5442 2346 5498 admirabilis
2359 5444 2590 5500 feminae
2612 5452 2666 5504 te
2685 5451 2853 5506 aliter
2866 5454 3107 5513 charum
3125 5460 3369 5522 haberet

1766 5532 2048 5604 Suscipies
2085 5532 2261 5603 igitur
2289 5547 2436 5585 onus
2460 5535 2651 5604 amici,
2687 5539 2843 5597 bona
2869 5545 3044 5602 verba
3072 5565 3363 5623 suggeras,

1766 5619 2036 5764 epistolis
2041 5619 2474 5764 1:neasbenigne
2496 5620 3124 5707 interpretaberis,mea
3134 5619 3370 5719 negotia

1770 5711 1872 5764 tua
1900 5723 1977 5764 Du
2005 5723 2039 5764 a
2081 5707 2147 5764 is.
3070 5752 3083 5759 ι

1770 5711 1872 5769 tua
1899 5707 2147 5785 putabis.
3070 5752 3083 5759 ~
