3918 6230
63 5630 89 5673 25

287 452 401 529 too
1202 458 1446 529 smne
1492 456 1535 527 ι.
1580 494 1651 512 -
1690 458 1873 527 ANTE
1911 462 2198 530 summm
2236 456 2756 536 manumve.
3526 464 3632 543 alo

296 606 404 650 nec
425 584 485 648 in
514 585 685 648 illam
721 585 957 664 partem
987 584 1161 647 fidem
1192 588 1434 659 habens,
1462 606 1643 647 cacus
1671 592 1729 647 te
1760 603 1925 647 amor
1956 592 2010 653 A
2087 590 2386 650 Gravitatis
2401 593 2682 669 siquidem
2698 613 2843 655 mem
2858 594 3634 664 fuerat,maledictatuataci-

298 681 591 755 regnandi
624 680 995 736 debilitatum
1028 680 1332 753 negligere
1356 679 1565 752 coegit.
1586 681 1649 734 Et
1669 680 1807 752 quid
1823 681 1928 736 mi-

295 788 427 827 rum
460 770 507 825 si
536 770 597 825 in
631 772 912 841 nepotem
940 773 1160 842 pestem
1205 768 1288 823 tui
1327 768 1707 824 sordidissimi
1736 769 1925 824 cordis

297 859 541 927 evomis,
570 858 670 931 qui
698 862 941 913 cruenta
966 875 1143 913 manu
1174 861 1231 912 et
1254 857 1328 912 ad
1359 874 1535 911 omne
1565 858 1749 912 scelus
1775 875 1923 913 sem-

295 947 859 1022 perpromptissima
874 963 1003 1002 cum
1022 948 1313 1002 latronum
1330 962 1507 1017 grege
1521 947 1778 1001 etfurum
1803 963 1920 1002 ma-

297 1035 521 1107 nipulo,
538 1037 679 1092 dum
696 1035 865 1090 fratri
884 1040 981 1091 tuo
998 1035 1175 1090 nobili
1196 1036 1547 1089 Francorum
1564 1036 1685 1106 regi
1702 1036 1919 1091 Laudu-

296 1140 441 1179 num
453 1125 745 1179 civitatem
763 1124 1188 1195 suam,inquam
1208 1139 1697 1195 suam,nunquam
1718 1124 1915 1196 utique

296 1213 484 1277 tuam,
513 1211 646 1266 dolo
669 1212 824 1265 malo
849 1211 1196 1283 subriperes,
1216 1226 1467 1282 eumque
1489 1227 1670 1281 regno
1684 1211 1912 1266 frauda-

295 1302 486 1366 res,et
506 1298 945 1372 imperatoriam
969 1313 1257 1366 sororem,
1284 1298 1566 1370 regnique
1584 1299 1667 1353 sui
1685 1316 1916 1356 consor-

292 1391 417 1442 tem
448 1387 785 1454 iofamares,
818 1387 1042 1459 tuisque
1074 1386 1389 1441 mendaciis
1410 1385 1910 1445 commatulares‘?

293 1475 447 1530 Nihil
479 1492 741 1547 unquam
776 1474 938 1546 pensi
969 1474 1264 1541 habuistis,
1301 1473 1556 1542 dilatate,
1579 1475 1908 1544 incrassate,

292 1562 685 1635 impinguate,
708 1562 804 1635 qui
828 1580 948 1619 non
969 1567 1193 1618 secutus
1212 1567 1443 1634 patrum
1477 1567 1707 1619 tuorum
1745 1566 1911 1620 vesti-

294 1652 417 1726 gia,
444 1651 801 1723 dereliquisti
818 1651 1132 1706 Dominum
1164 1651 1448 1706 factorem
1474 1654 1660 1707 tuum.
1702 1654 1910 1709 Recor-

293 1741 437 1798 dare
454 1757 521 1797 os
543 1744 709 1795 tuum
733 1739 1043 1812 impudens
1059 1739 1286 1811 quoties
1320 1738 1500 1811 digito
1539 1757 1908 1812 compescue-

291 1829 578 1897 rim,dum
604 1829 797 1900 turpia
822 1829 880 1883 in
906 1829 1249 1883 Remensem
1271 1828 1913 1901 archiepiscopum,tur-

2029 681 2305 738 turnitate
2336 699 2624 755 premere,
2644 704 2749 743 nec
2776 688 2934 759 pensi
2955 689 3168 745 habere
3194 691 3349 763 quod
3368 693 3631 763 petulanv

2025 769 2105 824 tia
2120 772 2307 842 magis
2319 773 3033 847 tyranni,quamjudicium
3049 779 3628 849 protulitsacerdotis.

2023 857 2133 913 Sed
2156 876 2227 913 ne
2254 859 2545 916 silentium
2570 864 2678 918 tuis
2692 865 3008 936 conjuratis
3023 866 3282 922 videatur
3294 867 3483 923 facere
3501 884 3634 923 con-

2019 946 2352 1015 fessionem,
2379 966 2668 1006 summam
2702 955 2930 1009 tuorum
2953 955 3232 1010 scelerum
3256 956 3632 1028 paucisattin-

2016 1050 2174 1105 gain,
2205 1040 2262 1090 et
2279 1038 2349 1091 de
2382 1039 2649 1094 maximis
2664 1041 2907 1096 minima
2929 1043 3200 1098 referam.
3228 1044 3459 1100 Consilii
3485 1062 3627 1117 quo-

2016 1139 2125 1193 que
2150 1124 2259 1178 mei
2287 1127 2565 1181 nonnulla
2584 1130 3048 1199 praetermittam,
3066 1134 3127 1186 ut
3153 1132 3250 1203 qui
3272 1133 3425 1188 velut
3442 1132 3630 1188 inanis

2017 1214 2144 1265 uter
2168 1211 2370 1283 spiritu
2396 1215 2742 1284 intumuisti,
2768 1235 2898 1273 meo
2916 1223 2976 1274 ut
2992 1223 3051 1274 tu
3074 1219 3284 1291 desipis
3304 1220 3626 1289 incrassati,

2016 1297 2387 1371 impinguati,
2421 1302 2664 1371 dilatati,
2699 1322 2926 1377 pressus
2955 1307 3212 1377 pondere
3245 1308 3624 1366 detumescas.

2017 1388 2129 1441 Cur
2154 1389 2437 1445 domnam
2472 1391 2677 1448 ducem
2706 1396 3023 1451 Beatricem
3051 1413 3181 1452 cum
3204 1399 3320 1453 filio
3347 1399 3627 1471 regnique

2012 1475 2356 1547 primatibus
2386 1496 2419 1534 a
2449 1481 2613 1536 nobis
2636 1487 2857 1554 prasten
2872 1484 2957 1539 dis
2989 1485 3245 1541 delusam
3278 1487 3305 1541 ?
3328 1487 3405 1542 Te
3450 1487 3629 1544 miser

2014 1580 2128 1619 non
2156 1566 2351 1632 sentis,
2373 1584 2477 1621 nec
2499 1586 2853 1642 quemquam
2888 1588 3036 1643 pene
3066 1574 3190 1628 fore
3224 1578 3333 1629 tua:
3361 1575 3626 1647 conjura-

2014 1652 2188 1707 tionis
2218 1654 2583 1726 participem.
2618 1659 2740 1714 Non
2774 1661 2946 1726 solus,
2980 1678 3085 1716 nec
3112 1662 3171 1717 in
3194 1666 3406 1735 angulo
3440 1664 3618 1720 fidem

2040 1743 2458 1813 ntegerrimam
2478 1746 2601 1801 ﬁlio
2633 1748 2813 1802 nostri
2836 1748 3073 1803 Ctesaris
3099 1754 3313 1817 astruo,
3343 1754 3405 1806 ut
3434 1754 3493 1805 tu
3517 1768 3625 1809 n0-

2015 1833 2217 1886 cturno
2247 1849 2409 1887 mero
2440 1837 2685 1889 eructas.
2705 1836 2928 1890 Adsunt
2947 1854 3174 1893 mecum
3201 1839 3394 1894 Callia?
3411 1839 3624 1910 princi-

291 1918 463 1989 piora
480 1918 539 1972 in
553 1917 823 1989 reginam
843 1915 1259 1970 dementiendo
1282 1916 1619 1987 serpentino
1647 1918 1816 1973 sibilo
1834 1920 1913 1974 ef-
1939 1903 1991 1963 Β
2014 1934 2131 1989 pes,
2165 1936 2331 1991 reges
2362 1922 2890 1989 Francorum,velis
2908 1924 3054 1979 nolis
3079 1927 3620 1996 prazclarissimiLo-

289 2005 668 2071 fudisti.0uid
681 2005 741 2060 in
760 2004 1199 2060 Laudunensem
1219 2004 1553 2075 episcopum
1573 2006 1775 2060 feceris
1791 2006 1910 2079 ipse

288 2094 443 2151 nosti
480 2093 874 2160 melius,brevi
909 2095 968 2147 tu
1001 2092 1462 2148 Lothariensium
1501 2093 1666 2166 regni
1695 2096 1908 2166 angulo

288 2180 983 2253 latitans,vanissimoque
1008 2180 1310 2253 supercilio
1330 2185 1384 2235 te
1402 2182 1504 2236 toti
1519 2198 1768 2253 praeesse
1782 2185 1906 2254 jac-

284 2270 645 2335 titans.Quid
666 2269 855 2341 neptis
886 2269 1180 2341 utriusque
1217 2274 1480 2325 nostrum
1510 2270 1751 2338 femina,
1770 2276 1826 2327 te
1849 2276 1905 2328 te

285 2360 410 2416 viro
424 2358 797 2425 melior,cum
817 2357 1023 2413 nobilis
1048 2358 1258 2413 indolis
1281 2358 1396 2413 filio
1424 2375 1439 2413 :
1465 2359 1603 2430 quid
1618 2361 1905 2431 apostolo-

284 2465 416 2504 rum
443 2446 640 2502 vicarii
663 2446 925 2501 Ecclesiaa
952 2449 1161 2500 sancta!
1196 2446 1356 2502 ovilis
1378 2450 1656 2519 pastores,
1680 2464 1822 2520 quos
1843 2452 1902 2504 tu

283 2535 499 2591 canino
521 2535 699 2590 dente
718 2536 891 2589 noctu
905 2537 963 2589 ct
984 2534 1234 2589 interdiu
1246 2535 1454 2591 rodere
1473 2535 1702 2591 conaris
1725 2554 1739 2592 :
1764 2536 1902 2609 quid

284 2623 381 2679 alii
411 2626 702 2697 prasterea
730 2621 1041 2694 principes,
1075 2621 1174 2694 qui
1212 2622 1355 2677 nihil
1391 2626 1488 2678 tuo
1517 2623 1634 2695 juri
1665 2625 1899 2693 debent,

280 2713 552 2784 ejusdem
577 2711 834 2767 habeant
847 2711 1212 2784 Dominoque
1230 2715 1463 2766 auclore
1482 2713 1904 2783 possideantre-

279 2801 597 2856 miniscere
623 2816 637 2855 :
662 2802 720 2855 et
740 2800 822 2855 ita
849 2799 1087 2854 tandem
1115 2799 1313 2855 inania
1343 2800 1632 2856 excutiens
1654 2803 1899 2871 somnia,

276 2890 662 2961 frontemque
676 2887 978 2944 falsissimo
993 2889 1198 2959 poculo
1217 2888 1537 2944 debriatam
1557 2906 1899 2963 expurgans,

278 2977 513 3050 poteris
542 2975 741 3033 metiri
771 2977 853 3031 nil
886 2994 1007 3032 esse
1037 2977 1194 3049 quod
1219 2977 1423 3049 agisad
1451 2978 1533 3032 nil
1554 2978 1745 3037 divino
1761 2982 1901 3035 nutu

277 3066 721 3123 deveniendum
743 3065 900 3138 quod
930 3065 1170 3120 moliris.
1187 3065 1444 3129 Quorum
1463 3083 1599 3137 ergo
1622 3067 1775 3121 haud
1795 3084 1898 3140 pro

2012 2007 2332 2063 tharienses
2362 2010 2476 2065 fide
2500 2010 2710 2065 devoti.
2750 2012 2846 2066 His
2875 2018 2960 2066 est
2985 2030 3136 2067 curua
3162 2014 3311 2069 filius
3354 2016 3617 2078 Cmsaris,

2008 2094 2067 2149 hi
2094 2113 2200 2150 nec
2229 2113 2477 2168 regnum
2508 2103 2778 2169 quaerunt
2818 2100 3061 2171 eripere,
3097 2105 3159 2156 ut
3186 2105 3243 2156 tu
3276 2119 3382 2157 nec
3412 2119 3617 2158 conre-

2008 2189 2294 2254 gnantem
2316 2186 2637 2241 instituere.
2660 2188 2739 2242 Tu
2757 2188 2945 2243 divina
2962 2194 3017 2244 et
3033 2190 3292 2246 humana
3310 2190 3620 2247 confudisti

1999 2272 2155 2343 jura,
2179 2274 2365 2345 deque
2390 2275 2611 2345 legibus
2633 2276 2879 2332 oscitans
2895 2282 2956 2332 ut
2978 2278 3147 2334 limax
3165 2280 3221 2333 in
3244 2296 3347 2334 suo
3363 2278 3617 2336 conclavi

2005 2365 2326 2432 cornupeta
2351 2362 2456 2417 tibi
2488 2363 2715 2419 videris.
2748 2366 2863 2421 Cur
2891 2367 3164 2437 pastorali
3205 2366 3395 2422 ofﬁcio
3427 2366 3617 2423 minas

2004 2447 2260 2504 intendis
2280 2450 2307 2504 ‘2
2340 2450 2509 2514 Quasi
2531 2468 2664 2507 vero
2688 2455 2749 2507 tu
2772 2458 2986 2524 pastor,
3012 2459 3070 2509 et
3091 2472 3205 2510 non
3224 2457 3391 2526 lupus
3416 2471 3613 2528 rapax,

2003 2540 2059 2592 et
2081 2538 2271 2610 potius
2300 2539 2447 2594 alter
2468 2540 2664 2605 Iudas,
2694 2540 2739 2595 si
2765 2541 2938 2595 Judas
2967 2544 3278 2613 apostolus,
3298 2542 3396 2614 qui
3414 2543 3611 2598 Domi-

2004 2644 2149 2682 num
2177 2643 2345 2682 suum
2378 2627 2615 2699 triginta
2636 2628 2892 2698 prodidit
2907 2630 3220 2701 argenteis,
3237 2634 3294 2685 et
3317 2634 3377 2685 tu
3394 2630 3610 2703 episco-

2005 2730 2107 2785 pus
2121 2714 2531 2787 quiDominum
2549 2719 2710 2770 tuum
2728 2733 2926 2788 regem
2942 2718 3232 2775 haeredem
3248 2718 3414 2790 regni
3428 2735 3610 2791 regno

2003 2802 2258 2875 privasti,
2275 2819 2374 2874 spe
2392 2804 2761 2860 famosissimi
2781 2810 3050 2877 quaastus.
3082 2808 3325 2862 Parvum
3351 2807 3451 2862 tibi
3477 2808 3607 2875 hoc,

2004 2908 2202 2963 poenas
2231 2892 2302 2946 de
2334 2908 2403 2947 eo
2429 2896 2714 2963 quantum
2743 2894 2817 2949 ad
2840 2898 2895 2950 te
2928 2895 3042 2950 fine
3068 2899 3332 2950 carentes
3357 2896 3510 2951 velut
3538 2895 3610 2952 de

2000 2979 2163 3034 hoste
2177 2980 2487 3050 sumpsisti.
2503 2981 2723 3037 Siccine
2738 2982 3018 3037 Ottonum
3037 2985 3490 3054 promeruerunt
3510 2983 3605 3039 be-

2000 3066 2205 3122 neficia
2223 3067 2251 3123 ‘I
2272 3068 2531 3140 Denique
2564 3087 2863 3142 nunquam
2896 3072 2969 3127 ad
2986 3088 3085 3127 eos
3112 3072 3288 3128 fidem
3315 3070 3602 3138 habuisse,

274 3157 498 3212 merito
517 3154 800 3227 ascriptus
813 3171 1078 3222 numero,
1105 3154 1321 3226 ligandi
1338 3155 1709 3227 solvendique
1724 3157 1899 3212 dona-
1927 3178 1973 3241 ο
1999 3172 2117 3210 non
2132 3156 2305 3211 solius
2321 3156 2603 3212 filiicausa
2620 3159 2995 3215 convinceris.
3009 3161 3096 3214 An
3115 3177 3246 3215 cum
3264 3159 3601 3215 Letharium

272 3244 786 3312 tushonore,mihi
807 3243 1048 3315 indigno
1069 3244 1336 3314 pastorali
1357 3244 1512 3317 virga
1526 3245 1893 3301 commissam

274 3334 633 3390 defensurus
659 3331 971 3387 Ecclesiam
1003 3348 1016 3385 :
1051 3331 1361 3386 Ecclesiam
1386 3332 1534 3399 dico,
1567 3350 1684 3388 non
1720 3333 1892 3389 aliam

273 3439 462 3497 quam
494 3420 709 3476 summi
740 3420 985 3494 pastoris
1011 3421 1293 3492 sanguine
1314 3421 1891 3495 redemptam,quam

271 3515 363 3579 tu,
398 3509 663 3565 divinum
687 3509 785 3580 jus
804 3511 1207 3575 contemnens,
1226 3525 1357 3563 cum
1380 3510 1492 3564 tuis
1518 3510 1893 3577 complicibus

268 3600 540 3656 lacerare
563 3601 738 3671 atque
770 3597 1051 3653 dilaniare
1081 3614 1187 3670 pro
1213 3615 1379 3671 posse
1408 3600 1507 3655 tuo
1538 3600 1842 3655 contendis
1873 3616 1887 3655 :

267 3686 622 3744 horribilem
652 3687 1107 3759 spernensillam
1132 3686 1493 3743 Dominicam
1521 3705 1742 3755 vocem,
1777 3706 1891 3762 qua

270 3779 517 3832 tonatur
538 3791 552 3830 :
574 3774 683 3843 Qui
704 3792 793 3830 vos
815 3776 1004 3847 tangit,
1032 3779 1206 3846 tangit
1219 3776 1482 3848 pupillam
1511 3776 1653 3831 oculi
1679 3779 1800 3845 mei,
1834 3780 1893 3833 et

270 3866 454 3921 aliam
486 3881 602 3937 qua
633 3865 842 3920 eodem
888 3864 1062 3919 modo
1095 3864 1304 3920 dicitur
1335 3882 1348 3920 :
1382 3864 1494 3932 Qui
1532 3882 1622 3920 eos
1671 3869 1887 3937 spernit,

269 3971 359 4008 me
381 3955 602 4024 spernit.
634 3953 756 4007 Tua
800 3953 1077 4008 hactenus
1124 3954 1361 4008 vulnera
1399 3970 1600 4009 curare
1632 3955 1887 4022 studens,

269 4042 466 4098 infudi
494 4043 689 4096 oleum
711 4044 771 4096 et
800 4040 1023 4110 vinum,
1057 4042 1214 4098 idem
1249 4042 1413 4098 mitia
1443 4048 1661 4099 secreto
1682 4060 1783 4115 per
1805 4044 1891 4098 fa-

272 4130 535 4185 miliares
552 4131 780 4185 nostros
791 4130 1008 4202 asperis
1019 4130 1245 4200 publice
1260 4130 1525 4186 miscens.
1539 4130 1763 4187 Abhinc
1782 4130 1887 4186 nisi

272 4218 582 4289 resipiscas
597 4217 841 4289 Spiritus
855 4218 1036 4272 sancti
1055 4218 1373 4293 gladio,qui
1390 4218 1530 4274 mihi
1551 4219 1891 4275 commissus

272 4310 387 4375 est,
412 4323 544 4362 cum
577 4306 681 4362 tibi
705 4306 1212 4378 computribilibus
1233 4308 1511 4363 membris
1541 4308 1887 4376 rescindam,

274 4399 456 4468 atque
474 4395 594 4467 igni
613 4396 841 4451 tradam
860 4395 1312 4468 inexstinguibili
1335 4414 1347 4451 :
1369 4397 1590 4452 utsicut
1609 4397 1749 4452 fides
1770 4400 1888 4465 tua,

275 4484 323 4540 si
358 4501 480 4539 non
502 4487 933 4549 contemneres,
957 4487 1249 4539 essetcum
1262 4485 1501 4557 superis,
1532 4486 1611 4540 ita
1635 4487 1892 4541 contem-
1913 4463 1966 4521 D

276 4571 449 4628 uenti
480 4572 553 4626 sit
580 4575 866 4645 perpetuo
900 4590 1033 4627 cum
1074 4572 1293 4628 inferis.
1326 4573 1566 4638 Quando
1593 4574 1718 4646 jam
1759 4590 1891 4629 con-

273 4660 528 4716 ﬁrmatis
584 4662 843 4717 vectibus
887 4663 945 4715 et
994 4662 1236 4717 calestis
1284 4662 1633 4720 Hierusalem
1689 4663 1890 4718 clausis

273 4749 460 4824 portis
479 4766 513 4804 a
542 4748 794 4822 Virginis
820 4750 938 4804 ﬁlio
971 4749 1145 4821 ipsius
1170 4750 1408 4806 civitatis
1433 4768 1642 4824 sponso
1670 4751 1890 4807 dicetur

272 4838 538 4911 reprobis
563 4856 576 4893 :
601 4837 871 4893 Discedite
891 4854 924 4893 α
940 4838 1397 4921 rpe,maledicti,in
1419 4842 1591 4910 ignem
1609 4848 1885 4908 artemum,

270 4929 373 5001 qui
368 4934 705 5000 pmparatus
720 4934 797 4981 est
811 4926 1026 4982 diabolo
1042 4934 1092 4981 et
1104 4928 1307 4998 angelis
1319 4928 1600 5000 ejus,sicut
1613 4929 1887 5002 scriptum

271 5019 401 5072 est:
445 5017 537 5072 Ve
565 5034 660 5090 qui
694 5015 964 5087 przdaris
995 5017 1016 5070 Ι
1064 5033 1238 5070 nonne
1281 5024 1331 5072 et
1369 5020 1475 5088 ipse
1503 5017 1833 5088 przedaberis
1860 5019 1888 5073 ‘I

273 5104 418 5161 Cave
444 5122 519 5161 ne
550 5105 611 5160 in
644 5120 718 5159 ea
758 5103 957 5173 praeda
1002 5103 1314 5160 inveniaris
1347 5105 1406 5160 in
1447 5122 1562 5178 qua
1609 5105 1706 5178 qui
1737 5105 1890 5162 inve-

271 5194 427 5251 nitur
447 5196 520 5252 ab
552 5198 786 5250 aeterna
816 5192 1152 5249 haereditate
1187 5195 1429 5251 extorris
1467 5197 1753 5253 redditur.

521 5281 752 5332 lnfatuet
783 5280 1016 5331 Dominus
1037 5283 1301 5334 consilium
1327 5285 1643 5349 Achitophel.

801 5361 1136 5418 EPISTULA
1178 5364 1373 5421 XXXII.

571 5466 931 5510 GERBERTUS
957 5468 1027 5506 EX
1055 5467 1312 5509 PERSONA
1338 5469 1575 5510 CAROLI.

332 5547 594 5603 Canows
620 5542 754 5598 sola
784 5539 886 5593 Dei
921 5540 1109 5612 gratia
1138 5540 1186 5595 si
1233 5542 1372 5615 quid
1430 5545 1538 5610 est,
1590 5544 1895 5597 Diauaaico

261 5635 722 5710 hypocritarum
746 5627 913 5696 idem,
939 5628 1359 5701 imperatorum
1388 5630 1896 5702 infidissimo,pro-

256 5725 441 5803 lisque
470 5716 797 5797 parricidae
825 5732 887 5771 ac
912 5715 970 5773 in
1012 5733 1323 5774 commune
1353 5717 1504 5774 hosti
1535 5718 1682 5793 reip.

1994 3260 2196 3315 regem
2242 3245 2618 3313 Francorum,
2662 3263 2836 3318 quem
2885 3248 3203 3319 gloriosum
3244 3266 3431 3316 vocas,
3467 3266 3600 3305 cum

1994 3332 2252 3387 maxime
2283 3332 2495 3400 oderis,
2522 3334 2677 3390 hunc
2705 3335 2946 3406 inquam
2974 3353 3104 3392 cum
3126 3354 3311 3409 regno
3326 3338 3598 3407 pellebas,

1995 3437 2206 3492 meque
2226 3437 2476 3491 regnare
2497 3423 2766 3493 cugebas,
2781 3423 3035 3479 {idemne
3050 3424 3102 3479 ei
3121 3429 3179 3480 et
3196 3425 3336 3479 mihi
3358 3425 3602 3497 promis-

1993 3524 2116 3562 sam
2149 3509 2461 3564 servabas?
2490 3509 2623 3565 Mihi
2652 3510 2996 3580 promissam
3046 3512 3174 3567 dico
3224 3517 3362 3567 ante
3405 3530 3596 3580 aram,

1993 3612 2168 3668 quam
2183 3596 2260 3650 im
2271 3595 2556 3665 pudenter
2579 3597 2867 3652 nominas.
2889 3599 3155 3655 Profecto
3174 3598 3447 3670 intelligis
3459 3601 3599 3671 quid

1989 3683 2213 3739 feceris.
2258 3684 2472 3739 Contra
2500 3685 2742 3739 fratrem
2772 3702 2969 3740 meum
2997 3703 3060 3741 ac
3092 3703 3351 3742 sororem
3375 3688 3597 3744 domini

1992 3774 2073 3828 tui
2105 3790 2199 3828 me
2231 3789 2396 3828 arma
2424 3790 2631 3846 parare
2675 3774 3034 3845 impellebas,
3088 3779 3151 3830 ut
3198 3792 3375 3831 omne
3413 3794 3597 3849 genus

1992 3869 2254 3917 nostrum
2284 3861 2510 3934 regium
2541 3862 2755 3918 mutuis
2782 3863 3114 3919 vulneribus
3127 3864 3485 3932 confoderes,
3506 3868 3597 3937 ty-

1988 3968 2206 4007 rannos
2217 3950 2456 4006 nomine
2474 3968 2677 4024 regum
2694 3952 3223 4020 substitueres,cum
3237 3953 3441 4026 quibus
3456 3970 3593 4009 con-

1990 4041 2213 4110 tempto
2236 4040 2558 4096 sacerdotio
2588 4041 2775 4096 vacuis
2787 4041 2932 4097 aulis
2952 4042 3222 4097 incubare
3240 4058 3453 4114 posses.
3476 4043 3594 4098 Lae-

1992 4127 2130 4183 dere
2155 4145 2248 4183 me
2269 4132 2455 4201 putas,
2489 4128 2534 4183 si
2565 4146 2663 4184 eos
2691 4129 2898 4185 laesisse
2929 4131 3103 4199 dicas,
3136 4148 3384 4203 quorum
3411 4131 3597 4203 gloria

1992 4215 2230 4288 glorior,
2264 4232 2463 4271 aversa
2483 4217 2757 4288 opinione
2789 4218 3038 4291 afﬂigor.
3059 4220 3269 4275 Verum
3295 4219 3462 4275 aliter
3487 4222 3593 4287 est,

1990 4304 2330 4359 immanitas
2358 4306 2642 4360 scelerum
2676 4310 2911 4362 tuorum
2949 4310 3233 4363 occultare
3272 4311 3328 4364 te
3361 4306 3597 4380 propria

1991 4409 2108 4449 non
2130 4392 2347 4465 patitur
2363 4394 2602 4464 ﬂagitia.
2622 4395 2687 4448 Et
2702 4396 3320 4469 quamvispurgatione
3338 4397 3418 4451 uti
3436 4396 3593 4466 velis,

1991 4499 2095 4555 per
2108 4482 2469 4537 emotionem
2486 4483 2544 4538 in
2560 4499 2866 4554 personam
2886 4489 3040 4541 tuam
3059 4487 3243 4557 pallor
3254 4485 3515 4552 subinde,
3529 4502 3596 4541 ac

1989 4571 2231 4627 subinde
2249 4569 2745 4639 rnbor,silentium
2762 4573 2819 4628 in
2842 4574 3130 4647 loquendo
3141 4574 3597 4641 subitum,verba

1990 4660 2181 4716 subita
2193 4659 2484 4733 prioribus
2501 4677 2617 4716 non
2633 4662 3187 4726 cohaerentia,etiam
3205 4679 3322 4718 non
3338 4678 3598 4735 quaeren-

1989 4749 2141 4804 tibus
2166 4747 2373 4820 ingens
2402 4752 2765 4805 tormentum
2789 4751 3155 4806 conscientia:
3178 4751 3594 4823 produnt.Eru-

1989 4838 2176 4905 besce,
2205 4836 2399 4904 miser,
2418 4840 2477 4892 et
2496 4838 2652 4910 quod
2671 4842 2724 4893 te
2741 4841 2927 4894 solum
2964 4840 3106 4893 scire
3129 4837 3362 4909 putasti,
3382 4836 3455 4890 ad
3475 4852 3597 4891 om-

1990 4923 2152 4979 nium
2184 4924 2452 4980 notitiam
2486 4926 2810 4997 pervenisse
2841 4942 3150 4998 cognosce.
3202 4923 3455 4979 Peccatis
3482 4923 3596 4977 tuis

1990 5012 2255 5069 innoxios
2278 5014 2397 5069 noli
2426 5016 2874 5082 commaculare,
2892 5018 2950 5069 et
2969 5013 3103 5068 vitia
3133 5016 3231 5066 tua
3262 5010 3597 5080 turpissima

1990 5103 2237 5159 aliorum
2273 5103 2466 5159 metiri
2513 5104 2781 5160 manibus
2816 5103 2987 5159 toties
3042 5100 3299 5174 perjurio
3341 5098 3592 5167 pollutis.

1992 5194 2160 5248 Cessa
2188 5196 2551 5248 sacrosancta
2569 5191 2805 5258 violare,
2831 5196 2889 5247 et
2909 5190 3006 5264 qui
3029 5189 3197 5246 nobis
3216 5186 3421 5243 indicis
3437 5187 3597 5258 prior

1991 5280 2316 5336 remedium
2346 5278 2721 5352 pmnitentiee,
2737 5296 2930 5349 qumre
2948 5277 3595 5350 publicum.Perjurium

1994 5368 2286 5442 peregisti,
2318 5367 2522 5421 urbem
2548 5364 2849 5436 propriam
2880 5366 3098 5436 rapinis
3125 5364 3455 5432 exhausisti,
3488 5364 3599 5419 den

1995 5457 2299 5529 populatus
2310 5471 2369 5508 es
2381 5451 2687 5508 Ecclesiam
2703 5450 2805 5505 tibi
2817 5455 2901 5514 (ut
2913 5452 3013 5523 ais)
3036 5453 3317 5508 creditam
3327 5494 3340 5507 .
3356 5450 3597 5524 Acquie-

1997 5561 2114 5611 sco,
2137 5543 2318 5598 redde
2337 5556 2476 5611 ergo
2495 5554 2563 5593 eo
2585 5536 2742 5610 quod
2755 5537 2964 5593 abusus
2979 5555 3039 5593 es
3069 5539 3329 5594 custodia
3347 5538 3601 5595 dominas

2001 5636 2114 5687 tua:
2137 5646 2312 5702 quam
2334 5623 2885 5694 humiliasti,erepla
2900 5624 3188 5691 libertate,
3207 5624 3475 5696 imposita
3490 5642 3605 5679 ser-

2006 5718 2203 5777 vitute.
2240 5717 2306 5771 Et
2334 5713 2430 5788 qui
2452 5711 2669 5793 pupilla
2698 5710 2932 5769 Domini
2973 5709 3257 5780 scriberis,
3304 5712 3503 5785 pupilli
3548 5713 3604 5768 et
