3918 6230
203 436 283 513 tu

1116 446 1358 519 srmo
1404 445 1448 517 l.
1492 484 1563 502 -
1602 448 1785 516 ANTE
1824 452 2111 519 summum
2149 445 2669 524 posnnemu.

3439 452 3545 530 eo

207 591 287 636 nec
302 570 358 635 in
388 572 580 637 illam
619 574 870 654 partem
902 575 1074 638 ﬁdem
1107 578 1346 649 habens,
1375 596 1556 637 cacus
1584 582 1641 636 te
1673 592 1837 637 amor
1869 581 1923 642 Α
2000 579 2298 640 Gravitatis
2314 582 2595 658 siquidem
2612 602 2756 643 mea!
2770 582 3548 653 fueral,maledictatuataci-

210 670 475 743 regnandi
510 670 911 727 debilitatum
945 670 1245 744 negligere
1269 670 1478 742 coegit.
1499 671 1562 724 Et
1582 670 1720 742 quid
1736 671 1841 725 mi-

1942 670 2219 727 turnitate
2250 689 2537 744 premere,
2558 692 2662 731 nec
2690 676 2847 748 pensi
2868 677 3081 733 habere
3107 679 3262 751 quod
3281 680 3544 751 petulan-

209 776 310 814 rem
339 758 387 814 si
416 759 485 814 in
522 763 824 832 nepotem
856 764 1074 833 pestem
1118 758 1201 813 tui
1240 758 1620 814 sordidissimi
1649 759 1838 814 cordis
1938 758 2019 814 tia
2035 761 2947 836 magistyranni,quamjudicium
2963 767 3541 837 protulitsacerdotis.

213 848 427 915 evomis,
458 848 568 921 qui
599 853 854 904 cruenta
882 866 1057 904 manu
1087 851 1144 902 et
1167 847 1241 902 ad
1272 863 1448 902 omne
1478 849 1663 901 scelus
1689 865 1837 902 sem-

212 938 771 1013 per‘promptissima
785 955 919 993 cum
938 940 1227 993 latronum
1243 953 1420 1008 grege
1434 940 1491 990 et
1504 937 1691 991 furum
1718 954 1833 991 ma-

216 1026 414 1098 nipulo,
430 1027 582 1082 dum
604 1026 777 1082 fratri
797 1030 896 1081 tuo
913 1025 1089 1081 nobili
1110 1026 1460 1080 Francorum
1477 1025 1600 1096 regi
1617 1026 1833 1080 Laudu-

214 1131 337 1170 num
348 1115 657 1170 civitatem
675 1115 1102 1186 suam,inquam
1121 1129 1611 1184 suam,nunquam
1633 1114 1828 1185 utique

212 1205 381 1267 tuam,
409 1202 551 1257 dolo
577 1202 737 1256 malo
762 1202 1110 1274 subriperes,
1130 1216 1380 1272 eumque
1403 1201 1826 1271 regnofrauda-

209 1308 312 1357 res,
326 1294 385 1345 et
405 1290 860 1363 imperatoriam
883 1304 1170 1355 sororem,
1199 1288 1479 1360 regnique
1498 1288 1581 1343 sui
1599 1306 1830 1345 consor-

204 1382 318 1433 tem
349 1378 698 1445 infamares,
732 1379 957 1449 tuisque
988 1376 1303 1432 mendaciis
1324 1375 1824 1434 commarulares?

199 1467 350 1521 Nihil
381 1483 655 1539 unquam
691 1465 853 1537 pensi
883 1465 1178 1530 habuistis,
1214 1464 1470 1532 dilatate,
1493 1465 1822 1533 incrassate,

197 1554 598 1627 impinguate,
621 1553 718 1626 qui
744 1570 861 1609 non
883 1558 1107 1608 secutus
1126 1558 1357 1625 patrum
1391 1558 1622 1608 tuorum
1659 1555 1825 1609 vesti-

195 1644 320 1717 gia,
349 1642 714 1714 dereliquisti
732 1642 1046 1697 Dominum
1078 1641 1362 1697 factorem
1389 1644 1575 1696 tuum.
1616 1643 1824 1698 Recor-

193 1733 343 1789 dare
359 1749 428 1789 os
454 1736 622 1787 tuum
646 1731 958 1803 impudens
974 1730 1200 1802 quoties
1234 1728 1414 1800 digito
1453 1746 1823 1802 compescue-

190 1822 489 1889 rim,dum
514 1820 711 1891 turpia
737 1820 795 1875 in
821 1820 1163 1873 Remensem
1186 1818 1828 1890 archiepiscopum,tur-

1936 846 2047 902 Sed
2070 865 2141 902 ne
2167 849 2459 905 silentium
2483 853 2591 907 tuis
2606 853 2921 924 conjuratis
2937 854 3397 910 videaturfacere
3414 871 3547 910 con-

1934 936 2266 1004 fessionem,
2293 956 2581 994 summam
2615 943 2844 997 tuorum
2867 944 3146 998 scelerum
3172 943 3547 1016 paucisattin-

1930 1040 2088 1094 gam,
2119 1029 2175 1079 et
2193 1026 2263 1080 de
2296 1028 2563 1083 maximis
2578 1029 2821 1084 minima
2842 1031 3114 1086 referam.
3141 1031 3373 1087 Consilii
3398 1048 3541 1104 quo-

1929 1128 2039 1182 que
2063 1112 2173 1167 mei
2201 1116 2479 1169 nonnulla
2498 1118 2962 1187 prtetermittam,
2980 1122 3041 1173 ut
3067 1119 3164 1190 qui
3187 1121 3339 1175 velut
3356 1119 3544 1175 inanis

1930 1202 2059 1253 uter
2082 1200 2284 1271 spiritu
2310 1203 2656 1272 intumuisti,
2682 1223 2812 1261 meo
2830 1211 2890 1262 ut
2906 1211 2965 1262 tu
2988 1207 3197 1279 desipis
3218 1208 3540 1277 incrassati,

1930 1286 2301 1360 impinguati,
2335 1291 2578 1360 dilatali,
2614 1310 2840 1365 pressus
2869 1294 3126 1365 pondere
3159 1296 3537 1353 detumescas.

1931 1378 2044 1430 Cur
2069 1377 2351 1434 domnam
2387 1380 2592 1436 ducem
2620 1383 2937 1438 Bcatricem
2964 1401 3095 1439 cum
3118 1386 3234 1440 filio
3262 1385 3541 1458 regnique

1927 1464 2269 1536 primatibus
2300 1485 2333 1522 a
2362 1470 2528 1524 nobis
2552 1475 2771 1542 pra-ten
2786 1472 2871 1526 dis
2903 1473 3159 1528 delusam
3193 1474 3220 1528 ?
3242 1475 3319 1530 Te
3364 1474 3543 1530 miser

1928 1569 2043 1608 non
2070 1554 2265 1621 sentis,
2288 1573 2391 1610 nec
2413 1574 2768 1630 quemquam
2801 1576 2950 1631 pene
2980 1561 3104 1615 fore
3138 1565 3247 1617 tua:
3275 1562 3541 1633 conjura-

1928 1641 2103 1696 tionis
2133 1642 2498 1715 participem.
2532 1647 2655 1702 Non
2688 1648 2861 1714 solus,
2894 1666 2999 1704 nec
3026 1650 3084 1704 in
3109 1652 3321 1722 angulo
3355 1651 3532 1707 fidem

1954 1731 2372 1802 ntegerrimam
2394 1734 2515 1789 ﬁlio
2547 1736 2727 1789 nostri
2751 1736 2987 1791 Cmsaris
3013 1741 3227 1804 astruo,
3258 1741 3320 1793 ut
3349 1741 3408 1792 tu
3432 1755 3540 1795 no-

1929 1821 2131 1875 cturno
2162 1837 2323 1876 mero
2355 1825 2600 1877 eructas.
2620 1823 2841 1878 Adsunt
2862 1842 3088 1880 mecum
3116 1826 3309 1881 Gallite
3327 1826 3539 1897 princi-

189 1910 369 1981 piora
385 1909 448 1964 in
463 1908 737 1981 reginam
758 1906 1173 1962 dementiendo
1197 1905 1534 1978 serpentino
1563 1908 1731 1963 sibilo
1748 1909 1828 1963 ef-
1854 1892 1906 1952 Β
1929 1923 2047 1978 pes,
2079 1924 2245 1980 reges
2278 1910 2805 1978 Francorum,velis
2823 1912 2969 1966 nolis
2994 1892 3535 1984 praeclarissimiLO-

186 1996 583 2062 fudisti.0uid
596 1997 657 2051 in
675 1995 1113 2051 Laudunensem
1134 1994 1468 2065 episcopum
1488 1996 1690 2051 feceris
1705 1996 1825 2069 ipse
1926 1996 2247 2052 tharienses
2278 1998 2391 2053 [ide
2415 1999 2626 2053 devoti.
2665 1999 2761 2053 His
2790 2006 2876 2054 est
2900 2018 3051 2055 cura:
3078 2002 3226 2056 illius
3270 2003 3533 2065 Cmsaris,

187 2086 350 2143 nosti
389 2084 788 2152 melius,brevi
824 2086 883 2138 tu
915 2083 1377 2138 Lothariensium
1416 2083 1581 2155 regni
1610 2086 1823 2156 angulo
1925 2083 1983 2138 hi
2010 2101 2115 2140 nec
2144 2102 2393 2156 regnum
2423 2091 2693 2158 quaerunt
2733 2088 2977 2158 eripere,
3012 2093 3074 2144 ut
3102 2093 3158 2144 tu
3192 2106 3297 2144 nec
3328 2106 3533 2144 conre-

187 2171 899 2244 latitans,vanissimoque
924 2170 1225 2243 supercilio
1245 2175 1299 2226 te
1317 2172 1419 2227 toti
1434 2189 1683 2243 praeesse
1697 2175 1821 2244 jac-

183 2261 560 2327 titans.Quid
580 2260 770 2332 neptis
800 2260 1096 2331 utriusque
1132 2264 1396 2315 nostrum
1424 2260 1666 2328 femina,
1686 2265 1741 2317 te
1765 2265 1821 2318 te

187 2353 320 2407 viro
334 2351 713 2416 melior,cum
732 2348 939 2404 nobilis
964 2348 1174 2403 indolis
1197 2348 1312 2403 lilio
1340 2365 1354 2404 :
1381 2349 1519 2420 quid
1533 2350 1820 2420 apostolo-

188 2458 327 2496 rum
352 2438 555 2494 vicarii
578 2437 841 2492 Ecclesia“:
867 2441 1077 2492 sancta:
1111 2436 1272 2492 ovilis
1293 2440 1572 2509 pastores,
1596 2454 1738 2510 quos
1758 2441 1817 2493 tu

187 2527 410 2583 canino
433 2526 613 2582 dente
634 2528 808 2581 noctu
821 2528 880 2580 et
900 2525 1150 2580 interdiu
1162 2525 1369 2581 rodere
1388 2525 1617 2582 conaris
1641 2543 1655 2582 ε
1680 2526 1818 2599 quid

189 2616 291 2671 alii
322 2618 616 2689 preterea
645 2612 957 2685 principes,
991 2612 1089 2685 qui
1128 2613 1271 2668 nihil
1307 2616 1404 2668 tuo
1432 2614 1550 2685 juri
1581 2615 1816 2683 debent,

187 2705 464 2777 ejusdem
488 2704 750 2759 habeant
764 2702 1129 2775 Dominoque
1145 2705 1379 2757 auclore
1398 2702 1821 2774 possideantrc-

187 2793 510 2848 miniscere
536 2808 552 2847 :
576 2794 635 2847 et
656 2792 738 2847 ita
765 2790 1003 2846 tandem
1032 2791 1229 2846 inania
1259 2791 1549 2845 excutiens
1570 2792 1816 2860 somnia,

186 2881 576 2953 frontemque
590 2878 894 2935 falsissimo
908 2880 1114 2951 poculo
1134 2879 1453 2934 debriatam
1473 2897 1816 2952 expurgans,

191 2969 425 3042 poteris
454 2967 657 3026 metiri
688 2969 769 3023 nil
802 2985 923 3023 esse
954 2968 1110 3040 quod
1135 2968 1339 3040 agisad
1367 2969 1449 3023 nil
1470 2968 1661 3027 divino
1676 2972 1819 3025 nutu

189 3057 637 3115 deveniendum
660 3056 816 3130 quod
846 3056 1087 3111 moliris.
1103 3055 1360 3120 Quorum
1379 3073 1515 3127 ergo
1539 3057 1691 3112 haud
1712 3074 1815 3130 pro

1924 2177 2208 2243 gnantem
2232 2174 2552 2229 instituere.
2576 2176 2655 2230 Tu
2672 2176 2861 2231 divina
2877 2181 2933 2232 et
2949 2178 3209 2233 humana
3225 2177 3536 2234 confudisti

1915 2261 2070 2332 jura,
2095 2262 2282 2334 deque
2306 2264 2527 2334 legibus
2548 2264 2795 2319 oscitans
2810 2269 2871 2320 ut
2893 2265 3063 2322 limax
3081 2267 3136 2320 in
3160 2283 3263 2321 suo
3279 2266 3533 2323 conclavi

1920 2353 2242 2421 cornupeta
2267 2351 2372 2406 tibi
2404 2352 2630 2407 videris.
2663 2353 2778 2409 Cur
2808 2355 3080 2425 pastorali
3121 2353 3311 2410 ofﬁcio
3343 2353 3533 2410 minas

1920 2436 2176 2493 intendis
2195 2439 2223 2493 εἰ
2256 2438 2425 2503 Quasi
2447 2456 2580 2495 vero
2603 2443 2664 2495 tu
2688 2445 2902 2513 pastor,
2928 2446 2986 2497 et
3006 2460 3121 2498 non
3140 2444 3308 2513 lupus
3332 2458 3529 2515 rapax,

1919 2530 1975 2582 et
1998 2527 2187 2598 potius
2215 2528 2363 2582 alter
2384 2528 2579 2594 ludas,
2610 2527 2655 2583 si
2681 2529 2854 2583 Judas
2883 2531 3194 2601 apostolus,
3214 2529 3312 2602 qui
3329 2530 3527 2585 Domi-

1921 2632 2066 2671 num
2093 2632 2261 2670 suum
2295 2616 2531 2687 triginta
2553 2616 2808 2686 prodidit
2824 2618 3136 2689 argenteis,
3153 2622 3210 2673 et
3234 2622 3293 2673 tu
3310 2618 3527 2689 episco-

1921 2718 2024 2774 pus
2038 2703 2448 2775 quiDominum
2466 2707 2627 2759 tuum
2645 2721 2843 2776 regem
2859 2706 3149 2761 haeredem
3164 2706 3331 2778 regni
3345 2722 3526 2777 regno

1920 2791 2175 2864 privasti,
2192 2808 2291 2863 spe
2309 2793 2678 2848 famosissimi
2698 2798 2967 2865 quaestus.
2998 2796 3242 2849 Parvum
3267 2794 3367 2849 tibi
3393 2795 3524 2862 hoc,

1921 2897 2118 2952 poenas
2147 2880 2218 2935 de
2251 2897 2320 2935 eo
2346 2884 2631 2952 quantum
2660 2882 2733 2937 ad
2756 2886 2812 2938 te
2844 2883 2959 2939 fine
2984 2886 3249 2938 carentes
3274 2884 3427 2938 velut
3455 2883 3527 2939 de

1916 2968 2080 3023 hoste
2093 2968 2403 3039 sumpsisti.
2420 2968 2640 3025 Siccine
2654 2970 2936 3025 Ottonum
2953 2973 3406 3043 promeruerunt
3427 2970 3522 3026 be-

1916 3055 2121 3111 neficia
2140 3056 2167 3112 ?
2189 3056 2448 3129 Denique
2480 3075 2779 3130 nunquam
2813 3060 2886 3115 ad
2904 3075 3003 3115 eos
3029 3060 3205 3116 fidem
3232 3058 3518 3125 habuisse,

187 3150 410 3204 merito
430 3147 716 3219 ascriptus
730 3162 996 3213 numero,
1022 3145 1237 3218 ligandi
1256 3146 1626 3218 solvendique
1640 3147 1816 3202 dona—
1844 3168 1890 3231 ρ
1916 3161 2034 3199 non
2048 3144 2222 3200 solius
2238 3145 2520 3201 filiicausa
2537 3147 2911 3203 convinceris.
2926 3149 3013 3202 An
3031 3165 3163 3203 cum
3181 3147 3517 3203 Lotharium

186 3236 702 3304 tushonore,mihi
723 3235 965 3307 indigno
986 3235 1254 3305 pastorali
1274 3235 1428 3308 virga
1442 3235 1810 3291 commissam

186 3326 548 3382 defensurus
573 3323 887 3379 Ecclesiam
921 3339 934 3377 :
969 3322 1278 3377 Ecclesiam
1302 3322 1451 3389 dico,
1485 3340 1600 3378 non
1636 3323 1809 3379 aliam

185 3432 373 3489 quam
407 3412 625 3469 summi
656 3411 903 3485 pastoris
928 3412 1209 3483 sanguine
1231 3411 1808 3485 redemptam,quam

180 3508 273 3571 tu,
309 3502 579 3558 divinum
602 3501 701 3572 jus
721 3503 1125 3566 contemnens,
1143 3516 1274 3554 cum
1297 3500 1409 3554 tuis
1435 3501 1810 3568 complicibus

178 3593 452 3648 lacerare
477 3593 654 3664 atque
687 3588 968 3644 dilaniare
999 3606 1105 3661 pro
1130 3606 1296 3662 posse
1326 3591 1425 3645 tuo
1455 3590 1758 3645 contendis
1790 3607 1804 3646 :

177 3679 537 3737 horribilem
568 3678 1023 3751 spernensillam
1049 3676 1409 3733 Dominicam
1439 3694 1659 3746 vocem,
1694 3697 1809 3752 qua

177 3772 431 3824 tonatur
451 3785 465 3823 :
489 3766 600 3835 Qui
621 3784 711 3822 vos
731 3768 922 3838 tangit,
950 3770 1123 3837 tangit
1136 3766 1399 3839 pupillam
1427 3766 1569 3821 oculi
1596 3769 1717 3835 mei,
1751 3769 1810 3823 et

176 3859 365 3914 aliam
401 3874 517 3930 qua
548 3856 758 3911 eodem
805 3856 980 3910 modo
1012 3856 1222 3910 dicitur
1252 3873 1265 3910 :
1300 3855 1411 3922 Qui
1449 3872 1539 3910 vos
1588 3859 1805 3927 spernit,

1910 3250 2113 3304 regem
2158 3234 2535 3301 Francorum,
2579 3252 2753 3307 quem
2802 3236 3120 3307 gloriosum
3161 3253 3348 3303 vocas,
3384 3253 3517 3292 cum

1911 3322 2168 3377 maxime
2200 3322 2411 3389 oderis,
2440 3323 2594 3378 hunc
2622 3323 2862 3394 inquam
2890 3341 3021 3379 cum
3044 3341 3229 3396 regno
3243 3325 3516 3394 pellebas,

1911 3426 2123 3481 meque
2144 3426 2393 3481 regnare
2413 3411 2683 3481 cogebas,
2698 3411 2952 3467 {idemne
2967 3412 3020 3467 ei
3039 3416 3097 3468 et
3113 3413 3253 3467 mihi
3276 3412 3519 3485 promis-

1909 3514 2033 3552 sam
2066 3498 2378 3553 servabas?
2408 3498 2539 3553 Mihi
2570 3498 2914 3569 promissam
2963 3500 3091 3556 dico
3141 3504 3279 3555 ante
3323 3518 3514 3567 aram,

1909 3602 2085 3658 quam
2101 3584 2473 3655 impudenter
2496 3586 2784 3641 nominas.
2807 3587 3073 3643 Profecto
3091 3587 3365 3658 intelligis
3377 3589 3516 3659 quid

1906 3672 2131 3730 feceris.
2175 3674 2390 3729 Contra
2418 3674 2658 3728 fratrem
2689 3690 2886 3729 meum
2914 3691 2978 3729 ac
3010 3691 3269 3730 sororem
3292 3676 3515 3732 domini

1909 3764 1990 3818 tui
2022 3780 2117 3818 me
2149 3778 2313 3819 arma
2343 3779 2548 3835 parare
2593 3763 2952 3834 impellebas,
3005 3767 3069 3818 ut
3115 3780 3292 3819 omne
3331 3782 3515 3837 genus

1910 3859 2172 3907 nostrum
2202 3851 2428 3924 regium
2458 3851 2673 3907 mutuis
2699 3852 3032 3908 vulneribus
3045 3852 3403 3921 confoderes,
3424 3856 3515 3925 ty-

173 3964 268 4000 me
289 3948 518 4017 spernit.
550 3945 673 3999 Tua
716 3944 995 3998 hactenus
1041 3945 1279 3999 vulnera
1316 3960 1517 3999 curare
1548 3945 1805 4011 studens,
1905 3940 2373 3996 rannosnomine
2392 3957 2596 4013 regum
2612 3941 3140 4008 substitueres,cum
3155 3941 3359 4014 quibus
3373 3958 3511 3996 con-

174 4034 378 4091 infudi
408 4036 605 4089 oleum
628 4036 687 4088 et
718 4033 942 4100 vinum,
976 4033 1132 4088 idem
1168 4033 1331 4089 milia
1360 4038 1579 4089 secreto
1599 4051 1700 4105 per
1723 4033 1809 4088 fa-
1908 4031 2131 4099 tempto
2153 4029 2475 4085 sacerdotio
2506 4029 2693 4085 vacuis
2706 4030 2850 4085 aulis
2870 4030 3141 4086 incubare
3157 4046 3371 4102 posses.
3394 4031 3512 4086 ιω-

175 4123 448 4178 miliares
466 4121 926 4193 nostrosasperis
938 4120 1163 4192 publice
1177 4121 1681 4177 miscens.Abhinc
1700 4120 1805 4176 nisi
1910 4117 2048 4172 dere
2072 4134 2166 4172 me
2187 4122 2374 4190 putas,
2407 4118 2451 4173 si
2482 4135 2581 4173 eos
2610 4118 2816 4174 laesisse
2847 4120 3021 4187 dicas,
3054 4136 3303 4192 quorum
3329 4119 3515 4191 gloria

174 4211 497 4283 resipiscas
513 4210 758 4281 Spiritus
772 4209 955 4263 sancti
973 4209 1290 4284 gladio,qui
1308 4209 1447 4265 mihi
1469 4210 1808 4266 commissus
1910 4204 2148 4278 glorior,
2183 4222 2381 4261 aversa
2401 4206 2675 4277 opinione
2707 4206 2957 4279 afﬂigor.
2978 4208 3187 4263 Verum
3214 4207 3380 4263 aliter
3405 4210 3511 4275 est,

173 4304 293 4367 est,
318 4317 458 4356 cum
494 4298 600 4354 tibi
624 4297 1129 4370 computribilibus
1151 4298 1429 4354 membris
1460 4298 1805 4367 rescindam,
1908 4293 2248 4349 immanitas
2277 4295 2560 4349 scelerum
2596 4298 2829 4351 tuorum
2867 4297 3152 4351 occultare
3190 4300 3246 4352 te
3278 4295 3515 4369 propria

174 4392 366 4462 atque
386 4388 511 4461 igni
530 4388 759 4443 tradam
778 4386 1230 4459 inexstinguibili
1253 4405 1265 4442 :
1286 4390 1347 4443 ut
1364 4388 1509 4443 sicut
1528 4388 1667 4443 fides
1688 4390 1806 4456 tua,
1834 4453 1875 4462 _
1909 4399 2026 4438 non
2048 4382 2265 4455 patitur
2282 4383 2521 4454 ﬂagitia.
2540 4383 2605 4437 Et
2620 4384 3238 4457 quamvispurgatione
3257 4385 3337 4440 uti
3354 4385 3512 4454 velis,

172 4478 227 4532 si
265 4495 392 4533 non
414 4479 851 4540 contemneres,
876 4478 1166 4530 essetcum
1180 4476 1419 4549 superis,
1449 4477 1528 4531 ita
1553 4478 1809 4532 contem-
1831 4453 1883 4512 D
1909 4489 2014 4546 per
2027 4472 2388 4527 emotionem
2405 4472 2463 4527 in
2478 4488 2785 4543 personam
2805 4477 2959 4529 tuam
2977 4473 3514 4545 pallorsubinde,ac

174 4565 358 4621 nenti
392 4565 470 4620 sit
499 4568 783 4637 perpetuo
818 4581 951 4619 cum
993 4563 1211 4620 inferis.
1244 4564 1484 4629 Quando
1511 4565 1636 4636 jam
1677 4580 1809 4619 con-
1907 4561 2149 4617 subinde
2168 4558 2738 4628 rubor,silentiumin
2760 4563 3516 4635 loquendosubitum,verba

167 4654 445 4709 ﬁrmatis
504 4653 761 4708 vectibus
805 4655 864 4706 et
913 4652 1153 4708 cozlestis
1202 4654 1550 4711 Hierusalem
1606 4653 1809 4708 clausis
1908 4650 3517 4723 subitaprioribusnoncohasrentia,etiamnonquteren-

166 4743 374 4816 portis
395 4759 431 4797 a
460 4740 712 4813 Virginis
738 4741 857 4796 filio
890 4740 1063 4812 ipsius
1088 4741 1326 4797 civitatis
1351 4758 1561 4815 sponso
1588 4742 1808 4797 dicetur
1906 4739 2059 4795 tibus
2084 4738 2291 4810 ingens
2322 4742 2683 4794 tormentum
2707 4740 3074 4795 conscientize
3096 4740 3513 4812 produnt.Eru-

164 4830 460 4904 reprobis
485 4847 497 4885 :
522 4829 790 4885 Discedite
809 4845 843 4884 ιι
859 4829 1315 4912 ζηρ,γηα1ιιᾱίετί,ἰη
1337 4833 1509 4901 ignem
1527 4838 1803 4899 atemum,

1922 4842 2095 4895 eesce,
2123 4826 2318 4894 miser,
2337 4830 2396 4881 et
2415 4827 2571 4899 quod
2590 4831 2643 4882 te
2660 4830 2846 4883 solum
2882 4828 3025 4882 scire
3049 4826 3281 4899 putasti,
3302 4826 3374 4880 ad
3394 4841 3515 4880 om-

162 4922 625 4992 quiprarparatus
640 4926 715 4973 est
729 4917 945 4973 diabolo
961 4919 1805 4992 etangelisejus,sicutscriptum
1909 4914 2071 4970 nium
2104 4915 2371 4970 notitiam
2404 4915 2728 4987 pervenisse
2759 4931 3069 4987 cognosce.
3121 4913 3374 4969 Peccatis
3401 4912 3515 4966 tuis

164 5012 267 5063 est
298 5025 314 5063 :
362 5008 461 5063 Vae
488 5025 580 5081 qui
614 5006 883 5079 praedaris
914 5008 935 5061 !
982 5024 1156 5062 nonne
1200 5015 1250 5063 et
1288 5011 1393 5080 ipse
1422 5007 1751 5079 prwdaberis
1778 5009 1807 5064 ‘P
1908 5003 2174 5060 innoxios
2198 5003 2316 5059 noli
2346 5005 2869 5070 commaculare,et
2888 5003 3021 5057 vitia
3052 5006 3150 5056 tua
3182 5000 3516 5071 turpissima

166 5096 337 5152 Cave
366 5113 442 5151 ne
474 5096 534 5151 in
567 5112 636 5150 ea
675 5094 876 5166 praeda
921 5094 1233 5151 invenieris
1268 5096 1325 5152 in
1367 5114 1481 5169 qua
1527 5096 1625 5168 qui
1656 5095 1809 5152 inve-
1909 5093 2156 5149 aliorum
2193 5092 2384 5148 metiri
2432 5094 2701 5149 manibus
2735 5091 2905 5147 toties
2961 5089 3219 5162 perjurio
3260 5088 3511 5157 pollutis.

168 5185 351 5242 nitur
371 5187 447 5241 ab
477 5188 703 5240 aeterna
734 5184 1072 5240 haereditate
1106 5185 1349 5241 extorris
1387 5186 1671 5242 redditur.
1910 5184 2079 5239 Cessa
2107 5186 2470 5238 sacrosancta
2490 5182 2724 5249 violare,
2750 5184 2808 5235 et
2828 5178 2924 5252 qui
2948 5178 3115 5235 nobis
3135 5177 3340 5233 indicis
3356 5176 3516 5249 prior

446 5272 669 5323 lnfutuct
701 5272 936 5322 Dominus
957 5274 1222 5323 consilium
1248 5274 1560 5339 Achitophel.
1909 5271 2235 5327 remedium
2264 5271 2849 5342 poenitentiae,qumre
2867 5266 3514 5340 publicum.Perjurium

719 5353 1057 5409 EPISTOLA
1099 5355 1294 5410 XXXII.
1912 5358 2205 5433 peregisti,
2237 5357 2441 5411 urbem
2468 5359 2769 5430 propriam
2800 5356 3017 5429 rapinis
3044 5355 3375 5423 exhausisti,
3408 5354 3518 5411 de-

493 5458 853 5501 ceaeaaros
879 5459 948 5498 ex
976 5458 1234 5498 ransom
1259 5459 1492 5499 caaou.
1912 5448 2219 5521 populatus
2230 5459 2289 5496 es
2301 5443 2608 5500 Ecclesium
2622 5446 2724 5501 tibi
2737 5448 2820 5509 (ut
2833 5445 2933 5516 ais)
2956 5445 3260 5501 creditam.
3276 5441 3517 5517 Acquie-

252 5535 514 5592 Canows
539 5534 671 5590 sola
702 5531 807 5585 Dei
842 5531 1031 5603 gratia
1061 5531 1108 5586 si
1156 5531 1295 5604 quid
1352 5535 1457 5600 est,
1506 5534 1813 5588 Dieoaaico
1915 5553 2033 5602 sco,
2055 5530 2238 5589 redde
2257 5545 2396 5600 ergo
2415 5546 2483 5585 eo
2506 5532 2662 5603 quod
2675 5532 2884 5587 abusus
2899 5549 2960 5587 es
2989 5532 3250 5587 custodia
3267 5530 3521 5586 domina:

172 5623 637 5695 hypocritarum
662 5620 835 5686 idem,
861 5620 1281 5692 imperatorum
1310 5620 1813 5693 infldissimo,pro-
1918 5628 2032 5678 tuas
2055 5631 2232 5691 quam
2254 5615 2805 5689 humiliasti,erepla
2822 5618 3108 5685 libertate,
3127 5618 3396 5690 imposita
3410 5634 3525 5672 ser-

168 5711 368 5789 lisqne
397 5709 716 5786 parricida:
744 5724 811 5763 ac
835 5706 894 5764 in
935 5724 1246 5764 commune
1276 5708 1423 5764 hosti
1452 5708 1600 5785 reip.
1923 5710 2122 5768 vitute.
2160 5702 2227 5755 Et
2254 5700 2351 5772 qui
2374 5704 2592 5783 pupilla
2620 5704 2853 5762 Domini
2894 5705 3177 5774 scriberis,
3224 5706 3424 5779 pupilli
3468 5706 3524 5762 et
