3918 6230
406 487 414 494 ’
445 475 546 544 ὶιὶ
1097 476 1149 543 ll
1185 473 1536 544 SILVES‘IRI
1570 471 1780 542 PAPE
1813 465 1971 539 OPP.
2007 469 2057 536 P.

2169 468 2190 536 Ξ
2225 467 2318 534 III.
2355 501 2431 523 υ-
2462 467 2677 536 ειηετ.
2716 465 2802 534 Ετ
2845 460 3124 536 DIPLOM.
3665 469 3776 538 ξιξ

465 607 656 666 viduas
681 601 950 682 iacrymis
979 623 1240 666 mensam
1264 611 1424 665 tuam
1454 605 1587 662 luxu
1622 601 1940 676 Evangelici
1975 599 2059 658 di-
2077 603 2133 665 Α
2165 600 2556 672 Opportunum
2586 594 2738 654 nacti
2759 595 2940 665 eritis,
2970 599 3030 654 et
3057 611 3190 653 cum
3220 591 3778 672 imperatricibus,et

459 698 593 754 vilis
623 698 937 767 extruxisti,
981 699 1264 771 ejusmodi
1304 695 1552 754 miseriis
1591 698 1820 751 montes
1857 707 2062 748 aureos
2160 703 2291 742 cum
2321 686 2410 741 his
2438 687 2510 742 ad
2537 703 2682 759 quos
2716 686 2940 742 referre
2975 685 3274 758 putabitis,
3317 703 3412 742 me
3447 702 3683 743 servum
3710 685 3776 742 ﬁo

459 789 833 846 coacervasti.
870 789 1054 862 Super
1082 789 1172 843 his
1209 787 1403 842 infelix
1439 784 1750 862 ingemisce
1790 780 2058 853 privatim
2163 775 2354 830 delem
2383 775 2622 830 Caesaris
2662 775 2734 830 ab
2765 775 2961 831 exsilio
2989 776 3346 844 revocabitis,
3371 775 3468 848 qui
3493 775 3640 832 nihil
3671 775 3774 832 de-

461 881 520 932 et
540 877 784 950 publice,
809 861 1061 950 alioquin
1085 877 1216 934 audi
1248 876 1386 949 quid
1408 875 1508 930 tibi
1527 861 1844 928 intenditur
1867 888 1880 926 :
1915 869 2057 936 Quo-

2169 863 2322 935 liqui,
2350 863 2458 918 nisi
2485 863 2643 936 quod
2675 863 2882 919 Caesari
2913 863 3100 920 ﬁdelis
3129 864 3336 920 exstiti.
3364 865 3474 921 Vos
3491 881 3636 936 ergo
3665 863 3777 921 soli

463 969 612 1021 niam
642 967 848 1021 venient
866 965 974 1020 dies
999 967 1054 1020 in
1082 972 1149 1034 te,
1190 973 1240 1020 et
1267 963 1671 1019 circumdabant
1711 967 1778 1026 te,
1821 965 1871 1014 et
1899 975 2058 1012 coan-
2160 968 2304 1008 onus
2345 969 2542 1006 meum
2585 952 2766 1019 fertis,
2805 953 2962 1024 quod
3001 969 3104 1008 nec
3158 952 3358 1008 amicis
3409 953 3776 1026 principibus

463 1055 758 1124 gustabunt
788 1061 836 1109 te
865 1055 1117 1126 undique,
1150 1061 1198 1109 et
1221 1053 1292 1108 ad
1328 1059 1522 1107 terram
1541 1056 1878 1123 prosternant
1906 1054 1973 1115 te,
2004 1062 2060 1100 eo
2161 1039 2596 1095 communicare
2645 1041 2856 1108 curavi,
2914 1041 3097 1096 donec
3155 1041 3446 1113 experirer
3473 1041 3617 1116 quid
3666 1057 3776 1116 per

467 1143 608 1217 quod
633 1159 740 1198 non
767 1145 1056 1214 cognovisti
1081 1150 1283 1214 tempus
1314 1143 1635 1196 uisitationis
1668 1146 1793 1194 tuae.

2169 1144 2295 1184 eum
2328 1145 2501 1201 quem
2537 1129 2898 1202 potissimum
2925 1129 3124 1201 judico
3152 1130 3276 1186 fieri
3306 1135 3516 1203 posset.

555 1231 882 1286 Audiuimus
906 1231 1202 1302 superbiam
1221 1229 1406 1294 Moab,
1435 1229 1684 1301 superbus
1707 1235 1781 1282 est
1801 1225 1968 1280 valde.
2679 1228 3016 1284 EPISTOLA
3049 1230 3238 1284 XXXV.

467 1320 730 1396 Superbia
769 1320 882 1392 ejus
909 1326 958 1375 et
988 1322 1303 1390 arrogantia
1336 1321 1452 1390 ejus
1472 1318 1761 1390 plusquam
1786 1312 2062 1386 fortitudo.

974 1409 1309 1465 EPISTOLA
1345 1409 1558 1462 XXXIII.
1999 1457 2005 1461 _

542 1513 839 1554 PURGATIO
878 1512 1172 1554 GERBERTI
1217 1513 1292 1552 OB
1335 1509 1823 1551 CONTROVERSIAM
1863 1506 1896 1544 Α
1937 1504 2003 1542 δε

1081 1603 1156 1641 DE
1165 1601 1286 1642 SCRI
1294 1603 1402 1640 ΡΤΑ
1411 1602 1472 1640 κ.

549 1665 800 1732 Demino
845 1677 903 1730 et
929 1673 1391 1730 reverentissimo
1423 1671 1650 1746 praesuli
1679 1672 1974 1728 Illanunlco
2003 1667 2066 1722 G.

470 1765 656 1822 ﬁdelis
683 1752 936 1820 Caesaris.

545 1853 589 1908 Ο
610 1853 783 1908 decus
797 1851 1042 1908 Romani
1061 1850 1318 1924 imperii!
1335 1853 1640 1906 tantumne
1659 1847 1900 1904 rationis
1917 1847 2068 1920 patri

2341 1334 2415 1371 AD
2444 1333 2767 1374 GERALDUM
2797 1335 3069 1373 ΑΒΒΑΤΕΜ
3097 1335 3583 1376 ΑυαιιιΑςεΝεεΜ.

2239 1404 2478 1469 Quantis
2509 1407 2978 1479 occupationibus
3021 1407 3246 1480 reipub.
3287 1407 3619 1463 detineatur
3645 1424 3779 1464 nos-

2166 1497 2278 1561 ter,
2309 1497 2372 1549 ut
2393 1494 2473 1550 ita
2504 1495 2784 1564 dicamus,
2819 1495 3148 1552 ﬁduciarius
3166 1499 3336 1553 Pater
3362 1497 3650 1554 Adalbero
3668 1497 3779 1553 Re-

2169 1598 2404 1637 morum
2437 1583 2917 1656 archiepiscopus,
2941 1588 2994 1640 et
3024 1585 3264 1641 tarditas
3291 1586 3460 1657 hujus
3475 1586 3654 1658 legati
3683 1587 3777 1642 in-

2169 1670 2343 1737 dicat,
2375 1673 2434 1726 et
2462 1689 2718 1744 praesens
2737 1674 2812 1728 ab
2831 1674 2974 1728 urbe
3005 1675 3275 1729 Remensi
3290 1674 3569 1730 absentia.
3589 1675 3778 1730 Causa

2169 1758 2470 1830 negotium
2524 1760 2848 1827 continens,
2888 1765 3067 1816 status
3112 1778 3430 1832 regnorum
3470 1764 3576 1816 est.
3624 1763 3776 1818 Nam

2169 1844 2306 1900 dum
2339 1864 2372 1901 a
2401 1847 2790 1903 Lotbariensis
2817 1849 2980 1920 regni
3005 1849 3346 1920 primatibus
3375 1849 3606 1904 obsides
3625 1851 3776 1905 acci-

468 1942 762 2014 quondam
776 1939 998 2012 reipub.
1018 1940 1302 2012 deperisse
1320 1939 1662 2006 dicemus,ut
1683 1933 2137 2009 populuscumB
2169 1933 2271 2004 pit,
2305 1935 2444 1989 dum
2471 1935 2588 1992 ﬁlio
2629 1935 2996 2007 imperatoris
3034 1953 3238 2008 parere
3279 1937 3434 2008 cogit
3475 1937 3582 1992 sub
3619 1939 3776 2009 regis

465 2034 694 2100 pastore
719 2031 873 2084 velut
900 2028 1176 2100 ignavum
1206 2045 1379 2100 pecus
1413 2027 1611 2100 prada
1641 2026 1712 2080 sit
1755 2025 2008 2080 hostium
2037 2023 2066 2080 ?

465 2117 943 2184 Generositatem,
976 2117 1540 2189 magnanimitatem,
1571 2114 1940 2187 prudentiam
1978 2129 2070 2167 ve-

465 2209 668 2274 stram,
695 2209 975 2278 tanquam
995 2209 1112 2261 tres
1135 2205 1476 2261 fortissimas
1496 2203 1754 2276 legiones
1769 2219 1872 2276 pro
1891 2202 2066 2256 domo

462 2295 637 2351 Israel
658 2294 958 2367 opponite,
978 2294 1184 2348 ducem
1209 2293 1298 2348 bis
1317 2293 1676 2348 divinitatem
1693 2289 2067 2362 praeficitezne

463 2382 562 2456 qui
589 2383 926 2438 felicitatem
945 2385 1214 2448 vestram,
1237 2381 1484 2452 gloriam
1504 2378 1948 2436 existimavimus
1969 2395 2068 2432 no-

463 2475 664 2538 stram,
697 2470 742 2525 si
773 2470 946 2526 decus
967 2469 1550 2540 imperiiamittimus,
1579 2465 2064 2540 proindeinglorii

463 2558 797 2614 reddamur.
823 2559 892 2612 Et
919 2573 1025 2613 nos
1049 2557 1285 2630 quidem
1305 2558 1428 2612 hinc
1458 2557 1720 2622 dicimus,
1743 2571 1860 2611 non
1878 2557 1942 2609 ut
1961 2554 2062 2609 ad-

466 2645 788 2700 monitione
803 2645 1044 2716 egeatis,
1062 2646 1162 2700 sed
1184 2648 1247 2700 ut
1269 2647 1524 2701 mentem
1543 2647 1800 2700 nostram
1831 2659 1936 2716 pro
1964 2659 2061 2698 vo-

459 2732 547 2788 bis
557 2731 856 2788 sollicitam
875 2732 1472 2806 interpretemur.Quo
1493 2749 1704 2805 genere
1724 2733 2064 2802 interpreta-

461 2821 636 2878 tionis
662 2838 848 2894 nuper
895 2821 980 2877 usi
1020 2839 1240 2889 sumus,
1273 2823 1332 2878 in
1380 2821 1766 2878 controversia
1795 2820 2060 2876 acerrimi

464 2909 914 2978 bostis,vestram
928 2911 1040 2982 maj
1049 2913 1291 2966 estatem
1304 2908 1816 2978 exacerbantis,ubi
1829 2910 2058 2981 culpam

461 2997 627 3052 inﬁdi
660 2997 992 3070 interpretis
1037 2999 1249 3054 subisse
1287 3015 1573 3066 veremur,
1617 2999 1756 3054 dum
1807 2997 2060 3053 motibus

463 3086 795 3141 animorum
825 3087 948 3158 ejus
989 3087 1312 3144 orationem
1361 3105 1479 3142 non
1517 3086 1886 3159 aequavimus.
1917 3087 1990 3140 At
2013 3083 2058 3140 si

461 3173 844 3230 hascintentio
857 3175 1062 3246 placet,
1087 3177 1358 3248 deinceps
1379 3175 1826 3241 elaborabimus,
1850 3177 1909 3229 et
1921 3172 2062 3228 ami-

462 3279 664 3318 corum
695 3266 868 3336 atque
904 3262 1274 3320 inimicorum
1319 3264 1556 3320 affectus
1589 3263 1922 3335 diligentius
1965 3279 2058 3316 ex-

461 3350 798 3422 primamus,
831 3355 895 3407 ut
915 3352 1054 3424 quid
1074 3353 1254 3425 sequi,
1289 3353 1429 3425 quid
1447 3353 1629 3408 vitare
1651 3351 1929 3415 debeatis,
1959 3367 2062 3423 per

462 3454 568 3493 nos
596 3440 768 3510 plena
787 3439 900 3494 ﬁde
931 3441 1302 3512 pernoscatis.
1333 3441 1456 3505 Qua
1485 3440 1545 3495 in
1570 3457 1632 3495 re
1662 3440 1822 3495 vobis
1850 3441 2060 3507 lucem,

462 3525 611 3582 hosti
642 3527 912 3583 tenebras
937 3528 1204 3584 offudisse
1229 3529 1565 3600 gaudemus.
1608 3528 1820 3582 Valete.

967 3616 1302 3672 EPISTOLA
1337 3617 1549 3671 XXXIV.

529 3703 605 3742 AD
637 3702 990 3743 WILLIGISUM
1029 3704 1428 3743 MOGUNTINUM
1456 3703 1989 3744 ARCHIEPISCOPUM.

529 3775 700 3830 Multa
726 3776 937 3830 chartis
968 3792 1084 3830 non
1105 3775 1774 3848 credimus,quaalegatis
1802 3775 2066 3831 commit-

462 3863 656 3930 timus,
675 3864 878 3919 uthuic
891 3862 1340 3918 abbatiAirardo
1357 3863 1464 3918 sibi
1486 3863 1695 3918 intimo
1713 3864 1884 3918 Pater
1900 3879 2064 3920 meus

456 3951 744 4008 Adalbero
762 3952 1074 4006 Remorum
1088 3950 1565 4022 archiepiscopus,
1579 3951 1740 4006 vobis
1754 3968 1856 4024 per
1869 3953 2064 4008 omnia

460 4040 628 4108 ﬁdus,
662 4041 847 4096 multa
876 4039 1185 4106 commisit,
1220 4039 1291 4094 de
1316 4043 1468 4095 statu
1497 4043 1556 4095 et
1583 4058 1722 4114 pace
1742 4057 2060 4114 regnorum

458 4129 753 4185 vobiscum
785 4129 1070 4184 habenda.
1097 4129 1332 4200 Insuper
1356 4145 1426 4184 ea
1451 4147 1578 4202 qua
1608 4145 1712 4202 per
1755 4133 2060 4204 epistolam

459 4217 623 4274 vobis
645 4215 1007 4288 signiﬁcavit,
1030 4215 1108 4270 sic
1140 4233 1201 4271 se
1237 4216 1452 4273 habere
1493 4218 1805 4275 Dominum
1855 4223 2060 4276 testem

459 4307 708 4360 invocat.
745 4306 814 4360 Ut
841 4303 950 4360 sibi
979 4304 1263 4376 siclegato
1281 4307 1521 4374 credite,
1539 4311 1734 4380 etquae
1757 4309 1918 4364 vobis
1937 4310 2056 4380 pla-

458 4396 648 4458 ceant,
683 4393 728 4447 si
759 4408 877 4448 non
905 4396 992 4448 est
1016 4395 1214 4465 aptum
1243 4393 1484 4466 scriptis,
1518 4396 1568 4451 ei
1600 4397 1732 4452 vivis
1759 4397 2058 4469 rependite

457 4481 662 4536 verbis.
687 4482 822 4550 Sed,
855 4499 888 4537 ο
921 4483 998 4537 mi
1032 4482 1232 4554 pater!
1283 4502 1532 4540 moerens
1565 4485 1740 4542 simili
1783 4487 1856 4540 de
1889 4503 2132 4570 causaD

461 4573 806 4624 maerentem
831 4571 1034 4642 quibus
1046 4571 1267 4628 aﬁ'abor
1287 4575 1472 4629 verbis
1492 4575 1754 4631 i’Caasare
1781 4574 2055 4642 destituti,

458 4657 658 4728 praeda
681 4659 932 4714 hostium
957 4677 1154 4716 sumus
1181 4678 1195 4728 ;
1225 4662 1509 4718 Caesarem
1535 4663 1593 4718 in
1615 4663 1734 4718 ﬁlio
1760 4679 2060 4733 superesse

456 4745 804 4816 putavimus.
839 4748 884 4802 Ο
907 4747 1036 4820 quis
1063 4749 1336 4820 prodidit,
1367 4751 1492 4824 quis
1511 4751 1678 4806 nobis
1707 4751 1948 4806 alteram
1973 4751 2058 4806 lu-

456 4851 584 4890 cem
610 4835 862 4907 eripuit?
901 4853 1120 4906 agnum
1162 4839 1355 4905 matri,
1408 4855 1526 4894 non
1581 4840 1716 4910 lupo
1769 4839 2057 4893 committi

455 4923 730 4995 oportuit.
758 4925 842 4980 Me
863 4925 1096 4996 quidem
1134 4927 1352 4983 doloris
1383 4915 1716 4982 immanitas
1747 4927 1886 4981 mihi
1918 4943 2054 4982 con-

453 5013 640 5066 sulere
666 5027 784 5066 non
815 5013 1047 5083 patitur,
1077 5031 1229 5069 nunc
1257 5016 1442 5070 fertur
1469 5016 1697 5070 animus
1718 5030 1974 5085 praeceps
1997 5017 2053 5070 in

450 5101 646 5156 hostes
678 5102 868 5170 Ilalos,
901 5103 996 5175 qui
1050 5120 1182 5159 mea
1239 5103 1496 5158 funditus
1539 5101 1819 5173 diripiunt
1852 5121 1864 5158 :
1901 5121 2052 5160 nunc

450 5188 613 5258 quasi
643 5188 882 5246 meliora
907 5191 1251 5258 deliberans,
1282 5194 1574 5245 terrarum
1598 5191 1874 5264 loginqua
1887 5193 2048 5266 petit.

451 5275 564 5331 Sed
599 5276 737 5332 dum
767 5278 916 5334 redit
945 5280 1098 5348 Otto,
1125 5279 1381 5350 dumque
1401 5278 1626 5334 haerent
1651 5279 1806 5336 infixi
1820 5284 2050 5353 pectore

447 5365 654 5433 vultus,
677 5365 814 5422 dum
839 5368 1142 5424 Socraticas
1160 5367 1574 5440 disputationes
1589 5369 1763 5442 ipsius
1774 5370 2046 5442 frequen-

447 5457 532 5508 tes
561 5459 886 5524 occurrunt,
911 5453 1250 5526 refringitur
1269 5455 1536 5528 impetus,
1557 5458 2046 5530 etperegrinatio-

444 5541 534 5595 nis
557 5559 704 5600 meas
735 5543 974 5600 tmdium
1006 5543 1161 5612 apud
1189 5544 1377 5600 Gallos
1412 5549 1701 5619 utcunque
1737 5548 2040 5603 relevatur.

441 5631 708 5700 Consule,
743 5629 1052 5697 Pater,etsi
1069 5648 1210 5704 erga
1235 5633 1598 5706 majestatem
1622 5639 1868 5692 vestram
1887 5638 2044 5692 nulla

437 5736 571 5776 mea
595 5723 730 5776 sunt
758 5717 986 5787 merita,
1019 5722 1216 5777 tamen
1259 5739 1365 5778 nec
1395 5723 1595 5791 defuit,
1636 5741 1744 5782 nec
1788 5725 2041 5783 defectus

433 5807 642 5875 aberit,
677 5807 722 5862 si
752 5807 986 5863 fortuna
1013 5811 1076 5863 ut
1102 5809 1398 5882 quondam
1415 5811 1618 5869 riserit.
1643 5813 1787 5870 Cum
1813 5816 2038 5888 tempus

2083 3222 2130 3282 C

2167 2022 2518 2078 Francorum
2549 2023 2836 2091 clientela,
2865 2025 3122 2096 dumque
3158 2025 3470 2080 Henricum
3501 2025 3562 2080 in
3593 2026 3778 2081 Gallia

2167 2127 2414 2182 regnare
2444 2111 2732 2183 prohibet,
2754 2117 2941 2168 vestro
2964 2112 3187 2168 nomini
3213 2113 3776 2186 convenientia,qua:

2167 2199 2428 2254 mitteret
2453 2216 2566 2255 non
2597 2199 2819 2255 habuit.
2851 2203 2924 2256 At
2961 2201 3006 2256 si
3037 2201 3198 2257 vobis
3223 2205 3454 2274 gratum
3483 2202 3611 2257 fore
3641 2221 3776 2258 sen-

2167 2287 2326 2354 serit,
2352 2291 2571 2343 vestem
2603 2305 2746 2343 auro
2777 2291 3016 2356 textam,
3055 2307 3232 2362 quam
3263 2290 3589 2345 verecunde
3618 2294 3777 2346 vete-

2166 2392 2291 2431 rem
2326 2375 2501 2443 misit,
2535 2392 2682 2431 nova
2730 2375 3083 2444 immutabit,
3127 2377 3284 2448 quod
3335 2377 3586 2432 brevitas
3625 2381 3777 2433 tem-

2167 2463 2322 2535 poris
2350 2479 2466 2518 non
2494 2463 2700 2519 habuit
2733 2480 2745 2518 :
2773 2465 2918 2519 stola
2944 2463 3177 2538 insuper
3207 2464 3436 2537 Phrygii
3460 2466 3654 2536 operis
3673 2466 3778 2520 ad-

2159 2551 2384 2623 juncta,
2419 2569 2550 2606 cum
2581 2552 2806 2607 castaris
2835 2553 3094 2623 ejusdem
3145 2552 3393 2624 generis.
3429 2553 3660 2608 Statum
3691 2571 3778 2610 re-

2165 2639 2264 2708 gni
2297 2640 2503 2708 nostri,
2538 2640 2745 2712 quidve
2777 2645 2911 2714 agat
2937 2645 2994 2696 et
3023 2642 3296 2696 moliatur
3323 2642 3419 2696 ille
3451 2642 3615 2715 [Iugo
3645 2643 3775 2698 Rai-

2164 2727 2391 2792 mundi,
2423 2745 2531 2802 per
2554 2746 2652 2784 vos
2682 2729 2827 2786 scire
2847 2729 3020 2802 cupit.
3045 2732 3108 2784 In
3134 2747 3446 2786 commune
3466 2731 3577 2786 hoc
3602 2731 3778 2788 senti-

2160 2833 2313 2883 mus,
2349 2817 2506 2890 quod
2548 2817 2710 2872 vobis
2749 2821 2964 2886 ratum,
3014 2818 3180 2873 nobis
3203 2818 3772 2890 praestantissimum.

2672 2923 3012 2980 EPISTOLA
3049 2923 3260 2981 XXXVI.

2159 3027 2234 3064 AD
2267 3027 2544 3066 WIDONEM
2588 3027 2858 3067 ABBATEM
2900 3028 3354 3084 GANDAVENSEM,
3389 3029 3462 3067 EX
3507 3027 3776 3069 PERSONA

2752 3117 3170 3156 ADALBERONIS.

2241 3187 2374 3242 Vide
2401 3187 2736 3258 Patrologiae
2768 3196 2893 3244 tom.
2929 3187 3157 3246 CXXX
3169 3187 3285 3244 VII
3317 3191 3374 3244 in
3401 3190 3771 3248 ADALBBIIONE

2161 3276 2426 3344 Rsususr,
2457 3279 2602 3350 epist.
2641 3281 2694 3332 5.

2658 3386 2990 3443 EPISTOLA
3025 3387 3262 3442 XXXVII.

2553 3491 2628 3528 AD
2658 3491 2980 3531 ROBERTUM
3009 3492 3374 3532 PALATINUM.

2235 3561 2550 3617 Plurimum
2581 3566 2638 3617 te
2687 3563 2802 3618 mei
2849 3565 3181 3620 meminisse
3229 3569 3390 3638 puto,
3439 3582 3616 3638 quem
3651 3564 3773 3621 dies

2165 3655 2476 3725 noctesque
2497 3653 2730 3725 privatis
2756 3654 2904 3709 curis
2937 3655 3240 3710 intersero.
3267 3657 3466 3728 Itaque
3499 3659 3560 3711 et
3589 3655 3773 3712 domi-

2165 3757 2302 3795 nam
2334 3758 2528 3797 meam
2552 3743 2908 3816 Theuplianu
2939 3743 3421 3815 [Theophaniam]
3449 3744 3565 3799 mei
3584 3761 3772 3800 recor-

2165 3830 2288 3886 dari
2319 3831 2514 3898 facies,
2545 3848 2721 3903 quam
2771 3849 3002 3904 semper
3052 3833 3218 3904 cupio
3271 3834 3419 3888 bene
3468 3836 3686 3905 valere,
3711 3839 3770 3890 et

2163 3936 2294 3974 cum
2325 3919 2443 3974 filio
2475 3919 2718 3975 feliciter
2757 3920 3064 3993 imperare.
3100 3921 3270 3992 Cujus
3301 3923 3675 3991 memoriam,
3707 3927 3770 3979 ut

2161 4025 2391 4080 aequum
2419 4011 2524 4076 est,
2554 4009 2920 4081 frequentera
2952 4011 3160 4078 habeo,
3189 4011 3262 4068 ad
3299 4011 3460 4084 cujus
3489 4013 3763 4068 auxilium

2161 4114 2256 4151 me
2299 4097 2756 4170 quamplurimas
2797 4099 3238 4166 declamatores,
3295 4107 3360 4155 ut
3411 4101 3588 4170 nosti,
3643 4118 3768 4157 exa-

2159 4184 2337 4240 cuissc
2369 4185 2549 4240 Gallia
2573 4185 2730 4240 testis
2755 4189 2858 4242 est.
2890 4188 3038 4259 Ergo
3069 4187 3150 4242 tui
3183 4188 3355 4243 ofﬁcii
3399 4189 3512 4244 erit
3558 4189 3765 4245 rescire

2163 4275 2221 4327 et
2249 4271 2586 4340 rescribere,
2620 4291 2694 4328 an
2726 4273 2782 4328 in
2817 4275 3055 4330 Francia
3092 4276 3246 4330 velut
3284 4275 3448 4331 miles
3469 4279 3764 4332 succentu-

2160 4360 2338 4415 riatus
2366 4378 2472 4434 pro
2503 4361 2700 4416 castris
2737 4363 2972 4418 Cmsaris
3020 4381 3379 4432 remaneam,
3413 4382 3488 4420 an
3531 4368 3764 4438 paratus

2160 4465 2336 4504 omne
2366 4449 2680 4521 periculum
2713 4451 2902 4506 subire
2941 4469 3038 4506 vos
3083 4453 3312 4520 adeam,
3351 4471 3422 4508 an
3471 4453 3664 4526 potius
3693 4453 3764 4508 ad

2161 4539 2269 4593 iter
2289 4539 2440 4612 quod
2467 4543 2522 4594 tu
2555 4543 2611 4594 et
2649 4541 2890 4596 domina
2919 4560 3049 4596 mea
3078 4543 3225 4596 bene
3253 4543 3476 4611 novisti,
3501 4561 3597 4598 me
3619 4561 3762 4616 prse-

2161 4643 2388 4699 parem,
2419 4631 2479 4682 ut
2511 4628 2700 4701 Papia:
2731 4629 2788 4684 in
2813 4632 3023 4700 palatio
3047 4630 3386 4701 dispositum
3405 4635 3494 4686 est
3523 4649 3538 4687 :
3574 4633 3765 4687 simul-

2160 4733 2270 4788 que
2309 4733 2425 4772 non
2469 4717 2699 4784 tacebis,
2754 4719 2870 4781 ubi,
2911 4721 2969 4790 et
3013 4719 3266 4790 quando,
3307 4722 3364 4775 et
3412 4721 3552 4792 quid
3603 4723 3662 4775 tu
3694 4721 3761 4774 de

2157 4805 2263 4860 hac
2282 4822 2342 4859 re
2365 4805 2596 4860 sentias.
2621 4807 2736 4860 Hoc
2759 4824 2986 4878 quoque
3008 4812 3060 4861 te
3077 4825 3241 4862 nosse
3270 4807 3466 4871 velim,
3489 4825 3759 4880 qumcun-

2159 4911 2270 4964 que
2303 4893 2359 4946 in
2395 4894 2603 4948 eodem
2622 4895 2836 4965 palatio
2855 4895 2988 4949 tutis
3014 4895 3246 4950 auribus
3259 4896 3522 4950 commisi
3539 4896 3610 4950 de
3629 4896 3759 4962 ﬁde,

2157 4981 2393 5051 pietate,
2419 4981 2726 5036 stabilitate
2754 4983 3124 5038 illiusfamosi
3150 4983 3761 5038 Adall'ieronisarcliie-

2159 5069 2372 5142 pismpi
2403 5085 2543 5140 erga
2573 5071 2814 5125 herilem
2860 5072 3037 5126 nostri
3076 5072 3311 5127 Caesaris
3351 5071 3559 5140 filium,
3603 5077 3661 5128 et
3691 5075 3757 5127 tl-

2155 5158 2382 5220 dcntcr,
2415 5157 2491 5212 sic
2518 5176 2576 5213 sc
2602 5159 2816 5214 habere
2833 5161 2998 5230 juxta
3024 5161 3146 5232 ejus
3174 5160 3316 5216 scire
3341 5164 3400 5215 et
3426 5177 3614 5232 posse.

2638 5266 2974 5322 EPISTOLA
3007 5267 3270 5322 XXXVIII.

2151 5370 2226 5408 AD
2279 5370 2588 5410 ECBERTUM
2633 5371 3142 5425 ARCHIEI’ISCOPUM
3185 5373 3630 5426 TREVIRENSEM,
3681 5372 3756 5412 εκ

2586 5461 2848 5501 ΡΕΚΞΟἹΑ
2885 5461 3228 5501 ADALBERON
3238 5462 3308 5501 IS.

2227 5531 2361 5588 Vide
2389 5533 2484 5588 ubi
2506 5552 2692 5605 supra,
2729 5536 2882 5604 epist.
2912 5537 2965 5588 6.

2659 5640 2993 5696 EPISTULA
3026 5643 3236 5697 XXXIX.

2307 5745 2381 5783 AD
2414 5745 2797 5807 NOTEGABIUM
2833 5746 3154 5786 εΡιεςοΡυΜ
3183 5747 3572 5786 ιεοῡιεκδειις.

2207 5816 2438 5889 Vigilias
2465 5833 2536 5873 ne
2570 5817 2676 5873 PP.
2711 5816 3107 5874 famosissimas
3131 5818 3428 5892 quondam
3455 5819 3588 5875 ﬁdei
3608 5833 3747 5891 pro-
