3918 6230
413 474 520 540 ὶὶῦ

414 601 733 660 homicidia
762 602 1097 659 exercenda.
1125 601 1451 675 Delegimus
1477 606 1697 659 certum
1714 602 1894 658 otium
1908 603 2020 656 stuc
2039 602 2095 661 A

415 692 847 764 diorum,quam
870 691 1152 746 incertum
1179 692 1474 763 negotium
1493 692 2021 765 bellorum.thuo-

416 781 575 837 niam
601 780 841 852 vestigia
866 781 1240 851 philosophiae
1269 781 1406 835 dum
1432 781 1727 852 sequimur
1753 797 1867 835 non
1887 798 2020 836 con-

416 869 732 942 sequimur,
765 868 1014 942 impetus
1047 869 1443 924 tumultuantis
1474 869 1792 923 animinon
1814 886 2016 924 omnes

414 958 821 1031 repressimus,
859 959 1032 1013 modo
1065 958 1412 1013 recurrimus
1437 959 1508 1014 ad
1541 977 1607 1013 ea
1637 976 1762 1030 quae
1793 958 2018 1030 reliqui-

416 1065 724 1115 mus,nunc
753 1048 1035 1118 Hispaniae
1055 1048 1339 1120 principes
1355 1048 1578 1102 adimus
1605 1048 1899 1103 familiaris
1920 1066 2018 1103 no-

418 1136 542 1203 stri,
571 1136 793 1191 abbatis
822 1136 1051 1190 Guarini
1079 1136 1482 1192 adhortatione
1513 1137 1813 1203 commoti,
1864 1138 2016 1191 hunc

415 1225 590 1279 sacris
615 1224 821 1279 litteris
848 1225 1099 1279 domina:
1133 1229 1343 1280 nostra).
1367 1227 1723 1296 Theuphanu
1766 1225 2014 1297 impera-

415 1313 573 1368 tricis
605 1329 836 1385 semper
865 1315 1158 1385 Augustin,
1191 1329 1421 1383 semper
1451 1315 1739 1376 amandze,
1790 1330 2018 1385 semper

414 1401 692 1467 celenda',
726 1401 1011 1473 prioribus
1041 1401 1378 1456 divellemur
1402 1402 1617 1474 coeptis.
1662 1404 1723 1456 In
1756 1406 1916 1456 tanta
1934 1419 2018 1456 re-

417 1506 549 1546 rum
579 1490 986 1556 inconstantia,
1015 1490 1228 1545 doloris
1253 1494 1460 1556 metus,
1491 1491 1680 1561 gaudii
1709 1491 2013 1562 appetitus,

416 1578 676 1634 ﬁdissimi
725 1577 902 1650 patris
957 1579 1206 1645 Geraldi,
1242 1596 1414 1650 quem
1448 1580 1569 1633 haec
1598 1596 1713 1633 non
1747 1582 2012 1650 tangunt,

414 1667 677 1739 specialis
726 1667 875 1721 ﬁlius
915 1667 1222 1722 Gerbertus
1274 1669 1699 1739 sequendorum
1761 1667 2017 1739 deposcit

415 1756 788 1811 sententiam.
841 1755 996 1810 Vale.
1052 1757 1238 1811 valeat
1280 1760 1444 1826 pater
1487 1756 1780 1821 Geraldus,
1830 1757 2016 1810 valeat

410 1845 592 1901 frater
619 1844 904 1910 Airaldus,
934 1845 1119 1899 valeat
1148 1843 1535 1899 sanctisstmus
1557 1844 1719 1910 ordo,
1740 1860 1903 1898 meus
1931 1845 2012 1898 al-

1056 475 1408 538 suvssrm
1446 477 1490 537 ιι
1527 445 1736 537 papa:
1773 475 1928 538 OPP.
1969 471 2150 537 PARS
2188 473 2278 538 ιιι.
2316 504 2388 522 -
2425 468 2638 536 EPIST.
2679 475 2763 535 ar
2799 473 3080 538 omen.

3627 472 3737 547 ξω

2642 597 2984 656 EPISTOLA
3021 599 3190 658 XLIX.

2261 701 2334 742 AD
2368 705 2754 744 NOTEGARIL‘M
2786 705 3112 746 EPISCOPUM
3154 707 3585 751 LEODICENSEN.

2191 774 2513 846 Spectabile
2528 777 2744 832 faciunt
2761 795 2978 833 nomen
2995 783 3244 835 vestrum
3259 784 3738 854 presentiatem-

2121 865 2494 937 pora,quibus
2513 882 2824 937 paucorum
2842 867 3107 922 laudatur
3126 871 3737 941 probitas,multorum

2123 953 2468 1024 praedicatur
2513 955 2871 1026 improbitas.
2904 955 3246 1026 Speculatur
3302 977 3454 1015 nunc
3508 963 3734 1019 amicus

2117 1045 2305 1096 vester
2330 1043 2692 1109 Godefridus,
2722 1044 2819 1115 qui
2861 1044 3183 1100 amicorum
3207 1064 3265 1102 se
3316 1049 3502 1120 potius
3548 1067 3731 1122 quam

2115 1145 2218 1183 sua
2266 1130 2609 1197 amaverint,
2653 1131 2750 1200 qui
2782 1132 2941 1186 uxori
2989 1150 3054 1187 ac
3105 1135 3301 1190 liberis
3337 1136 3510 1191 ﬁdem
3554 1138 3731 1194 laturi

2116 1217 2331 1284 forent,
2353 1218 2396 1272 si
2425 1235 2483 1272 se
2507 1219 2714 1274 ultima
2738 1221 3018 1291 rapuisset
3051 1221 3190 1276 dies.
3247 1224 3315 1278 Et
3361 1224 3494 1296 quia
3532 1229 3730 1283 tantus

2117 1305 2200 1359 vir
2225 1306 2295 1360 de
2315 1307 2473 1360 vobis
2503 1307 2724 1378 optime
2755 1308 2948 1376 sentit,
2977 1309 3085 1364 hoc
3115 1312 3304 1366 solum
3340 1312 3553 1368 indicio
3601 1332 3730 1371 esse

2117 1397 2326 1464 potest,
2359 1398 2577 1466 quanta
2597 1396 2652 1450 in
2678 1397 2836 1450 vobis
2850 1397 3066 1452 eniteat
3084 1398 3276 1454 virtus.
3299 1401 3476 1465 Qnise
3498 1407 3726 1472 amant,

2116 1482 2331 1553 quique
2376 1484 2461 1538 sui
2488 1487 2642 1550 sunt,
2672 1485 2938 1539 hortatur
2965 1488 3023 1540 et
3047 1486 3323 1543 admonet
3375 1492 3436 1543 ut
3466 1491 3726 1547 domina:

2117 1587 2231 1623 suae
2259 1571 2596 1642 Teuphanu,
2619 1573 2850 1644 ﬁlioque
2866 1575 2985 1644 ejus
3011 1575 3728 1645 ﬁdemhabeant,minime

2115 1657 2328 1713 viribus
2340 1660 2593 1714 hostium
2625 1661 2740 1714 sint
2764 1661 3012 1728 infracti,
3041 1664 3195 1718 nullo
3214 1668 3541 1722 terreantur
3565 1686 3723 1724 casu.

2115 1746 2318 1800 Aderit
2348 1749 2479 1802 lzeta
2512 1749 2653 1814 dies,
2679 1766 2808 1821 quae
2840 1751 3039 1822 patriae
3065 1753 3394 1822 proditores
3423 1759 3482 1810 et
3511 1757 3726 1813 libera-

2114 1838 2267 1889 tores
2297 1852 2426 1890 vere
2450 1837 2740 1908 suppliciis
2767 1842 2824 1892 et
2861 1839 3114 1909 praemiis
3137 1841 3472 1913 distinguat,
3507 1844 3731 1917 disgre-

410 1937 506 1988 tor
543 1936 600 1988 et
657 1933 1024 1999 informator,
1060 1933 1288 2003 meique
1319 1933 1392 1986 sit
1423 1947 1653 1986 memor
1714 1932 1772 1985 in
1805 1932 2014 1986 sanctis
2038 1937 2086 1996 Β
2113 1925 2229 1993 get.
2256 1923 2624 1980 Fidissimum
2657 1926 2816 1980 vobis
2831 1927 3260 1984 Adalberonem
3285 1931 3602 1988 Remorum
3638 1951 3729 1988 ar-

410 2021 805 2094 petitionibus,
839 2037 904 2075 ac
945 2020 1127 2075 Patris
1154 2022 1220 2078 A.
1255 2019 1665 2094 archiepiscopi
1697 2021 2011 2074 Remorum

409 2109 514 2169 sibi
545 2127 651 2186 per
680 2109 878 2168 omnia
909 2109 1118 2164 devoti.

942 2216 1276 2274 EPISTOLA
1304 2218 1476 2272 XLVI.

869 2324 939 2362 AD
967 2324 1256 2362 GERALDUM
1287 2324 1531 2362 ABBATEH
1542 2349 1552 2361 .

475 2398 562 2451 An
591 2395 906 2468 quidquam
936 2396 1140 2451 melius
1157 2395 1355 2450 amicis
1381 2395 1647 2450 divinitas
1669 2395 2012 2450 mortalibus

406 2485 753 2540 concesserit
783 2484 996 2550 nescio,
1020 2484 1064 2538 si
1096 2485 1271 2540 modo
1298 2484 1335 2537 ii
1363 2487 1497 2538 sunt
1521 2483 1618 2556 qui
1651 2483 1825 2554 digne
1850 2501 2015 2557 expe-

406 2571 499 2628 titi
532 2572 820 2644 digneque
843 2572 1147 2627 videantur
1165 2571 1525 2626 habiti.Felix
1550 2573 1826 2638 dies,felix
1850 2573 2012 2627 hora.

411 2677 525 2733 qua
553 2659 712 2715 licuit
741 2660 963 2715 novisse
991 2661 1196 2726 virum,
1230 2661 1390 2732 cujus
1421 2661 1671 2716 nominis
1697 2661 2015 2716 recordatio

410 2765 616 2805 omnes
641 2765 674 2804 a
704 2749 871 2805 nobis
902 2749 1193 2804 molestias
1217 2750 1540 2806 detorserit.
1564 2751 1694 2822 Ejus
1710 2751 1755 2805 si
1774 2767 2022 2824 praesen-

409 2839 489 2893 tia
516 2840 604 2894 vel
630 2838 926 2894 interdum
958 2838 1203 2905 fruerer,
1249 2839 1565 2895 beatiorem
1599 2857 1694 2894 me
1744 2857 1860 2895 non
1898 2840 2016 2894 fru-

409 2931 528 2983 stra
556 2931 846 2999 putarem.
877 2927 1041 2992 Quod
1073 2931 1135 2982 ut
1160 2929 1342 2995 ﬁeret,
1367 2929 1528 2984 sedes
1557 2928 1697 2983 mihi
1723 2945 1836 2983 non
1858 2928 2018 2999 igno-

410 3016 554 3072 biles
585 3015 642 3070 in
678 3016 840 3071 Italia
869 3016 1303 3071 collocaveram.
1339 3017 1451 3072 Sed
1478 3017 1712 3071 involvit
1735 3017 2013 3071 mundum

410 3120 563 3158 caeca
587 3103 975 3176 fortuna,qute
995 3105 1207 3177 premit
1220 3105 1484 3176 caligine,
1508 3123 1578 3159 an
1605 3105 1919 3177 prmcipiet,
1941 3122 2012 3159 an

408 3192 621 3264 dirigat
651 3209 746 3247 me
773 3193 947 3281 modo
970 3193 1448 3261 tendentemhac,
1471 3194 1643 3249 modo
1664 3195 2018 3250 illac.Adha3-
2042 3222 2090 3281 α

2112 2010 2544 2084 chiepiscopum
2577 2015 2738 2068 nullo
2756 2015 2931 2070 modo
2963 2016 3170 2070 barum
3201 2034 3397 2074 rerum
3425 2021 3728 2077 conscium

2112 2099 2350 2167 facietis,
2380 2101 2476 2172 qui
2503 2106 2721 2173 quanta
2751 2106 3049 2174 prematur
3101 2107 3410 2176 tyrannide
3440 2111 3729 2165 testantur

2113 2189 2368 2260 epistola:
2392 2191 2466 2244 ad
2493 2191 2955 2264 archiepiscopos
2976 2197 3194 2249 vestros
3223 2196 3479 2265 directae,
3510 2198 3571 2253 in
3605 2199 3732 2271 qui-

2112 2277 2215 2332 bus
2242 2277 2381 2333 nihil
2414 2295 2616 2333 eorum
2649 2297 2780 2352 quae
2834 2282 3120 2338 voluerint
3149 2285 3392 2357 scripsit,
3442 2286 3546 2342 sed
3599 2305 3730 2362 quas

2113 2368 2393 2438 tyrannus
2423 2369 2721 2422 extarserit
2743 2370 3028 2427 oscitanti.

2702 2459 3037 2516 EPISTOLA
3077 2461 3138 2516 L.

2485 2561 2562 2600 AD
2592 2563 2938 2604 MATHILDEM
2971 2566 3343 2606 COMITISSAM.

2189 2634 2452 2704 Deponat
2481 2634 2718 2690 domina
2735 2653 2865 2692 mea
2882 2638 3160 2693 Mathildis
3174 2655 3414 2695 omnem
3433 2641 3732 2714 querimo-

2120 2721 2278 2776 niam
2305 2723 2688 2778 :clarissimus
2712 2729 2898 2780 vester
2929 2727 3182 2797 conjunx
3205 2727 3548 2785 Godefridus
3579 2731 3733 2788 inter

2119 2828 2286 2884 pares
2314 2811 2653 2884 prascipuus,
2687 2829 2750 2867 ac
2803 2814 2938 2885 ipsis
2983 2815 3291 2872 victoribus
3320 2817 3728 2888 formidabilis,

2117 2900 2226 2954 hoc
2256 2901 2549 2972 praecepit.
2601 2903 2924 2959 Exhilarate
2984 2908 3270 2974 mentem,
3301 2907 3439 2978 quia
3495 2909 3733 2981 spiritus

2118 2988 2291 3043 tristis
2313 2988 2554 3044 exsiccat
2593 3007 2737 3058 ossa,
2789 2991 3025 3047 consilia
3053 2993 3263 3048 turbat.
3295 2995 3560 3050 Domina:
3587 2997 3733 3053 Teu-

2117 3077 2314 3147 phanu
2364 3077 2716 3148 imperatrici
2764 3097 2994 3151 semper
3022 3083 3289 3154 Augustae
3320 3099 3387 3138 ac
3431 3083 3550 3140 ﬁlio
3605 3086 3732 3157 ejus

2117 3181 2346 3237 semper
2358 3167 2613 3237 Augusto
2630 3183 2758 3221 cum
2782 3169 2911 3223 ﬁliis
2924 3171 3126 3224 vestris
3141 3171 3318 3226 ﬁdem
3351 3171 3727 3243 purissimam

407 3256 743 3337 rem'vultus
773 3280 1114 3336 amiciinﬂxi
1145 3285 1376 3354 pectore
1410 3256 1587 3338 dum
1613 3282 1766 3349 dico,
1802 3283 1898 3354 qui
1929 3287 2015 3338 est
2043 3256 2090 3281 υ
2116 3256 2748 3354 servatePactumcum
2765 3257 2994 3313 Francis
3011 3259 3268 3314 hostibus
3285 3262 3508 3316 nullum
3528 3263 3726 3332 facite,

405 3369 676 3425 dominus
706 3373 763 3424 et
793 3373 956 3441 pater
985 3387 1148 3426 meus
1167 3369 1460 3437 Geraldus,
1493 3371 1653 3443 cujus
1678 3370 2014 3426 deliberatio

410 3461 608 3514 nostra
639 3458 737 3514 ﬁet
763 3460 1068 3515 exsecutio.

922 3565 1260 3622 EPISTOLA
1303 3566 1500 3621 XLVII.

454 3670 522 3712 AD
557 3671 950 3712 ADTLBEIONEI
990 3673 1241 3711 VOCATUK
1274 3673 1563 3710 EPISCOPUI
1597 3659 1975 3711 VIRDUNRNSE!

867 3762 932 3801 ΕΤ
955 3761 1287 3800 HERHANNUM
1305 3761 1554 3800 FRATRES.

481 3842 694 3899 Felices
719 3842 924 3915 quibus
955 3845 1204 3913 paterna
1218 3841 1397 3897 virtus
1420 3843 1717 3915 exemplar
1743 3842 1813 3897 sit
1831 3841 2018 3898 imita-

408 3931 546 3986 bile.
579 3931 775 3987 Vester
805 3930 1035 4002 genitor
1062 3931 1170 3984 hoc
1197 3931 1357 4001 petit.
1388 3931 1739 4002 Repentinus
1769 3947 1928 3986 casus
1941 3949 2012 3988 ne

403 4037 505 4075 vos
530 4019 841 4087 deterreat,
873 4017 992 4073 ﬁlio
1011 4017 1247 4073 Caesaris
1273 4018 1448 4073 ﬁdem
1468 4036 1641 4091 quam
1670 4020 2012 4092 promisistis

405 4108 743 4163 inviolatam
775 4108 1016 4173 servate,
1049 4107 1250 4161 omnia
1279 4111 1463 4162 castra
1493 4109 1564 4163 ab
1594 4109 1856 4164 hostibus
1886 4113 2008 4164 tue-

405 4195 574 4263 mini,
607 4194 855 4268 denique
882 4211 991 4250 nec
1027 4196 1450 4266 Scarponnam,
1484 4214 1588 4253 nec
1617 4198 1890 4254 Haidonis
1917 4216 2009 4253 ca-

405 4284 661 4352 stellum,
700 4300 806 4338 nec
837 4283 1118 4356 quidlibet
1159 4300 1360 4339 eorum
1392 4303 1518 4358 quae
1549 4287 1706 4343 vobis
1760 4287 2007 4358 reliquit,

407 4373 638 4428 Francis
652 4371 1001 4444 reliqueritis
1023 4389 1035 4426 :
1061 4372 1231 4428 illecti
1254 4379 1351 4430 aut
1364 4392 1510 4430 vana
1528 4395 1625 4449 spe
1655 4394 1770 4431 suae
1802 4377 2010 4432 libera-

405 4461 600 4528 tionis,
628 4463 727 4516 aut
752 4464 974 4516 terrore
1002 4461 1085 4516 sui
1113 4462 1412 4531 cruciatus,
1446 4467 1544 4518 aut
1570 4465 1671 4519 ﬁlii
1717 4465 2008 4520 Friderici.

407 4551 537 4604 Haec
551 4553 837 4622 precepta
860 4550 1268 4621 magnanimus
1281 4555 1446 4624 pater
1464 4554 1759 4625 generosis
1775 4554 1902 4608 ﬁliis
1919 4555 2014 4609 de-

405 4638 510 4694 dit.
543 4638 806 4694 Sentiant
835 4639 895 4694 in
940 4639 1096 4694 vobis
1126 4640 1316 4696 hostes
1346 4659 1463 4696 non
1495 4661 1553 4698 se
1582 4647 1768 4698 totum
1797 4643 2009 4716 cepisse

403 4727 800 4796 Godefridum,
835 4728 1043 4784 auxilia
1077 4729 1332 4801 undique
1353 4735 1707 4803 comparate,
1733 4731 2005 4787 liberato-

403 4831 497 4870 res
526 4815 852 4888 patriaa,vos
881 4817 1098 4872 similes
1121 4818 1270 4891 patri
1294 4817 1351 4873 in
1387 4820 1664 4874 omnibus
1689 4836 2005 4891 repraesen-

400 4906 538 4960 tate.
571 4921 681 4960 xvii
715 4905 958 4960 Kalend.
985 4905 1196 4977 Aprilis
1219 4923 1313 4961 me
1344 4906 1721 4979 interpretem
1754 4907 1875 4962 ﬁeri
1905 4924 2000 4962 vo-

397 4993 502 5050 luit
528 4994 634 5050 sibi
663 4995 864 5067 suique
883 4993 1225 5050 ﬁdissimum

897 5101 1253 5159 EPISTOLA-
1269 5102 1490 5158 XLVIII.

929 5207 1002 5246 AD
1032 5207 1470 5248 INNOMINATUM.

2119 3340 2472 3396 Francorum
2500 3359 2665 3416 reges
2696 3346 3276 3403 aversamini.Castra
3305 3349 3504 3405 omnia
3529 3350 3608 3406 sic
3638 3355 3724 3406 te-

2119 3431 2356 3496 nete,sic
2387 3431 2769 3500 defendite,ut
2801 3435 3016 3488 nullam
3041 3436 3098 3488 in
3113 3435 3200 3490 his
3220 3437 3476 3492 habeant
3492 3443 3727 3510 partem

2119 3517 2429 3575 adversarii
2462 3521 2653 3588 vestri,
2672 3521 2885 3577 scilicet
2912 3541 3094 3596 neque
3114 3541 3219 3596 pro
3237 3542 3336 3596 spe
3364 3526 3729 3584 liberationis

2121 3607 2338 3675 mariti,
2373 3626 2562 3682 neque
2589 3627 2694 3682 pro
2725 3614 2948 3666 terrore
2994 3613 3418 3684 peremptionis
3448 3615 3593 3686 ejus,
3629 3621 3729 3671 aut

2120 3695 2221 3750 ﬁlii
2249 3697 2538 3753 Friderici.
2563 3700 2756 3755 Haacxr
2787 3700 3134 3772 Kal.Aprilis
3163 3702 3236 3756 ad
3263 3702 3483 3758 ﬁumen
3513 3705 3724 3760 Matro-

2119 3800 2255 3838 nam
2291 3802 2436 3841 mea:
2491 3787 2625 3842 ﬁdei
2659 3787 2967 3856 commisit,
2995 3805 3123 3861 quae
3180 3790 3337 3846 vobis
3379 3792 3556 3864 plena
3612 3793 3726 3850 ﬁde

2114 3872 2304 3929 retuli.

2685 3965 3017 4020 EPISTOLA
3059 3967 3143 4022 LI.

2245 4067 2319 4106 AD
2345 4068 2697 4108 SIGIFREDUM
2723 4070 2960 4110 COMITIS
2989 4071 3190 4111 FILIUM
3221 4072 3586 4114 GERBERTUS.

2182 4141 2435 4197 Nimium
2455 4159 2717 4198 amorem
2737 4143 2889 4198 circa
2908 4148 3182 4217 parentes
3195 4149 3431 4214 vestros,
3451 4148 3552 4220 qui
3567 4166 3719 4206 nunc

2112 4232 2330 4286 exsules
2353 4234 2484 4285 sunt
2504 4231 2804 4298 habentes,
2834 4249 2933 4287 eos
2963 4233 3036 4287 ad
3067 4235 3288 4290 ﬂumen
3314 4236 3643 4294 Matronam
3663 4257 3716 4295 ιι

2113 4320 2212 4373 Kal
2226 4319 2448 4390 .Aprilis
2463 4320 2690 4374 allocuti
2709 4321 2996 4381 sumus,Et
3008 4338 3135 4394 quas
3149 4323 3445 4379 dominam
3462 4330 3722 4382 nostram

2111 4408 2430 4480 Teuphanu
2461 4409 2531 4463 de
2561 4425 2662 4463 sua
2692 4408 2967 4464 ﬁdelitate
2991 4409 3131 4465 scire
3150 4413 3586 4486 voluerunt,per
3601 4417 3722 4489 epi-

2034 4511 2086 4570 Ῑ)
2113 4498 2320 4551 stolam
2345 4496 2787 4551 mandamus.Et
2805 4497 2938 4569 quia
2954 4514 3085 4552 cum
3101 4498 3506 4556 benevolentia
3526 4503 3722 4560 Ottoni

2113 4587 2170 4638 et
2200 4585 2756 4658 Heriberli,quorum
2781 4589 3040 4644 custodia
3057 4592 3376 4658 servantur,
3393 4607 3493 4646 eos
3508 4593 3722 4667 alloqui

2111 4674 2386 4740 valemus,
2429 4691 2790 4746 qumcunque
2821 4680 2879 4730 et
2909 4693 3006 4731 vos
3037 4680 3096 4731 et
3147 4678 3386 4734 domina
3416 4684 3618 4736 nostra
3647 4683 3724 4738 eis

2109 4761 2388 4817 mandare
2431 4765 2602 4830 volet,
2635 4764 2838 4819 litteris
2886 4782 2990 4820 nos
3043 4767 3257 4821 habere
3309 4767 3552 4824 facietis.
3610 4771 3722 4826 Hoc

2103 4864 2340 4921 insuper
2355 4854 2555 4906 vestrae
2577 4851 2708 4906 ﬁdei
2729 4853 3172 4921 committimus,
3191 4854 3326 4926 quia
3347 4855 3390 4909 si
3415 4856 3719 4927 Hugonem

2104 4939 2264 4994 vobis
2294 4939 2352 4992 in
2409 4939 2721 4995 amicitiam
2750 4941 3177 5014 colligaveritis,
3231 4959 3438 4999 omnes
3469 4944 3722 5017 impetus

2106 5027 2459 5084 Francorum
2491 5027 2657 5084 facile
2688 5030 2942 5086 devitarc
2972 5031 3251 5099 valebitis,

2675 5118 2918 5176 EPISTO
2928 5121 3013 5174 LA
3040 5121 3148 5175 Lll.

2275 5223 2351 5261 AD
2372 5223 2642 5262 DOMINAM
2677 5225 3042 5266 THEUPIIANU
3087 5227 3552 5267 IMPERATRICEM.

469 5287 783 5343 Obscuram
810 5289 1112 5362 epistolam
1143 5288 1336 5343 etsine
1353 5289 1588 5344 nomine
1604 5291 1796 5362 paucis
1816 5293 2002 5348 absol-
2180 5295 2442 5367 Cupienti
2477 5295 2619 5350 mihi
2651 5314 2747 5351 vos
2768 5298 2926 5351 adire
2949 5300 3262 5354 secundum
3284 5299 3603 5372 imperium
3637 5321 3721 5358 ve-

394 5375 600 5431 vimus.
654 5377 950 5434 Lotharius
992 5395 1088 5431 rex
1128 5376 1380 5431 Francia:
1426 5379 1694 5449 praelatus
1747 5384 1830 5435 est
1881 5383 2001 5436 solo
2104 5386 2310 5450 strum,
2337 5402 2452 5440 non
2481 5386 3000 5442 fru~trarenisaest
3023 5389 3312 5444 divinitas.
3335 5389 3478 5445 Nam
3512 5409 3566 5446 χι
3597 5393 3714 5446 Kal.

393 5465 652 5532 nomine,
685 5467 843 5537 [Iugo
868 5483 1001 5520 vero
1025 5481 1142 5519 non
1173 5464 1436 5535 nomine,
1463 5468 1559 5522 sed
1577 5472 1704 5522 actu
1731 5472 1996 5538 etopere.
2100 5471 2308 5542 Aprilis
2338 5477 2534 5545 captos
2564 5475 2803 5529 comites
2835 5477 3140 5546 allocutus,
3169 5477 3578 5546 Godefridum,
3614 5499 3712 5553 pa-

392 5555 525 5624 Ejus
553 5554 892 5620 amicitiam,
921 5553 1044 5608 siin
1067 5557 1774 5626 communeexpctissetis,
1813 5557 1994 5612 ﬁlium
2101 5563 2408 5633 truumquc
2464 5563 2585 5632 ejus
2631 5563 2990 5633 Sigifridum,
3027 5565 3175 5620 inter
3205 5566 3456 5621 hostium
3508 5585 3717 5624 cuneos

389 5642 830 5715 queipsiuscum
861 5641 976 5695 ﬁlio
998 5641 1235 5695 Caesaris
1253 5643 1994 5715 colligassetis,jamdudum
2094 5650 2250 5704 solus
2272 5654 2531 5720 repertus
2546 5668 2674 5704 sum
2697 5656 3014 5708 vestrarum
3067 5655 3439 5725 partium,cui
3470 5657 3717 5713 ﬁdenter

385 5746 553 5802 reges
582 5731 934 5787 Francorum
967 5729 1157 5786 hostes
1183 5745 1298 5785 non
1331 5731 1633 5787 sentiretis.
2093 5737 2164 5793 de
2184 5737 2332 5792 statu
2352 5737 2576 5811 imperii
2593 5739 2761 5794 vestri
2784 5757 2913 5796 suas
2933 5743 3247 5799 sententias
3263 5759 3406 5801 conc
3421 5745 3709 5804 rederent.
