3918 6230
188 436 280 518 tn
1138 466 1384 533 saeuo
1421 472 1465 536 ι.
1497 500 1572 522 -
1605 472 1788 535 ms
1824 472 2114 543 smmi
2150 477 2673 550 pon'nrimrun.
2740 506 2746 513 -
3454 492 3561 558 ais

202 573 403 687 .Scripsi
429 579 700 687 itaque
756 585 1180 650 exhortatorias
1223 594 1493 687 epistolas
1538 599 1749 656 secund

2017 608 2188 668 alatio
2226 611 2486 670 habitum
2517 632 2550 670 v
2599 614 2730 672 Idus
2783 614 2955 673 Maias
2998 615 3187 675 subito
3217 610 3471 677 dissolvit
3498 637 3564 678 ac

205 674 576 780 ξιιὶῖὶιξοὶιιιιξ
621 696 872 780 eorum,
908 682 1268 780 conjugibus,
1309 686 1523 780 liberis,
1549 688 1858 746 amiciszut
1958 674 2269 771 l-iquefecit.
2298 704 2687 761 Interfuerunt
2703 706 2775 761 de
2803 674 3561 780 vestrisquidemduxC—aro:

213 764 265 820 in
287 764 405 821 ﬁde
437 770 661 823 vestra
697 774 986 840 perstent,
1020 772 1176 827 nullo
1199 773 1453 830 hostium
1479 775 1710 832 incursu
1739 780 1759 832 t

2015 807 2060 859 s,
2092 807 2287 847 comes
2303 793 2661 862 Reinharius,
2681 796 2751 851 de
2782 796 2990 853 nostris
3019 797 3560 854 Herbertus'I'recas—

221 857 474 924 reantur,
534 873 882 932 eorumque
928 862 1212 933 exemplo,
1269 861 1315 916 si
1364 863 1600 920 fortuna
1637 867 1768 921 tulei

2006 896 2131 945 nus,
2159 881 2259 936 sed
2292 881 2422 938 Otto
2455 883 2661 939 acriori
2691 900 2827 940 cura
2858 886 3132 954 exclusus,
3165 886 3346 943 adfuit
3378 885 3553 941 etiam

230 943 481 999 "5mm"
508 945 724 1044 {mf-ius
763 946 1001 1044 fingant
1048 965 1152 1021 Ρῖο
1371 951 1530 1044 "ibis
1573 955 1856 1044 δθΐνᾶηάδι
1952 943 2290 1037 Gibevvinus,
2328 972 2623 1044 episcopus
2653 973 3045 1029 Laudunensis
3071 943 3357 1032 Adalbero
3378 974 3559 1030 frater

233 1047 398 1132 quam
437 1035 661 1134 patrias
683 1035 884 1132 solum
1096 1036 1361 1134 perfidia.
1408 1040 1520 1134 Hos
1547 1058 1669 1134 ego,
1702 1042 1853 1134 viro?
1951 1035 2496 1124 Gocilonis,vob-side
2518 1035 2680 1134 pacis
2710 1062 2825 1117 filio
2857 1062 3049 1117 fratris
3071 1063 3268 1119 Bardae
3299 1063 3456 1130 dato,
3490 1079 3560 1118 ea

228 1121 282 1175 in
298 1121 504 1192 primis
524 1121 910 1178 charissimos
925 1123 1343 1196 babeo,quibus
1353 1129 1580 1197 gravius
1597 1133 1681 1184 est
1697 1148 1773 1202 qu

2010 1121 2281 1200 inditione
2314 1149 2509 1214 evasit,
2526 1121 2606 1204 .ut
2635 1150 2789 1222 quod
2821 1150 3122 1222 Sigifridus
3137 1168 3201 1206 ac
3218 1121 3557 1206 Godefridus

225 1212 666 1281 vestranegotia
688 1227 808 1265 non
836 1212 1027 1266 valent
1042 1213 1294 1311 exsequi,
1310 1231 1485 1286 quam
1509 1217 1664 1289 quod
1678 1234 1772 1289 cap

2004 1235 2151 1289 ,cturi
2172 1236 2285 1291 sint
2311 1237 2543 1293 faciant.
2576 1238 2725 1303 Quid
2750 1239 2858 1295 hoc
2872 1240 2962 1307 sit,
2982 1239 3209 1295 Francis
3228 1256 3355 1311 spes
3368 1256 3551 1308 mera,

223 1296 377 1351 vitati
397 1296 669 1352 hostium
702 1297 969 1354 videntur
987 1296 1343 1356 addicti.Sed
1358 1303 1494 1375 quia
1520 1304 1770 1377 principi

2003 1322 2116 1377 obis
2145 1340 2237 1378 res
2286 1326 2479 1381 certa?
2505 1327 2753 1381 Tantum
2785 1331 3063 1399 superest,
3093 1345 3268 1400 quam
3299 1327 3550 1400 patriam

226 1383 509 1439 dissensio
541 1384 821 1440 interitus
834 1403 1152 1458 regnorum
1179 1392 1284 1457 est,
1302 1390 1626 1461 principum
1642 1396 1773 1448 vesti

2005 1436 2008 1463 ι
2038 1411 2303 1467 manibus
2321 1415 2556 1470 consilio
2574 1418 2633 1470 et
2656 1415 2864 1470 auxilio
2887 1420 2946 1471 et
2963 1416 3174 1472 viribus
3193 1416 3552 1483 tenetis,hos—

221 1488 356 1572 rum
370 1472 698 1572 eorm-ordia
714 1474 1040 1572 remedium
1055 1479 1355 1572 tantorum
1378 1479 1667 1572 mal-(fuit!
1684 1481 1850 1537 n0bi3
1946 1498 2098 1553 tibus
2126 1502 2362 1557 consilio
2391 1506 2445 1557 et
2459 1504 2668 1559 auxilio
2697 1504 2982 1560 destitutis
3011 1505 3239 1561 tradere
3257 1521 3329 1560 ne
3343 1504 3550 1561 velitis.

213 1558 342 1615 fore
374 1559 635 1615 videtur.
655 1561 963 1617 Funiculus
975 1563 1185 1635 quippe
1212 1565 1417 1637 triplex
1444 1567 1676 1623 difﬁcile
1696 1585 1760 1623 ru

2003 1588 2160 1644 rbem
2182 1558 2655 1649 Virdunensiumi
2681 1558 2714 1648 .
2734 1593 2932 1665 paucis
2962 1558 3332 1665 praedo—nibus
3359 1558 3550 1665 quiete

170 1722 177 1729 _
208 1648 401 1747 Pii-“f3
447 1648 738 1753 Νοξθνξῖίξ
781 1650 959 1749 etiam
1000 1652 1557 1753 regﬁs‘anfor‘iH}
1593 1672 1706 1753 ξοδ.
1730 1674 1846 1753 “0P
1944 1676 2114 1744 tueri,
2151 1677 2408 1750 inquieto
2431 1682 2698 1753 etiniquo
2716 1648 2913 1738 animo
2935 1648 3083 1751 fero,
3114 1681 3222 1736 nisi
3262 1680 3412 1737 forte
3443 1681 3551 1736 hoc

208 1736 401 1810 aequis
424 1736 615 1792 oculis
640 1736 877 1806 intueri,
906 1756 974 1795 eo
991 1740 1142 1812 quod
1163 1741 1234 1796 de
1260 1746 1448 1797 vestra
1472 1743 1747 1800 fidelitate

2009 1766 2150 1847 ajori
2183 1736 2717 1847 diifljerturconsilio,
2738 1775 2799 1828 ut
2827 1771 2979 1830 unde
3003 1788 3120 1830 non
3147 1774 3381 1847 sperant
3400 1787 3550 1846 pras-

205 1827 519 1880 contraria
549 1827 893 1894 sentiamus,
919 1828 1203 1900 simulque
1218 1830 1374 1902 quod
1389 1833 1573 1887 multa
1593 1833 1843 1889 familia-
1944 1827 2099 1908 cipiti
2137 1839 2354 1894 excidio
2388 1841 2698 1897 tabescant.

195 1913 385 1968 ritate
409 1913 686 1968 fruamur
708 1914 1090 1970 Adalberonis
1111 1916 1844 1992 archiepiscopiRemorum
1867 1916 1918 1976 B
2514 1930 2852 1987 EPISTOLA
2879 1934 2981 1988 LX.

195 2016 389 2072 quem
421 1999 606 2055 simili
638 2000 893 2081 decausa
923 2001 1272 2060 insectantes
1296 2005 1709 2063 infidissimum
1737 2008 1843 2065 sibi
2352 2031 2695 2075 cessamus
2751 2036 3140 2079 mnomuno.

193 2090 445 2176 putant.
470 2089 537 2142 In
567 2087 659 2143 his
688 2089 961 2144 omnibus
988 2091 1125 2163 quid
1148 2108 1252 2147 nos
1276 2094 1462 2149 velitis
1490 2095 1701 2163 facere,
1728 2101 1785 2151 et
1798 2095 1844 2151 si
2017 2104 2124 2159 Res
2154 2104 2394 2160 celanda
2419 2107 2614 2162 multis
2643 2108 2929 2164 committi
2955 2126 3072 2165 non
3104 2111 3239 2168 vult.
3275 2108 3438 2176 Quod
3462 2109 3549 2168 di-

192 2174 369 2231 inter
392 2176 601 2230 hostes
638 2176 729 2231 via
772 2178 1023 2248 patuerit
1068 2180 1202 2246 ulla,
1236 2198 1350 2253 quo
1395 2184 1453 2237 et
1482 2184 1715 2256 quando

2006 2210 2109 2248 erso
2146 2195 2290 2266 stylo
2347 2195 2513 2249 nobis
2544 2196 2831 2265 scribitur,
2866 2197 3114 2253 adversis
3153 2198 3385 2254 tractari
3433 2215 3553 2255 non

186 2265 386 2319 stram
402 2263 783 2335 prmsentiam
793 2281 1093 2337 possumus
1104 2268 1263 2323 adire
1277 2270 1485 2325 certius
1500 2271 1838 2343 signiﬁcate.
1941 2278 2155 2351 injuria
2171 2263 2427 2354 putatur.
2448 2284 2753 2340 Silentium
2785 2285 2953 2341 amici
2981 2286 3151 2342 vestri
3172 2286 3553 2343 Adalberonis

194 2351 408 2419 nobis,
430 2352 659 2425 paratis
676 2370 782 2426 per
809 2355 1178 2411 omniavobis
1209 2358 1756 2431 obtemperare.Res
1771 2378 1839 2418 eo
1939 2351 2242 2440 proprium
2256 2373 2491 2438 statum,
2519 2372 2803 2445 simulque
2833 2374 3210 2430 Ecclesiarum
3232 2374 3465 2431 Domini
3485 2391 3551 2431 ac

186 2440 521 2534 processit,
571 2443 634 2494 ut
653 2441 789 2534 ‘jam
821 2458 940 2534 non
984 2442 1055 2497 de
1097 2461 1198 2499 sua
1238 2446 1574 2534 expulsione
1613 2453 1838 2521 agatur,
1940 2456 2138 2525 palatii
2168 2459 2518 2515 Francorum
2548 2440 2782 2519 indicat.
2804 2462 2968 2526 Quod
2991 2465 3050 2516 ut
3070 2465 3271 2534 potero
3298 2463 3551 2520 breviter

185 2527 362 2599 quod
396 2528 631 2582 malum
648 2528 1131 2619 tolerabileesset,
1155 2533 1254 2587 sed
1271 2534 1340 2588 de
1363 2534 1840 2609 vitaetsanguine
1940 2543 2261 2616 accingam.
2318 2548 2436 2619 Ego
2477 2547 2736 2604 fidelium
2777 2550 3012 2605 Ctesaris
3061 2527 3178 2606 non
3208 2550 3544 2607 immemor.

182 2618 454 2670 certent.
479 2616 598 2669 Hoc
619 2616 765 2671 mihi
784 2634 979 2673 secum
1001 2635 1312 2676 commune
1335 2626 1439 2691 est,
1456 2624 1614 2696 quasi
1633 2643 1692 2680 se
1711 2643 1843 2682 con-
1943 2630 2274 2704 ConJuratio
2306 2616 2578 2691 in‘fllium
2601 2636 2836 2693 Caesaris
2861 2654 2926 2693 ac
2952 2637 3010 2692 in
3036 2641 3202 2694 voset
3230 2641 3356 2694 acta
3373 2642 3460 2696 est
3489 2641 3548 2697 et

188 2705 297 2799 tra
330 2706 591 2799 conatus
624 2704 816 2799 regios
835 2704 1301 2799 incitanti.MoIes
1321 2710 1575 2783 denique
1601 2729 1840 2786 oppres-
1944 2723 2155 2792 agitur,
2190 2739 2306 2779 non
2332 2725 2565 2779 soluma
2584 2724 2957 2797 principibus,
2980 2725 3131 2781 inter
3153 2742 3295 2799 quos
3313 2726 3546 2782 Carolus

197 2791 400 2846 sionis
431 2793 605 2846 tanta
619 2794 1024 2865 est,vestrique
1048 2796 1305 2851 nominis
1336 2802 1500 2854 tanta
1527 2800 1761 2869 invidia,
1785 2806 1847 2857 ut
1944 2791 2053 2863 dux
2076 2810 2203 2881 jam
2239 2828 2354 2866 non
2387 2811 2445 2866 in
2478 2791 2699 2868 occulto
2722 2818 2827 2881 est,
2850 2814 2951 2870 sed
2981 2814 3155 2869 etiam
3184 2831 3218 2869 a
3248 2814 3546 2881 militibus,

190 2896 336 2934 suas
350 2878 626 2934 miserias
640 2879 1205 2938 nullisaudeatvobis
1219 2882 1844 2962 significarerescriptis
1944 2878 2093 2969 quos
2118 2916 2216 2972 spe
2273 2904 2373 2954 aut
2414 2905 2571 2956 metu
2620 2902 2769 2958 allici
2800 2878 2886 2958 est
2913 2903 3201 2976 possibile.
3234 2904 3353 2959 Dux
3384 2878 3547 2975 Hugo

190 2966 319 3022 Sed
341 2967 479 3022 hwc
503 2968 768 3038 tyrannis
788 2968 831 3023 Si
851 2968 1178 3039 invaluerit,
1197 2973 1469 3046 locusque
1496 2976 1568 3031 ad
1597 2993 1695 3033 VOS
1711 2994 1844 3048 pro-
1944 2966 2033 3040 x—lv
2062 2966 2347 3044 Kaiendas
2383 2990 2512 3044 Julii
2541 3008 2742 3063 regem
2770 3009 2834 3047 ac
2862 2966 3127 3065 réginam
3167 2993 3549 3048 osculatusest

192 3054 485 3153 Ῐυὶζίεηξξί
514 3056 770 3126 {latuerit
791 3056 922 3153 sibi:
942 3075 1063 3153 n_00_
1088 3059 1301 3153 “lisfuit
1316 3062 1387 3153 dt?
1418 3064 1575 3153 vobis
1602 3065 1846 3153 meliora
1944 3077 2179 3133 tandem
2195 3079 2402 3134 astutia
2413 3054 2821 3151 quorumdam,
2836 3085 2899 3137 ut
2916 3054 2971 3137 in
2986 3082 3112 3153 conj
3123 3081 3382 3137 aratione
3402 3080 3548 3137 tanti

196 3143 485 3211 δθηεθΐίῑν
522 3160 686 3215 Spem
717 3160 816 3198 091‘
821 3147 939 3199 tam
971 3145 1257 3216 habuerit.
1286 3149 1385 3221 qui
1419 3152 1578 3206 VUbiS
1608 3169 1672 3206 ac
1726 3152 1843 3209 ﬁlio
1873 3191 1920 3251 Ο
1944 3164 2047 3218 viri
2086 3181 2301 3220 nomen
2328 3167 2456 3222 fore
2488 3171 2809 3240 putaretur,
2841 3170 2995 3242 quod
3034 3169 3275 3225 minime
3301 3172 3408 3233 est,
3440 3184 3545 3222 nec

207 3233 407 3251 “A41__
443 3230 500 3251 2-
548 3247 649 3251 μ---
679 3232 851 3251 ---Ιηοι
1106 3235 1117 3246 ι
1372 3237 1431 3251 «ιο.
1481 3241 1491 3251 ι
1663 3243 1674 3251 .

207 3233 414 3286 vestro
443 3232 507 3285 in
540 3247 655 3303 quo
679 3232 858 3287 valuit
886 3233 1221 3307 suffragium
1257 3237 1569 3294 meditatus
1597 3243 1700 3295 est.

2000 3269 2069 3306 re
2096 3258 2365 3324 putamus
2407 3232 2513 3311 hac
2544 3232 2886 3329 tempestate
2919 3259 3222 3331 Sigifridus
3249 3232 3444 3313 comes
3473 3256 3547 3313 ad

785 3338 1124 3395 EPISTULA
1150 3341 1284 3396 LIII.
1945 3357 2046 3394 sua
2074 3341 2264 3397 rediit.
2287 3343 2626 3399 Godefridus
2655 3362 2870 3414 comes,
2904 3347 2947 3401 si
2982 3346 3383 3402 Castrilucium
3412 3360 3545 3400 cum

280 3441 363 3506 sp
388 3439 962 3506 perﬂanipunscsu
982 3445 1341 3506 2335339915
1363 3448 1769 3506 ᾼυΑνιΒεκοΝιε,
1944 3428 2161 3484 Hainao
2178 3430 2423 3487 Reniero
2444 3432 2734 3499 redderet,
2756 3450 2931 3504 seque
2962 3434 3265 3506 filiumque
3288 3448 3454 3488 suum
3476 3447 3542 3487 co

288 3496 436 3551 Vide
466 3496 801 3567 Patrologim
832 3504 961 3553 tam.
992 3497 1217 3555 CXXX
1230 3501 1341 3556 V11
1363 3504 1418 3556 in
1448 3505 1835 3561 ADALBERONE

2008 3516 2150 3571 itatu
2180 3534 2245 3573 ac
2275 3519 2603 3591 episcopatu
2635 3496 2885 3592 privaret
2910 3496 3283 3577 Virdunensi:
3316 3520 3388 3575 de
3412 3519 3547 3575 reli-

205 3584 515 3653 Rzuzrm,
537 3587 689 3657 epist.
713 3587 766 3641 8.

1995 3623 2056 3661 uo
2090 3584 2377 3678 integram
2409 3584 2583 3663 fidem
2598 3584 2949 3664 Francorum
2967 3609 3199 3680 regibus
3228 3608 3542 3674 exhiberet,

781 3682 1122 3739 EPISTOLA
1153 3685 1282 3739 LIV.
1942 3694 2093 3749 datis
2138 3694 2432 3750 obsidibus
2471 3695 2730 3750 fortassis
2760 3696 2831 3751 ad
2867 3712 2970 3750 sua
3013 3711 3277 3751 remeare
3306 3695 3542 3749 valeret.

287 3786 370 3824 an
404 3788 829 3828 ranvxaexssm
864 3789 1373 3831 ARCHIEPISCOPUM
1423 3792 1494 3831 ex
1514 3793 1772 3834 ransom
1944 3782 2095 3838 Finis
2121 3782 2457 3839 Theoderici
2487 3784 2645 3839 ducis
2704 3784 3004 3856 Hugonem
3046 3784 3251 3839 ducem
3289 3781 3540 3853 respicit,

824 3878 1246 3919 ADALBERONIS.
1946 3873 2214 3929 Ottonem
2275 3874 2371 3927 H8]

1997 3877 2214 3929 ttonem
2275 3873 2622 3929 Heribertus.
2654 3873 2859 3929 Fidum
2910 3872 3070 3928 vobis
3117 3871 3544 3927 Adalberonem

298 3946 438 4003 Vide
464 3949 564 4005 ubi
589 3967 777 4022 supra,
804 3951 955 4021 epist.
984 3953 1036 4006 9.

1997 3963 2434 4037 'chiepiscopum
2495 3981 2602 4037 pax
2632 3967 2925 4036 sequestra
2954 3979 3106 4017 nunc
3143 3962 3381 4018 tandem
3405 3975 3544 4015 con-

799 4047 1137 4104 EPIS’I‘OLA
1168 4049 1272 4104 LV.
1944 4051 2118 4120 ciliat,
2151 4069 2220 4108 eo
2252 4056 2439 4123 pacto,
2472 4057 2536 4108 ut
2577 4052 2813 4107 interim
2862 4052 3191 4107 instituatur
3240 4050 3542 4121 perpetua.

836 4152 913 4190 an
940 4153 1209 4194 nuunsu.
1943 4140 2066 4204 Qua
2093 4141 2151 4196 in
2172 4157 2234 4195 re
2246 4145 2496 4196 vestrum
2518 4131 2889 4213 suorumque,
2904 4156 3009 4212 pro
3030 4155 3279 4212 quorum
3306 4137 3545 4193 nomine

300 4220 439 4278 Vide
466 4222 563 4277 ubi
586 4239 775 4295 supra,
804 4226 955 4295 epist.
988 4228 1075 4284 lo.
1943 4230 2284 4297 antefertur,
2314 4246 2420 4284 nec
2433 4229 2556 4285 fieri
2571 4232 2761 4301 potest
2783 4229 3171 4301 utquidquam
3193 4225 3543 4293 instituatur,

782 4321 1122 4377 EPISTOLA
1151 4322 1280 4378 LVI.
1942 4319 2098 4390 quod
2125 4321 2328 4373 vestrae
2350 4335 2699 4390 suorumque
2729 4317 2896 4372 saluti
2923 4317 3196 4373 obsistere
3227 4313 3422 4389 possit.
3439 4313 3545 4368 La-

842 4426 918 4464 an
950 4427 1221 4466 eumnam.
1866 4465 1914 4480 ἢ
1942 4412 2070 4463 tens
2104 4424 2168 4463 ac
2198 4407 2405 4463 furtiva
2434 4407 2720 4480 expeditio
2775 4407 2967 4462 nescio
2994 4406 3198 4478 quibus
3222 4407 3547 4460 vestrorum

306 4496 440 4551 Vide
468 4497 567 4552 ubi
588 4514 771 4569 supra,
804 4500 953 4569 epist.
991 4465 1074 4557 ll.
1866 4465 1919 4524 D
1943 4496 2129 4552 subito
2163 4465 2522 4553 intenditur:
2555 4496 2703 4561 Quid
2750 4500 2911 4552 trans
2939 4465 3204 4551 Rbenum
3236 4492 3543 4566 gesseritis.

765 4584 1108 4640 EPISTOLA
1153 4587 1305 4642 LVII.
1518 4639 1529 4649 ,
1946 4602 2051 4641 nos
2080 4586 2150 4641 de
2181 4589 2369 4642 vestra
2388 4589 2567 4642 salute
2600 4588 2868 4642 laetantes
2897 4603 3016 4642 non
3044 4583 3322 4642 celabitis.

614 4687 892 4728 OBJEC'I‘IO
916 4690 973 4727 ιη
997 4691 1447 4732 ADALBERONEM.
2494 4675 2830 4732 EPISTOLA
2855 4674 2981 4731 LXI.

291 4758 431 4816 Vide
458 4760 554 4815 ubi
589 4778 778 4832 supra,
812 4769 962 4832 epist.
1000 4765 1089 4818 1'2.
2092 4781 2499 4820 ADALBEORONI
2527 4779 2985 4821 ARCHIEPISCOPO
3012 4778 3377 4822 GERBERTUS.

751 4849 1089 4907 EPISTOLA
1129 4852 1307 4908 LVIII.
2013 4853 2083 4907 Ut
2109 4854 2362 4908 voluistis
2391 4856 2716 4910 consultum
2735 4857 3021 4921 est,mora
3048 4855 3235 4908 vestra
3264 4866 3441 4923 usque
3470 4848 3546 4906 ad

870 4955 1189 4995 ruecnio.
1937 4940 2390 4997 determinatum
2426 4944 2776 5015 colloquium
2836 4943 2895 4997 in
2924 4956 3236 4997 commune
3286 4938 3542 4999 laudata.

291 5008 426 5066 Vide
453 5010 552 5065 ubi
564 5026 753 5081 supra,
787 5011 936 5081 epist.
971 5014 1055 5067 13.

1997 5029 2200 5086 nicitia
2226 5032 2478 5104 Hugonis
2509 5048 2625 5087 non
2652 5032 2893 5104 signiter
2922 5028 3265 5101 expetenda,
3297 5027 3395 5081 sed
3415 5044 3544 5083 om-

772 5109 1109 5167 EPISTOLA
1142 5111 1266 5167 LIX.
1936 5119 2074 5173 nino
2105 5121 2434 5176 conandum
2466 5137 2537 5175 ne
2584 5122 2734 5176 bene
2781 5121 2968 5189 coepta
3014 5117 3166 5171 male
3209 5115 3538 5172 abutamur.

237 5215 317 5255 an
360 5215 649 5256 DOMINUM
682 5218 1001 5256 usrsnsrm
1038 5219 1365 5258 emscorun
1393 5221 1779 5263 DIEDERICUM.
1936 5208 2076 5262 Nam
2096 5208 2727 5280 quidemintelligeutia
2754 5207 2877 5260 haec
2893 5208 2998 5273 est,
3038 5204 3139 5259 sed
3169 5204 3359 5259 nescio
3391 5221 3536 5277 quo-

274 5290 384 5354 Qui
415 5294 577 5346 actus
612 5292 701 5344 vel
743 5290 1042 5361 dispositio
1072 5292 1233 5362 regia
1259 5292 1319 5346 in
1350 5294 1620 5365 praesenti
1634 5294 1707 5346 sit
1733 5294 1832 5349 du-
1933 5313 2068 5350 nam
2088 5294 3161 5368 pactofratervesterGodefridusatque
3175 5292 3533 5360 Rainherius,

206 5377 605 5452 bitatiolegati
625 5379 855 5433 Henrici
882 5379 1074 5435 Idibus
1104 5379 1232 5434 Maii
1264 5381 1555 5450 patefecit,
1585 5381 1745 5452 cujus
1774 5383 1831 5438 in
1931 5384 2218 5441 Gobthero
2245 5402 2376 5441 meo
2407 5400 2582 5455 quem
2597 5382 2912 5438 Turouium
2944 5383 3214 5439 miseram
3245 5383 3532 5449 dixerunt,

206 5467 389 5524 reditu
403 5467 715 5524 curiositas
730 5467 1081 5536 sciscitandi,
1101 5468 1418 5541 etplurima
1433 5469 1828 5544 perquirendi,
1931 5488 2032 5527 vos
2062 5478 2270 5544 praesto
2299 5472 2520 5536 adfore,
2562 5477 2623 5526 ut
2649 5471 2693 5525 si
2723 5488 2897 5542 quem
2927 5473 3196 5528 nuntium
3224 5473 3345 5530 Odo
3375 5473 3534 5529 vobis

206 5557 355 5614 aliud
390 5560 550 5614 vultu
580 5557 970 5629 praetendere,
1006 5558 1163 5612 aliud
1196 5561 1389 5613 mente
1417 5576 1620 5630 gerere
1653 5559 1830 5630 signi~
1935 5561 2211 5628 mitteret,
2259 5562 2318 5613 et
2370 5560 2579 5629 alloqui
2632 5560 2889 5630 possetis,
2923 5565 2980 5617 et
3006 5579 3133 5634 qum
3187 5560 3535 5634 significaret

207 5646 538 5704 ficavit.Dux
559 5647 729 5716 [Iugo
750 5644 827 5699 ad
855 5649 1158 5700 sexcentos
1180 5645 1390 5701 milites
1419 5647 1721 5719 collegisse
1744 5646 1829 5701 di-
1933 5664 2109 5719 opere
2129 5647 2543 5718 adimpleretis.
2566 5648 2849 5704 Caeterum
2873 5651 2985 5708 dux
3002 5651 3162 5723 fingo
3177 5653 3345 5706 nacta
3365 5665 3530 5705 occa-

206 5737 445 5797 citur.Ea
460 5737 630 5796 fama
656 5736 1010 5791 conventum
1025 5734 1378 5791 Francorum
1402 5733 1829 5807 Compendiaoo
1929 5734 2090 5791 sione
2118 5751 2185 5790 ex
2216 5731 2569 5792 dissensione
2599 5734 2848 5810 episcopi
2871 5737 3201 5797 Parisiensis
3226 5741 3285 5796 et
3313 5736 3534 5795 abbatis
