3918 6230
395 477 502 543 223

873 609 1210 670 EPISTOLA
1266 612 1522 673 LXXXIV.

754 717 830 756 AD
892 719 1178 758 HUGONEH
1239 720 1538 759 MARCEION
1548 720 1648 759 ΕΜ.

468 789 594 845 Non
621 787 915 846 immerito
939 807 1036 846 vos
1057 791 1286 864 plurimi
1315 793 1485 860 facio,
1509 795 1568 848 et
1599 809 1697 848 vos
1727 795 1786 848 et
1816 795 2007 848 vestra

397 875 546 932 votis
559 879 618 933 et
637 878 899 934 laudibus
915 879 1114 945 effero,
1128 879 1223 952 qui
1244 883 1362 936 tam
1383 881 1644 952 occupati
1659 881 1773 936 mei
1795 898 1888 936 me
1898 881 2002 936 mi-

400 964 552 1020 nisse
583 965 925 1038 dignamini.
970 969 1124 1022 Inter
1156 968 1398 1023 honesta
1437 969 1567 1036 hoc,
1607 969 1800 1041 itaque
1853 969 2006 1024 inter

399 1052 690 1124 praecipua
717 1054 1004 1126 ponimus,
1029 1072 1093 1110 ac
1125 1055 1366 1128 proinde
1399 1057 1470 1111 ad
1499 1074 1598 1112 vos
1618 1057 1792 1112 Iidem
1825 1058 2003 1129 pluri-

399 1155 560 1195 mam
590 1141 874 1196 habemus
905 1159 917 1196 :
953 1147 1011 1196 et
1041 1147 1102 1197 ut
1128 1144 1307 1198 nostri
1337 1145 1621 1200 memoria
1643 1162 1760 1200 non
1785 1145 2007 1201 excidat

395 1228 738 1300 propensius
763 1245 1019 1297 oramus,
1043 1235 1101 1286 et
1113 1235 1173 1286 ut
1195 1232 1354 1286 fessis
1379 1232 1506 1303 jam
1529 1233 1700 1288 rebus
1715 1234 1870 1288 beati
1897 1233 2003 1287 Co-

397 1315 658 1371 lumbani
681 1317 1051 1386 subveniatis,
1076 1336 1271 1393 preces
1294 1337 1438 1392 quas
1465 1321 1720 1376 valemus
1741 1321 2005 1377 absentes

397 1402 762 1460 effundimus.

898 1495 1238 1552 EPISTOLA
1270 1497 1481 1552 LXXXV
1495 1539 1510 1554 .

643 1599 717 1638 AD
743 1599 1025 1640 CONONEM
1059 1600 1338 1640 ITALICUM
1363 1601 1767 1641 MARCHIONEM.

479 1669 752 1736 Quamvis
768 1671 938 1727 nullis
954 1671 1276 1728 officiorum
1293 1673 1514 1728 meritis
1527 1677 1769 1728 vestram
1786 1689 2013 1745 prome-

405 1773 641 1814 reamur
664 1759 936 1832 gratiam,
964 1759 1140 1815 virtus
1175 1764 1370 1816 tamen
1417 1778 1484 1815 ac
1529 1761 1799 1816 nobilitas
1839 1761 2007 1815 vestri

405 1846 656 1916 generis,
689 1864 753 1902 ac
783 1848 1039 1918 propria,
1059 1849 1292 1903 adducit
1311 1865 1416 1903 nos
1443 1849 1513 1904 de
1533 1849 1688 1904 vobis
1705 1850 1855 1904 bene
1886 1867 2012 1904 sen-

1038 479 1391 548 SILVES'I‘RI
1429 486 1477 548 II
1517 483 1722 549 PAPE
1759 487 1916 548 OPP.
1957 486 2134 548 PARS
2173 487 2264 548 III.
2298 515 2376 533 -—
2413 477 2630 547 EPIS’I‘.
2669 478 2754 547 ET
2788 481 3070 547 DlPLOM.

3613 479 3722 549 ιιι

2026 617 2084 677 Α
2111 615 2242 670 vota
2255 630 2385 670 mea
2403 617 2462 670 in
2485 617 2709 688 patrem
2731 615 2944 680 creato,
2959 611 3150 670 denuo
3173 611 3326 669 totus
3342 604 3400 669 in
3423 608 3612 669 ﬁlium
3629 628 3719 670 re-

2109 719 2331 760 nascor.
2361 705 2472 758 Nec
2515 705 2667 759 solus
2710 705 2898 759 vestro
2947 703 3171 758 honore
3219 702 3467 774 gaudeo,
3501 701 3726 776 gaudet

2108 795 2274 865 pater
2285 793 2592 864 Adalbero,
2609 808 2668 847 se
2684 808 2898 864 suaque
2913 791 3072 846 vobis
3089 809 3156 846 ex
3176 791 3371 846 animo
3386 790 3722 854 conferens,

2106 884 2269 936 tanto
2321 881 2552 948 arctius,
2606 883 2822 952 quanto
2863 880 3110 951 amplius
3148 880 3272 934 luce
3323 879 3624 952 religionis
3654 894 3724 934 ac

2101 968 2355 1023 scientias
2369 967 2660 1023 collucetis
2677 985 2692 1021 :
2709 968 2869 1038 cujus
2895 967 2970 1022 ob
2991 967 3268 1021 meritum
3289 982 3579 1035 amorem,
3596 967 3724 1021 fere

2102 1057 2440 1111 continuum
2460 1056 2773 1111 triennium
2789 1055 2846 1108 in
2864 1055 3100 1109 Francia
3117 1055 3560 1128 consumpsi.lbi
3575 1055 3722 1110 dum

2105 1143 2214 1198 iras
2235 1143 2993 1216 regum,tumultusp0pulo:
3008 1159 3573 1214 um,regnorumque
3604 1142 3720 1197 dis-

2103 1231 2412 1286 sidentium
2439 1235 2608 1285 mstus
2633 1231 3057 1302 perfero,tanto
3089 1230 3263 1285 taedio
3294 1229 3531 1284 allectus
3561 1245 3720 1296 sum,

2107 1322 2167 1373 ut
2178 1336 2372 1374 curam
2382 1319 2786 1390 pastoralitatis
2798 1317 3106 1388 suscepisse
3119 1335 3266 1390 pene
3281 1335 3372 1372 me
3387 1317 3719 1389 paeniteret.

2105 1412 2177 1464 At
2202 1410 2476 1481 quoniam
2511 1409 2750 1464 domina
2782 1425 2913 1462 mea
2957 1408 3331 1480 Theophania
3377 1407 3725 1480 imperatrix

2107 1515 2337 1570 semper
2351 1499 2624 1568 Augusta,
2646 1513 2741 1550 vm
2763 1496 2886 1550 Kal.
2907 1495 3088 1567 April.
3107 1494 3386 1564 proﬁcisci
3407 1511 3500 1549 me
3521 1511 3723 1549 secum

2108 1585 2864 1656 inSaxoniamjubet,eoque
2878 1583 3158 1655 quosdam
3173 1599 3241 1638 ex
3255 1583 3400 1637 meis
3417 1583 3728 1638 monachis

2108 1691 2173 1728 ac
2197 1673 2473 1728 militibus
2493 1673 2567 1727 ab
2594 1672 2755 1726 Italia
2774 1671 3083 1726 convenire
3097 1671 3260 1741 jussi,
3285 1688 3437 1726 nunc
3465 1687 3584 1726 non
3615 1671 3722 1726 ha-

2110 1762 2280 1816 beam
2309 1761 2464 1834 quod
2497 1763 2720 1814 certum
2752 1760 2996 1815 scribam
3015 1775 3187 1830 super
3219 1759 3454 1831 organis
3474 1757 3532 1813 in
3559 1759 3725 1814 Italia

2111 1850 2400 1921 positis,ac
2421 1849 2705 1902 monacho
2723 1847 3026 1918 dirigendo
3050 1847 3146 1919 qui
3166 1865 3234 1902 ea
3257 1847 3724 1920 conducat,prte-

399 1933 530 2001 tire,
585 1935 827 1990 meliora
869 1953 1121 2007 sperare.
1175 1937 1341 2001 Quod
1378 1937 1422 1991 si
1461 1953 1494 1992 a
1539 1937 1726 2009 parvis
1756 1937 2011 1992 maxima
2038 1925 2087 1983 Β
2108 1937 2307 1992 sertim
2330 1953 2461 1990 cum
2480 1936 2602 1990 sine
2627 1935 2935 2008 praesentia
2966 1935 3220 1990 dominas
3253 1951 3398 1990 mea:
3419 1935 3722 2008 Theopbao

395 2020 578 2092 iuvari
625 2026 880 2093 possunt,
922 2023 1131 2078 honori
1172 2029 1360 2079 vestro
1406 2026 1596 2081 studia
1645 2030 1843 2080 nostra
1890 2043 2007 2082 non

383 2108 642 2164 deerunt
689 2110 748 2164 in
786 2111 912 2166 loco
961 2114 1022 2165 et
1070 2114 1355 2184 tempore.
1407 2113 1821 2180 Consultando,
1853 2114 2010 2169 bona

395 2196 569 2252 verba
595 2199 986 2270 suggerendo,
1034 2201 1116 2266 ut,
1147 2200 1288 2254 dum
1333 2201 1494 2256 vobis
1532 2201 1767 2256 fortuna
1796 2202 2004 2268 riserit,

393 2285 496 2340 sub
546 2286 745 2345 vestris
814 2285 918 2344 alis
969 2291 1170 2343 nostra
1224 2289 1598 2346 mediocritas
1647 2289 2006 2362 requiescere

391 2373 590 2448 possit.

880 2465 1216 2520 EPISTOLA
1257 2466 1512 2520 LXXXVI.

502 2567 578 2607 AD
607 2569 1032 2609 THEOPHANIAM
1063 2569 1499 2610 IMPERATRICEII
1535 2570 1608 2610 ΕΧ
1641 2571 1901 2610 Ρεκεοκλ

985 2657 1412 2699 ADALBERONIS.

474 2727 608 2782 Vide
633 2729 964 2800 Patrologiae
989 2734 1125 2786 tom.
1157 2728 1510 2786 CXXXVII
1551 2733 1608 2785 in
1641 2732 2005 2787 ADALBERONE

397 2819 666 2888 Rauensr,
700 2821 849 2890 epist.
881 2823 950 2876 2O
963 2863 976 2878 .

875 2908 1210 2965 EPISTOLA
1248 2909 1524 2964 LXXXVII.

397 3009 474 3049 AD
549 3010 1008 3053 CONSTANTINUM
1070 3013 1474 3054 SCOLASTICUM
1535 3014 2001 3054 FLORIACENSEM.

469 3081 776 3154 Sapienter
803 3087 862 3140 et
891 3089 1079 3158 per.te
1109 3087 1204 3141 ille
1246 3084 1332 3140 vir
1360 3085 1591 3141 Domini
1634 3103 2004 3157 pervasorem

2111 2025 2220 2080 nire
2243 2025 2476 2078 credere
2499 2041 2593 2078 me
2623 2040 2741 2078 non
2765 2022 2946 2077 ausim
2982 2023 3119 2077 ﬁdei
3151 2039 3421 2078 meorum
3467 2021 3722 2078 militum

2108 2111 2241 2184 quia
2261 2111 2384 2166 ltali
2403 2111 2671 2166 sunt.Nec
2683 2111 2818 2166 satis
2835 2111 3011 2165 sciam
3032 2114 3222 2166 utrum
3245 2111 3561 2166 exercitum
3582 2113 3723 2166 ante

2107 2203 2446 2256 autumnum
2471 2200 2527 2254 in
2549 2200 2771 2254 Italiam
2786 2199 3090 2269 deducam,
3122 2217 3194 2255 an
3213 2199 3271 2254 in
3287 2199 3600 2256 Germania
3619 2199 3722 2254 de-

2106 2292 2502 2356 moremur,ut
2529 2305 2702 2360 quam
2727 2287 3007 2360 plurimas
3028 2287 3220 2360 copias
3248 2291 3452 2343 contra
3471 2287 3720 2344 Ludovi-

2110 2394 2241 2432 cum
2259 2393 2462 2448 regem
2481 2376 2968 2444 Francorum,nisi
2981 2376 3718 2449 quieverit,comparemus,

2109 2465 2205 2537 qui
2223 2465 2422 2520 amicis
2437 2464 2912 2537 inquietissimus,
2946 2463 3442 2536 perniciosissimis
3461 2463 3726 2519 hostibus

2109 2571 2224 2609 non
2249 2553 2821 2625 multuminquietus,
2837 2553 2962 2625 quis
2977 2553 3070 2621 sit,
3089 2553 3343 2625 quidque
3364 2552 3436 2608 de
3457 2568 3526 2608 eo
3547 2552 3722 2608 intel~

2107 2641 2206 2714 ligi
2219 2643 2671 2713 oporteat,velox
2689 2644 2874 2696 exitus
2884 2657 3011 2696 com
3019 2640 3479 2712 probabit.Clara
3492 2639 3724 2696 indoles

2108 2730 2254 2786 diva:
2276 2729 2577 2784 memorias
2601 2729 2824 2784 Ottonis
2846 2729 3104 2797 Cmsaris,
3119 2745 3260 2801 pace
3281 2728 3432 2784 inter
3454 2729 3634 2783 duces
3657 2745 3724 2783 ac

2107 2818 2396 2891 principes
2418 2817 3104 2890 redintegrata,proxima
3115 2819 3314 2872 aestate
3329 2815 3594 2888 legiones
3619 2816 3726 2871 mi-

2105 2908 2270 2963 litum
2300 2907 2458 2962 duxit
2500 2907 2558 2962 in
2593 2906 2907 2970 Sarmatas,
2947 2923 3089 2977 quos
3115 2922 3184 2960 ea
3212 2905 3413 2977 lingua
3443 2903 3724 2960 Guinidos

2107 2995 2524 3066 dicunt,ibique
2538 3012 2631 3049 sex
2646 2997 2703 3050 et
2715 2995 3100 3066 quadraginta
3121 2993 3288 3048 urbes
3302 3010 3360 3048 in
3369 2992 3723 3048 unitissimas

2105 3101 2208 3139 sua
2225 3084 2531 3154 praesentia
2553 3100 2616 3138 ac
2639 3083 2896 3137 militum
2920 3085 3131 3138 robore
3153 3081 3326 3154 cepit,
3349 3081 3524 3136 diruit
3545 3083 3722 3154 atque

397 3169 852 3241 improbandum
884 3190 1007 3228 esse
1039 3173 1281 3241 censuit,
1313 3173 1413 3228 sed
1444 3191 1568 3228 rem
1598 3175 1671 3228 ad
1709 3191 1769 3229 se
1818 3175 2008 3230 minus
2029 3207 2078 3267 Ο
2109 3171 2364 3227 vastavit.
2390 3172 2612 3227 Salutat
2627 3187 2744 3237 vos,
2767 3175 2826 3225 et
2850 3170 3486 3237 Airardum,Adalbero
3511 3170 3722 3224 Remo-

399 3258 758 3330 significavit.
791 3262 980 3332 Ipsum
1003 3266 1138 3317 ante
1161 3261 1410 3333 insignia
1434 3263 1674 3318 honoris
1699 3262 2004 3329 infamem,

394 3346 649 3403 fautores
695 3347 755 3403 in
783 3349 1082 3422 religiosos
1107 3351 1437 3422 augendam
1465 3350 1849 3418 infamiam,si
1869 3368 2002 3406 san-

395 3438 622 3490 ctorum
641 3435 895 3507 privetur
919 3437 1232 3506 consortio,
1248 3442 1414 3494 cante
1429 3439 1860 3512 prudenterque
1893 3440 2006 3496 dis-

393 3524 592 3581 seruit.
617 3525 835 3582 Matura
865 3543 1004 3597 ergo
1042 3527 1172 3596 iter,
1199 3530 1257 3582 et
1289 3544 1378 3582 xv:
1408 3527 1532 3582 Kal.
1569 3527 1864 3600 Septemb.
1903 3547 2008 3585 nos

392 3611 598 3680 revise,
612 3613 745 3669 utin
760 3613 849 3670 his
867 3615 1138 3672 omnibus
1158 3631 1263 3688 per
1287 3619 1345 3670 te
1378 3615 1603 3688 plenius
1630 3617 2006 3684 instruamur,

393 3698 680 3774 simulque
705 3701 920 3757 laeteris
950 3703 1456 3759 animadversione
1488 3705 1688 3758 nostra
1709 3703 1768 3757 in
1803 3719 2004 3776 perva-

393 3791 685 3857 sorem,et
708 3790 807 3862 qui
825 3792 884 3846 te
919 3807 1147 3846 caenum
1185 3790 1394 3844 nostris
1421 3789 1638 3862 putavit
1669 3790 1726 3846 in
1751 3792 2008 3862 naribus,

394 3876 465 3932 de
477 3894 536 3934 se
551 3877 768 3933 dictum
784 3879 1092 3946 existimet,
1111 3882 1285 3950 teque
1317 3876 1640 3948 thymiama
1673 3885 2009 3950 vaporatum

392 3965 656 4022 redolere
679 3967 1104 4038 perhorrescat.
1129 3966 1620 4022 Comitenturiter
1631 3969 1793 4023 tuum
1811 3970 2011 4028 Tullia-

393 4071 472 4108 na
491 4057 862 4126 opuscula,et
877 4055 949 4110 de
971 4055 1176 4128 repub.
1201 4061 1259 4110 et
1297 4054 1355 4108 in
1379 4055 1636 4124 Verrem,
1662 4061 1717 4112 et
1749 4075 1876 4130 qua:
1902 4075 2006 4131 pro

395 4143 734 4199 defensione
767 4144 1086 4200 multorum
1119 4142 1370 4217 plurima
1399 4144 1677 4201 Romana:
1723 4147 2001 4220 eloquen-

401 4231 498 4288 tiae
527 4248 740 4304 parcns
758 4232 1119 4304 conscripsit.

857 4321 1196 4378 EPISTOLA
1231 4323 1532 4382 LXXXVIII.

389 4423 472 4462 AD
504 4423 777 4465 MAIOLUM
810 4426 1082 4466 ABBA'I‘EM
1137 4429 1585 4468 CLUNIACENSEM
1630 4430 1703 4469 EX
1753 4430 2012 4470 PERSONA

999 4517 1392 4558 ADALBERONIS
1405 4545 1416 4558 .

477 4585 610 4640 Vide
633 4586 956 4660 Patrologia:
983 4597 1108 4660 tam.
1147 4589 1375 4646 CXXX
1389 4589 1505 4646 VII
1541 4592 1597 4646 in
1647 4592 2010 4648 ADALBERONE

395 4676 661 4743 Rauzxsr,
694 4659 965 4748 epistr22.
1033 4659 1042 4670 ’

885 4766 1226 4824 EPISTOLA
1261 4769 1514 4824 LXXXIX.

393 4868 470 4907 Αι)
515 4869 826 4910 scamnum
867 4856 1225 4930 [EBRARDUM]
1273 4874 1544 4913 ΑΒΒΑτεΜ
1602 4873 2008 4913 ruaousnssu

773 4961 881 5001 SUB
914 4963 1170 5002 PERSONA
1201 4963 1622 5003 ADALBERONIS.

472 5030 607 5086 Vide
634 5031 730 5086 ubi
748 5050 934 5105 supra,
967 5037 1116 5106 epist.
1150 5037 1238 5091 23.
1263 5043 1276 5052 “

967 5123 1304 5181 EPISTOLA
1329 5123 1433 5178 XC.

464 5224 540 5262 AD
575 5225 1017 5268 'MPERATRICEM
1047 5228 1468 5268 TIIEOPHANIAM
1517 5230 1594 5268 ΕΤ
1631 5228 1708 5268 ΑΒ
1739 5228 1936 5268 ιηιιυΜ

1039 5317 1348 5358 OTTONEM.

471 5386 604 5442 Vide
641 5388 734 5444 ubi
759 5406 945 5462 supra,
981 5393 1130 5462 epist.
1163 5392 1251 5446 2t.

945 5477 1287 5534 EPISTULA
1315 5479 1445 5534 XCI.

552 5581 626 5620 AD
657 5582 1008 5621 BUMUNDUM
1040 5582 1511 5622 AURILIACENSILM
1544 5581 1843 5623 ΑΒΒᾹΤΕΜ.

461 5651 793 5708 Clarissima
809 5656 973 5726 patre
986 5654 1230 5709 Geraldo
1247 5654 1626 5723 orbatus,nun
1646 5657 1800 5709 totus
1816 5668 2013 5723 super-

391 5757 512 5799 esse
533 5741 682 5798 visus
701 5757 829 5798 sum
885 5741 998 5800 Sed
1027 5745 1082 5798 te
1115 5740 1638 5801 desiderantissimo
1675 5755 1848 5798 secun
1869 5739 1992 5798 lum

2106 3277 2237 3315 rum
2259 3258 2740 3331 archiepiscopus,
2767 3258 3051 3330 simulque
3068 3274 3242 3313 omne
3271 3257 3578 3330 collegium
3604 3259 3718 3311 Au-

2107 3347 2432 3404 reliacensis
2459 3348 2726 3414 cmnobii,
2761 3365 2856 3403 me
2895 3349 3166 3419 adjuncto
3199 3364 3304 3419 per
3331 3345 3532 3402 omnia
3559 3345 3721 3402 vobis

2108 3435 2492 3492 devotissimo.
2529 3438 2740 3491 lterum
2773 3437 3102 3510 iterumque
3135 3437 3336 3492 valete.
3699 3423 3706 3430 ’

2640 3524 2976 3581 EPISTOLA
3021 3525 3176 3581 XCII.

2461 3629 2535 3668 AD
2588 3630 2948 3669 BERNARDL‘M
3003 3630 3355 3670 MONACHUM.

2115 3713 2124 3718 ‘
2182 3701 2422 3770 Quaeris,
2455 3701 2782 3757 dulcissime
2815 3703 3016 3770 frater,
3050 3719 3178 3774 quae
3204 3705 3262 3758 et
3291 3702 3486 3776 qualia
3507 3719 3716 3775 geran-

2111 3793 2204 3846 tur
2229 3808 2263 3846 a
2289 3808 2402 3858 me,
2436 3795 2492 3846 et
2521 3809 2595 3846 an
2625 3809 2695 3846 ea
2719 3791 2835 3847 sint
2879 3792 3190 3850 commoda
3217 3794 3276 3846 et
3318 3791 3713 3848 incommoda.

2112 3880 2249 3936 Huic
2263 3879 2528 3950 petitioni
2551 3897 2624 3935 an
2639 3879 2964 3935 satisfacere
2979 3879 3172 3951 paucis
3184 3879 3397 3953 possim
3412 3880 3715 3947 addubito,

2111 3969 2268 4040 quod
2295 3967 2463 4023 altius
2478 3985 2547 4023 ea
2569 3967 2804 4022 rimanti
2827 3969 2987 4023 nulla
3012 3985 3132 4023 esse
3170 3968 3480 4024 videantur
3512 3985 3526 4023 :
3555 3973 3656 4024 aut
3673 3967 3717 4023 si

2109 4055 2554 4129 quolibetmodo
2575 4057 3050 4124 sunt,maximam
3066 4059 3292 4130 partem
3315 4056 3719 4114 incommodo-

2108 4163 2240 4201 rum
2263 4163 2458 4202 secum
2477 4147 2733 4201 trahunt.
2765 4147 3022 4202 Primum
3045 4147 3201 4218 quod
3229 4146 3286 4200 in
3315 4147 3564 4218 publicis
3592 4163 3720 4202 cau-

2111 4233 2184 4289 sis
2209 4234 2422 4289 versari
2453 4250 2606 4288 nunc
2635 4234 2978 4290 temeritatis
3019 4238 3123 4302 est,
3147 4234 3358 4308 quippe
3389 4235 3488 4290 ubi
3529 4235 3721 4290 divina

2111 4325 2170 4378 et
2200 4323 2459 4377 humana
2484 4322 2919 4378 confunduntur
2941 4323 3096 4394 jura,
3116 4323 3720 4396 prepterimmensam

2114 4410 2414 4466 avaritiam
2445 4411 2965 4482 perditissimorum
2997 4411 3324 4478 hominum,
3347 4411 3522 4484 idque
3534 4413 3719 4466 solum

2037 4497 2088 4556 D
2109 4499 2204 4571 jus
2217 4500 2341 4554 fore
2363 4499 2652 4567 statuitur,
2671 4499 2824 4572 quod
2852 4500 3029 4556 libido
3058 4517 3124 4556 ac
3156 4499 3237 4554 vis
3267 4516 3432 4556 more
3462 4501 3721 4556 ferarum

2111 4588 2432 4644 extorserit.
2451 4591 2552 4643 Ast
2574 4588 2631 4642 in
2657 4588 2888 4660 privatis
2903 4589 2960 4644 id
2981 4606 3098 4662 prae
3117 4589 3368 4655 mefero,
3397 4590 3558 4663 quod
3575 4589 3720 4644 ami-

2110 4677 2280 4732 cosin
2311 4676 2562 4732 adversis
2591 4677 2748 4731 nulla
2779 4694 3082 4749 oppressus
3111 4677 3441 4733 calamitate
3467 4677 3720 4734 destitui.

2110 4767 2222 4823 Sed
2245 4783 2317 4821 an
2345 4765 2627 4822 memoria
2659 4765 2901 4838 dignum
2931 4767 3004 4821 sit
3036 4766 3280 4821 aliorum
3300 4766 3525 4838 judicio
3557 4767 3724 4822 dere-

2108 4857 2331 4929 linquo,
2356 4858 2414 4910 et
2434 4855 2587 4928 quod
2609 4855 2770 4910 ltalia
2809 4854 3040 4924 excessi,
3071 4872 3144 4910 ne
3171 4871 3306 4910 cum
3332 4855 3598 4910 hostibus
3623 4855 3722 4911 do-

2109 4945 2255 5001 mini
2274 4960 2338 5000 ac
2357 4942 2459 4998 filii
2477 4943 2716 4998 senioris
2730 4943 2844 4999 mei
2857 4945 2924 4999 D.
2939 4945 3006 5000 M.
3028 4942 3251 5000 Ottonis
3268 4943 3531 5016 quolibet
3548 4943 3722 5000 modo

2109 5035 2344 5106 cogeret
2365 5031 2594 5104 pacisci,
2615 5034 2672 5087 et
2684 5031 2839 5104 quod
2853 5032 3146 5088 interdum
3167 5031 3545 5088 nobilissimis
3566 5033 3726 5088 scho-

2109 5120 2318 5180 laslicis
2347 5120 2780 5193 disciplinarum
2811 5121 3140 5176 liberalium
3170 5119 3354 5176 suavis
3393 5119 3622 5178 fructus
3654 5121 3725 5178 ad

2110 5209 2454 5266 vescendum
2483 5209 2682 5266 offero.
2701 5209 2956 5274 Quorum
2984 5211 3058 5266 ob
3075 5226 3342 5265 amorem
3369 5208 3508 5264 etin
3528 5213 3723 5266 exacto

2113 5301 2392 5354 autumno
2422 5299 2737 5370 quamdam
2771 5299 3018 5370 figuram
3061 5297 3200 5354 editi
3237 5297 3376 5353 artis
3420 5299 3724 5354 rhetorica:

2113 5387 2434 5460 depositam
2460 5387 2516 5442 in
2544 5405 2639 5443 sex
2655 5393 2714 5443 et
2747 5387 2946 5460 viginti
2972 5387 3329 5443 membranis
3347 5387 3453 5443 sibi
3477 5387 3723 5445 invicem

2115 5476 2408 5544 connexis,
2435 5479 2492 5532 et
2511 5476 2906 5532 concatenatis
2925 5475 2984 5531 in
3013 5476 3253 5532 modum
3284 5478 3420 5532 ante
3446 5477 3726 5550 longioris

2117 5565 2372 5630 numeri,
2407 5565 2502 5638 qui
2537 5567 2603 5620 fit
2627 5582 2691 5620 ex
2721 5565 2808 5620 bis
2836 5565 3140 5622 tredecim.
3173 5564 3325 5636 Opus
3353 5581 3496 5620 sane
3527 5583 3723 5640 exper-

2121 5654 2273 5710 tibus
2301 5654 2588 5722 mirabile,
2617 5653 2884 5708 studiosis
2913 5653 3073 5720 utile,
3097 5653 3170 5708 ad
3199 5669 3292 5708 res
3319 5653 3629 5710 rethorum
3648 5655 3727 5710 fu-

2104 5758 2276 5816 gaces
2305 5743 2364 5796 et
2397 5739 2902 5814 caliginosissimas
2933 5739 3540 5816 comprehendendas,
3559 5746 3724 5818 atque
