3918 6230
219 384 323 458 Ὴῧ

1124 381 1366 458 εἰςεΉο
1402 396 1446 458 ι.
1486 421 1557 447 μ-
1592 387 1771 459 ANTE
1809 384 2093 462 summa
2134 385 2654 463 PONTIFICATUM.

3454 396 3558 469 52's

225 525 279 579 in
318 522 519 578 animo
563 521 960 581 collocandas.
999 526 1143 597 Ergo
1185 524 1231 579 si
1263 523 1564 596 quisquam
1595 528 1847 580 vestrum
1870 534 1924 591 Α
1960 532 2166 583 uetera
2198 527 2275 582 sic
2312 527 2528 582 dicitzu
2547 530 2799 583 Persona
2837 527 3246 600 quidemvobis
3263 531 3386 602 jam
3414 534 3551 588 olim

229 629 353 667 cura
384 609 598 664 taiium
645 629 850 666 rerum
902 615 1290 684 permovetur,
1321 616 1378 666 et
1404 612 1459 666 in
1489 612 1705 667 musica
1727 629 1854 682 per-

230 698 514 764 discenda,
546 701 606 752 et
640 699 701 752 iu
731 698 818 753 his
850 717 978 770 qua:
1012 700 1155 754 fiunt
1177 715 1243 754 ex
1275 700 1529 769 organis,
1562 700 1719 771 quod
1751 717 1852 771 per

231 804 314 842 me
343 786 683 857 adimplere
734 803 988 858 nequeo,
1021 787 1063 841 si
1097 803 1424 858 cognovero
1453 791 1674 841 certum
1710 789 1853 842 velle

232 874 442 929 domini
497 873 734 928 abbatis
781 875 1110 940 Raimuudi,
1163 875 1252 928 cui
1283 874 1482 928 omnia
1514 875 1718 941 debeo,
1755 891 1857 945 per

232 962 638 1016 Constantium
703 962 1124 1016 Floriacensem
1183 964 1450 1033 supplere
1492 964 1728 1017 curabo.
1765 964 1856 1015 Est

233 1050 379 1105 enim
404 1049 625 1104 nobilis
642 1051 1012 1105 scholasticus
1033 1050 1295 1122 apprime
1314 1050 1855 1122 eruditus,mihique

233 1139 284 1193 in
302 1138 571 1192 amicitia
585 1138 716 1208 conj
729 1138 1115 1193 unctissimus.
1141 1139 1295 1204 Vale,
1313 1138 1639 1193 dulcissime
1657 1140 1852 1206 frater,

233 1243 476 1298 meaque
495 1243 738 1298 semper
767 1226 1071 1281 dilectione
1101 1230 1301 1282 mutuo
1319 1227 1853 1298 fruere,nostraque

230 1315 374 1370 bona
404 1318 617 1387 putato
652 1331 776 1370 esse
808 1315 1165 1370 communia.

783 1403 1118 1458 EPISTOLA
1146 1404 1324 1459 XCIII.

477 1507 563 1548 AD
590 1509 1024 1547 ADALBERONEM
1067 1509 1600 1549 ARCHIEPISCOPUM.

299 1580 745 1652 Corruptissimi
790 1580 1070 1652 temporis
1118 1584 1222 1648 est,
1279 1598 1396 1637 non
1431 1598 1595 1654 posse
1625 1579 1858 1636 decerni

231 1670 556 1725 secundum
612 1671 954 1741 popularem
1005 1669 1342 1739 opinionem
1401 1670 1540 1741 quid
1570 1669 1641 1724 sit
1674 1669 1858 1739 magis

231 1759 389 1812 utile.
412 1757 679 1826 Utilejest
707 1758 863 1828 quod
886 1758 1054 1828 agitis
1084 1758 1370 1812 sententia
1388 1760 1726 1824 multorum,
1749 1759 1856 1812 uti-

1955 617 2158 672 infami
2191 617 2623 671 conversatione
2674 621 2797 672 erat
2826 618 3070 683 famosa,
3100 617 3199 672 sed
3229 619 3560 688 hujusmodi

1954 705 2234 759 arbitratu
2269 708 2480 775 przeter
2511 722 2670 775 spem
2699 705 2911 763 habita.
2948 707 3089 759 Item
3115 705 3172 759 in
3201 706 3403 760 eadem
3434 714 3564 779 post

1955 792 2267 864 aliquanta.
2300 793 2588 855 Quantum
2619 810 2755 862 ergo
2781 797 2978 848 nostra
3009 793 3246 847 interest
3270 793 3484 848 vicinos
3506 801 3567 850 et

1956 880 2308 934 contribules
2331 880 2628 934 adhortari
2647 881 2992 947 studuimus,
3007 881 3050 934 si
3073 881 3180 934 hoc
3199 882 3358 936 nefas
3375 883 3562 938 elimi-

1958 967 2095 1004 nare
2119 954 2429 1021 nequeunt,
2448 955 2776 1005 sanctorum
2811 952 3099 1006 consortio
3117 952 3460 1023 privandum
3484 954 3565 1008 in-

1956 1037 2282 1108 famabunt,
2309 1055 2412 1091 nec
2431 1038 2538 1092 erit
2561 1039 2762 1092 Christi
2791 1040 2973 1093 fidelis
2995 1040 3082 1094 cui
3114 1040 3235 1094 bmc
3258 1041 3564 1098 ambitiosa

1956 1125 2194 1180 audacia
2218 1143 2335 1181 non
2359 1127 2458 1181 ﬁet
2480 1127 2845 1181 detestabilis.
2870 1129 3284 1183 Factalaudare
3308 1147 3423 1184 non
3442 1147 3568 1202 pos-

1955 1231 2168 1281 sumus,
2205 1215 2343 1286 quid
2374 1215 2630 1270 futurum
2678 1215 2751 1270 sit
2804 1218 3109 1271 nescimus.
3145 1217 3368 1273 Clamat
3397 1221 3562 1289 alter,

1954 1302 2237 1374 simulque
2287 1320 2392 1358 nos
2424 1303 2725 1371 denotans,
2771 1304 3004 1376 inquit:
3057 1306 3169 1360 Nec
3215 1306 3407 1362 minus
3458 1325 3565 1364 nos

1956 1394 2154 1461 gravat
2174 1391 2327 1461 quod
2347 1393 2717 1461 magistratus
2739 1393 2832 1446 ille
2854 1394 3206 1460 cmnobialis,
3227 1410 3399 1465 quem
3414 1399 3565 1452 stare

1955 1479 2243 1532 credimus
2274 1479 2332 1533 in
2361 1479 2570 1534 vertice
2603 1480 2926 1552 religionis,
2959 1481 3097 1536 dum
3128 1483 3288 1537 vobis
3307 1483 3564 1539 submili-

1955 1569 2060 1633 tat,
2093 1585 2127 1622 a
2154 1567 2310 1622 vobis
2341 1568 2576 1630 discors,
2631 1586 2734 1624 nos
2780 1587 3056 1624 erroneos
3074 1571 3334 1642 judicare
3369 1573 3562 1630 audet.

1960 1655 2026 1708 Et
2055 1655 2178 1726 quis
2197 1656 2352 1710 enim
2373 1657 2738 1711 fraudulenta
2767 1657 3084 1713 ambitione
3115 1661 3328 1715 elatum
3359 1661 3569 1716 audeat

1959 1743 2302 1814 approbare,
2355 1761 2484 1798 cum
2530 1748 2694 1814 pater
2749 1745 3086 1800 Benedictus
3143 1747 3295 1802 dicat
3325 1765 3563 1803 omnem

234 1846 340 1900 lius
371 1863 511 1900 cum
548 1847 741 1916 plures
761 1845 1026 1915 judicant
1048 1844 1106 1898 in
1135 1846 1274 1900 urbe
1303 1845 1521 1914 sedere,
1547 1863 1788 1918 paucam
1804 1850 1860 1901 et
1884 1834 1933 1894 Β
1957 1831 2367 1886 θιθιηθίίοηθπι
2400 1849 2584 1904 genus
2635 1850 2754 1888 esse
2798 1834 3077 1906 superbia?
3106 1835 3132 1889 7
3167 1837 3309 1891 “om
3361 1837 3420 1890 in
3450 1839 3566 1892 ﬁne

234 1934 678 2005 ignavissimam
712 1934 1058 2003 praedonum
1092 1934 1383 1988 deterrere
1418 1950 1681 2001 manum,
1727 1952 1858 1989 cum

234 2023 554 2093 praesentia
607 2025 794 2076 vestra
828 2026 945 2075 tum
976 2021 1220 2075 militum
1269 2023 1702 2078 numerositate.
1752 2024 1856 2077 Ve-

228 2115 414 2164 strum
448 2110 696 2164 fratrem
729 2126 829 2164 vos
867 2110 1076 2164 debere
1108 2110 1319 2180 alloqui
1350 2114 1609 2175 censent,
1643 2111 1843 2165 audire

230 2215 361 2270 qua:
394 2198 579 2252 velint
608 2197 740 2252 Otto
781 2200 839 2252 et
870 2198 1218 2264 Heribertus,
1254 2201 1455 2252 mutua
1485 2199 1670 2252 subito
1691 2216 1859 2271 expo-

228 2290 458 2341 scentes
489 2287 802 2358 colloquia.
847 2285 1062 2350 Quibus
1093 2287 1196 2340 etsi
1226 2287 1382 2341 nulla
1410 2287 1557 2341 inest
1587 2287 1748 2354 ﬁdes,
1778 2291 1858 2341 ta-

237 2392 374 2429 men
401 2392 511 2446 pro
549 2375 783 2428 fortuna
809 2375 890 2428 eis
922 2375 1221 2429 utendum.
1253 2375 1419 2429 Certe
1453 2393 1582 2429 cum
1616 2376 1672 2429 in
1699 2379 1856 2429 metu

234 2464 728 2535 sunt,periculum
745 2464 1000 2534 ipsorum
1026 2463 1097 2517 ab
1117 2463 1197 2517 eis
1212 2463 1580 2535 exiget,quod
1601 2463 1856 2536 propria-

236 2569 353 2607 non
384 2552 654 2623 exegerit
680 2553 841 2608 fides.

776 2641 1112 2697 EPISTOLA
1142 2641 1316 2696 XCIV.

868 2747 943 2785 AD
975 2748 1237 2786 EUMDEM.

309 2817 528 2873 Octavo
563 2819 686 2873 Kal.
709 2818 1256 2874 Octob.Reinherius
1278 2817 1612 2890 aresponsis
1641 2819 1854 2874 Remos

237 2907 435 2972 rediit,
472 2910 663 2960 vestra
707 2908 939 2979 negotia
976 2911 1358 2962 exsecuturus.
1390 2908 1518 2978 Ejus
1566 2907 1854 2962 sententia

237 2996 362 3050 haec
393 2997 504 3061 est,
538 2995 584 3048 si
617 2995 688 3049 de
710 2996 902 3050 fratris
929 2996 1162 3051 fortuna
1183 2999 1403 3051 certum
1435 2995 1612 3050 ﬁnem
1645 3012 1855 3066 cogno-

237 3100 403 3138 scere
438 3083 635 3153 vultis,
667 3100 733 3138 ac
756 3084 896 3138 nulli
926 3085 1257 3140 mortalium
1292 3084 1600 3139 indicanda
1628 3085 1733 3139 nisi
1755 3102 1850 3139 vo-
1874 3109 1924 3172 ρ

235 3171 410 3227 bis.rv
460 3172 585 3225 Kal.
639 3172 713 3226 ad
742 3172 1070 3227 Altovillare
1109 3172 1274 3227 fratri
1317 3189 1381 3227 ac
1407 3172 1730 3244 {comitibus
1758 3190 1852 3228 oc-

240 3276 502 3326 currere,
557 3264 835 3332 nepotem
865 3264 1115 3315 vestrum
1148 3262 1505 3328 Hec:lonem,
1537 3279 1600 3316 ac
1636 3261 1854 3332 primos

234 3349 408 3402 vestri
437 3348 671 3419 generis
710 3350 1172 3421 consanguineos
1201 3350 1410 3404 iterum
1454 3367 1736 3422 nusquam
1787 3350 1856 3404 si-

233 3438 392 3491 natis
431 3437 616 3491 abire.
670 3438 875 3508 Magna
906 3455 994 3492 res
1022 3439 1169 3493 serio
1202 3438 1409 3510 agitur.
1446 3439 1766 3494 Mosomum
1798 3441 1857 3493 et

230 3525 511 3580 Macerias
525 3525 896 3580 mutiltudine
916 3526 1160 3580 militum
1178 3528 1680 3583 communite.Dux
1697 3528 1854 3582 Cono

231 3629 342 3684 pro
357 3631 462 3669 suo
479 3614 692 3669 Ottone
708 3614 940 3668 insidias
954 3616 1208 3682 molitur,
1233 3616 1330 3670 sed
1350 3615 1514 3670 facile
1533 3615 1856 3670 remedium

233 3717 422 3772 penes
460 3719 570 3757 nos
603 3703 944 3773 reperietur.
981 3703 1371 3759 Laudunensis
1395 3703 1696 3775 episcopus
1720 3720 1857 3758 con-

231 3788 359 3844 silio
388 3790 617 3844 Ottonis
631 3795 688 3844 et
709 3790 988 3845 Heriberti
1005 3791 1439 3846 sibifaventium
1471 3793 1677 3846 ducem
1698 3792 1857 3846 adiit.

232 3893 305 3933 eo
335 3879 444 3934 loci
473 3895 653 3951 quem
699 3879 899 3935 dicunt
939 3880 1320 3952 Dordingum,
1354 3881 1576 3944 Redite,
1605 3897 1772 3936 mora
1791 3880 1863 3934 sit

246 3968 432 4023 nuna.

798 4057 1131 4114 EPISTOLA
1158 4057 1309 4115 XCV.

237 4161 313 4202 AD
343 4159 610 4202 FRATRES
659 4162 1086 4204 FLORIACENSES
1129 4166 1200 4203 EX
1233 4164 1488 4205 PERSONA
1519 4164 1860 4204 REMENSIUM

911 4253 1205 4292 ABBATUM.

313 4322 437 4380 Non
465 4325 767 4380 immerito
793 4342 899 4380 nos
915 4326 1081 4380 unius
1107 4326 1331 4399 collegii
1355 4344 1474 4383 esse
1496 4327 1858 4398 proﬁtemur,

242 4415 338 4487 qui
354 4418 544 4470 vestra
559 4415 834 4470 felicitate
848 4415 986 4486 erigi
997 4391 1337 4482 Μαι-,ν’θεῖΓο
1353 4391 1669 4472 infortunio
1683 4391 1858 4472 etiam
1883 4391 1936 4452 D

241 4503 519 4575 Opinione
567 4503 1021 4558 clarissimorum
1095 4505 1406 4560 hominum
1459 4505 1854 4560 humiliamur.

242 4592 397 4646 Hanc
423 4591 830 4646 sanctissiman
854 4591 1188 4647 societatem
1213 4591 1686 4665 castissimanque
1712 4594 1858 4648 ami-

240 4683 434 4737 citiam
467 4681 864 4754 quorumdam
885 4681 1061 4736 foedat
1094 4683 1336 4738 ambitio
1366 4684 1591 4749 lasciva,
1613 4683 1861 4738 detesta-

241 4771 371 4827 bilis
400 4771 663 4837 audacia,
690 4770 833 4824 dum
864 4787 968 4841 per
986 4770 1299 4825 factionem
1318 4771 1363 4824 is
1381 4771 1538 4826 vobis
1553 4769 1863 4842 prmﬁcitur

241 4865 406 4932 pater
421 4877 597 4932 quam
622 4857 903 4914 verissimi
925 4877 1040 4914 non
1058 4861 1319 4914 metuant
1337 4860 1613 4914 damnare
1643 4861 1856 4915 Patres.

241 4951 310 5004 Et
327 4949 624 5022 quomodo
653 4965 770 5002 uua
788 4950 871 5002 est
896 4947 1138 5002 Ecclesia
1169 4947 1468 5013 catholica,
1491 4952 1858 5003 cunctorum-

244 5055 354 5110 que
383 5038 644 5092 fidelium
675 5053 795 5090 una
820 5036 1081 5103 soeietas,
1116 5053 1149 5090 a
1178 5037 1478 5090 sententiis
1508 5053 1708 5091 eorum
1743 5054 1860 5092 non

247 5127 475 5182 deviare
509 5125 898 5190 decrevimus,
933 5125 1029 5196 qui
1061 5125 1118 5178 in
1153 5125 1396 5179 Ecclesia
1423 5125 1673 5191 Domini,
1711 5127 1864 5180 velut

246 5216 573 5271 clarissima:
598 5215 786 5269 stellae
803 5213 1059 5268 relucent
1083 5213 1139 5268 in
1167 5219 1473 5285 perpetuas
1490 5213 1859 5269 azternitates.

243 5308 328 5360 An
346 5322 460 5361 non
481 5301 846 5359 lucidissima
864 5303 1028 5356 stetla
1050 5302 1397 5356 reverendus
1416 5302 1820 5374 paterlllaiolus
1837 5304 1864 5358 ?

247 5412 315 5450 an
343 5413 460 5451 non
499 5389 926 5466 praefulgidum
955 5391 1109 5445 sidus
1134 5393 1299 5462 pater
1319 5389 1605 5445 Echerdus
1636 5389 1864 5450 [Ebrar-

243 5485 371 5557 dus]
397 5486 426 5541 ’ἒ
445 5485 600 5539 alter
623 5479 686 5534 in
707 5477 969 5549 epistola,
985 5495 1159 5551 quam
1175 5479 1322 5550 patri
1340 5482 1535 5533 nostro
1553 5478 1864 5533 venerabili

235 5569 597 5631 Adalberoni
614 5564 1054 5639 archiepiSCOpo
1069 5565 1468 5640 nuperdirexit
1485 5565 1867 5638 (quaerebatur

233 5664 388 5736 enim
403 5663 533 5740 ejus
548 5653 859 5716 sententia
872 5653 940 5713 de
959 5657 1268 5729 praelatum
1281 5655 1463 5733 patris
1477 5652 1664 5724 vestri)
1686 5651 1743 5708 in
1752 5655 1865 5713 ter-

1961 1919 2218 1990 ejusdem
2254 1920 2532 1989 epistolw:
2576 1921 2688 1974 Etsi
2720 1921 2879 1975 vobis
2926 1939 3041 1976 non
3069 1923 3293 1977 videtur
3318 1925 3562 1995 fatuum,

1960 2011 2176 2062 mterna
2201 2009 2460 2062 clausura
2491 2009 2614 2079 ejus
2644 2008 2713 2064 ad
2745 2027 2849 2063 nos
2882 2010 3288 2065 damnabimus
3318 2013 3558 2068 aditum.

1960 2096 2213 2162 Faciant,
2239 2096 2499 2166 judicent
2530 2097 2806 2166 primates
2837 2100 2899 2151 ut
2944 2099 3101 2163 libet,
3139 2116 3242 2153 nos
3274 2117 3556 2172 pauperes

1960 2183 2163 2237 Christi
2184 2184 2340 2238 favor
2356 2188 2451 2237 aut
2474 2184 2650 2237 timor
2669 2184 3028 2238 szecularium
3049 2187 3119 2239 ab
3142 2187 3246 2241 hac
3274 2191 3562 2245 sententia

1958 2289 2075 2326 non
2109 2272 2334 2325 flecteto
2357 2271 2650 2326 Attendite
2683 2272 2753 2326 ad
2799 2273 2938 2338 IliPC,
2973 2291 3005 2328 ο
3033 2273 3166 2327 socii
3189 2280 3245 2328 et
3269 2278 3560 2332 commili-

1959 2364 2145 2426 tones,
2175 2359 2454 2413 secernite
2487 2375 2584 2412 vos
2616 2377 2745 2414 oves
2767 2359 2971 2414 Christi
3000 2360 3162 2432 ab{eo
3189 2363 3284 2432 qui
3317 2381 3432 2418 non
3479 2370 3564 2420 est

1957 2452 2172 2519 pastor,
2197 2447 2294 2502 sed
2314 2449 2477 2518 lupus
2494 2447 2684 2501 ovium
2708 2447 3559 2520 depopulator.Praatendatsibi

1954 2553 2139 2608 reges,
2176 2538 2350 2592 duces
2375 2537 2584 2603 saeculi,
2613 2537 2900 2609 principes
2943 2538 3038 2610 qui
3072 2556 3130 2593 se
3152 2539 3344 2594 favore
3371 2543 3555 2598 solum

1956 2625 2130 2680 modo
2153 2642 2352 2680 eorum
2370 2626 2788 2680 monachorum
2805 2625 3124 2698 principem
3150 2627 3414 2696 fecit,nec
3427 2648 3557 2688 eru-

1955 2713 2076 2767 buit
2089 2731 2145 2769 se
2161 2714 2424 2786 ingerere
2443 2714 2539 2787 qui
2555 2732 2620 2769 ex
2634 2714 2958 2770 humilitate
2977 2715 3256 2772 debuerat
3269 2719 3555 2792 refugere.

1954 2802 2236 2857 Hactenus
2260 2802 2587 2874 ignorantia
2618 2820 2721 2858 nos
2767 2803 3019 2858 deviasse
3066 2805 3337 2874 sufficiat,
3367 2814 3559 2866 careat

1953 2894 2148 2945 nostro
2183 2892 2492 2953 consortio,
2525 2892 2618 2964 qui
2640 2892 2836 2946 talium
2874 2893 3110 2947 Patrum
3140 2893 3558 2968 damnaturju-

1954 2979 2122 3034 dicio.
2153 2979 2309 3034 Tunc
2337 2979 2502 3035 nobis
2532 2985 2756 3041 tantum
2781 2980 3034 3049 uniatur,
3059 2999 3188 3038 cum
3217 3001 3417 3039 eorum
3436 3003 3565 3042 sen-

1952 3068 2132 3122 tentia
2160 3068 2332 3123 fuerit
2378 3069 2796 3138 reconciliatus,
2831 3087 3079 3143 quorum
3113 3071 3330 3142 judicio
3362 3078 3558 3131 nostro

1955 3159 2039 3211 est
2066 3173 2216 3211 nunc
2243 3158 2529 3213 consortio
2561 3157 2832 3229 privatus.

2479 3255 2812 3312 EPISTOLA
2853 3257 3028 3314 XCVI.

2283 3361 2357 3399 AD
2388 3363 2648 3400 FRATRES
2676 3364 3236 3406 BLANDINIACENSES.

2028 3429 2132 3494 Qui
2164 3448 2256 3486 me
2284 3433 2441 3488 vobis
2472 3433 2712 3488 fratrem
2752 3433 3089 3506 ad0ptastis,
3123 3437 3432 3495 orbitatem
3464 3458 3560 3498 ve-

1957 3521 2137 3572 stram
2171 3523 2231 3572 ut
2260 3521 2604 3574 sentiremus
2635 3539 2991 3594 magnopere
3019 3523 3312 3581 effecistis:
3359 3529 3558 3601 virque

1959 3605 2053 3660 ille
2085 3607 2425 3661 venerabilis
2445 3607 2745 3662 memoriae
2768 3625 2871 3663 nos
2901 3610 2984 3664 sui
3017 3627 3306 3666 memores
3326 3614 3383 3667 in
3402 3619 3564 3672 aeter-

1960 3708 2101 3748 num
2130 3694 2384 3749 honestis
2415 3695 2662 3750 obtinuit
2691 3696 2909 3750 ofﬁciis.
2957 3698 3103 3769 Ergo
3135 3699 3310 3770 agite,
3334 3705 3560 3772 patrem

1960 3782 2118 3837 vobis
2148 3783 2392 3855 dignum
2428 3783 2592 3838 citius
2630 3785 2929 3856 exquirite,
2966 3803 3037 3840 ne
3065 3803 3203 3856 grex
3229 3788 3561 3846 Dominicus

1961 3871 2342 3927 ﬂuctuetsine
2382 3873 2836 3944 pastoreNostra
2869 3889 2976 3944 ope
3007 3874 3053 3928 si
3077 3874 3346 3947 indigetis
3367 3877 3557 3932 utimi-

1963 3960 2043 4024 ni,
2071 3964 2128 4015 et
2158 3961 2417 4029 consilio,
2453 3965 2510 4016 et
2535 3962 2764 4026 auxilio,
2785 3962 2949 4033 juxta
2978 3963 3125 4018 vires
3145 3980 3207 4018 ac
3236 3964 3559 4024 scientiam.

1963 4050 2160 4106 Libros
2188 4053 2413 4106 nostros
2439 4051 2800 4106 festinantius
2815 4051 3112 4119 remittite,
3135 4053 3248 4108 etsi
3277 4053 3321 4108 is
3338 4056 3432 4126 qui
3458 4073 3562 4128 per

1963 4138 2342 4194 Claudianum
2371 4141 2603 4195 rescribi
2636 4141 2852 4208 debuit,
2880 4141 3112 4214 insuper
3138 4143 3420 4209 mittetur,
3452 4145 3564 4200 erit

1962 4245 2052 4282 res
2070 4227 2408 4299 dignissima
2431 4229 2588 4284 vobis
2613 4245 2677 4283 ac
2708 4233 2892 4284 vestra
2920 4231 3220 4293 charitate.

2480 4326 2812 4381 EPISTOLA
2851 4327 3048 4382 XCVII.

2139 4429 2212 4469 EX
2257 4430 2517 4470 PERSONA
2559 4431 2741 4470 EMMJE
2763 4432 2990 4471 REGINE
3018 4433 3091 4473 AD
3117 4435 3382 4478 MATREM.

2030 4503 2389 4575 Aggravatus
2410 4507 2495 4558 est
2513 4503 2679 4558 dolor
2695 4521 2876 4572 meus,
2899 4523 2931 4560 o
2965 4507 3045 4560 mi
3068 4507 3327 4576 domina,
3349 4525 3381 4564 0
3402 4508 3566 4567 dulce

1960 4592 2162 4646 matris
2189 4607 2425 4658 nomen,
2475 4591 2611 4646 dum
2632 4593 2939 4665 conjugem
2962 4595 3357 4668 perdidi.Spes
3375 4598 3430 4653 in
3452 4600 3567 4658 filio

1959 4680 2089 4747 fuit,
2118 4679 2164 4733 is
2204 4679 2382 4736 hostis
2425 4680 2604 4735 factus
2635 4684 2738 4736 est.
2757 4667 2805 4735 Ἀ
2837 4699 2931 4737 me
2961 4667 3321 4740 recesserunt
3361 4687 3566 4742 dulcis-

1960 4768 2088 4824 simi
2119 4769 2416 4840 quondam
2449 4769 2561 4824 mei
2589 4769 2758 4824 amici
2782 4771 2854 4825 ad
2883 4771 3265 4842 ignominiam
3287 4789 3475 4827 meam
3504 4791 3569 4829 ac

1959 4858 2132 4912 totius
2157 4858 2386 4929 generis
2419 4858 2556 4913 mei.
2592 4859 3013 4914 Nefandissima
3035 4860 3091 4913 in
3125 4860 3568 4918 Laudunensem

1959 4946 2361 5001 confinxerunt
2392 4947 2747 5019 episcopum.
2777 4948 3206 5018 Persequuntur
3249 4961 3405 5015 eum,
3434 4965 3567 5020 pro-

1961 5035 2202 5108 prioque
2233 5036 2478 5106 spoliare
2530 5034 2886 5089 contendunt
2930 5036 3174 5100 honore,
3216 5036 3278 5087 ut
3308 5033 3572 5093 inuratur

1963 5125 2104 5179 mihi
2136 5124 2460 5196 ignominia
2499 5123 2877 5193 sempiterna,
2912 5139 3040 5194 quas
3094 5121 3166 5175 sit
3193 5122 3352 5193 quasi
3375 5124 3570 5195 justis-

1961 5213 2107 5268 sima
2131 5229 2301 5268 causa
2327 5211 2631 5268 amittendi
2660 5211 2895 5265 honoris
2925 5211 3059 5265 mei.
3081 5212 3311 5280 Adesto,
3336 5213 3430 5286 pia
3447 5231 3573 5270 ma-

1961 5302 2212 5369 ter,filize
2241 5301 2532 5356 doloribus
2559 5299 3100 5372 plenac.Gloriantur
3114 5301 3306 5356 hostes
3321 5303 3434 5357 mei
3453 5321 3568 5360 non

1966 5405 2180 5460 supere:
2199 5405 2257 5441 se
2296 5386 2437 5440 mihi
2461 5387 2720 5454 fratrem,
2740 5386 3153 5459 propinquum,
3175 5389 3448 5458 amicum,
3473 5391 3572 5463 qui

1965 5475 2237 5531 auxilium
2259 5474 2409 5526 ferre
2441 5475 2911 5544 possit.lntendat
2940 5476 3012 5530 ad
3039 5477 3159 5531 bazc
3184 5477 3280 5549 pia
3310 5478 3570 5550 domina,

1965 5563 2166 5620 redeat
2195 5562 2384 5614 vestra
2426 5577 2602 5615 nurus
2640 5563 2697 5617 in
2731 5565 3004 5635 gratiam.
3057 5565 3140 5620 Sit
3169 5566 3309 5621 mihi
3340 5583 3444 5638 per
3474 5585 3572 5626 vos

1967 5646 2460 5720 exorabilisdiceat
2474 5663 2583 5726 que
2597 5667 2762 5708 suum
2781 5654 2922 5711 mihi
2937 5654 3174 5733 diligere
3186 5654 3574 5746 filium,quem
