3918 6230
377 413 478 478 '2-27

1012 401 1361 475 SILVESTRI
1399 420 1443 474 ιι
1480 415 1685 475 ΡΑΡ.Ε
1723 413 1877 476 Opp.
1920 421 1960 477 P

2072 419 2094 478 Ξ
2136 426 2222 480 ΙΙΙ.
2267 421 2478 482 EPIST.
2535 421 2724 482 -ἘΤ
2761 420 3040 485 DIPLOM.

3588 426 3690 488 2'23

373 557 571 596 meum
602 538 790 612 patior
818 541 880 592 ut
909 536 1231 594 inimicum.
1287 539 1595 610 Astringite
1627 539 1768 594 mihi
1800 540 1956 610 prin-
1997 549 2053 605 Α
2078 543 2145 598 iri
2181 546 2345 601 nobis
2374 548 2542 615 plena
2589 547 2701 601 ﬁde
2733 565 2990 603 oramus:
3029 551 3218 604 vestra
3248 553 3689 624 vestrorumque

377 630 532 700 eipes
580 627 753 682 vestri
803 627 989 698 regni,
1040 628 1296 698 proderit
1332 628 1412 682 eis
1453 645 1583 682 mea
1620 629 1970 699 conjunctio.

377 718 508 772 Otto
540 720 597 771 et
626 715 954 770 Heribertus
984 716 1224 770 comites
1245 716 1624 785 potentissimi
1654 733 1881 771 mecum
1913 717 1970 772 in

371 807 558 858 vestro
591 803 826 858 consilio
856 808 1044 858 erunt.
1079 803 1135 858 Si
1164 804 1290 858 ﬁeri
1321 807 1525 874 potest,
1559 804 1840 871 gabsolvite
1867 823 1971 859 nos

374 893 542 960 curis,
575 895 638 947 ut
669 890 878 946 mutuis
906 892 1166 946 fruamur
1190 892 1501 964 colloquiis.
1529 892 1648 958 Sin,
1669 893 1967 963 antiquam

373 981 716 1052 sapientiam
744 983 992 1034 vestram
1011 980 1262 1051 undique
1285 980 1554 1050 colligite,
1577 981 1803 1034 Francis
1817 981 1968 1035 unde

374 1087 494 1125 non
521 1071 755 1139 sperant
801 1068 1090 1122 contraria
1121 1071 1340 1140 parate,
1393 1071 1455 1120 ut
1498 1068 1555 1122 in
1587 1085 1692 1122 nos
1723 1069 1971 1139 graviter

372 1159 610 1213 saeviens
629 1173 828 1212 eorum
852 1157 1192 1211 refundatur
1209 1157 1552 1227 impetus.Et
1576 1157 1808 1210 interim
1833 1158 1971 1228 quid

373 1248 531 1304 vobis
561 1248 632 1302 sit
648 1247 1001 1315 faciendum,
1033 1250 1090 1300 et
1106 1246 1328 1320 scriptis
1357 1246 1674 1317 signiﬁcate
1701 1247 1969 1302 etnuntio

372 1335 670 1392 ﬁdissimo.

882 1433 1214 1490 EPISTOLA
1241 1433 1463 1489 XCVIII.

367 1541 439 1581 EX
471 1539 732 1582 PERSONA
767 1539 1174 1580 LAUDUNENSIS
1223 1540 1484 1578 EPISCOPI
1520 1540 1593 1577 AD
1646 1538 1970 1578 EPISCOPOS.

420 1614 688 1679 Quamvis
698 1612 855 1686 regia
871 1615 1150 1684 potestate
1163 1629 1266 1683 per
1277 1611 1661 1684 quorumdam
1675 1611 1977 1664 hominum

369 1703 680 1760 factionem
703 1701 979 1774 apropria
1007 1701 1140 1755 sede
1163 1717 1291 1754 sum
1319 1700 1391 1754 ad
1423 1700 1672 1771 praesens
1699 1699 1971 1764 exclusus,

369 1791 886 1864 episcopalitamen
918 1788 1103 1843 ofﬁcio
1128 1788 1371 1842 minime
1394 1804 1518 1842 sum
1550 1787 1804 1857 privatus
1828 1803 1839 1839 :
1867 1802 1972 1840 nec

2075 651 2272 690 aversa
2295 635 2436 688 tristi
2454 638 2604 690 vultu
2629 637 2935 708 accepturi,
2970 653 3245 708 prospera
3252 639 3678 710 jucundissimo

2072 723 2268 779 animo
2291 725 2459 779 laturi
2496 742 2559 779 ac
2581 725 2877 797 perlaturi.

2639 814 2972 869 EPISTOLA
3023 815 3105 872 CI.

2690 912 2765 948 AD
2791 913 2901 949 EUM
2913 913 3045 952 DEM.

2139 980 2494 1035 Multitudine
2515 997 2781 1036 curarum
2815 984 3097 1039 festinatae
3132 985 3462 1056 legationis,
3483 985 3686 1041 simul-

2072 1082 2182 1137 que
2206 1068 2423 1123 viarum
2438 1071 2760 1140 prolixitate
2785 1071 2982 1142 pressi,
3002 1073 3369 1127 desiderabili
3394 1075 3683 1146 colloquio

2070 1159 2253 1210 vestro
2287 1174 2500 1228 magna
2522 1175 2653 1212 cum
2695 1160 2964 1214 maestitia
2986 1161 3190 1230 privati
3223 1179 3440 1228 sumus,
3470 1163 3580 1216 Sed
3596 1179 3685 1216 re-

2071 1243 2203 1297 fecit
2230 1262 2334 1299 nos
2356 1248 2660 1317 praesentia
2689 1249 3010 1318 spectabilis
3032 1250 3129 1303 viri
3177 1250 3450 1317 Folmari,
3477 1250 3538 1305 in
3563 1268 3681 1322 quo

2071 1337 2259 1388 vestra
2284 1335 2755 1391 virtusintellecta
2767 1341 2870 1405 est,
2892 1338 3030 1392 dum
3045 1355 3111 1392 eo
3147 1338 3374 1393 utimini
3390 1339 3684 1401 ministro,

2075 1421 2171 1492 qui
2184 1423 2536 1477 voluntatem
2552 1424 2780 1479 Domini
2795 1425 2969 1479 etiam
2984 1443 3100 1479 non
3116 1426 3682 1481 monituslaudabili-

2078 1513 2167 1563 ter
2219 1511 2460 1580 expleat.
2493 1512 2716 1566 Addicti
2765 1529 2905 1584 ergo
2936 1531 3132 1568 sumus
3161 1517 3362 1569 vestrm
3393 1515 3678 1582 servituti,

2077 1615 2207 1653 cum
2251 1600 2443 1667 hacre,
2476 1603 2600 1654 tum
2627 1600 2803 1656 etiam
2825 1602 3074 1673 plurima
3105 1602 3408 1658 dilectione
3434 1603 3683 1658 senioris

2077 1686 2256 1741 nostri
2276 1689 2650 1743 Adalberonis
2671 1691 2820 1744 circa
2841 1707 2964 1758 nos,
2989 1691 3086 1762 qui
3105 1707 3303 1746 earum
3323 1707 3519 1745 rerum
3535 1707 3681 1763 quas

2075 1775 2312 1830 fecimus
2325 1777 2628 1849 participes
2655 1795 2750 1832 vos
2767 1778 2889 1832 fore
2909 1795 3012 1851 per
3034 1778 3233 1833 omnia
3254 1779 3520 1834 voluit.1v
3544 1781 3676 1834 Kal.

371 1857 654 1936 damnant
671 1879 915 1933 erimina
935 1877 1076 1931 falso
1095 1877 1272 1943 illata,
1295 1893 1465 1947 quem
1486 1875 1761 1929 innocens
1786 1875 1842 1928 in
1865 1875 1970 1930 hac
1995 1857 2046 1916 Β
2072 1863 2496 1933 April,domina
2519 1866 2628 1920 dux
2662 1866 2880 1922 Beatl’ix
2913 1867 3063 1937 apud
3082 1867 3360 1938 palatium
3389 1867 3679 1938 Compen-

368 1972 534 2041 parte
564 1984 679 2022 non
708 1967 1006 2021 remordet
1036 1965 1404 2020 conscientia.
1432 1963 1655 2018 Sentiat
1672 1980 1811 2034 ergo
1830 1980 1966 2034 grex

367 2056 610 2130 pastoris
640 2055 982 2119 absentiam,
1016 2052 1259 2106 sentiam
1293 2055 1349 2106 et
1380 2068 1488 2122 ego
1527 2069 1624 2106 vos
1651 2069 1844 2105 meam
1871 2051 1968 2106 do-

365 2146 484 2199 lere
512 2143 714 2197 vicem.
763 2144 959 2212 Itaque
1000 2156 1233 2206 moneo,
1272 2155 1434 2209 rogo,
1473 2156 1598 2201 oro,
1638 2139 1874 2192 obsecro
1902 2155 1966 2192 ac

367 2247 473 2304 pro
504 2231 742 2286 nomine
774 2229 1044 2284 terribilis
1076 2243 1306 2298 semper
1333 2227 1573 2281 viventis
1601 2227 1831 2280 Domini
1865 2227 1966 2280 ob-

363 2325 561 2388 testor,
583 2338 676 2375 me
700 2318 958 2373 Ecclesiae
979 2333 1122 2371 mea;
1145 2316 1400 2388 quolibet
1421 2313 1616 2378 modo,
1645 2330 1932 2385 perquam
1952 2341 1971 2352 -

361 2409 501 2464 libet
531 2409 1128 2481 personam,sanctum
1153 2404 1403 2458 chrisma
1431 2401 1828 2468 tribuatis,nec
1850 2401 1965 2473 epi-

364 2499 654 2570 scopalem
678 2494 1167 2559 benedictionem,
1191 2495 1248 2546 et
1266 2491 1570 2545 missarum
1596 2490 1876 2543 solemnia
1907 2490 1965 2544 in

365 2602 498 2641 mea
536 2582 806 2656 parochia
835 2580 1141 2652 peragatis,
1175 2578 1310 2651 quia
1336 2579 1612 2648 scriptum
1643 2580 1727 2631 est
1756 2595 1768 2631 :
1817 2577 1970 2643 Quod

367 2673 467 2727 tibi
509 2671 630 2744 ﬁeri
655 2687 759 2725 non
786 2671 884 2735 vis,
923 2669 1079 2722 alteri
1113 2684 1177 2721 ne
1213 2667 1418 2736 feceris.
1461 2667 1534 2719 At
1590 2664 1634 2718 si
1694 2665 1883 2719 divina
1912 2669 1968 2720 et

366 2759 624 2815 humana
670 2755 1036 2812 contemnitis
1062 2756 1216 2828 jura,
1248 2771 1355 2808 nec
1385 2753 1592 2808 nostris
1619 2753 1850 2808 monitis
1880 2771 1967 2809 ac-

367 2845 688 2922 quiescitis:
725 2859 1055 2916 quanquam
1075 2841 1268 2896 divina
1293 2841 1515 2897 ultione
1545 2841 1662 2895 sitis
1695 2841 1962 2910 feriendi,

361 2941 563 2992 tamen
590 2934 663 2990 ad
693 2933 978 3004 majorem
1014 2929 1370 2986 audientiam
1401 2928 1793 2986 ecclesiastica:
1825 2930 1966 3003 legis

365 3042 465 3081 vos
495 3024 868 3099 provocatum
892 3019 958 3074 iri
991 3017 1360 3091 pernoscatis.

902 3116 1234 3172 EPISTOLA
1260 3115 1430 3171 XCIX.

367 3228 438 3269 EX
463 3225 721 3268 PERSONA
747 3223 1140 3263 ADALBERONIS
1161 3220 1607 3261 ARCHIEPISCOPI
1643 3219 1716 3258 AD
1753 3220 1966 3260 BELLO-

998 3310 1327 3350 VACENSEM.

445 3387 580 3443 Vide
600 3383 925 3456 Patrologiae
955 3389 1080 3441 tam.
1117 3381 1345 3437 CXXX
1357 3381 1475 3437 VII
1491 3383 1545 3437 in
1568 3383 1964 3439 ADALBERONE

367 3477 656 3545 ΒεΜεΝεῐ,
682 3475 846 3548 epist.
884 3475 969 3528 25.
1939 3499 1942 3502 ι

904 3576 1241 3634 EPISTOLA
1273 3575 1333 3633 C.

442 3691 516 3730 AD
546 3686 858 3729 ECBERTUM
887 3683 1402 3725 ARCHIEPISCOPUM
1425 3681 1864 3723 TREVIRENSEM.

434 3764 722 3828 Quantum
755 3758 1010 3815 utilitatis
1023 3754 1246 3826 reipub.
1277 3753 1960 3826 contulerit,quantumve

361 3851 639 3908 collatura
667 3848 738 3904 sit
758 3865 867 3920 pax
897 3845 1049 3899 inter
1073 3859 1242 3913 reges
1270 3845 1496 3896 nostros
1519 3843 1668 3896 bene
1698 3843 1958 3910 fundata,

359 3939 522 3996 testis
541 3943 624 3994 est
638 3929 1430 3997 civitasVirdunensium,sine
1445 3929 1598 3984 caede
1613 3930 1959 4001 etsanguine

359 4030 484 4086 sine
512 4025 826 4089 obsidibus,
859 4021 982 4075 sine
1021 4017 1277 4090 pecuniis
1306 4018 1362 4071 in
1393 4018 1685 4088 integrum
1715 4018 1958 4090 imperio

356 4121 544 4173 vestro
576 4112 853 4168 restituta.
884 4107 1062 4162 Testis
1079 4105 1185 4160 erit
1216 4104 1470 4173 Colonia,
1504 4107 1672 4161 rebus
1711 4107 1814 4162 sibi
1863 4108 1959 4164 diu

359 4199 661 4262 subtractis
690 4201 749 4252 in
788 4197 1082 4266 integrum
1141 4193 1525 4250 restituendis.
1562 4193 1726 4258 Quod
1758 4196 1956 4268 utique

359 4289 642 4350 maturius
662 4287 833 4351 foret,
849 4283 982 4337 nissi
1003 4280 1190 4336 acrior
1203 4297 1338 4335 cura
1358 4298 1676 4353 regnorum
1693 4301 1877 4356 nuper
1897 4286 1955 4340 in

359 4375 719 4436 conﬁcienda
753 4389 893 4446 pace
932 4369 1159 4441 longius
1189 4386 1294 4424 nos
1326 4370 1685 4440 detinuisset,
1721 4377 1958 4445 propter

356 4471 613 4528 inversos
630 4475 1074 4532 moresquorum
1085 4457 1218 4512 dam
1238 4460 1748 4515 nostrorum.Nunc
1765 4461 1958 4533 itaque

357 4563 590 4628 tempus
601 4555 989 4625 opportunum
1004 4546 1450 4620 nacti,obsequio
1463 4552 1649 4604 vestro
1664 4550 1955 4609 adsumus.

357 4649 656 4706 Monemus
676 4639 932 4696 utiDudo
959 4653 1022 4692 ac
1043 4636 1387 4692 Gesilbertus
1406 4654 1598 4692 comes
1629 4655 1825 4693 rerum
1858 4639 1956 4694 Ec-

358 4734 546 4792 clesiae
561 4735 756 4787 vestrae
770 4741 1098 4800 pervasores
1123 4725 1247 4781 sine
1269 4725 1543 4781 dilatione
1569 4728 1959 4783 excommuni-

356 4827 582 4881 centur.
599 4822 894 4877 Moneatur
921 4815 1122 4883 frater,
1147 4831 1218 4870 ne
1247 4815 1463 4870 amicus
1475 4815 1956 4887 vesteﬁAdalbero

351 4915 668 4971 Remorum
686 4905 1142 4977 archiepiscopus
1157 4919 1326 4975 super
1339 4903 1956 4972 Dudone,GuidoSues-

353 5001 580 5059 sonieus
627 4997 924 5071 episcopus
969 5009 1142 5065 super
1190 4992 1526 5059 Gesilberto,
1563 5007 1635 5045 ne
1668 4992 1812 5047 ﬁlios
1841 5011 1956 5050 suae

354 5088 616 5148 Ecclesiae
641 5087 879 5156 impune
897 5099 996 5137 vos
1024 5081 1238 5136 laedere
1260 5079 1455 5134 sinant
1476 5079 1606 5134 :sed
1629 5096 1957 5139 excommu-

353 5179 574 5237 nicatos
590 5193 624 5228 ει
637 5172 794 5227 vobis
810 5166 1520 5251 excommunicent,donec
1533 5173 1958 5239 consequantur

352 5285 388 5322 a
422 5264 579 5320 vobis
603 5260 831 5315 veniam
855 5257 1028 5329 digna
1052 5253 1460 5323 satisfactione,
1485 5255 1581 5326 qui
1604 5259 1795 5311 conati
1825 5263 1959 5313 sunt

350 5349 741 5412 sanctuarium
762 5346 993 5403 Domini
1011 5343 1345 5399 haereditate
1364 5344 1653 5415 possidere
1683 5345 1829 5409 Quid
1861 5349 1956 5402 do-

351 5443 513 5500 mina
530 5431 1453 5506 uostraTheophaniaimperatrix
1469 5435 1955 5505 semperAugusta

348 5526 676 5601 insequenti
713 5529 978 5595 tempore
1007 5535 1202 5572 rerum
1235 5519 1595 5592 publicarum
1628 5521 1700 5574 sit
1731 5526 1946 5591 actura,

343 5619 614 5696 quibusve
642 5615 701 5671 in
730 5613 868 5669 locis
895 5610 1291 5676 demoratura,
1314 5611 1458 5663 etan
1477 5611 1769 5665 Saxonum
1791 5626 1947 5665 exer-

341 5695 489 5775 citus
513 5706 691 5765 victor
707 5720 742 5762 a
765 5699 1040 5759 consueto
1060 5696 1222 5756 hoste
1264 5695 1519 5768 redierit,
1556 5696 1940 5772 signiﬁcatum

2072 1951 2300 2006 diacum
2331 1955 2436 2008 hoc
2469 1955 2754 2022 effecerat,
2792 1959 2854 2009 ut
2884 1973 2985 2009 vm
3019 1955 3296 2010 Kal.Junii
3323 1956 3392 2010 ad
3415 1957 3673 2011 Montem

2070 2039 2325 2093 Falconis
2349 2042 2595 2096 domina:
2614 2043 2871 2097 Adelaidi
2899 2044 3269 2114 imperatrici,
3287 2044 3415 2098 duci
3444 2044 3675 2111 Carolo,

2067 2143 2163 2180 rex
2179 2128 2507 2198 Ludovicus,
2540 2132 2742 2200 regina
2759 2133 3018 2197 Hemma,
3043 2132 3154 2186 dux
3180 2132 3473 2198 Henricus,
3506 2149 3676 2187 causa

2066 2217 2436 2272 conﬁciendae
2486 2219 2640 2289 pacis
2671 2223 3058 2273 occurrerent.
3095 2219 3206 2273 Sed
3236 2220 3514 2291 quoniam
3570 2237 3679 2292 per

2068 2305 2456 2376 ignorantiam
2475 2308 2724 2362 dominae
2736 2308 3120 2379 Theophanias
3135 2309 3211 2361 im
3220 2308 3515 2379 peratricis
3527 2326 3676 2363 sem-

2068 2397 2450 2465 perAugustae
2465 2397 2569 2450 hoc
2588 2397 2986 2464 ﬁebat,dolum
3006 2397 3232 2450 subesse
3252 2396 3670 2467 intelligentes,

2069 2482 2149 2536 uti
2200 2499 2300 2554 per
2339 2500 2396 2536 se
2425 2483 2614 2556 potius
2652 2499 2761 2553 pax
2798 2483 2981 2550 ﬁeret,
3026 2483 3437 2550 consuluimus,
3486 2487 3666 2555 utque

2070 2572 2226 2643 prius
2254 2589 2356 2644 per
2380 2590 2476 2626 vos
2508 2588 2633 2643 quin
2664 2571 2917 2625 conditio
2943 2571 3096 2641 pacis
3117 2571 3270 2625 foret
3294 2572 3678 2642 experiretur.

2071 2660 2234 2724 Quod
2253 2662 2546 2715 laudatum
2568 2660 2961 2731 est,vestrique
3001 2660 3223 2715 itineris
3249 2661 3385 2714 socii
3407 2660 3676 2714 denomi-

2067 2749 2187 2804 nati
2219 2767 2285 2803 xv
2305 2750 2425 2803 Kal.
2444 2749 2594 2802 Junii
2619 2749 2966 2804 Francorum
2990 2747 3274 2819 colloquio
3295 2747 3459 2802 nobis
3477 2763 3679 2801 oecur-

2066 2839 2334 2892 rendum.
2378 2837 2574 2908 Ibique
2601 2837 2646 2892 si
2673 2853 2875 2907 pacem
2918 2853 3050 2891 cum
3088 2852 3225 2906 rege
3252 2835 3444 2890 senior
3476 2837 3679 2890 noster

2066 2925 2504 2997 confecerit,pro
2517 2941 2656 2997 pace
2668 2941 2983 2996 regnorum
2999 2924 3315 2996 plurimum
3328 2923 3676 2978 elaborabit.

2064 3018 2282 3087 Magna:
2310 3015 2704 3087 intelligentiae
2725 3018 2926 3068 vestras
2958 3029 3140 3085 pauca
3163 3012 3508 3084 suggessisse
3536 3013 3678 3068 satis

2067 3108 2170 3161 est.
2205 3106 2488 3159 Caeterum
2519 3103 2590 3158 de
2620 3107 2928 3174 terra,quae
2960 3103 3017 3156 in
3051 3102 3260 3156 nostris
3305 3101 3568 3172 partibus
3623 3101 3678 3156 vi

2070 3192 2227 3246 vobis
2250 3192 2509 3263 eripitur,
2543 3208 2849 3246 monemus
2880 3191 2952 3245 ad
2981 3207 3235 3263 praesens
3262 3192 3479 3263 tacere,
3513 3193 3672 3263 post-

2070 3264 2310 3320 modum
2335 3260 2932 3334 demonstraturiquid
2952 3260 3157 3316 exinde
3182 3261 3371 3316 facere
3391 3260 3674 3315 debeatis.

2634 3351 2968 3406 EPISTULA
2996 3351 3104 3405 CII.

2313 3452 2388 3492 AD
2419 3447 2756 3490 ADALBERON
2768 3449 2846 3486 ΕΜ
2887 3448 3064 3487 ARCHI
3074 3445 3416 3486 EPISCOPUM.

2135 3526 2259 3590 Qua
2295 3523 2525 3587 ﬁducia,
2559 3539 2739 3595 quave
2788 3522 3012 3576 cautela
3042 3519 3329 3591 colloquia
3357 3516 3588 3574 Ottonis
3619 3522 3676 3573 et

2063 3613 2343 3670 Heriberti
2374 3611 2696 3684 expetenda
2731 3610 2890 3664 vobis
2919 3609 3037 3663 sint
3065 3608 3382 3681 providete,
3417 3624 3491 3661 ne
3521 3607 3674 3661 forte

2062 3706 2300 3775 propter
2329 3704 2673 3774 prazsentem
2707 3698 3068 3753 obsidionem
3101 3695 3490 3767 Caprimoutis
3523 3711 3675 3749 nova

2061 3790 2120 3845 in
2152 3807 2251 3845 vos
2272 3789 2432 3844 novis
2456 3788 2603 3856 dolis
2635 3787 3015 3857 undecunque
3037 3786 3451 3855 comparentur
3483 3782 3671 3836 consi-

2059 3880 2155 3935 lia.
2184 3880 2530 3934 Mementote
2556 3875 2724 3930 sortis
2743 3873 2984 3929 Guit'ridi
3008 3871 3341 3937 [Godefridi,
3375 3874 3433 3925 et
3464 3871 3670 3925 Virdu-

2061 3968 2252 4025 nensis
2281 3965 2552 4038 epiSCOpi,
2585 3965 2656 4018 ob
2689 3963 3089 4034 pervasionem
3111 3961 3279 4016 castri
3299 3959 3667 4032 Luciliburgi.

2610 4051 2943 4106 EPISTULA
2975 4051 3106 4105 CIII.

2057 4165 2130 4206 AD
2160 4162 2433 4204 DOMINAM
2467 4159 2892 4200 THEOPHANIAM
2921 4156 3364 4197 IMPERATRICEM
3414 4154 3488 4194 EX
3536 4154 3670 4192 PER-

2551 4249 2703 4288 SONA
2741 4247 3084 4286 ADALBERON
3096 4247 3164 4284 IS.

2135 4324 2270 4387 Vide
2296 4322 2618 4393 Patrologiaz
2650 4328 2778 4376 tom.
2821 4319 3048 4375 CXXX
3060 4317 3195 4387 V11,
3221 4319 3277 4373 in
3297 4319 3666 4372 ADALBERONB

1979 4443 2030 4502 D
2057 4415 2322 4482 Rsuansr,
2353 4414 2501 4484 epist.
2533 4415 2619 4466 26.

2599 4496 2933 4554 EPISTOLA
2963 4496 3091 4554 CIV.

2058 4601 2134 4640 AD
2185 4595 2499 4638 ECBERTUM
2555 4593 2967 4635 TREVIRENSEM
3031 4591 3551 4633 ARCHIEPISCOPUM
3595 4586 3664 4630 ΕΧ

2494 4669 2759 4708 PERSONA
2795 4666 3215 4706 ADALBERONlSo

2138 4743 2276 4802 Vide
2306 4743 2400 4797 ubi
2421 4759 2602 4815 supra,
2634 4742 2792 4812 epist.
2821 4744 2910 4794 27.

2622 4829 2956 4884 EPISTOLA
2994 4826 3101 4885 CV.

2483 4925 3015 4967 BLANDINIACENSES
3061 4921 3131 4962 EX
3165 4919 3431 4962 PERSONA
3488 4920 3662 4960 ADAL-

2709 5005 2970 5044 BERONIS.

2136 5085 2270 5143 Vide
2299 5081 2391 5139 ubi
2414 5097 2598 5153 supra,
2630 5081 2778 5151 epist.
2807 5080 2898 5132 28.

2616 5166 2949 5223 EPISTOLA
2980 5164 3110 5219 CVI.

2142 5272 2215 5308 AD
2248 5266 2561 5308 ECBERTUM
2588 5261 3095 5303 ARCHIEPISCOPUM
3129 5259 3562 5298 TREVIRENSEM.

2129 5342 2272 5406 Quia
2303 5341 2396 5394 diu
2430 5340 2625 5409 optato
2659 5335 2894 5390 consilio
2919 5336 3104 5387 vestro
3136 5347 3252 5385 non
3282 5331 3658 5401 perfruimur,

2058 5448 2176 5486 non
2198 5428 2330 5483 satis
2361 5425 2600 5500 patienti
2623 5423 2816 5478 animo
2842 5422 3176 5487 toleramus,
3211 5419 3518 5487 instamus,
3568 5435 3656 5473 ca-

2053 5535 2260 5590 susque
2280 5517 2431 5570 inter
2449 5515 2767 5585 strepentes
2797 5509 3090 5564 revincere
3110 5507 3458 5562 laboramus.
3475 5507 3658 5580 Syno-

2046 5609 2150 5663 dus
2185 5607 2244 5660 in
2283 5602 2539 5677 partibus
2584 5598 2790 5666 Rheni,
2834 5601 2896 5652 ut
2920 5597 3079 5652 fama
3111 5599 3216 5664 est,
3258 5595 3478 5651 indicta
3512 5613 3526 5653 :
3561 5611 3657 5651 no-

2041 5700 2410 5769 strorumque
2425 5689 2824 5766 episcoporum
2841 5701 2974 5743 cum
2991 5685 3298 5742 validiores
3316 5685 3507 5744 morbi
3531 5689 3656 5746 tum

2056 4936 2132 4975 AD
2177 4932 2432 4972 FRATRES
