3918 6230
1045 379 1291 454 “sacrm
1327 393 1370 447 ι.
1410 420 1478 432 -
1515 383 1696 444 ANTE
1733 370 2018 443 SUMMUM
2056 377 2582 441 PONTIFICATUM.

3377 385 3481 440 230

165 529 313 585 etiam
343 520 510 595 regia
539 518 819 592 negotia,
849 533 1020 590 quam
1047 531 1162 570 una
1190 511 1474 568 voluimus
1501 509 1770 564 intertur-
1789 510 1844 568 Α
1882 505 2008 559 ﬁdis
2038 519 2142 559 nos
2198 507 2385 558 certos
2420 502 2644 557 reddite
2679 516 2692 556 :
2736 503 2796 556 ut
2825 516 2930 573 per
2985 505 3212 558 nostros
3257 498 3478 574 legatos

165 610 741 687 bantsynodum.Sed
757 604 1075 662 neinterim
1099 603 1215 658 otio
1246 606 1598 670 torpeamus,
1622 595 1774 652 beati

166 686 372 762 Ottonis
390 700 672 769 suffragia
693 697 770 752 ad
800 711 1048 766 praesens
1074 694 1340 763 expetere
1361 690 1415 744 in
1437 686 1634 741 animo
1663 688 1767 749 est,

161 796 296 850 unde
327 808 435 864 per
465 805 566 844 vos
593 786 855 841 reditum
889 783 1097 838 habere
1126 777 1512 851 disponimus,
1542 777 1604 827 ut
1639 789 1770 846 pro-

161 862 806 950 lixam—disjunctionem
825 875 1079 927 nostram
1096 885 1162 922 ea
1183 865 1592 936 conjunctione
1613 862 1774 916 casti-

161 988 379 1045 genius.
404 969 477 1022 Et
509 965 792 1038 quoniam
823 977 926 1034 per
958 957 1288 1013 Verdunum
1335 955 1444 1009 iter
1475 953 1640 1007 nobis
1667 955 1770 1014 est,

157 1079 216 1117 eo
238 1076 478 1115 crucem
507 1060 698 1112 vestra
720 1053 963 1109 scientia
986 1055 1048 1104 ut
1070 1064 1368 1120 speramus
1389 1046 1773 1107 elaboratam,

158 1150 196 1204 si
229 1150 354 1203 ﬁeri
384 1150 599 1219 potest,
646 1145 768 1198 Kal.
803 1140 1139 1196 Novembris
1169 1136 1417 1207 dirigite,
1451 1134 1638 1205 sitque
1668 1133 1776 1185 hoc

157 1238 364 1311 pignus
392 1235 686 1291 amicitiae.
722 1235 805 1285 Ita
837 1247 977 1301 opus
1010 1230 1242 1300 placens
1274 1225 1412 1278 dum
1444 1222 1622 1277 oculis
1650 1237 1776 1274 cre-

155 1326 309 1382 brius
328 1326 660 1397 ingeretur,
675 1317 1080 1376 indissolubilis
1095 1330 1262 1370 amor
1286 1312 1344 1366 in
1363 1312 1484 1366 dies
1497 1325 1778 1380 augmen-

155 1415 396 1470 labitur.

703 1494 1036 1552 EPISTOLA
1081 1491 1236 1547 CVII.

153 1609 224 1649 ει
273 1606 552 1647 PERSONA
600 1601 766 1643 REGIS
820 1599 1082 1639 HUGONIS
1135 1598 1212 1635 AD
1256 1591 1538 1634 SIGUINUM
1571 1589 1775 1629 ARCHI-

590 1687 910 1729 EPISCOPUN
949 1685 1136 1725 SENON
1148 1684 1360 1722 ENSEM.

223 1766 432 1841 Regali
443 1763 710 1838 potentia
725 1763 784 1817 in
802 1761 957 1815 nullo
977 1757 1132 1812 abuti
1155 1757 1430 1821 volentes,
1448 1751 1648 1809 omnia
1676 1767 1776 1804 ne-

1876 597 2062 648 vestra
2106 593 2404 662 majestate
2462 591 2666 661 dignos
2721 607 2848 661 qua:
2889 589 3188 645 sonuerint
3233 591 3470 661 chartis,

1876 683 2278 754 compleantur
2307 680 2368 735 in
2398 680 2586 734 rebus.

2409 768 2744 823 EPISTOLA
2794 769 2945 822 CXll.

2016 877 2086 914 EX
2123 873 2388 914 PERSONA
2418 874 2586 913 REGIS
2625 873 2879 912 IIUGONIS
2909 873 2983 910 AD
3016 873 3331 913 BORELLUM

2469 963 2876 1001 MARCHIONEM.

1947 1037 2090 1101 Quia
2128 1036 2520 1092 misericordia
2546 1036 2774 1090 Domini
2817 1036 3194 1108 praeveniens,
3228 1053 3474 1108 regnum

1876 1127 2224 1180 Francorum
2256 1125 2671 1196 quietissimum
2695 1125 2859 1179 nobis
2891 1126 3152 1191 contulit,
3177 1130 3375 1180 vestras
3398 1127 3482 1180 in-

1876 1215 2197 1287 quietudini
2222 1214 2657 1286 quamprimum
2677 1214 2976 1268 subvenire
3000 1214 3322 1280 statuimus,
3339 1232 3486 1270 cons

1875 1303 1998 1357 silio
2018 1308 2074 1356 et
2090 1303 2295 1357 auxilio
2319 1305 2649 1357 nostrorum
2672 1302 2936 1357 omnium
2954 1302 3232 1357 ﬁdelium.
3250 1302 3308 1357 Si
3338 1319 3476 1374 ergo

1876 1392 2050 1446 ﬁdem
2073 1391 2241 1446 toties
2262 1391 2427 1445 nobis
2452 1391 2773 1461 nostrisque
2791 1390 3244 1445 antecessoribus
3263 1406 3366 1462 per
3389 1391 3476 1446 in-

1876 1479 2199 1534 ternuntios
2226 1480 2482 1534 oblatam
2529 1495 2870 1534 conservare
2898 1479 3086 1545 vultis,
3113 1495 3187 1534 ne
3216 1479 3366 1535 forte
3391 1495 3484 1534 ve-

1877 1572 2022 1624 stras
2051 1571 2241 1641 partes
2259 1569 2535 1624 adeuntes
2548 1585 2694 1624 vana
2722 1585 2822 1639 spe
2840 1569 3010 1622 vestri
3042 1568 3227 1624 solatii
3249 1569 3482 1624 deluda-

1878 1673 2029 1725 mur,
2063 1674 2196 1712 mox
2229 1661 2290 1711 ut
2322 1658 2635 1712 exercitum
2669 1660 2932 1712 nostrum
2974 1673 3078 1728 per
3107 1657 3481 1728 Aquitaniam

1880 1747 2149 1801 diffusum
2195 1746 2596 1817 cognoveritis,
2629 1762 2762 1800 cum
2818 1745 3010 1816 paucis
3059 1746 3130 1800 ad
3164 1763 3268 1800 nos
3298 1763 3476 1817 usque

157 1825 650 1930 gotiaureipubdn
679 1847 1102 1906 consultatione
1125 1848 1184 1899 et
1204 1841 1491 1899 sententia
1520 1840 1778 1894 ﬁdelium
1808 1825 1854 1884 Β
1881 1837 2209 1906 properate,
2244 1838 2304 1888 ut
2332 1837 2389 1888 et
2420 1834 2597 1888 ﬁdem
2647 1834 2989 1905 promissam
3021 1834 3396 1899 conﬁrmetis,
3425 1837 3485 1888 et

157 1952 502 2003 nostrorum
517 1941 1112 2014 disponimus,vosque
1125 1951 1325 1990 eorum
1341 1931 1643 2003 participes
1655 1929 1779 1983 fore

157 2031 905 2107 dignissimosjudicamus.
942 2028 1139 2096 Itaque
1165 2024 1404 2076 honeste
1428 2037 1491 2074 ac
1520 2018 1778 2088 benigno

157 2125 372 2180 affectu
392 2139 497 2176 vos
523 2134 854 2182 monemus,
880 2115 960 2169 uti
987 2117 1123 2168 ante
1150 2110 1392 2166 Kalend.
1423 2105 1782 2170 Novembris,

157 2229 290 2268 eam
320 2211 530 2276 ﬁdem,
553 2223 732 2280 quam
753 2204 946 2259 czeteri
971 2201 1136 2256 nobis
1156 2199 1552 2262 ﬁrmaverunt,
1581 2194 1786 2248 conﬁr-

160 2301 334 2356 metis
359 2299 436 2354 ob
464 2313 671 2368 pacem
693 2298 752 2349 et
781 2290 1153 2348 concordiam
1181 2291 1390 2343 sancta:
1425 2282 1654 2340 Domini
1685 2282 1783 2335 Ec-

158 2390 372 2454 clesia,
387 2387 687 2456 totiusque
708 2381 903 2454 pOpuli
921 2376 1256 2434 Christiani:
1283 2392 1354 2429 ne
1375 2374 1419 2427 si
1438 2373 1608 2436 forte,
1631 2368 1788 2440 quod

164 2495 286 2533 non
320 2480 618 2546 optamus,
652 2469 1022 2543 persuasione
1053 2463 1441 2537 quorumdam
1472 2474 1783 2531 pravorum

161 2567 480 2637 diligenter
500 2561 663 2616 vobis
687 2556 1050 2629 exsequenda
1069 2554 1256 2608 minus
1278 2550 1540 2614 audiatis,
1562 2549 1788 2601 senten-

163 2656 311 2710 tiam
338 2651 573 2710 domini
604 2665 771 2723 papas
802 2651 860 2701 et
896 2641 1464 2718 comprovincialium
1491 2638 1786 2710 episcopo-

170 2760 296 2799 rum
329 2742 636 2797 duriorem
668 2735 991 2810 perferatis,
1028 2735 1333 2803 nostraque
1358 2727 1628 2784 omnibus
1652 2728 1791 2780 nota

172 2829 564 2887 mansuetudo
588 2824 976 2899 justissimum
1015 2819 1389 2878 correctionis
1418 2816 1670 2872 assumat
1699 2829 1786 2868 ze-

170 2922 288 2977 lum
331 2917 519 2991 regali
544 2914 831 2988 potentia.

705 3001 1040 3059 EPISTOLA
1080 2999 1259 3056 CVIII.

170 3116 242 3157 AD
296 3111 630 3155 ECBERTUM
685 3107 1194 3149 ARCHIEPISCOPUM
1247 3097 1660 3144 TREVIRENSEM
1719 3097 1789 3136 EX

630 3199 891 3239 PERSONA
919 3195 1338 3235 ADALBERONIS.

247 3275 384 3332 Vide
408 3273 747 3344 Patrologia?
777 3278 906 3326 tom.
947 3265 1173 3325 CXXX
1185 3265 1318 3335 VII,
1341 3267 1404 3323 in
1427 3265 1793 3318 ADALBERONE

175 3363 446 3434 REIENSI,
478 3367 636 3436 epist.
674 3365 762 3417 30.

748 3447 1084 3505 EPISTOLA
1115 3444 1240 3500 CXI.

809 3556 882 3592 AD
909 3552 1177 3592 EUMDEM.

252 3629 392 3690 Vide
421 3631 516 3688 ubi
543 3644 730 3702 supra,
755 3627 908 3700 epist.
937 3628 1026 3680 31.

761 3714 1097 3771 EPISTOLA
1120 3711 1223 3768 CX.

654 3824 732 3862 AD
765 3815 1309 3860 COMPROVINCIALES
1319 3839 1332 3852 .

257 3898 396 3956 Vide
421 3898 520 3954 ubi
545 3914 730 3968 supra,
772 3896 922 3965 epist.
958 3894 1046 3947 3'2.

755 3979 1090 4037 EPISTOLA
1121 3977 1246 4033 CXI.

181 4095 260 4134 AD
292 4090 576 4132 BASILIUM
618 4091 694 4128 ΕΤ
749 4084 1212 4126 CONSTANTINUM
1259 4077 1666 4119 IMPERATORES
1695 4076 1802 4116 ΟΕ·-

223 4181 572 4234 THODOXOS,
595 4178 753 4218 HUGO
782 4176 997 4215 GRATIA
1029 4173 1234 4212 DOMINI
1253 4171 1362 4210 REX
1389 4166 1764 4208 FRANCORUM.

263 4257 409 4311 Cum
443 4251 716 4308 nobilitas
751 4248 921 4303 vestri
949 4246 1198 4319 generis,
1233 4248 1360 4299 tum
1407 4241 1587 4297 etiam
1619 4237 1804 4311 gloria

189 4359 555 4414 magnorum
571 4344 824 4408 actuum,
844 4338 916 4392 ad
929 4352 1192 4391 amorem
1217 4337 1467 4387 vestrum
1489 4346 1592 4384 nos
1609 4329 1807 4383 horta-

193 4438 292 4489 tur
320 4437 379 4488 et
397 4432 572 4502 cogit.
595 4430 659 4483 lli
691 4429 904 4500 quippe
931 4443 1051 4481 esse
1076 4421 1376 4489 videmini,
1394 4435 1641 4492 quorum
1660 4417 1806 4471 ami-

194 4523 333 4578 citia
376 4520 519 4575 nihil
565 4518 795 4589 dignius
823 4516 879 4570 in
908 4513 1176 4570 humanis
1223 4513 1392 4566 rebus
1417 4507 1594 4581 possit
1619 4505 1806 4561 existi-

195 4609 535 4665 mari.Hanc
547 4605 966 4661 sanctissimam
983 4596 1808 4670 amicitiam,justissimamque

193 4700 539 4755 societatem
572 4696 649 4751 sic
686 4693 1025 4765 expetimus,
1060 4695 1122 4745 ut
1163 4705 1269 4744 nec
1298 4703 1481 4760 regna
1530 4701 1634 4738 nec
1673 4700 1810 4755 opes

127 4803 134 4812 '
194 4791 418 4842 vestras
445 4787 504 4842 in
541 4801 609 4839 ea
636 4782 1022 4854 requiramus.
1058 4778 1172 4833 Sed
1218 4779 1341 4832 haec
1394 4772 1646 4829 conditio
1683 4789 1812 4843 quae

201 4876 389 4932 nostri
415 4874 560 4947 juris
604 4875 739 4928 sunt
768 4874 957 4925 vestra
999 4867 1196 4934 efﬁcit,
1228 4879 1559 4936 magnoque
1593 4861 1737 4927 usui,
1768 4861 1814 4916 si

203 4964 542 5036 placet,lia3c
571 4965 770 5017 nostra
795 4956 1125 5029 conjunctio
1157 4955 1286 5022 erit,
1306 4967 1671 5024 magnosque
1702 4949 1818 5004 fru—

205 5058 326 5109 ctus
356 5053 578 5108 eﬁ‘eret.
615 5049 848 5104 Etenim
894 5046 1060 5101 nobis
1087 5042 1448 5099 obstantibus
1478 5056 1583 5094 nec
1607 5039 1818 5100 Gallus,

208 5159 314 5198 nec
331 5144 653 5197 Germanus
674 5139 821 5192 ﬁnes
851 5136 1091 5190 lacesset
1123 5127 1638 5200 Romaniimperii.
1671 5127 1819 5198 Ergo

212 5235 272 5285 ut
295 5232 415 5285 hinc
433 5231 589 5285 bona
618 5227 766 5281 ﬁant
784 5226 1082 5296 perpetua,
1103 5220 1380 5294 quoniam
1413 5221 1498 5272 est.
1517 5215 1680 5270 nobis
1701 5215 1826 5268 uni-

213 5337 306 5376 cus
326 5321 472 5374 ﬁlius
497 5323 556 5373 et
585 5318 710 5389 ipse
742 5331 863 5381 rex,
889 5328 994 5366 nec
1025 5312 1075 5366 ei
1105 5326 1306 5383 parem
1357 5307 1413 5361 in
1446 5304 1823 5360 matrimonio

216 5414 408 5484 aptare
431 5422 762 5482 possumus,
784 5404 1025 5475 propter
1041 5397 1382 5453 afﬁnitatem
1398 5394 1716 5448 vicinorum
1739 5409 1828 5447 re-

216 5481 370 5572 gum,
395 5481 575 5553 ﬁliam
603 5485 792 5550 sancti
823 5488 1050 5561 imperii
1069 5486 1357 5559 praecipuo
1385 5483 1594 5537 affectu
1625 5481 1829 5552 quaeri-

185 5587 190 5589 ’
217 5588 531 5654 mus.Ouod
547 5587 594 5641 si
619 5586 748 5640 hinc
779 5579 962 5652 petita
979 5573 1355 5632 serenissimis
1377 5571 1609 5628 auribus
1630 5567 1828 5622 vestris

211 5677 552 5764 placuerint,
585 5674 692 5733 aut
731 5666 962 5744 scriptis
1011 5661 1429 5742 imperialibus,
1460 5661 1559 5718 aut
1612 5654 1830 5714 nuntiis

1833 4391 1884 4451 D

1880 1923 1996 1977 vias
2017 1921 2284 1976 exercitui
2317 1921 2665 1976 necessarias
2695 1921 2965 1976 doceatis.
3003 1921 3125 1984 Qua
3155 1921 3214 1975 in
3247 1925 3408 1992 parte
3437 1920 3487 1975 si

1881 2011 2005 2066 fore
2046 2011 2332 2076 mavultis,
2367 2009 2645 2080 nobisque
2677 2009 2867 2080 potius
2898 2009 3135 2064 obedire
3167 2009 3480 2078 delegistis,

1885 2117 2061 2172 quam
2111 2098 2429 2167 lsmaelitis,
2464 2100 2682 2168 legatos
2711 2098 2784 2151 ad
2836 2116 2939 2152 nos
2973 2115 3148 2168 usque
3179 2097 3236 2151 in
3271 2098 3486 2151 Pascha

1887 2188 2138 2259 dirigite,
2157 2187 2250 2259 qui
2271 2191 2328 2242 et
2349 2204 2452 2241 nos
2474 2187 2544 2241 de
2568 2190 2754 2240 vestra
2778 2186 3052 2240 ﬁdelitate
3083 2186 3400 2252 laetiﬁcent,
3424 2188 3484 2240 et

1884 2293 1981 2332 vos
2013 2277 2083 2332 de
2114 2279 2311 2331 nostro
2340 2275 2587 2330 adventu
2619 2275 2968 2330 certissimos
3001 2274 3269 2328 reddant.

2420 2364 2754 2418 EPISTULA
2777 2363 2952 2417 CXIII.

1885 2471 1960 2508 ΑΙ)
1990 2469 2354 2510 ROTHARDUM
2382 2468 2893 2508 ARCHIEPISCOPUM
2923 2467 3391 2510 CAMERACENSEM
3419 2469 3492 2511 EX

2317 2558 2578 2597 PERSONA
2622 2557 3040 2597 ADALBERONIS.

1967 2631 2098 2685 Vide
2119 2630 2446 2700 Patrologiw
2489 2635 2618 2697 tam,
2649 2628 2875 2684 CXXX
2889 2629 2999 2683 VII
3025 2630 3081 2684 in
3118 2631 3490 2688 ADALBERONE

1888 2720 2155 2787 Rsunmsr,
2185 2722 2335 2791 epist.
2373 2721 2463 2774 33.

2421 2803 2755 2862 EPISTOLA
2785 2806 2959 2863 CXIV.

2172 2911 2362 2952 AD.....
2390 2913 2464 2951 EX
2491 2911 2756 2952 PERSONA
2787 2912 3210 2954 ADALBERONIS.

1968 2983 2100 3042 Vide
2126 2985 2220 3040 ubi
2245 3001 2426 3056 supra,
2457 2987 2606 3056 epist.
2643 2987 2731 3041 34.

2429 3073 2766 3130 EPISTOLA
2800 3073 2952 3133 CXV.

2344 3181 2418 3219 AD
2475 3181 2752 3219 CAROLUM
2812 3179 3030 3220 DUCEM.

1972 3250 2104 3309 Vide
2127 3255 2222 3309 ubi
2247 3272 2428 3326 supra,
2451 3255 2600 3324 epist.
2631 3255 2718 3305 35.

2426 3341 2760 3395 EPISTULA
2782 3339 2952 3394 CXVI.

2109 3430 2182 3468 AD
2208 3429 2532 3468 ROMULFUM
2563 3427 2835 3464 ΑΒΒΑΤΕΜ
2870 3426 3286 3471 SENONENSEM.

1967 3501 2271 3558 Divinitate
2303 3497 2552 3572 propitia
2574 3499 2724 3553 bene
2748 3497 3018 3568 valentes,
3043 3505 3105 3555 ut
3135 3501 3380 3572 amplius
3407 3518 3500 3556 va-

1903 3589 2068 3647 leatis
2098 3592 2387 3662 optamus.
2419 3586 2609 3641 Gratia
2639 3589 2696 3640 et
2719 3586 3123 3641 benevolentia
3153 3588 3504 3660 principum,

1901 3679 1986 3735 uti
2005 3695 2235 3749 semper
2257 3678 2341 3731 usi
2363 3692 2579 3741 sumus,
2595 3674 2832 3744 utimur,
2853 3690 3017 3745 spem
3051 3675 3267 3730 bonam
3291 3675 3348 3728 in
3381 3691 3508 3729 rem

1900 3783 2232 3823 conversam
2260 3765 2350 3833 iri,
2385 3779 2485 3818 suo
2512 3767 2776 3834 tempore
2809 3765 3222 3834 exspectantes.
3263 3761 3508 3816 Ubinam

1901 3855 2266 3930 potissimum
2301 3853 2584 3910 moraturi
2612 3851 2871 3924 sequenti
2907 3855 3193 3923 tempore,
3222 3851 3506 3905 incertum

1903 3949 2142 4017 propter
2172 3945 2392 3998 incerta
2419 3947 2706 4012 tempora.
2737 3938 2909 4010 Operi
2954 3943 3173 4006 nostro,
3207 3938 3363 4011 quod
3393 3955 3510 3994 non

1903 4050 2093 4106 parva:
2125 4031 2461 4104 quantitatis
2490 4030 2614 4084 fore
2665 4028 2985 4099 scripsistis,
3014 4027 3150 4099 quia
3178 4043 3512 4083 mensuram

1901 4122 2209 4179 voluminis
2240 4119 2648 4192 ignoravimus,
2679 4117 2891 4172 solidos
2921 4116 3065 4171 duos
3094 4132 3198 4187 per
3227 4115 3501 4171 clericum

1905 4227 2079 4282 quem
2097 4209 2324 4264 misistis
2344 4207 2624 4273 misimus,
2641 4206 2909 4276 idemque
2929 4204 2974 4259 si
3007 4205 3307 4260 insinuetis
3335 4204 3506 4260 facie-

1907 4317 2035 4354 mus
2056 4299 2237 4353 donec
2267 4298 2556 4367 completo
2589 4311 2762 4364 opere
2794 4293 3025 4348 dicatis:
3061 4293 3308 4351 Sufﬁcit.

2418 4376 2756 4431 EPISTOIA
2795 4375 2990 4432 CXVII.

2284 4466 2357 4503 AD
2383 4462 2654 4504 DOMINAM
2684 4463 2999 4500 THEOPHAN
3011 4462 3136 4504 ιΑΜ.

1988 4540 2120 4596 Vide
2142 4537 2470 4607 Patrologize
2497 4541 2623 4590 tom.
2659 4533 3027 4603 CXXXVII,
3065 4537 3121 4590 in
3150 4537 3518 4596 ADALDERONB

1912 4629 2187 4698 REMENSI,
2221 4627 2369 4697 epist.
2405 4626 2492 4679 36.

2413 4719 2746 4776 EPISTOLA
2795 4720 2876 4776 CX
2886 4721 3018 4778 VIII.

2268 4809 2341 4850 AD
2373 4809 2613 4849 CLERUM
2641 4811 2717 4847 ET
2757 4809 3159 4850 POPULUM.....

1996 4886 2131 4943 Vide
2159 4884 2253 4940 ubi
2275 4902 2456 4956 supra,
2485 4883 2632 4953 epist.
2668 4882 2756 4937 57.

2428 4971 2805 5028 EPISSTOLA
2836 4966 3004 5026 CXIX.

2064 5065 2230 5104 ΕΜΜΑ
2260 5063 2546 5112 QUONDAM
2579 5059 2797 5097 REGINA
2823 5052 3065 5096 ῡοΜιΝίΕ
3095 5053 3380 5096 Αυϐυετᾱε

2511 5128 2921 5170 ΤΗΕΟΡΗΑΝῙᾸΞ.

1994 5209 2180 5264 Pietas
2203 5207 2372 5263 vestri
2389 5202 2641 5260 nominis
2657 5197 2956 5254 subveniat
2973 5197 3224 5266 afflictae,
3239 5202 3297 5254 et
3316 5215 3350 5254 a
3374 5212 3523 5270 pra:-

1925 5298 2170 5354 donibus
2183 5293 2572 5368 captivatm.Et
2588 5289 2724 5344 mihi
2741 5287 3033 5360 quondam
3050 5287 3226 5342 fuitet
3241 5304 3443 5360 genus,
3470 5290 3531 5340 et

1928 5385 2195 5457 dignitas,
2212 5399 2276 5437 ac
2289 5381 2514 5451 regium
2537 5395 2775 5432 nomen.
2796 5377 2956 5431 Nunc
2974 5375 3133 5446 quasi
3151 5375 3273 5430 sine
3292 5391 3527 5446 genere,

1928 5475 2050 5528 sine
2077 5471 2378 5544 dignitate,
2397 5465 2668 5520 omnibus
2688 5465 2908 5520 afﬁcior
2929 5463 3534 5532 contumeliis,ancilla

1929 5561 2150 5635 captiva
2167 5552 2695 5614 crudelissimorum
2709 5553 2959 5608 hostium
2977 5551 3223 5607 facta.Et
3238 5549 3532 5624 quomodo

1928 5649 2026 5710 ille
2041 5647 2250 5729 impius
2263 5641 2498 5704 Carolus
2506 5654 2708 5697 vocem
2729 5639 3159 5698 meamaudiret
3173 5638 3270 5716 qui
3286 5641 3537 5698 vestram
