  <div class='ocr_page' id='page_1' title='image "/cluster/home/n/w/nwhite01/storage/ocr_20150623/139/uva.x000829787/123.png"; bbox 0 0 3918 6230; ppageno 0'>
   <div class='ocr_carea' id='block_1_1' title="bbox 423 398 520 467">
    <p class='ocr_par' dir='ltr' id='par_1_1' title="bbox 423 398 520 467">
     <span class='ocr_line' id='line_1_1' title="bbox 423 398 520 467; baseline -0.01 0"><span class='ocrx_word' id='word_1_1' title='bbox 423 398 520 467; x_wconf 63' lang='lat'>‘2‘3!</span> 
     </span>
    </p>
   </div>
   <div class='ocr_carea' id='block_1_2' title="bbox 1064 383 2033 466">
    <p class='ocr_par' dir='ltr' id='par_1_2' title="bbox 1064 392 2033 466">
     <span class='ocr_line' id='line_1_2' title="bbox 1064 392 2033 466; baseline -0.002 -1"><span class='ocrx_word' id='word_1_2' title='bbox 1064 392 1414 466; x_wconf 76' lang='lat' dir='ltr'>SILVES’I‘RI</span> <span class='ocrx_word' id='word_1_3' title='bbox 1450 403 1497 463; x_wconf 92' lang='grc' dir='ltr'>ιι</span> <span class='ocrx_word' id='word_1_4' title='bbox 1536 399 1744 464; x_wconf 67' lang='grc' dir='ltr'>ΡΑιηε</span> <span class='ocrx_word' id='word_1_5' title='bbox 1782 403 1936 463; x_wconf 84' lang='lat' dir='ltr'>OPP.</span> <span class='ocrx_word' id='word_1_6' title='bbox 1981 399 2033 463; x_wconf 64' lang='lat' dir='ltr'>P.</span> 
     </span>
    </p>
   </div>
   <div class='ocr_carea' id='block_1_3' title="bbox 2141 383 3090 466">
    <p class='ocr_par' dir='ltr' id='par_1_3' title="bbox 2141 383 3090 463">
     <span class='ocr_line' id='line_1_3' title="bbox 2141 383 3090 463; baseline -0.003 0"><span class='ocrx_word' id='word_1_7' title='bbox 2141 404 2159 463; x_wconf 69' lang='grc' dir='ltr'>ς</span> <span class='ocrx_word' id='word_1_8' title='bbox 2197 404 2291 462; x_wconf 82' lang='grc' dir='ltr'><strong>ιιι.</strong></span> <span class='ocrx_word' id='word_1_9' title='bbox 2330 424 2400 447; x_wconf 67' lang='grc'><strong><em>-</em></strong></span> <span class='ocrx_word' id='word_1_10' title='bbox 2438 383 2652 462; x_wconf 81' lang='lat' dir='ltr'>EPIST.</span> <span class='ocrx_word' id='word_1_11' title='bbox 2691 403 2774 461; x_wconf 86' lang='lat' dir='ltr'><strong>ET</strong></span> <span class='ocrx_word' id='word_1_12' title='bbox 2813 391 3090 462; x_wconf 75' lang='lat' dir='ltr'>DIPLoM.</span> 
     </span>
    </p>
   </div>
   <div class='ocr_carea' id='block_1_4' title="bbox 3636 387 3741 459">
    <p class='ocr_par' dir='ltr' id='par_1_4' title="bbox 3636 387 3741 459">
     <span class='ocr_line' id='line_1_4' title="bbox 3636 387 3741 459; baseline 0.01 -1"><span class='ocrx_word' id='word_1_13' title='bbox 3636 387 3741 459; x_wconf 67' lang='lat'>&quot;5232</span> 
     </span>
    </p>
   </div>
   <div class='ocr_carea' id='block_1_5' title="bbox 428 530 3736 606">
    <p class='ocr_par' dir='ltr' id='par_1_5' title="bbox 428 530 3736 606">
     <span class='ocr_line' id='line_1_5' title="bbox 428 530 3736 606; baseline -0.002 -16"><span class='ocrx_word' id='word_1_14' title='bbox 428 535 627 590; x_wconf 86' lang='lat' dir='ltr'>audire</span> <span class='ocrx_word' id='word_1_15' title='bbox 653 532 999 605; x_wconf 80' lang='lat' dir='ltr'>contempsit</span> <span class='ocrx_word' id='word_1_16' title='bbox 1024 533 1051 588; x_wconf 84' lang='lat'><strong>?</strong></span> <span class='ocrx_word' id='word_1_17' title='bbox 1073 538 1131 588; x_wconf 90' lang='lat' dir='ltr'>et</span> <span class='ocrx_word' id='word_1_18' title='bbox 1157 551 1256 589; x_wconf 88' lang='lat' dir='ltr'>vos</span> <span class='ocrx_word' id='word_1_19' title='bbox 1295 534 1528 606; x_wconf 85' lang='lat' dir='ltr'>quidem</span> <span class='ocrx_word' id='word_1_20' title='bbox 1556 551 1650 588; x_wconf 85' lang='lat' dir='ltr'>me</span> <span class='ocrx_word' id='word_1_21' title='bbox 1676 537 1861 587; x_wconf 85' lang='lat' dir='ltr'>vestra</span> <span class='ocrx_word' id='word_1_22' title='bbox 1906 550 2024 588; x_wconf 92' lang='lat' dir='ltr'>me-</span> <span class='ocrx_word' id='word_1_23' title='bbox 2046 540 2100 599; x_wconf 83' lang='grc' dir='ltr'><strong>Α</strong></span> <span class='ocrx_word' id='word_1_24' title='bbox 2127 531 2465 598; x_wconf 91' lang='lat' dir='ltr'>instituistis,</span> <span class='ocrx_word' id='word_1_25' title='bbox 2490 531 2698 587; x_wconf 86' lang='lat' dir='ltr'>diluvio</span> <span class='ocrx_word' id='word_1_26' title='bbox 2729 532 2897 586; x_wconf 83' lang='lat' dir='ltr'>vestri</span> <span class='ocrx_word' id='word_1_27' title='bbox 2941 548 3087 604; x_wconf 89' lang='lat' dir='ltr'>pene</span> <span class='ocrx_word' id='word_1_28' title='bbox 3119 530 3455 601; x_wconf 88' lang='lat' dir='ltr'>absorptum</span> <span class='ocrx_word' id='word_1_29' title='bbox 3504 532 3612 584; x_wconf 91' lang='lat' dir='ltr'>est.</span> <span class='ocrx_word' id='word_1_30' title='bbox 3643 531 3736 585; x_wconf 91' lang='lat' dir='ltr'>In-</span> 
     </span>
    </p>
   </div>
   <div class='ocr_carea' id='block_1_6' title="bbox 430 621 2030 694">
    <p class='ocr_par' dir='ltr' id='par_1_6' title="bbox 430 621 2030 694">
     <span class='ocr_line' id='line_1_6' title="bbox 430 621 2030 694; baseline -0.003 -14"><span class='ocrx_word' id='word_1_31' title='bbox 430 623 619 680; x_wconf 88' lang='lat' dir='ltr'>moria</span> <span class='ocrx_word' id='word_1_32' title='bbox 649 621 888 693; x_wconf 80' lang='lat' dir='ltr'>dignam</span> <span class='ocrx_word' id='word_1_33' title='bbox 916 621 1217 689; x_wconf 84' lang='lat' dir='ltr'>habuistis,</span> <span class='ocrx_word' id='word_1_34' title='bbox 1251 640 1378 694; x_wconf 65' lang='lat' dir='ltr'>quas</span> <span class='ocrx_word' id='word_1_35' title='bbox 1407 623 1529 676; x_wconf 87' lang='lat' dir='ltr'>fieri</span> <span class='ocrx_word' id='word_1_36' title='bbox 1559 623 1708 676; x_wconf 92' lang='lat' dir='ltr'>circa</span> <span class='ocrx_word' id='word_1_37' title='bbox 1738 638 1832 676; x_wconf 90' lang='lat' dir='ltr'>me</span> <span class='ocrx_word' id='word_1_38' title='bbox 1862 623 2030 676; x_wconf 87' lang='lat' dir='ltr'>velle-</span> 
     </span>
    </p>
   </div>
   <div class='ocr_carea' id='block_1_7' title="bbox 431 708 2024 781">
    <p class='ocr_par' dir='ltr' id='par_1_7' title="bbox 431 708 2024 781">
     <span class='ocr_line' id='line_1_7' title="bbox 431 708 2024 781; baseline 0.001 -16"><span class='ocrx_word' id='word_1_39' title='bbox 431 712 501 765; x_wconf 89' lang='lat' dir='ltr'>tis</span> <span class='ocrx_word' id='word_1_40' title='bbox 541 708 885 781; x_wconf 89' lang='lat' dir='ltr'>impcrastis,</span> <span class='ocrx_word' id='word_1_41' title='bbox 919 709 1124 780; x_wconf 90' lang='lat' dir='ltr'>hicque</span> <span class='ocrx_word' id='word_1_42' title='bbox 1179 711 1400 781; x_wconf 80' lang='lat' dir='ltr'>regiam</span> <span class='ocrx_word' id='word_1_43' title='bbox 1458 711 1660 763; x_wconf 83' lang='lat' dir='ltr'>urbem</span> <span class='ocrx_word' id='word_1_44' title='bbox 1706 710 2024 780; x_wconf 81' lang='lat' dir='ltr'>occupavit.</span> 
     </span>
    </p>
   </div>
   <div class='ocr_carea' id='block_1_8' title="bbox 434 797 2025 869">
    <p class='ocr_par' dir='ltr' id='par_1_8' title="bbox 434 797 2025 869">
     <span class='ocr_line' id='line_1_8' title="bbox 434 797 2025 869; baseline -0.003 -14"><span class='ocrx_word' id='word_1_45' title='bbox 434 803 642 855; x_wconf 86' lang='lat' dir='ltr'>Parere</span> <span class='ocrx_word' id='word_1_46' title='bbox 667 797 834 851; x_wconf 88' lang='lat' dir='ltr'>alicui</span> <span class='ocrx_word' id='word_1_47' title='bbox 885 814 1002 852; x_wconf 89' lang='lat' dir='ltr'>non</span> <span class='ocrx_word' id='word_1_48' title='bbox 1039 801 1205 869; x_wconf 90' lang='lat' dir='ltr'>putat</span> <span class='ocrx_word' id='word_1_49' title='bbox 1261 816 1361 853; x_wconf 89' lang='lat' dir='ltr'>suo</span> <span class='ocrx_word' id='word_1_50' title='bbox 1419 797 1640 852; x_wconf 86' lang='lat' dir='ltr'>nomini</span> <span class='ocrx_word' id='word_1_51' title='bbox 1693 798 2025 852; x_wconf 87' lang='lat' dir='ltr'>convenire.</span> 
     </span>
    </p>
   </div>
   <div class='ocr_carea' id='block_1_9' title="bbox 431 885 2031 960">
    <p class='ocr_par' dir='ltr' id='par_1_9' title="bbox 431 885 2031 960">
     <span class='ocr_line' id='line_1_9' title="bbox 431 885 2031 960; baseline -0.003 -18"><span class='ocrx_word' id='word_1_52' title='bbox 431 888 572 942; x_wconf 89' lang='lat' dir='ltr'>Nolo</span> <span class='ocrx_word' id='word_1_53' title='bbox 605 886 656 941; x_wconf 90' lang='lat' dir='ltr'>ei</span> <span class='ocrx_word' id='word_1_54' title='bbox 679 885 945 956; x_wconf 88' lang='lat' dir='ltr'>spiritum</span> <span class='ocrx_word' id='word_1_55' title='bbox 971 888 1274 958; x_wconf 84' lang='lat' dir='ltr'>explicare,</span> <span class='ocrx_word' id='word_1_56' title='bbox 1307 904 1419 960; x_wconf 88' lang='lat' dir='ltr'>quo</span> <span class='ocrx_word' id='word_1_57' title='bbox 1451 885 1554 939; x_wconf 85' lang='lat' dir='ltr'>sibi</span> <span class='ocrx_word' id='word_1_58' title='bbox 1577 903 1756 956; x_wconf 85' lang='lat' dir='ltr'>regna</span> <span class='ocrx_word' id='word_1_59' title='bbox 1777 886 2031 940; x_wconf 88' lang='lat' dir='ltr'>inaniter</span> 
     </span>
    </p>
   </div>
   <div class='ocr_carea' id='block_1_10' title="bbox 430 973 2029 1047">
    <p class='ocr_par' dir='ltr' id='par_1_10' title="bbox 430 973 2029 1047">
     <span class='ocr_line' id='line_1_10' title="bbox 430 973 2029 1047; baseline -0.001 -18"><span class='ocrx_word' id='word_1_60' title='bbox 430 973 743 1047; x_wconf 86' lang='lat' dir='ltr'>promittit.</span> <span class='ocrx_word' id='word_1_61' title='bbox 776 974 890 1028; x_wconf 82' lang='lat' dir='ltr'>Hoc</span> <span class='ocrx_word' id='word_1_62' title='bbox 919 977 1146 1028; x_wconf 82' lang='lat' dir='ltr'>tantum</span> <span class='ocrx_word' id='word_1_63' title='bbox 1178 990 1302 1041; x_wconf 93' lang='lat' dir='ltr'>oro,</span> <span class='ocrx_word' id='word_1_64' title='bbox 1329 991 1401 1028; x_wconf 91' lang='lat' dir='ltr'>ne</span> <span class='ocrx_word' id='word_1_65' title='bbox 1431 974 1488 1028; x_wconf 89' lang='lat' dir='ltr'>in</span> <span class='ocrx_word' id='word_1_66' title='bbox 1526 990 1618 1027; x_wconf 90' lang='lat' dir='ltr'>me</span> <span class='ocrx_word' id='word_1_67' title='bbox 1649 973 1932 1028; x_wconf 79' lang='lat' dir='ltr'>feminam</span> <span class='ocrx_word' id='word_1_68' title='bbox 1964 973 2029 1027; x_wconf 94' lang='lat' dir='ltr'>il-</span> 
     </span>
    </p>
   </div>
   <div class='ocr_carea' id='block_1_11' title="bbox 428 1061 1515 1130">
    <p class='ocr_par' dir='ltr' id='par_1_11' title="bbox 428 1061 1515 1130">
     <span class='ocr_line' id='line_1_11' title="bbox 428 1061 1515 1130; baseline -0.002 -12"><span class='ocrx_word' id='word_1_69' title='bbox 428 1064 660 1130; x_wconf 88' lang='lat' dir='ltr'>lidatur,</span> <span class='ocrx_word' id='word_1_70' title='bbox 686 1062 823 1117; x_wconf 92' lang='lat' dir='ltr'>dum</span> <span class='ocrx_word' id='word_1_71' title='bbox 856 1061 914 1116; x_wconf 91' lang='lat' dir='ltr'>in</span> <span class='ocrx_word' id='word_1_72' title='bbox 949 1079 1140 1117; x_wconf 88' lang='lat' dir='ltr'>mares</span> <span class='ocrx_word' id='word_1_73' title='bbox 1170 1063 1515 1117; x_wconf 88' lang='lat' dir='ltr'>retunditur.</span> 
     </span>
    </p>
   </div>
   <div class='ocr_carea' id='block_1_12' title="bbox 964 1159 1490 1216">
    <p class='ocr_par' dir='ltr' id='par_1_12' title="bbox 964 1159 1490 1216">
     <span class='ocr_line' id='line_1_12' title="bbox 964 1159 1490 1216; baseline 0.006 -3"><span class='ocrx_word' id='word_1_74' title='bbox 964 1159 1300 1215; x_wconf 83' lang='lat' dir='ltr'>EPISTOLA</span> <span class='ocrx_word' id='word_1_75' title='bbox 1345 1161 1490 1216; x_wconf 90' lang='lat' dir='ltr'>CXX.</span> 
     </span>
    </p>
   </div>
   <div class='ocr_carea' id='block_1_13' title="bbox 425 1263 2027 1319">
    <p class='ocr_par' dir='ltr' id='par_1_13' title="bbox 425 1263 2027 1319">
     <span class='ocr_line' id='line_1_13' title="bbox 425 1263 2027 1319; baseline -0.002 -12"><span class='ocrx_word' id='word_1_76' title='bbox 425 1265 667 1308; x_wconf 65' lang='lat' dir='ltr'>DOMINE</span> <span class='ocrx_word' id='word_1_77' title='bbox 696 1267 978 1308; x_wconf 69' lang='lat' dir='ltr'>AUGUSTE</span> <span class='ocrx_word' id='word_1_78' title='bbox 1017 1265 1446 1319; x_wconf 72' lang='lat' dir='ltr'>THEOPHANLE,</span> <span class='ocrx_word' id='word_1_79' title='bbox 1500 1263 1726 1308; x_wconf 81' lang='lat' dir='ltr'>NOMINE</span> <span class='ocrx_word' id='word_1_80' title='bbox 1764 1263 2027 1307; x_wconf 76' lang='lat' dir='ltr'>HUGONIS</span> 
     </span>
    </p>
   </div>
   <div class='ocr_carea' id='block_1_14' title="bbox 842 1351 1612 1394">
    <p class='ocr_par' dir='ltr' id='par_1_14' title="bbox 842 1351 1612 1394">
     <span class='ocr_line' id='line_1_14' title="bbox 842 1351 1612 1394; baseline -0.001 -1"><span class='ocrx_word' id='word_1_81' title='bbox 842 1353 1024 1394; x_wconf 77' lang='lat' dir='ltr'>REGIS.</span> <span class='ocrx_word' id='word_1_82' title='bbox 1053 1354 1108 1391; x_wconf 83' lang='lat' dir='ltr'>V.</span> <span class='ocrx_word' id='word_1_83' title='bbox 1146 1355 1183 1391; x_wconf 83' lang='grc' dir='ltr'><strong>ι.</strong></span> <span class='ocrx_word' id='word_1_84' title='bbox 1217 1355 1271 1393; x_wconf 87' lang='lat' dir='ltr'>D.</span> <span class='ocrx_word' id='word_1_85' title='bbox 1303 1351 1357 1392; x_wconf 73' lang='grc' dir='ltr'>Κ.</span> <span class='ocrx_word' id='word_1_86' title='bbox 1391 1354 1449 1393; x_wconf 78' lang='grc' dir='ltr'><strong>ν.</strong></span> <span class='ocrx_word' id='word_1_87' title='bbox 1479 1355 1533 1393; x_wconf 84' lang='grc' dir='ltr'>Α.</span> <span class='ocrx_word' id='word_1_88' title='bbox 1564 1356 1612 1392; x_wconf 86' lang='grc' dir='ltr'>Ζ.</span> 
     </span>
    </p>
   </div>
   <div class='ocr_carea' id='block_1_15' title="bbox 501 1425 2027 1486">
    <p class='ocr_par' dir='ltr' id='par_1_15' title="bbox 501 1425 2027 1486">
     <span class='ocr_line' id='line_1_15' title="bbox 501 1425 2027 1486; baseline -0.004 0"><span class='ocrx_word' id='word_1_89' title='bbox 501 1428 969 1486; x_wconf 87' lang='lat' dir='ltr'>Benevolentiam</span> <span class='ocrx_word' id='word_1_90' title='bbox 1020 1444 1085 1481; x_wconf 88' lang='lat' dir='ltr'>ac</span> <span class='ocrx_word' id='word_1_91' title='bbox 1128 1426 1528 1482; x_wconf 77' lang='lat' dir='ltr'>afl‘abilitatem</span> <span class='ocrx_word' id='word_1_92' title='bbox 1573 1429 1822 1481; x_wconf 88' lang='lat' dir='ltr'>vestram</span> <span class='ocrx_word' id='word_1_93' title='bbox 1874 1425 2027 1480; x_wconf 91' lang='lat' dir='ltr'>circa</span> 
     </span>
    </p>
   </div>
   <div class='ocr_carea' id='block_1_16' title="bbox 428 1515 2024 1586">
    <p class='ocr_par' dir='ltr' id='par_1_16' title="bbox 428 1515 2024 1586">
     <span class='ocr_line' id='line_1_16' title="bbox 428 1515 2024 1586; baseline -0.003 -12"><span class='ocrx_word' id='word_1_94' title='bbox 428 1535 535 1574; x_wconf 85' lang='lat' dir='ltr'>nos</span> <span class='ocrx_word' id='word_1_95' title='bbox 563 1519 897 1584; x_wconf 80' lang='lat' dir='ltr'>sentientes,</span> <span class='ocrx_word' id='word_1_96' title='bbox 932 1515 1156 1571; x_wconf 89' lang='lat' dir='ltr'>obsides</span> <span class='ocrx_word' id='word_1_97' title='bbox 1186 1533 1219 1569; x_wconf 90' lang='lat' dir='ltr'>a</span> <span class='ocrx_word' id='word_1_98' title='bbox 1241 1515 1443 1571; x_wconf 89' lang='lat' dir='ltr'>Carolo</span> <span class='ocrx_word' id='word_1_99' title='bbox 1476 1515 1757 1586; x_wconf 92' lang='lat' dir='ltr'>accipere,</span> <span class='ocrx_word' id='word_1_100' title='bbox 1787 1517 1845 1570; x_wconf 91' lang='lat' dir='ltr'>et</span> <span class='ocrx_word' id='word_1_101' title='bbox 1874 1515 2024 1570; x_wconf 89' lang='lat' dir='ltr'>obsi-</span> 
     </span>
    </p>
   </div>
   <div class='ocr_carea' id='block_1_17' title="bbox 428 1605 2026 1663">
    <p class='ocr_par' dir='ltr' id='par_1_17' title="bbox 428 1605 2026 1663">
     <span class='ocr_line' id='line_1_17' title="bbox 428 1605 2026 1663; baseline -0.004 0"><span class='ocrx_word' id='word_1_102' title='bbox 428 1609 662 1663; x_wconf 91' lang='lat' dir='ltr'>dionem</span> <span class='ocrx_word' id='word_1_103' title='bbox 696 1608 914 1661; x_wconf 88' lang='lat' dir='ltr'>solvere</span> <span class='ocrx_word' id='word_1_104' title='bbox 937 1605 1252 1660; x_wconf 91' lang='lat' dir='ltr'>secundum</span> <span class='ocrx_word' id='word_1_105' title='bbox 1267 1606 1623 1659; x_wconf 90' lang='lat' dir='ltr'>voluntatem</span> <span class='ocrx_word' id='word_1_106' title='bbox 1656 1607 1905 1658; x_wconf 78' lang='lat' dir='ltr'>vestram</span> <span class='ocrx_word' id='word_1_107' title='bbox 1930 1619 2026 1657; x_wconf 84' lang='lat' dir='ltr'>vo-</span> 
     </span>
    </p>
   </div>
   <div class='ocr_carea' id='block_1_18' title="bbox 427 1691 2030 1752">
    <p class='ocr_par' dir='ltr' id='par_1_18' title="bbox 427 1691 2030 1752">
     <span class='ocr_line' id='line_1_18' title="bbox 427 1691 2030 1752; baseline -0.005 0"><span class='ocrx_word' id='word_1_108' title='bbox 427 1697 640 1752; x_wconf 82' lang='lat' dir='ltr'>luimus</span> <span class='ocrx_word' id='word_1_109' title='bbox 685 1694 1022 1750; x_wconf 87' lang='lat' dir='ltr'>fidissimam</span> <span class='ocrx_word' id='word_1_110' title='bbox 1056 1693 1388 1748; x_wconf 89' lang='lat' dir='ltr'>societatem</span> <span class='ocrx_word' id='word_1_111' title='bbox 1420 1709 1483 1746; x_wconf 91' lang='lat' dir='ltr'>ac</span> <span class='ocrx_word' id='word_1_112' title='bbox 1528 1695 1790 1746; x_wconf 90' lang='lat' dir='ltr'>sanctam</span> <span class='ocrx_word' id='word_1_113' title='bbox 1836 1691 2030 1745; x_wconf 91' lang='lat' dir='ltr'>amici-</span> 
     </span>
    </p>
   </div>
   <div class='ocr_carea' id='block_1_19' title="bbox 427 1781 2026 1853">
    <p class='ocr_par' dir='ltr' id='par_1_19' title="bbox 427 1781 2026 1853">
     <span class='ocr_line' id='line_1_19' title="bbox 427 1781 2026 1853; baseline -0.004 -13"><span class='ocrx_word' id='word_1_114' title='bbox 427 1785 567 1840; x_wconf 86' lang='lat' dir='ltr'>tiam</span> <span class='ocrx_word' id='word_1_115' title='bbox 590 1799 928 1839; x_wconf 86' lang='lat' dir='ltr'>conservare</span> <span class='ocrx_word' id='word_1_116' title='bbox 961 1781 1274 1853; x_wconf 88' lang='lat' dir='ltr'>cupientes.</span> <span class='ocrx_word' id='word_1_117' title='bbox 1331 1783 1509 1835; x_wconf 88' lang='lat' dir='ltr'>Porro</span> <span class='ocrx_word' id='word_1_118' title='bbox 1542 1781 1632 1834; x_wconf 88' lang='lat' dir='ltr'>hic</span> <span class='ocrx_word' id='word_1_119' title='bbox 1679 1781 1913 1834; x_wconf 88' lang='lat' dir='ltr'>Carolus</span> <span class='ocrx_word' id='word_1_120' title='bbox 1948 1781 2026 1834; x_wconf 91' lang='lat' dir='ltr'>le-</span> 
     </span>
    </p>
   </div>
   <div class='ocr_carea' id='block_1_20' title="bbox 426 1847 2102 1946">
    <p class='ocr_par' dir='ltr' id='par_1_20' title="bbox 426 1847 2102 1946">
     <span class='ocr_line' id='line_1_20' title="bbox 426 1847 2102 1946; baseline -0.005 -17"><span class='ocrx_word' id='word_1_121' title='bbox 426 1878 590 1946; x_wconf 89' lang='lat' dir='ltr'>gatos</span> <span class='ocrx_word' id='word_1_122' title='bbox 622 1877 679 1928; x_wconf 92' lang='lat' dir='ltr'>et</span> <span class='ocrx_word' id='word_1_123' title='bbox 723 1872 1034 1944; x_wconf 89' lang='lat' dir='ltr'>imperium</span> <span class='ocrx_word' id='word_1_124' title='bbox 1063 1873 1312 1925; x_wconf 89' lang='lat' dir='ltr'>vestrum</span> <span class='ocrx_word' id='word_1_125' title='bbox 1346 1873 1753 1936; x_wconf 87' lang='lat' dir='ltr'>contemnens,</span> <span class='ocrx_word' id='word_1_126' title='bbox 1796 1885 1898 1922; x_wconf 89' lang='lat' dir='ltr'>nec</span> <span class='ocrx_word' id='word_1_127' title='bbox 1933 1886 2024 1922; x_wconf 92' lang='lat' dir='ltr'>su-</span> <span class='ocrx_word' id='word_1_128' title='bbox 2050 1847 2102 1906; x_wconf 83' lang='lat' dir='ltr'><strong>B</strong></span> 
     </span>
    </p>
   </div>
   <div class='ocr_carea' id='block_1_21' title="bbox 425 1958 2026 2034">
    <p class='ocr_par' dir='ltr' id='par_1_21' title="bbox 425 1958 2026 2034">
     <span class='ocr_line' id='line_1_21' title="bbox 425 1958 2026 2034; baseline -0.004 -16"><span class='ocrx_word' id='word_1_129' title='bbox 425 1979 530 2034; x_wconf 90' lang='lat' dir='ltr'>per</span> <span class='ocrx_word' id='word_1_130' title='bbox 559 1963 646 2016; x_wconf 91' lang='lat' dir='ltr'>his</span> <span class='ocrx_word' id='word_1_131' title='bbox 680 1959 1009 2032; x_wconf 86' lang='lat' dir='ltr'>acquiescit,</span> <span class='ocrx_word' id='word_1_132' title='bbox 1039 1975 1144 2013; x_wconf 88' lang='lat' dir='ltr'>nec</span> <span class='ocrx_word' id='word_1_133' title='bbox 1177 1958 1439 2028; x_wconf 82' lang='lat' dir='ltr'>reginam</span> <span class='ocrx_word' id='word_1_134' title='bbox 1481 1959 1776 2029; x_wconf 89' lang='lat' dir='ltr'>relinquit,</span> <span class='ocrx_word' id='word_1_135' title='bbox 1810 1974 1914 2012; x_wconf 90' lang='lat' dir='ltr'>nec</span> <span class='ocrx_word' id='word_1_136' title='bbox 1955 1958 2026 2011; x_wconf 92' lang='lat' dir='ltr'>ab</span> 
     </span>
    </p>
   </div>
   <div class='ocr_carea' id='block_1_22' title="bbox 425 2046 2026 2123">
    <p class='ocr_par' dir='ltr' id='par_1_22' title="bbox 425 2046 2026 2123">
     <span class='ocr_line' id='line_1_22' title="bbox 425 2046 2026 2123; baseline -0.005 -17"><span class='ocrx_word' id='word_1_137' title='bbox 425 2051 690 2123; x_wconf 90' lang='lat' dir='ltr'>episcopo</span> <span class='ocrx_word' id='word_1_138' title='bbox 723 2051 868 2103; x_wconf 91' lang='lat' dir='ltr'>ullos</span> <span class='ocrx_word' id='word_1_139' title='bbox 897 2047 1122 2102; x_wconf 83' lang='lat' dir='ltr'>obsides</span> <span class='ocrx_word' id='word_1_140' title='bbox 1150 2047 1370 2117; x_wconf 89' lang='lat' dir='ltr'>accipit.</span> <span class='ocrx_word' id='word_1_141' title='bbox 1402 2048 1469 2100; x_wconf 88' lang='lat' dir='ltr'>Et</span> <span class='ocrx_word' id='word_1_142' title='bbox 1490 2047 1579 2100; x_wconf 90' lang='lat' dir='ltr'>hic</span> <span class='ocrx_word' id='word_1_143' title='bbox 1611 2047 1846 2118; x_wconf 91' lang='lat' dir='ltr'>quidem</span> <span class='ocrx_word' id='word_1_144' title='bbox 1873 2046 2026 2100; x_wconf 85' lang='lat' dir='ltr'>vide-</span> 
     </span>
    </p>
   </div>
   <div class='ocr_carea' id='block_1_23' title="bbox 425 2133 2029 2210">
    <p class='ocr_par' dir='ltr' id='par_1_23' title="bbox 425 2133 2029 2210">
     <span class='ocr_line' id='line_1_23' title="bbox 425 2133 2029 2210; baseline -0.004 -17"><span class='ocrx_word' id='word_1_145' title='bbox 425 2139 501 2193; x_wconf 88' lang='lat' dir='ltr'>rit</span> <span class='ocrx_word' id='word_1_146' title='bbox 529 2137 667 2210; x_wconf 92' lang='lat' dir='ltr'>quid</span> <span class='ocrx_word' id='word_1_147' title='bbox 692 2153 793 2191; x_wconf 89' lang='lat' dir='ltr'>sua</span> <span class='ocrx_word' id='word_1_148' title='bbox 826 2135 930 2190; x_wconf 90' lang='lat' dir='ltr'>sibi</span> <span class='ocrx_word' id='word_1_149' title='bbox 963 2133 1502 2206; x_wconf 88' lang='lat' dir='ltr'>prositpertinacia.</span> <span class='ocrx_word' id='word_1_150' title='bbox 1528 2134 1788 2187; x_wconf 85' lang='lat' dir='ltr'>Vestram</span> <span class='ocrx_word' id='word_1_151' title='bbox 1833 2136 2029 2186; x_wconf 91' lang='lat' dir='ltr'>autem</span> 
     </span>
    </p>
   </div>
   <div class='ocr_carea' id='block_1_24' title="bbox 425 2221 2031 2292">
    <p class='ocr_par' dir='ltr' id='par_1_24' title="bbox 425 2221 2031 2292">
     <span class='ocr_line' id='line_1_24' title="bbox 425 2221 2031 2292; baseline -0.006 -10"><span class='ocrx_word' id='word_1_152' title='bbox 425 2226 737 2282; x_wconf 84' lang='lat' dir='ltr'>amicitiam</span> <span class='ocrx_word' id='word_1_153' title='bbox 779 2224 850 2279; x_wconf 93' lang='lat' dir='ltr'>ad</span> <span class='ocrx_word' id='word_1_154' title='bbox 898 2240 1004 2278; x_wconf 92' lang='lat' dir='ltr'>nos</span> <span class='ocrx_word' id='word_1_155' title='bbox 1046 2223 1103 2276; x_wconf 91' lang='lat' dir='ltr'>in</span> <span class='ocrx_word' id='word_1_156' title='bbox 1152 2226 1494 2292; x_wconf 89' lang='lat' dir='ltr'>perpetuum</span> <span class='ocrx_word' id='word_1_157' title='bbox 1551 2221 1900 2276; x_wconf 80' lang='lat' dir='ltr'>confirmare</span> <span class='ocrx_word' id='word_1_158' title='bbox 1931 2237 2031 2273; x_wconf 89' lang='lat' dir='ltr'>cu-</span> 
     </span>
    </p>
   </div>
   <div class='ocr_carea' id='block_1_25' title="bbox 423 2310 2032 2389">
    <p class='ocr_par' dir='ltr' id='par_1_25' title="bbox 423 2310 2032 2389">
     <span class='ocr_line' id='line_1_25' title="bbox 423 2310 2032 2389; baseline -0.005 -19"><span class='ocrx_word' id='word_1_159' title='bbox 423 2316 667 2389; x_wconf 88' lang='lat' dir='ltr'>pientes,</span> <span class='ocrx_word' id='word_1_160' title='bbox 700 2313 914 2368; x_wconf 89' lang='lat' dir='ltr'>sociam</span> <span class='ocrx_word' id='word_1_161' title='bbox 947 2330 1011 2367; x_wconf 90' lang='lat' dir='ltr'>ac</span> <span class='ocrx_word' id='word_1_162' title='bbox 1037 2311 1378 2383; x_wconf 88' lang='lat' dir='ltr'>participem</span> <span class='ocrx_word' id='word_1_163' title='bbox 1414 2311 1593 2364; x_wconf 90' lang='lat' dir='ltr'>nostri</span> <span class='ocrx_word' id='word_1_164' title='bbox 1633 2310 1802 2380; x_wconf 83' lang='lat' dir='ltr'>regni</span> <span class='ocrx_word' id='word_1_165' title='bbox 1835 2312 1902 2366; x_wconf 83' lang='lat' dir='ltr'>A.</span> <span class='ocrx_word' id='word_1_166' title='bbox 1937 2310 2032 2363; x_wconf 87' lang='lat' dir='ltr'>de-</span> 
     </span>
    </p>
   </div>
   <div class='ocr_carea' id='block_1_26' title="bbox 427 2397 2028 2459">
    <p class='ocr_par' dir='ltr' id='par_1_26' title="bbox 427 2397 2028 2459">
     <span class='ocr_line' id='line_1_26' title="bbox 427 2397 2028 2459; baseline -0.006 0"><span class='ocrx_word' id='word_1_167' title='bbox 427 2403 708 2459; x_wconf 86' lang='lat' dir='ltr'>crevimus</span> <span class='ocrx_word' id='word_1_168' title='bbox 738 2401 896 2456; x_wconf 92' lang='lat' dir='ltr'>vobis</span> <span class='ocrx_word' id='word_1_169' title='bbox 930 2415 1229 2455; x_wconf 87' lang='lat' dir='ltr'>occurrere</span> <span class='ocrx_word' id='word_1_170' title='bbox 1280 2398 1355 2452; x_wconf 89' lang='lat' dir='ltr'>ad</span> <span class='ocrx_word' id='word_1_171' title='bbox 1385 2398 1579 2452; x_wconf 90' lang='lat' dir='ltr'>villam</span> <span class='ocrx_word' id='word_1_172' title='bbox 1615 2397 1944 2452; x_wconf 88' lang='lat' dir='ltr'>Satanicum</span> <span class='ocrx_word' id='word_1_173' title='bbox 1976 2413 2028 2450; x_wconf 69' lang='grc' dir='ltr'><strong>χι</strong></span> 
     </span>
    </p>
   </div>
   <div class='ocr_carea' id='block_1_27' title="bbox 428 2487 2027 2562">
    <p class='ocr_par' dir='ltr' id='par_1_27' title="bbox 428 2487 2027 2562">
     <span class='ocr_line' id='line_1_27' title="bbox 428 2487 2027 2562; baseline -0.006 -15"><span class='ocrx_word' id='word_1_174' title='bbox 428 2494 552 2548; x_wconf 84' lang='lat' dir='ltr'>Kal.</span> <span class='ocrx_word' id='word_1_175' title='bbox 586 2491 720 2562; x_wconf 89' lang='lat' dir='ltr'>Sep,</span> <span class='ocrx_word' id='word_1_176' title='bbox 755 2491 833 2543; x_wconf 85' lang='lat' dir='ltr'>Ea</span> <span class='ocrx_word' id='word_1_177' title='bbox 864 2506 990 2560; x_wconf 68' lang='lat' dir='ltr'>quas</span> <span class='ocrx_word' id='word_1_178' title='bbox 1023 2490 1176 2542; x_wconf 85' lang='lat' dir='ltr'>inter</span> <span class='ocrx_word' id='word_1_179' title='bbox 1203 2504 1303 2540; x_wconf 88' lang='lat' dir='ltr'>vos</span> <span class='ocrx_word' id='word_1_180' title='bbox 1330 2487 1400 2540; x_wconf 92' lang='lat' dir='ltr'>de</span> <span class='ocrx_word' id='word_1_181' title='bbox 1428 2487 1582 2540; x_wconf 92' lang='lat' dir='ltr'>bono</span> <span class='ocrx_word' id='word_1_182' title='bbox 1616 2489 1868 2557; x_wconf 71' lang='lat' dir='ltr'>et&#39;mquo</span> <span class='ocrx_word' id='word_1_183' title='bbox 1899 2502 2027 2539; x_wconf 88' lang='lat' dir='ltr'>san-</span> 
     </span>
    </p>
   </div>
   <div class='ocr_carea' id='block_1_28' title="bbox 426 2573 2034 2646">
    <p class='ocr_par' dir='ltr' id='par_1_28' title="bbox 426 2573 2034 2646">
     <span class='ocr_line' id='line_1_28' title="bbox 426 2573 2034 2646; baseline -0.004 -11"><span class='ocrx_word' id='word_1_184' title='bbox 426 2580 643 2646; x_wconf 83' lang='lat' dir='ltr'>xeritis,</span> <span class='ocrx_word' id='word_1_185' title='bbox 693 2579 845 2632; x_wconf 83' lang='lat' dir='ltr'>inter</span> <span class='ocrx_word' id='word_1_186' title='bbox 887 2593 991 2632; x_wconf 89' lang='lat' dir='ltr'>nos</span> <span class='ocrx_word' id='word_1_187' title='bbox 1027 2593 1092 2630; x_wconf 90' lang='lat' dir='ltr'>ac</span> <span class='ocrx_word' id='word_1_188' title='bbox 1130 2575 1311 2629; x_wconf 87' lang='lat' dir='ltr'>filium</span> <span class='ocrx_word' id='word_1_189' title='bbox 1348 2578 1599 2628; x_wconf 89' lang='lat' dir='ltr'>vestrum</span> <span class='ocrx_word' id='word_1_190' title='bbox 1642 2573 1762 2628; x_wconf 82' lang='lat' dir='ltr'>sine</span> <span class='ocrx_word' id='word_1_191' title='bbox 1811 2574 1943 2628; x_wconf 92' lang='lat' dir='ltr'>dolo</span> <span class='ocrx_word' id='word_1_192' title='bbox 1977 2576 2034 2628; x_wconf 90' lang='lat' dir='ltr'>et</span> 
     </span>
    </p>
   </div>
   <div class='ocr_carea' id='block_1_29' title="bbox 429 2663 1539 2739">
    <p class='ocr_par' dir='ltr' id='par_1_29' title="bbox 429 2663 1539 2739">
     <span class='ocr_line' id='line_1_29' title="bbox 429 2663 1539 2739; baseline -0.005 -16"><span class='ocrx_word' id='word_1_193' title='bbox 429 2669 630 2724; x_wconf 82' lang='lat' dir='ltr'>fraude</span> <span class='ocrx_word' id='word_1_194' title='bbox 660 2667 719 2722; x_wconf 94' lang='lat' dir='ltr'>in</span> <span class='ocrx_word' id='word_1_195' title='bbox 752 2670 1098 2739; x_wconf 87' lang='lat' dir='ltr'>perpetuum</span> <span class='ocrx_word' id='word_1_196' title='bbox 1129 2663 1539 2720; x_wconf 86' lang='lat' dir='ltr'>conservaturi.</span> 
     </span>
    </p>
   </div>
   <div class='ocr_carea' id='block_1_30' title="bbox 953 2771 1506 2837">
    <p class='ocr_par' dir='ltr' id='par_1_30' title="bbox 953 2771 1506 2837">
     <span class='ocr_line' id='line_1_30' title="bbox 953 2771 1506 2837; baseline -0.007 -9"><span class='ocrx_word' id='word_1_197' title='bbox 953 2771 1290 2828; x_wconf 78' lang='lat' dir='ltr'>EPISTULA</span> <span class='ocrx_word' id='word_1_198' title='bbox 1339 2772 1506 2837; x_wconf 73' lang='lat' dir='ltr'>om,</span> 
     </span>
    </p>
   </div>
   <div class='ocr_carea' id='block_1_31' title="bbox 749 2874 1722 2918">
    <p class='ocr_par' dir='ltr' id='par_1_31' title="bbox 749 2874 1722 2918">
     <span class='ocr_line' id='line_1_31' title="bbox 749 2874 1722 2918; baseline -0.002 0"><span class='ocrx_word' id='word_1_199' title='bbox 749 2880 824 2918; x_wconf 74' lang='lat' dir='ltr'><strong>AD</strong></span> <span class='ocrx_word' id='word_1_200' title='bbox 855 2876 1284 2917; x_wconf 75' lang='lat' dir='ltr'>TREVERENSEM</span> <span class='ocrx_word' id='word_1_201' title='bbox 1313 2875 1369 2914; x_wconf 83' lang='lat' dir='ltr'>V.</span> <span class='ocrx_word' id='word_1_202' title='bbox 1403 2875 1460 2916; x_wconf 81' lang='grc' dir='ltr'><strong>ν.</strong></span> <span class='ocrx_word' id='word_1_203' title='bbox 1490 2877 1546 2912; x_wconf 91' lang='lat' dir='ltr'>D.</span> <span class='ocrx_word' id='word_1_204' title='bbox 1583 2876 1633 2913; x_wconf 81' lang='grc' dir='ltr'><strong>Κ.</strong></span> <span class='ocrx_word' id='word_1_205' title='bbox 1660 2874 1722 2916; x_wconf 85' lang='grc' dir='ltr'><strong>Α.</strong></span> 
     </span>
    </p>
   </div>
   <div class='ocr_carea' id='block_1_32' title="bbox 509 2945 2035 3021">
    <p class='ocr_par' dir='ltr' id='par_1_32' title="bbox 509 2945 2035 3021">
     <span class='ocr_line' id='line_1_32' title="bbox 509 2945 2035 3021; baseline -0.003 -14"><span class='ocrx_word' id='word_1_206' title='bbox 509 2951 642 3008; x_wconf 89' lang='lat' dir='ltr'>Vide</span> <span class='ocrx_word' id='word_1_207' title='bbox 669 2949 996 3021; x_wconf 58' lang='lat' dir='ltr'>Patrologia’</span> <span class='ocrx_word' id='word_1_208' title='bbox 1028 2957 1154 3004; x_wconf 90' lang='lat' dir='ltr'>tom.</span> <span class='ocrx_word' id='word_1_209' title='bbox 1189 2945 1536 3004; x_wconf 88' lang='lat' dir='ltr'>CXXXVII</span> <span class='ocrx_word' id='word_1_210' title='bbox 1584 2949 1638 3001; x_wconf 81' lang='lat' dir='ltr'>in</span> <span class='ocrx_word' id='word_1_211' title='bbox 1673 2949 2035 3002; x_wconf 70' lang='lat' dir='ltr'>ADALBERONE</span> 
     </span>
    </p>
   </div>
   <div class='ocr_carea' id='block_1_33' title="bbox 433 3041 989 3112">
    <p class='ocr_par' dir='ltr' id='par_1_33' title="bbox 433 3041 989 3112">
     <span class='ocr_line' id='line_1_33' title="bbox 433 3041 989 3112; baseline -0.005 -16"><span class='ocrx_word' id='word_1_212' title='bbox 433 3041 694 3109; x_wconf 74' lang='lat' dir='ltr'>RauENsx,</span> <span class='ocrx_word' id='word_1_213' title='bbox 726 3043 876 3112; x_wconf 82' lang='lat' dir='ltr'>epist.</span> <span class='ocrx_word' id='word_1_214' title='bbox 902 3042 989 3094; x_wconf 89' lang='lat'>38.</span> 
     </span>
    </p>
   </div>
   <div class='ocr_carea' id='block_1_34' title="bbox 965 3145 1525 3201">
    <p class='ocr_par' dir='ltr' id='par_1_34' title="bbox 965 3145 1525 3201">
     <span class='ocr_line' id='line_1_34' title="bbox 965 3145 1525 3201; baseline -0.004 -1"><span class='ocrx_word' id='word_1_215' title='bbox 965 3145 1300 3201; x_wconf 82' lang='lat' dir='ltr'>EPISTOLA</span> <span class='ocrx_word' id='word_1_216' title='bbox 1333 3145 1525 3200; x_wconf 81' lang='lat' dir='ltr'>CXXII.</span> 
     </span>
    </p>
   </div>
   <div class='ocr_carea' id='block_1_35' title="bbox 784 3248 2032 3291">
    <p class='ocr_par' dir='ltr' id='par_1_35' title="bbox 784 3248 2032 3291">
     <span class='ocr_line' id='line_1_35' title="bbox 784 3248 2032 3291; baseline -0.004 0"><span class='ocrx_word' id='word_1_217' title='bbox 784 3249 1278 3291; x_wconf 71' lang='lat' dir='ltr'>ARCHiEPISCOPUS</span> <span class='ocrx_word' id='word_1_218' title='bbox 1327 3249 1606 3290; x_wconf 78' lang='lat' dir='ltr'>REMENSIS</span> <span class='ocrx_word' id='word_1_219' title='bbox 1637 3250 1712 3287; x_wconf 75' lang='lat' dir='ltr'>AD</span> <span class='ocrx_word' id='word_1_220' title='bbox 1752 3248 2032 3287; x_wconf 74' lang='lat' dir='ltr'>CAROLUM</span> 
     </span>
    </p>
   </div>
   <div class='ocr_carea' id='block_1_36' title="bbox 1120 3340 1339 3380">
    <p class='ocr_par' dir='ltr' id='par_1_36' title="bbox 1120 3340 1339 3380">
     <span class='ocr_line' id='line_1_36' title="bbox 1120 3340 1339 3380; baseline 0 -2"><span class='ocrx_word' id='word_1_221' title='bbox 1120 3340 1339 3380; x_wconf 69' lang='lat' dir='ltr'>DUCBM.</span> 
     </span>
    </p>
   </div>
   <div class='ocr_carea' id='block_1_37' title="bbox 512 3415 1270 3488">
    <p class='ocr_par' dir='ltr' id='par_1_37' title="bbox 512 3415 1270 3488">
     <span class='ocr_line' id='line_1_37' title="bbox 512 3415 1270 3488; baseline -0.008 -14"><span class='ocrx_word' id='word_1_222' title='bbox 512 3418 644 3474; x_wconf 83' lang='lat' dir='ltr'>Vide</span> <span class='ocrx_word' id='word_1_223' title='bbox 670 3417 762 3472; x_wconf 82' lang='lat' dir='ltr'>ubi</span> <span class='ocrx_word' id='word_1_224' title='bbox 786 3433 964 3488; x_wconf 83' lang='lat' dir='ltr'>supra,</span> <span class='ocrx_word' id='word_1_225' title='bbox 998 3415 1147 3485; x_wconf 80' lang='lat' dir='ltr'>epist.</span> <span class='ocrx_word' id='word_1_226' title='bbox 1183 3415 1270 3468; x_wconf 85' lang='lat'>39.</span> 
     </span>
    </p>
   </div>
   <div class='ocr_carea' id='block_1_38' title="bbox 935 3520 1533 3578">
    <p class='ocr_par' dir='ltr' id='par_1_38' title="bbox 935 3520 1533 3578">
     <span class='ocr_line' id='line_1_38' title="bbox 935 3520 1533 3578; baseline -0.01 1"><span class='ocrx_word' id='word_1_227' title='bbox 935 3522 1271 3578; x_wconf 80' lang='lat' dir='ltr'>EPISTOLA</span> <span class='ocrx_word' id='word_1_228' title='bbox 1317 3520 1533 3575; x_wconf 82' lang='lat' dir='ltr'>CXXIII.</span> 
     </span>
    </p>
   </div>
   <div class='ocr_carea' id='block_1_39' title="bbox 466 3620 1998 3674">
    <p class='ocr_par' dir='ltr' id='par_1_39' title="bbox 466 3620 1998 3674">
     <span class='ocr_line' id='line_1_39' title="bbox 466 3620 1998 3674; baseline -0.01 0"><span class='ocrx_word' id='word_1_229' title='bbox 466 3634 542 3674; x_wconf 76' lang='lat' dir='ltr'>AD</span> <span class='ocrx_word' id='word_1_230' title='bbox 572 3629 962 3673; x_wconf 75' lang='lat' dir='ltr'>THIETMARUM</span> <span class='ocrx_word' id='word_1_231' title='bbox 1003 3627 1412 3666; x_wconf 75' lang='lat' dir='ltr'>MOGUNTINUM</span> <span class='ocrx_word' id='word_1_232' title='bbox 1452 3620 1998 3663; x_wconf 76' lang='lat' dir='ltr'>ARCHIEPISCOPUM.</span> 
     </span>
    </p>
   </div>
   <div class='ocr_carea' id='block_1_40' title="bbox 505 3690 2038 3766">
    <p class='ocr_par' dir='ltr' id='par_1_40' title="bbox 505 3690 2038 3766">
     <span class='ocr_line' id='line_1_40' title="bbox 505 3690 2038 3766; baseline -0.011 -4"><span class='ocrx_word' id='word_1_233' title='bbox 505 3707 724 3761; x_wconf 88' lang='lat' dir='ltr'>Labore</span> <span class='ocrx_word' id='word_1_234' title='bbox 755 3700 1068 3759; x_wconf 86' lang='lat' dir='ltr'>obsidionis</span> <span class='ocrx_word' id='word_1_235' title='bbox 1099 3700 1158 3753; x_wconf 92' lang='lat' dir='ltr'>in</span> <span class='ocrx_word' id='word_1_236' title='bbox 1192 3699 1463 3752; x_wconf 87' lang='lat' dir='ltr'>Carolum</span> <span class='ocrx_word' id='word_1_237' title='bbox 1489 3695 1856 3766; x_wconf 84' lang='lat' dir='ltr'>defatigatus,</span> <span class='ocrx_word' id='word_1_238' title='bbox 1887 3711 1952 3747; x_wconf 90' lang='lat' dir='ltr'>ac</span> <span class='ocrx_word' id='word_1_239' title='bbox 1985 3690 2038 3744; x_wconf 87' lang='lat' dir='ltr'>vi</span> 
     </span>
    </p>
   </div>
   <div class='ocr_carea' id='block_1_41' title="bbox 432 3783 2037 3864">
    <p class='ocr_par' dir='ltr' id='par_1_41' title="bbox 432 3783 2037 3864">
     <span class='ocr_line' id='line_1_41' title="bbox 432 3783 2037 3864; baseline -0.011 -12"><span class='ocrx_word' id='word_1_240' title='bbox 432 3795 682 3853; x_wconf 83' lang='lat' dir='ltr'>febrium</span> <span class='ocrx_word' id='word_1_241' title='bbox 733 3791 984 3864; x_wconf 84' lang='lat' dir='ltr'>graviter</span> <span class='ocrx_word' id='word_1_242' title='bbox 1029 3787 1375 3858; x_wconf 86' lang='lat' dir='ltr'>exagitatus,</span> <span class='ocrx_word' id='word_1_243' title='bbox 1427 3785 1716 3839; x_wconf 90' lang='lat' dir='ltr'>sincerum</span> <span class='ocrx_word' id='word_1_244' title='bbox 1767 3783 2037 3836; x_wconf 78' lang='lat' dir='ltr'>affectum</span> 
     </span>
    </p>
   </div>
   <div class='ocr_carea' id='block_1_42' title="bbox 434 3871 2036 3945">
    <p class='ocr_par' dir='ltr' id='par_1_42' title="bbox 434 3871 2036 3945">
     <span class='ocr_line' id='line_1_42' title="bbox 434 3871 2036 3945; baseline -0.011 -4"><span class='ocrx_word' id='word_1_245' title='bbox 434 3900 631 3940; x_wconf 89' lang='lat' dir='ltr'>meum</span> <span class='ocrx_word' id='word_1_246' title='bbox 662 3882 812 3936; x_wconf 90' lang='lat' dir='ltr'>circa</span> <span class='ocrx_word' id='word_1_247' title='bbox 842 3883 920 3945; x_wconf 87' lang='lat' dir='ltr'>te,</span> <span class='ocrx_word' id='word_1_248' title='bbox 974 3875 1304 3932; x_wconf 88' lang='lat' dir='ltr'>dulcissime</span> <span class='ocrx_word' id='word_1_249' title='bbox 1344 3875 1543 3939; x_wconf 87' lang='lat' dir='ltr'>frater,</span> <span class='ocrx_word' id='word_1_250' title='bbox 1589 3871 1874 3941; x_wconf 87' lang='lat' dir='ltr'>explicare</span> <span class='ocrx_word' id='word_1_251' title='bbox 1920 3886 2036 3924; x_wconf 90' lang='lat' dir='ltr'>non</span> 
     </span>
    </p>
   </div>
   <div class='ocr_carea' id='block_1_43' title="bbox 433 3960 2038 4032">
    <p class='ocr_par' dir='ltr' id='par_1_43' title="bbox 433 3960 2038 4032">
     <span class='ocr_line' id='line_1_43' title="bbox 433 3960 2038 4032; baseline -0.011 -3"><span class='ocrx_word' id='word_1_252' title='bbox 433 3974 572 4029; x_wconf 86' lang='lat' dir='ltr'>satis</span> <span class='ocrx_word' id='word_1_253' title='bbox 589 3971 770 4026; x_wconf 87' lang='lat' dir='ltr'>valeo.</span> <span class='ocrx_word' id='word_1_254' title='bbox 790 3969 907 4022; x_wconf 85' lang='lat' dir='ltr'>Hoc</span> <span class='ocrx_word' id='word_1_255' title='bbox 935 3968 1164 4019; x_wconf 88' lang='lat' dir='ltr'>tantum</span> <span class='ocrx_word' id='word_1_256' title='bbox 1185 3962 1468 4032; x_wconf 87' lang='lat' dir='ltr'>significo,</span> <span class='ocrx_word' id='word_1_257' title='bbox 1492 3961 1738 4031; x_wconf 90' lang='lat' dir='ltr'>impera,</span> <span class='ocrx_word' id='word_1_258' title='bbox 1763 3960 2038 4030; x_wconf 87' lang='lat' dir='ltr'>obseque-</span> 
     </span>
    </p>
   </div>
   <div class='ocr_carea' id='block_1_44' title="bbox 436 4049 2038 4127">
    <p class='ocr_par' dir='ltr' id='par_1_44' title="bbox 436 4049 2038 4127">
     <span class='ocr_line' id='line_1_44' title="bbox 436 4049 2038 4127; baseline -0.008 -12"><span class='ocrx_word' id='word_1_259' title='bbox 436 4076 590 4126; x_wconf 89' lang='lat' dir='ltr'>mur,</span> <span class='ocrx_word' id='word_1_260' title='bbox 625 4058 811 4127; x_wconf 90' lang='lat' dir='ltr'>sitque</span> <span class='ocrx_word' id='word_1_261' title='bbox 843 4056 1040 4108; x_wconf 87' lang='lat' dir='ltr'>nostra</span> <span class='ocrx_word' id='word_1_262' title='bbox 1071 4049 1326 4105; x_wconf 88' lang='lat' dir='ltr'>amicitia</span> <span class='ocrx_word' id='word_1_263' title='bbox 1347 4049 1552 4103; x_wconf 91' lang='lat' dir='ltr'>eadem</span> <span class='ocrx_word' id='word_1_264' title='bbox 1586 4049 1727 4103; x_wconf 90' lang='lat' dir='ltr'>velle</span> <span class='ocrx_word' id='word_1_265' title='bbox 1751 4051 1921 4119; x_wconf 91' lang='lat' dir='ltr'>atque</span> <span class='ocrx_word' id='word_1_266' title='bbox 1949 4064 2038 4102; x_wconf 89' lang='lat' dir='ltr'>ea-</span> 
     </span>
    </p>
   </div>
   <div class='ocr_carea' id='block_1_45' title="bbox 437 4139 2038 4212">
    <p class='ocr_par' dir='ltr' id='par_1_45' title="bbox 437 4139 2038 4212">
     <span class='ocr_line' id='line_1_45' title="bbox 437 4139 2038 4212; baseline -0.007 -9"><span class='ocrx_word' id='word_1_267' title='bbox 437 4149 570 4204; x_wconf 89' lang='lat' dir='ltr'>dem</span> <span class='ocrx_word' id='word_1_268' title='bbox 602 4146 776 4200; x_wconf 89' lang='lat' dir='ltr'>nolle.</span> <span class='ocrx_word' id='word_1_269' title='bbox 838 4143 906 4196; x_wconf 90' lang='lat' dir='ltr'>Et</span> <span class='ocrx_word' id='word_1_270' title='bbox 967 4141 1101 4212; x_wconf 91' lang='lat' dir='ltr'>quia</span> <span class='ocrx_word' id='word_1_271' title='bbox 1144 4139 1294 4192; x_wconf 89' lang='lat' dir='ltr'>inter</span> <span class='ocrx_word' id='word_1_272' title='bbox 1332 4154 1532 4208; x_wconf 86' lang='lat' dir='ltr'>graves</span> <span class='ocrx_word' id='word_1_273' title='bbox 1561 4141 1729 4192; x_wconf 64' lang='lat' dir='ltr'>aestus</span> <span class='ocrx_word' id='word_1_274' title='bbox 1771 4153 2038 4191; x_wconf 90' lang='lat' dir='ltr'>curarum</span> 
     </span>
    </p>
   </div>
   <div class='ocr_carea' id='block_1_46' title="bbox 440 4225 2036 4304">
    <p class='ocr_par' dir='ltr' id='par_1_46' title="bbox 440 4225 2036 4304">
     <span class='ocr_line' id='line_1_46' title="bbox 440 4225 2036 4304; baseline -0.007 -13"><span class='ocrx_word' id='word_1_275' title='bbox 440 4237 562 4291; x_wconf 88' lang='lat' dir='ltr'>sola</span> <span class='ocrx_word' id='word_1_276' title='bbox 591 4230 958 4304; x_wconf 84' lang='lat' dir='ltr'>philosophia</span> <span class='ocrx_word' id='word_1_277' title='bbox 988 4226 1149 4300; x_wconf 90' lang='lat' dir='ltr'>quasi</span> <span class='ocrx_word' id='word_1_278' title='bbox 1209 4226 1501 4298; x_wconf 88' lang='lat' dir='ltr'>quoddam</span> <span class='ocrx_word' id='word_1_279' title='bbox 1546 4225 1870 4280; x_wconf 90' lang='lat' dir='ltr'>remedium</span> <span class='ocrx_word' id='word_1_280' title='bbox 1917 4241 2036 4281; x_wconf 90' lang='lat' dir='ltr'>esse</span> 
     </span>
    </p>
   </div>
   <div class='ocr_carea' id='block_1_47' title="bbox 439 4314 2040 4398">
    <p class='ocr_par' dir='ltr' id='par_1_47' title="bbox 439 4314 2040 4398">
     <span class='ocr_line' id='line_1_47' title="bbox 439 4314 2040 4398; baseline -0.006 -20"><span class='ocrx_word' id='word_1_281' title='bbox 439 4324 650 4398; x_wconf 90' lang='lat' dir='ltr'>potest,</span> <span class='ocrx_word' id='word_1_282' title='bbox 700 4319 1026 4390; x_wconf 88' lang='lat' dir='ltr'>ubicunque</span> <span class='ocrx_word' id='word_1_283' title='bbox 1058 4318 1250 4388; x_wconf 89' lang='lat' dir='ltr'>partes</span> <span class='ocrx_word' id='word_1_284' title='bbox 1283 4315 1406 4384; x_wconf 89' lang='lat' dir='ltr'>ejus</span> <span class='ocrx_word' id='word_1_285' title='bbox 1446 4314 1813 4386; x_wconf 89' lang='lat' dir='ltr'>imperfectas</span> <span class='ocrx_word' id='word_1_286' title='bbox 1867 4315 2040 4368; x_wconf 86' lang='lat' dir='ltr'>babe-</span> 
     </span>
    </p>
   </div>
   <div class='ocr_carea' id='block_1_48' title="bbox 431 3253 735 3294">
    <p class='ocr_par' dir='ltr' id='par_1_48' title="bbox 431 3253 735 3294">
     <span class='ocr_line' id='line_1_48' title="bbox 431 3253 735 3294; baseline 0 0"><span class='ocrx_word' id='word_1_287' title='bbox 431 3253 735 3294; x_wconf 70' lang='lat' dir='ltr'>ADALBERO</span> 
     </span>
    </p>
   </div>
   <div class='ocr_carea' id='block_1_49' title="bbox 2126 617 3740 692">
    <p class='ocr_par' dir='ltr' id='par_1_49' title="bbox 2126 617 3740 692">
     <span class='ocr_line' id='line_1_49' title="bbox 2126 617 3740 692; baseline -0.002 -16"><span class='ocrx_word' id='word_1_288' title='bbox 2126 626 2362 688; x_wconf 87' lang='lat' dir='ltr'>stamus,</span> <span class='ocrx_word' id='word_1_289' title='bbox 2387 638 2449 676; x_wconf 92' lang='lat' dir='ltr'>ac</span> <span class='ocrx_word' id='word_1_290' title='bbox 2476 619 2692 692; x_wconf 84' lang='lat' dir='ltr'>prOpiis</span> <span class='ocrx_word' id='word_1_291' title='bbox 2721 620 3041 692; x_wconf 89' lang='lat' dir='ltr'>sumptibus</span> <span class='ocrx_word' id='word_1_292' title='bbox 3063 618 3345 674; x_wconf 86' lang='lat' dir='ltr'>fabricam</span> <span class='ocrx_word' id='word_1_293' title='bbox 3367 617 3513 672; x_wconf 89' lang='lat' dir='ltr'>tanti</span> <span class='ocrx_word' id='word_1_294' title='bbox 3546 618 3740 690; x_wconf 89' lang='lat' dir='ltr'>operis</span> 
     </span>
    </p>
   </div>
   <div class='ocr_carea' id='block_1_50' title="bbox 2129 708 3748 779">
    <p class='ocr_par' dir='ltr' id='par_1_50' title="bbox 2129 708 3748 779">
     <span class='ocr_line' id='line_1_50' title="bbox 2129 708 3748 779; baseline -0.002 -16"><span class='ocrx_word' id='word_1_295' title='bbox 2129 710 2288 763; x_wconf 90' lang='lat' dir='ltr'>novis</span> <span class='ocrx_word' id='word_1_296' title='bbox 2320 709 2630 763; x_wconf 88' lang='lat' dir='ltr'>artificibus</span> <span class='ocrx_word' id='word_1_297' title='bbox 2663 708 3025 779; x_wconf 89' lang='lat' dir='ltr'>insignimus,</span> <span class='ocrx_word' id='word_1_298' title='bbox 3072 724 3142 761; x_wconf 93' lang='lat' dir='ltr'>ne</span> <span class='ocrx_word' id='word_1_299' title='bbox 3175 709 3362 760; x_wconf 87' lang='lat' dir='ltr'>vestro</span> <span class='ocrx_word' id='word_1_300' title='bbox 3393 709 3748 776; x_wconf 88' lang='lat' dir='ltr'>superventu</span> 
     </span>
    </p>
   </div>
   <div class='ocr_carea' id='block_1_51' title="bbox 2129 793 3741 867">
    <p class='ocr_par' dir='ltr' id='par_1_51' title="bbox 2129 793 3741 867">
     <span class='ocr_line' id='line_1_51' title="bbox 2129 793 3741 867; baseline -0.002 -16"><span class='ocrx_word' id='word_1_301' title='bbox 2129 799 2198 851; x_wconf 90' lang='lat' dir='ltr'>ad</span> <span class='ocrx_word' id='word_1_302' title='bbox 2215 798 2544 852; x_wconf 90' lang='lat' dir='ltr'>suburbana</span> <span class='ocrx_word' id='word_1_303' title='bbox 2577 813 2857 867; x_wconf 90' lang='lat' dir='ltr'>cogamur</span> <span class='ocrx_word' id='word_1_304' title='bbox 2871 795 3199 866; x_wconf 86' lang='lat' dir='ltr'>demigrare</span> <span class='ocrx_word' id='word_1_305' title='bbox 3217 793 3594 848; x_wconf 87' lang='lat' dir='ltr'>cubilia.Huic</span> <span class='ocrx_word' id='word_1_306' title='bbox 3613 797 3741 848; x_wconf 86' lang='lat' dir='ltr'>tam</span> 
     </span>
    </p>
   </div>
   <div class='ocr_carea' id='block_1_52' title="bbox 2129 881 3746 956">
    <p class='ocr_par' dir='ltr' id='par_1_52' title="bbox 2129 881 3746 956">
     <span class='ocr_line' id='line_1_52' title="bbox 2129 881 3746 956; baseline -0.002 -17"><span class='ocrx_word' id='word_1_307' title='bbox 2129 885 2353 956; x_wconf 89' lang='lat' dir='ltr'>ingenti</span> <span class='ocrx_word' id='word_1_308' title='bbox 2371 884 2605 954; x_wconf 90' lang='lat' dir='ltr'>negotio</span> <span class='ocrx_word' id='word_1_309' title='bbox 2619 885 2803 938; x_wconf 90' lang='lat' dir='ltr'>adhuc</span> <span class='ocrx_word' id='word_1_310' title='bbox 2822 884 3048 937; x_wconf 90' lang='lat' dir='ltr'>dierum</span> <span class='ocrx_word' id='word_1_311' title='bbox 3075 887 3132 937; x_wconf 77' lang='lat'>15</span> <span class='ocrx_word' id='word_1_312' title='bbox 3152 882 3401 954; x_wconf 90' lang='lat' dir='ltr'>spatium</span> <span class='ocrx_word' id='word_1_313' title='bbox 3423 881 3746 947; x_wconf 89' lang='lat' dir='ltr'>attribuite,</span> 
     </span>
    </p>
   </div>
   <div class='ocr_carea' id='block_1_53' title="bbox 2129 970 3751 1045">
    <p class='ocr_par' dir='ltr' id='par_1_53' title="bbox 2129 970 3751 1045">
     <span class='ocr_line' id='line_1_53' title="bbox 2129 970 3751 1045; baseline -0.002 -17"><span class='ocrx_word' id='word_1_314' title='bbox 2129 979 2494 1045; x_wconf 88' lang='lat' dir='ltr'>vestrumque</span> <span class='ocrx_word' id='word_1_315' title='bbox 2509 973 2883 1027; x_wconf 89' lang='lat' dir='ltr'>architectum</span> <span class='ocrx_word' id='word_1_316' title='bbox 2909 971 3282 1038; x_wconf 85' lang='lat' dir='ltr'>A.remittite,</span> <span class='ocrx_word' id='word_1_317' title='bbox 3299 970 3395 1042; x_wconf 91' lang='lat' dir='ltr'>qui</span> <span class='ocrx_word' id='word_1_318' title='bbox 3409 973 3597 1042; x_wconf 69' lang='lat' dir='ltr'>empta</span> <span class='ocrx_word' id='word_1_319' title='bbox 3614 986 3751 1042; x_wconf 90' lang='lat' dir='ltr'>per-</span> 
     </span>
    </p>
   </div>
   <div class='ocr_carea' id='block_1_54' title="bbox 2129 1057 3749 1132">
    <p class='ocr_par' dir='ltr' id='par_1_54' title="bbox 2129 1057 3749 1132">
     <span class='ocr_line' id='line_1_54' title="bbox 2129 1057 3749 1132; baseline -0.002 -16"><span class='ocrx_word' id='word_1_320' title='bbox 2129 1062 2279 1116; x_wconf 88' lang='lat' dir='ltr'>ficiat</span> <span class='ocrx_word' id='word_1_321' title='bbox 2300 1079 2417 1116; x_wconf 92' lang='lat' dir='ltr'>non</span> <span class='ocrx_word' id='word_1_322' title='bbox 2448 1061 2593 1115; x_wconf 86' lang='lat' dir='ltr'>meis</span> <span class='ocrx_word' id='word_1_323' title='bbox 2642 1060 3182 1132; x_wconf 90' lang='lat' dir='ltr'>sumptibus,sicque</span> <span class='ocrx_word' id='word_1_324' title='bbox 3211 1075 3313 1113; x_wconf 90' lang='lat' dir='ltr'>nos</span> <span class='ocrx_word' id='word_1_325' title='bbox 3371 1058 3444 1113; x_wconf 90' lang='lat' dir='ltr'>ad</span> <span class='ocrx_word' id='word_1_326' title='bbox 3470 1057 3749 1128; x_wconf 88' lang='lat' dir='ltr'>perstrin-</span> 
     </span>
    </p>
   </div>
   <div class='ocr_carea' id='block_1_55' title="bbox 2130 1146 3746 1223">
    <p class='ocr_par' dir='ltr' id='par_1_55' title="bbox 2130 1146 3746 1223">
     <span class='ocr_line' id='line_1_55' title="bbox 2130 1146 3746 1223; baseline -0.002 -19"><span class='ocrx_word' id='word_1_327' title='bbox 2130 1151 2378 1223; x_wconf 89' lang='lat' dir='ltr'>gendam</span> <span class='ocrx_word' id='word_1_328' title='bbox 2406 1151 2522 1216; x_wconf 85' lang='lat' dir='ltr'>[al.,</span> <span class='ocrx_word' id='word_1_329' title='bbox 2544 1149 3043 1222; x_wconf 84' lang='lat' dir='ltr'>perfringendam]</span> <span class='ocrx_word' id='word_1_330' title='bbox 3061 1164 3253 1202; x_wconf 90' lang='lat' dir='ltr'>arcem</span> <span class='ocrx_word' id='word_1_331' title='bbox 3273 1151 3656 1219; x_wconf 89' lang='lat' dir='ltr'>montemque</span> <span class='ocrx_word' id='word_1_332' title='bbox 3672 1146 3746 1201; x_wconf 89' lang='lat' dir='ltr'>ab</span> 
     </span>
    </p>
   </div>
   <div class='ocr_carea' id='block_1_56' title="bbox 2129 1233 3752 1309">
    <p class='ocr_par' dir='ltr' id='par_1_56' title="bbox 2129 1233 3752 1309">
     <span class='ocr_line' id='line_1_56' title="bbox 2129 1233 3752 1309; baseline -0.002 -17"><span class='ocrx_word' id='word_1_333' title='bbox 2129 1239 2264 1309; x_wconf 89' lang='lat' dir='ltr'>ipsis</span> <span class='ocrx_word' id='word_1_334' title='bbox 2294 1238 2581 1293; x_wconf 89' lang='lat' dir='ltr'>radicibus</span> <span class='ocrx_word' id='word_1_335' title='bbox 2610 1237 3050 1293; x_wconf 89' lang='lat' dir='ltr'>convellendum</span> <span class='ocrx_word' id='word_1_336' title='bbox 3082 1253 3213 1290; x_wconf 91' lang='lat' dir='ltr'>cum</span> <span class='ocrx_word' id='word_1_337' title='bbox 3239 1236 3374 1292; x_wconf 90' lang='lat' dir='ltr'>totis</span> <span class='ocrx_word' id='word_1_338' title='bbox 3403 1233 3658 1307; x_wconf 90' lang='lat' dir='ltr'>copiis,si</span> <span class='ocrx_word' id='word_1_339' title='bbox 3681 1250 3752 1289; x_wconf 89' lang='lat' dir='ltr'>ea</span> 
     </span>
    </p>
   </div>
   <div class='ocr_carea' id='block_1_57' title="bbox 2128 1327 3205 1400">
    <p class='ocr_par' dir='ltr' id='par_1_57' title="bbox 2128 1327 3205 1400">
     <span class='ocr_line' id='line_1_57' title="bbox 2128 1327 3205 1400; baseline -0.001 -19"><span class='ocrx_word' id='word_1_340' title='bbox 2128 1328 2386 1400; x_wconf 82' lang='lat' dir='ltr'>voluptas</span> <span class='ocrx_word' id='word_1_341' title='bbox 2412 1327 2470 1382; x_wconf 92' lang='lat' dir='ltr'>in</span> <span class='ocrx_word' id='word_1_342' title='bbox 2504 1327 2701 1382; x_wconf 91' lang='lat' dir='ltr'>animo</span> <span class='ocrx_word' id='word_1_343' title='bbox 2724 1328 2828 1392; x_wconf 90' lang='lat' dir='ltr'>est,</span> <span class='ocrx_word' id='word_1_344' title='bbox 2859 1328 3205 1396; x_wconf 86' lang='lat' dir='ltr'>exspectate.</span> 
     </span>
    </p>
   </div>
   <div class='ocr_carea' id='block_1_58' title="bbox 2641 1430 3204 1487">
    <p class='ocr_par' dir='ltr' id='par_1_58' title="bbox 2641 1430 3204 1487">
     <span class='ocr_line' id='line_1_58' title="bbox 2641 1430 3204 1487; baseline -0.007 -1"><span class='ocrx_word' id='word_1_345' title='bbox 2641 1431 2974 1487; x_wconf 83' lang='lat' dir='ltr'>EPISTOLA</span> <span class='ocrx_word' id='word_1_346' title='bbox 3014 1430 3204 1486; x_wconf 86' lang='lat' dir='ltr'>CXXV.</span> 
     </span>
    </p>
   </div>
   <div class='ocr_carea' id='block_1_59' title="bbox 2797 1535 3075 1575">
    <p class='ocr_par' dir='ltr' id='par_1_59' title="bbox 2797 1535 3075 1575">
     <span class='ocr_line' id='line_1_59' title="bbox 2797 1535 3075 1575; baseline -0.004 -1"><span class='ocrx_word' id='word_1_347' title='bbox 2797 1535 3075 1575; x_wconf 79' lang='lat' dir='ltr'>INCERTO.</span> 
     </span>
    </p>
   </div>
   <div class='ocr_carea' id='block_1_60' title="bbox 2200 1605 3752 1677">
    <p class='ocr_par' dir='ltr' id='par_1_60' title="bbox 2200 1605 3752 1677">
     <span class='ocr_line' id='line_1_60' title="bbox 2200 1605 3752 1677; baseline -0.004 -13"><span class='ocrx_word' id='word_1_348' title='bbox 2200 1609 2340 1664; x_wconf 92' lang='lat' dir='ltr'>Cum</span> <span class='ocrx_word' id='word_1_349' title='bbox 2356 1611 2565 1664; x_wconf 88' lang='lat' dir='ltr'>multos</span> <span class='ocrx_word' id='word_1_350' title='bbox 2586 1609 2750 1664; x_wconf 88' lang='lat' dir='ltr'>nobis</span> <span class='ocrx_word' id='word_1_351' title='bbox 2770 1613 2977 1664; x_wconf 90' lang='lat' dir='ltr'>natura</span> <span class='ocrx_word' id='word_1_352' title='bbox 3007 1605 3752 1677; x_wconf 84' lang='lat' dir='ltr'>affinitatejungat,multos</span> 
     </span>
    </p>
   </div>
   <div class='ocr_carea' id='block_1_61' title="bbox 2129 1693 3748 1764">
    <p class='ocr_par' dir='ltr' id='par_1_61' title="bbox 2129 1693 3748 1764">
     <span class='ocr_line' id='line_1_61' title="bbox 2129 1693 3748 1764; baseline -0.004 -12"><span class='ocrx_word' id='word_1_353' title='bbox 2129 1697 2452 1761; x_wconf 74' lang='lat' dir='ltr'>affectione,</span> <span class='ocrx_word' id='word_1_354' title='bbox 2479 1698 2686 1752; x_wconf 88' lang='lat' dir='ltr'>nullius</span> <span class='ocrx_word' id='word_1_355' title='bbox 2703 1696 2970 1751; x_wconf 79' lang='lat' dir='ltr'>amicitiae</span> <span class='ocrx_word' id='word_1_356' title='bbox 2987 1695 3204 1750; x_wconf 89' lang='lat' dir='ltr'>fructus</span> <span class='ocrx_word' id='word_1_357' title='bbox 3217 1693 3443 1749; x_wconf 89' lang='lat' dir='ltr'>suavior</span> <span class='ocrx_word' id='word_1_358' title='bbox 3463 1695 3548 1748; x_wconf 89' lang='lat' dir='ltr'>est</span> <span class='ocrx_word' id='word_1_359' title='bbox 3565 1709 3748 1764; x_wconf 89' lang='lat' dir='ltr'>quam</span> 
     </span>
    </p>
   </div>
   <div class='ocr_carea' id='block_1_62' title="bbox 2129 1781 3747 1857">
    <p class='ocr_par' dir='ltr' id='par_1_62' title="bbox 2129 1781 3747 1857">
     <span class='ocr_line' id='line_1_62' title="bbox 2129 1781 3747 1857; baseline -0.004 -17"><span class='ocrx_word' id='word_1_360' title='bbox 2129 1786 2175 1840; x_wconf 91' lang='lat' dir='ltr'>is</span> <span class='ocrx_word' id='word_1_361' title='bbox 2189 1787 2282 1857; x_wconf 92' lang='lat' dir='ltr'>qui</span> <span class='ocrx_word' id='word_1_362' title='bbox 2301 1786 2682 1840; x_wconf 87' lang='lat' dir='ltr'>fundamento</span> <span class='ocrx_word' id='word_1_363' title='bbox 2715 1785 2916 1839; x_wconf 88' lang='lat' dir='ltr'>nititur</span> <span class='ocrx_word' id='word_1_364' title='bbox 2941 1782 3255 1839; x_wconf 88' lang='lat' dir='ltr'>charitatis.</span> <span class='ocrx_word' id='word_1_365' title='bbox 3281 1783 3423 1836; x_wconf 90' lang='lat' dir='ltr'>Nam</span> <span class='ocrx_word' id='word_1_366' title='bbox 3451 1781 3619 1852; x_wconf 88' lang='lat' dir='ltr'>cujus</span> <span class='ocrx_word' id='word_1_367' title='bbox 3641 1781 3747 1835; x_wconf 81' lang='lat' dir='ltr'>ob-</span> 
     </span>
    </p>
   </div>
   <div class='ocr_carea' id='block_1_63' title="bbox 2129 1869 3749 1946">
    <p class='ocr_par' dir='ltr' id='par_1_63' title="bbox 2129 1869 3749 1946">
     <span class='ocr_line' id='line_1_63' title="bbox 2129 1869 3749 1946; baseline -0.004 -18"><span class='ocrx_word' id='word_1_368' title='bbox 2129 1874 2325 1946; x_wconf 86' lang='lat' dir='ltr'>sequia</span> <span class='ocrx_word' id='word_1_369' title='bbox 2357 1874 2668 1945; x_wconf 89' lang='lat' dir='ltr'>aliquando</span> <span class='ocrx_word' id='word_1_370' title='bbox 2714 1875 2994 1927; x_wconf 90' lang='lat' dir='ltr'>sensimus</span> <span class='ocrx_word' id='word_1_371' title='bbox 3027 1876 3124 1928; x_wconf 87' lang='lat' dir='ltr'>aut</span> <span class='ocrx_word' id='word_1_372' title='bbox 3155 1870 3514 1942; x_wconf 85' lang='lat' dir='ltr'>elegantiora</span> <span class='ocrx_word' id='word_1_373' title='bbox 3544 1869 3749 1923; x_wconf 82' lang='lat' dir='ltr'>vestris</span> 
     </span>
    </p>
   </div>
   <div class='ocr_carea' id='block_1_64' title="bbox 2129 1957 3752 2033">
    <p class='ocr_par' dir='ltr' id='par_1_64' title="bbox 2129 1957 3752 2033">
     <span class='ocr_line' id='line_1_64' title="bbox 2129 1957 3752 2033; baseline -0.003 -16"><span class='ocrx_word' id='word_1_374' title='bbox 2129 1966 2226 2017; x_wconf 88' lang='lat' dir='ltr'>aut</span> <span class='ocrx_word' id='word_1_375' title='bbox 2246 1963 2629 2033; x_wconf 88' lang='lat' dir='ltr'>jucundiora?</span> <span class='ocrx_word' id='word_1_376' title='bbox 2650 1961 2907 2032; x_wconf 90' lang='lat' dir='ltr'>Denique</span> <span class='ocrx_word' id='word_1_377' title='bbox 2922 1961 2976 2014; x_wconf 91' lang='lat' dir='ltr'>in</span> <span class='ocrx_word' id='word_1_378' title='bbox 2998 1963 3161 2015; x_wconf 88' lang='lat' dir='ltr'>tanta</span> <span class='ocrx_word' id='word_1_379' title='bbox 3185 1957 3625 2031; x_wconf 88' lang='lat' dir='ltr'>perturbatione</span> <span class='ocrx_word' id='word_1_380' title='bbox 3644 1973 3752 2012; x_wconf 87' lang='lat' dir='ltr'>no-</span> 
     </span>
    </p>
   </div>
   <div class='ocr_carea' id='block_1_65' title="bbox 2130 2045 3754 2121">
    <p class='ocr_par' dir='ltr' id='par_1_65' title="bbox 2130 2045 3754 2121">
     <span class='ocr_line' id='line_1_65' title="bbox 2130 2045 3754 2121; baseline -0.004 -16"><span class='ocrx_word' id='word_1_381' title='bbox 2130 2055 2258 2106; x_wconf 64' lang='lat' dir='ltr'>stra:</span> <span class='ocrx_word' id='word_1_382' title='bbox 2273 2051 2633 2120; x_wconf 89' lang='lat' dir='ltr'>reipub.cum</span> <span class='ocrx_word' id='word_1_383' title='bbox 2650 2050 2953 2121; x_wconf 84' lang='lat' dir='ltr'>perfidiam</span> <span class='ocrx_word' id='word_1_384' title='bbox 2975 2048 3221 2102; x_wconf 90' lang='lat' dir='ltr'>militum</span> <span class='ocrx_word' id='word_1_385' title='bbox 3247 2047 3471 2101; x_wconf 88' lang='lat' dir='ltr'>assidue</span> <span class='ocrx_word' id='word_1_386' title='bbox 3491 2045 3754 2118; x_wconf 90' lang='lat' dir='ltr'>patimur</span> 
     </span>
    </p>
   </div>
   <div class='ocr_carea' id='block_1_66' title="bbox 2129 2136 3750 2206">
    <p class='ocr_par' dir='ltr' id='par_1_66' title="bbox 2129 2136 3750 2206">
     <span class='ocr_line' id='line_1_66' title="bbox 2129 2136 3750 2206; baseline -0.004 -13"><span class='ocrx_word' id='word_1_387' title='bbox 2129 2139 2358 2194; x_wconf 89' lang='lat' dir='ltr'>assiduo</span> <span class='ocrx_word' id='word_1_388' title='bbox 2387 2140 2582 2193; x_wconf 89' lang='lat' dir='ltr'>oculos</span> <span class='ocrx_word' id='word_1_389' title='bbox 2612 2138 2684 2193; x_wconf 91' lang='lat' dir='ltr'>ad</span> <span class='ocrx_word' id='word_1_390' title='bbox 2714 2155 2811 2192; x_wconf 93' lang='lat' dir='ltr'>vos</span> <span class='ocrx_word' id='word_1_391' title='bbox 2839 2136 3258 2202; x_wconf 91' lang='lat' dir='ltr'>reducimus,ut</span> <span class='ocrx_word' id='word_1_392' title='bbox 3287 2151 3418 2206; x_wconf 88' lang='lat' dir='ltr'>spes</span> <span class='ocrx_word' id='word_1_393' title='bbox 3448 2138 3607 2188; x_wconf 88' lang='lat' dir='ltr'>certa</span> <span class='ocrx_word' id='word_1_394' title='bbox 3638 2136 3750 2199; x_wconf 86' lang='lat' dir='ltr'>est,</span> 
     </span>
    </p>
   </div>
   <div class='ocr_carea' id='block_1_67' title="bbox 2130 2223 3755 2296">
    <p class='ocr_par' dir='ltr' id='par_1_67' title="bbox 2130 2223 3755 2296">
     <span class='ocr_line' id='line_1_67' title="bbox 2130 2223 3755 2296; baseline -0.006 -13"><span class='ocrx_word' id='word_1_395' title='bbox 2130 2246 2250 2283; x_wconf 89' lang='lat' dir='ltr'>non</span> <span class='ocrx_word' id='word_1_396' title='bbox 2285 2229 2498 2282; x_wconf 82' lang='lat' dir='ltr'>frustra</span> <span class='ocrx_word' id='word_1_397' title='bbox 2519 2227 2786 2282; x_wconf 89' lang='lat' dir='ltr'>solatium</span> <span class='ocrx_word' id='word_1_398' title='bbox 2837 2225 3095 2280; x_wconf 85' lang='lat' dir='ltr'>relaturi.</span> <span class='ocrx_word' id='word_1_399' title='bbox 3131 2226 3198 2278; x_wconf 88' lang='lat' dir='ltr'>Et</span> <span class='ocrx_word' id='word_1_400' title='bbox 3228 2223 3504 2296; x_wconf 84' lang='lat' dir='ltr'>quoniam</span> <span class='ocrx_word' id='word_1_401' title='bbox 3557 2239 3664 2278; x_wconf 88' lang='lat' dir='ltr'>vos</span> <span class='ocrx_word' id='word_1_402' title='bbox 3694 2225 3755 2276; x_wconf 91' lang='lat' dir='ltr'>et</span> 
     </span>
    </p>
   </div>
   <div class='ocr_carea' id='block_1_68' title="bbox 2131 2310 3754 2388">
    <p class='ocr_par' dir='ltr' id='par_1_68' title="bbox 2131 2310 3754 2388">
     <span class='ocr_line' id='line_1_68' title="bbox 2131 2310 3754 2388; baseline -0.004 -18"><span class='ocrx_word' id='word_1_403' title='bbox 2131 2316 2352 2388; x_wconf 89' lang='lat' dir='ltr'>gravari</span> <span class='ocrx_word' id='word_1_404' title='bbox 2381 2314 2954 2386; x_wconf 87' lang='lat' dir='ltr'>etdefaligarinisiin</span> <span class='ocrx_word' id='word_1_405' title='bbox 2984 2329 3214 2368; x_wconf 89' lang='lat' dir='ltr'>summa</span> <span class='ocrx_word' id='word_1_406' title='bbox 3233 2328 3428 2366; x_wconf 89' lang='lat' dir='ltr'>rerum</span> <span class='ocrx_word' id='word_1_407' title='bbox 3442 2310 3754 2365; x_wconf 85' lang='lat' dir='ltr'>necessitu-</span> 
     </span>
    </p>
   </div>
   <div class='ocr_carea' id='block_1_69' title="bbox 2131 2399 3754 2472">
    <p class='ocr_par' dir='ltr' id='par_1_69' title="bbox 2131 2399 3754 2472">
     <span class='ocr_line' id='line_1_69' title="bbox 2131 2399 3754 2472; baseline -0.005 -12"><span class='ocrx_word' id='word_1_408' title='bbox 2131 2405 2264 2460; x_wconf 89' lang='lat' dir='ltr'>dine</span> <span class='ocrx_word' id='word_1_409' title='bbox 2280 2407 2565 2470; x_wconf 86' lang='lat' dir='ltr'>nolumus,</span> <span class='ocrx_word' id='word_1_410' title='bbox 2599 2405 2656 2457; x_wconf 88' lang='grc' dir='ltr'><strong>Ζ.</strong></span> <span class='ocrx_word' id='word_1_411' title='bbox 2690 2405 2747 2457; x_wconf 93' lang='grc' dir='ltr'>Ζ.</span> <span class='ocrx_word' id='word_1_412' title='bbox 2781 2403 2846 2467; x_wconf 85' lang='lat' dir='ltr'>Q.</span> <span class='ocrx_word' id='word_1_413' title='bbox 2874 2405 2944 2457; x_wconf 85' lang='grc' dir='ltr'><strong>Μ.</strong></span> <span class='ocrx_word' id='word_1_414' title='bbox 2976 2403 3036 2455; x_wconf 89' lang='grc' dir='ltr'>Β.</span> <span class='ocrx_word' id='word_1_415' title='bbox 3077 2405 3134 2456; x_wconf 88' lang='lat' dir='ltr'>et</span> <span class='ocrx_word' id='word_1_416' title='bbox 3163 2401 3241 2456; x_wconf 90' lang='lat' dir='ltr'>sic</span> <span class='ocrx_word' id='word_1_417' title='bbox 3264 2399 3754 2472; x_wconf 87' lang='lat' dir='ltr'>judicatisquem-</span> 
     </span>
    </p>
   </div>
   <div class='ocr_carea' id='block_1_70' title="bbox 2130 2487 3748 2555">
    <p class='ocr_par' dir='ltr' id='par_1_70' title="bbox 2130 2487 3748 2555">
     <span class='ocr_line' id='line_1_70' title="bbox 2130 2487 3748 2555; baseline -0.005 -7"><span class='ocrx_word' id='word_1_418' title='bbox 2130 2494 2211 2548; x_wconf 91' lang='lat' dir='ltr'>vis</span> <span class='ocrx_word' id='word_1_419' title='bbox 2232 2493 2407 2548; x_wconf 90' lang='lat' dir='ltr'>alium</span> <span class='ocrx_word' id='word_1_420' title='bbox 2439 2495 2666 2547; x_wconf 90' lang='lat' dir='ltr'>tantum</span> <span class='ocrx_word' id='word_1_421' title='bbox 2699 2508 2829 2546; x_wconf 92' lang='lat' dir='ltr'>cum</span> <span class='ocrx_word' id='word_1_422' title='bbox 2855 2491 3104 2545; x_wconf 92' lang='lat' dir='ltr'>militum</span> <span class='ocrx_word' id='word_1_423' title='bbox 3135 2489 3366 2555; x_wconf 89' lang='lat' dir='ltr'>robore,</span> <span class='ocrx_word' id='word_1_424' title='bbox 3399 2487 3656 2542; x_wconf 89' lang='lat' dir='ltr'>subsidio</span> <span class='ocrx_word' id='word_1_425' title='bbox 3690 2489 3748 2541; x_wconf 91' lang='lat' dir='ltr'>et</span> 
     </span>
    </p>
   </div>
   <div class='ocr_carea' id='block_1_71' title="bbox 2134 2575 3750 2646">
    <p class='ocr_par' dir='ltr' id='par_1_71' title="bbox 2134 2575 3750 2646">
     <span class='ocr_line' id='line_1_71' title="bbox 2134 2575 3750 2646; baseline -0.005 -10"><span class='ocrx_word' id='word_1_426' title='bbox 2134 2583 2194 2638; x_wconf 89' lang='lat' dir='ltr'>V.</span> <span class='ocrx_word' id='word_1_427' title='bbox 2231 2582 2294 2646; x_wconf 83' lang='grc' dir='ltr'>Ο.</span> <span class='ocrx_word' id='word_1_428' title='bbox 2331 2582 2394 2637; x_wconf 95' lang='grc' dir='ltr'>Ο.</span> <span class='ocrx_word' id='word_1_429' title='bbox 2417 2582 2482 2635; x_wconf 89' lang='lat' dir='ltr'>V.</span> <span class='ocrx_word' id='word_1_430' title='bbox 2520 2583 2578 2639; x_wconf 86' lang='grc' dir='ltr'>Ε.</span> <span class='ocrx_word' id='word_1_431' title='bbox 2612 2582 2673 2635; x_wconf 89' lang='grc' dir='ltr'>Χ.</span> <span class='ocrx_word' id='word_1_432' title='bbox 2704 2599 2740 2635; x_wconf 86' lang='grc' dir='ltr'>ιι</span> <span class='ocrx_word' id='word_1_433' title='bbox 2782 2581 2904 2634; x_wconf 86' lang='lat' dir='ltr'>Kal.</span> <span class='ocrx_word' id='word_1_434' title='bbox 2939 2579 3060 2635; x_wconf 92' lang='lat' dir='ltr'>Oct.</span> <span class='ocrx_word' id='word_1_435' title='bbox 3117 2581 3181 2632; x_wconf 90' lang='lat' dir='ltr'>ut</span> <span class='ocrx_word' id='word_1_436' title='bbox 3205 2581 3262 2632; x_wconf 90' lang='lat' dir='ltr'>et</span> <span class='ocrx_word' id='word_1_437' title='bbox 3297 2576 3479 2632; x_wconf 86' lang='lat' dir='ltr'>nostri</span> <span class='ocrx_word' id='word_1_438' title='bbox 3523 2575 3750 2646; x_wconf 67' lang='lat' dir='ltr'>refugae</span> 
     </span>
    </p>
   </div>
   <div class='ocr_carea' id='block_1_72' title="bbox 2133 2665 3754 2743">
    <p class='ocr_par' dir='ltr' id='par_1_72' title="bbox 2133 2665 3754 2743">
     <span class='ocr_line' id='line_1_72' title="bbox 2133 2665 3754 2743; baseline -0.004 -18"><span class='ocrx_word' id='word_1_439' title='bbox 2133 2671 2421 2743; x_wconf 90' lang='lat' dir='ltr'>perterriti</span> <span class='ocrx_word' id='word_1_440' title='bbox 2454 2671 2716 2738; x_wconf 89' lang='lat' dir='ltr'>redeant,</span> <span class='ocrx_word' id='word_1_441' title='bbox 2739 2672 2797 2724; x_wconf 92' lang='lat' dir='ltr'>et</span> <span class='ocrx_word' id='word_1_442' title='bbox 2813 2670 3003 2724; x_wconf 86' lang='lat' dir='ltr'>hostes</span> <span class='ocrx_word' id='word_1_443' title='bbox 3036 2666 3195 2722; x_wconf 89' lang='lat' dir='ltr'>novis</span> <span class='ocrx_word' id='word_1_444' title='bbox 3215 2682 3280 2722; x_wconf 91' lang='lat' dir='ltr'>ac</span> <span class='ocrx_word' id='word_1_445' title='bbox 3310 2665 3620 2737; x_wconf 88' lang='lat' dir='ltr'>insperatis</span> <span class='ocrx_word' id='word_1_446' title='bbox 3654 2680 3754 2719; x_wconf 89' lang='lat' dir='ltr'>co-</span> 
     </span>
    </p>
   </div>
   <div class='ocr_carea' id='block_1_73' title="bbox 2137 2760 2655 2831">
    <p class='ocr_par' dir='ltr' id='par_1_73' title="bbox 2137 2760 2655 2831">
     <span class='ocr_line' id='line_1_73' title="bbox 2137 2760 2655 2831; baseline 0.002 -18"><span class='ocrx_word' id='word_1_447' title='bbox 2137 2760 2244 2831; x_wconf 89' lang='lat' dir='ltr'>piis</span> <span class='ocrx_word' id='word_1_448' title='bbox 2274 2760 2655 2815; x_wconf 89' lang='lat' dir='ltr'>intabescant.</span> 
     </span>
    </p>
   </div>
   <div class='ocr_carea' id='block_1_74' title="bbox 2642 2863 3230 2922">
    <p class='ocr_par' dir='ltr' id='par_1_74' title="bbox 2642 2863 3230 2922">
     <span class='ocr_line' id='line_1_74' title="bbox 2642 2863 3230 2922; baseline -0.01 0"><span class='ocrx_word' id='word_1_449' title='bbox 2642 2865 2976 2922; x_wconf 85' lang='lat' dir='ltr'>EPISTOLA</span> <span class='ocrx_word' id='word_1_450' title='bbox 3016 2863 3230 2920; x_wconf 82' lang='lat' dir='ltr'>CXXVI.</span> 
     </span>
    </p>
   </div>
   <div class='ocr_carea' id='block_1_75' title="bbox 2800 2971 3074 3011">
    <p class='ocr_par' dir='ltr' id='par_1_75' title="bbox 2800 2971 3074 3011">
     <span class='ocr_line' id='line_1_75' title="bbox 2800 2971 3074 3011; baseline 0.011 -3"><span class='ocrx_word' id='word_1_451' title='bbox 2800 2971 3074 3011; x_wconf 80' lang='lat' dir='ltr'>INCERTO.</span> 
     </span>
    </p>
   </div>
   <div class='ocr_carea' id='block_1_76' title="bbox 2209 3035 3758 3113">
    <p class='ocr_par' dir='ltr' id='par_1_76' title="bbox 2209 3035 3758 3113">
     <span class='ocr_line' id='line_1_76' title="bbox 2209 3035 3758 3113; baseline -0.006 -10"><span class='ocrx_word' id='word_1_452' title='bbox 2209 3047 2350 3113; x_wconf 88' lang='lat' dir='ltr'>Quia</span> <span class='ocrx_word' id='word_1_453' title='bbox 2376 3063 2571 3102; x_wconf 89' lang='lat' dir='ltr'>aversa</span> <span class='ocrx_word' id='word_1_454' title='bbox 2589 3044 2912 3100; x_wconf 90' lang='lat' dir='ltr'>valetudine</span> <span class='ocrx_word' id='word_1_455' title='bbox 2943 3037 3178 3097; x_wconf 90' lang='lat' dir='ltr'>revelati</span> <span class='ocrx_word' id='word_1_456' title='bbox 3203 3036 3358 3110; x_wconf 88' lang='lat' dir='ltr'>estis,</span> <span class='ocrx_word' id='word_1_457' title='bbox 3391 3054 3510 3094; x_wconf 89' lang='lat' dir='ltr'>non</span> <span class='ocrx_word' id='word_1_458' title='bbox 3542 3035 3758 3094; x_wconf 85' lang='lat' dir='ltr'>imme-</span> 
     </span>
    </p>
   </div>
   <div class='ocr_carea' id='block_1_77' title="bbox 2067 3126 3757 3207">
    <p class='ocr_par' dir='ltr' id='par_1_77' title="bbox 2067 3126 3757 3207">
     <span class='ocr_line' id='line_1_77' title="bbox 2067 3126 3757 3207; baseline -0.006 -18"><span class='ocrx_word' id='word_1_459' title='bbox 2067 3129 2114 3189; x_wconf 91' lang='lat' dir='ltr'>C</span> <span class='ocrx_word' id='word_1_460' title='bbox 2147 3136 2259 3193; x_wconf 89' lang='lat' dir='ltr'>rito</span> <span class='ocrx_word' id='word_1_461' title='bbox 2287 3138 2526 3207; x_wconf 89' lang='lat' dir='ltr'>longum</span> <span class='ocrx_word' id='word_1_462' title='bbox 2576 3149 2886 3189; x_wconf 82' lang='lat' dir='ltr'>maerorem</span> <span class='ocrx_word' id='word_1_463' title='bbox 2908 3130 3073 3186; x_wconf 89' lang='lat' dir='ltr'>nobis</span> <span class='ocrx_word' id='word_1_464' title='bbox 3100 3126 3394 3184; x_wconf 90' lang='lat' dir='ltr'>diminuis.</span> <span class='ocrx_word' id='word_1_465' title='bbox 3422 3127 3757 3182; x_wconf 90' lang='lat' dir='ltr'>Gaudemus</span> 
     </span>
    </p>
   </div>
   <div class='ocr_carea' id='block_1_78' title="bbox 2138 3215 3756 3299">
    <p class='ocr_par' dir='ltr' id='par_1_78' title="bbox 2138 3215 3756 3299">
     <span class='ocr_line' id='line_1_78' title="bbox 2138 3215 3756 3299; baseline -0.009 -17"><span class='ocrx_word' id='word_1_466' title='bbox 2138 3227 2350 3299; x_wconf 88' lang='lat' dir='ltr'>quippe</span> <span class='ocrx_word' id='word_1_467' title='bbox 2403 3226 2449 3280; x_wconf 89' lang='lat' dir='ltr'>si</span> <span class='ocrx_word' id='word_1_468' title='bbox 2501 3223 2781 3296; x_wconf 87' lang='lat' dir='ltr'>gaudetis,</span> <span class='ocrx_word' id='word_1_469' title='bbox 2836 3221 3134 3274; x_wconf 87' lang='lat' dir='ltr'>tristamur</span> <span class='ocrx_word' id='word_1_470' title='bbox 3176 3217 3220 3272; x_wconf 92' lang='lat' dir='ltr'>si</span> <span class='ocrx_word' id='word_1_471' title='bbox 3270 3215 3608 3271; x_wconf 88' lang='lat' dir='ltr'>tristamini.</span> <span class='ocrx_word' id='word_1_472' title='bbox 3665 3215 3756 3270; x_wconf 91' lang='lat' dir='ltr'>Sic</span> 
     </span>
    </p>
   </div>
   <div class='ocr_carea' id='block_1_79' title="bbox 2138 3307 3757 3369">
    <p class='ocr_par' dir='ltr' id='par_1_79' title="bbox 2138 3307 3757 3369">
     <span class='ocr_line' id='line_1_79' title="bbox 2138 3307 3757 3369; baseline -0.007 0"><span class='ocrx_word' id='word_1_473' title='bbox 2138 3316 2334 3369; x_wconf 85' lang='lat' dir='ltr'>sancta</span> <span class='ocrx_word' id='word_1_474' title='bbox 2354 3314 2592 3368; x_wconf 90' lang='lat' dir='ltr'>societas</span> <span class='ocrx_word' id='word_1_475' title='bbox 2618 3327 2797 3365; x_wconf 91' lang='lat' dir='ltr'>unum</span> <span class='ocrx_word' id='word_1_476' title='bbox 2830 3314 2887 3363; x_wconf 93' lang='lat' dir='ltr'>et</span> <span class='ocrx_word' id='word_1_477' title='bbox 2916 3309 3069 3362; x_wconf 91' lang='lat' dir='ltr'>idem</span> <span class='ocrx_word' id='word_1_478' title='bbox 3096 3307 3349 3362; x_wconf 88' lang='lat' dir='ltr'>sentiens</span> <span class='ocrx_word' id='word_1_479' title='bbox 3378 3321 3516 3358; x_wconf 91' lang='lat' dir='ltr'>man</span> <span class='ocrx_word' id='word_1_480' title='bbox 3531 3307 3624 3359; x_wconf 92' lang='lat' dir='ltr'>et:</span> <span class='ocrx_word' id='word_1_481' title='bbox 3649 3320 3757 3358; x_wconf 89' lang='lat' dir='ltr'>nec</span> 
     </span>
    </p>
   </div>
   <div class='ocr_carea' id='block_1_80' title="bbox 2139 3390 3758 3459">
    <p class='ocr_par' dir='ltr' id='par_1_80' title="bbox 2139 3390 3758 3459">
     <span class='ocr_line' id='line_1_80' title="bbox 2139 3390 3758 3459; baseline -0.009 0"><span class='ocrx_word' id='word_1_482' title='bbox 2139 3421 2244 3459; x_wconf 89' lang='lat' dir='ltr'>nos</span> <span class='ocrx_word' id='word_1_483' title='bbox 2268 3402 2615 3457; x_wconf 93' lang='lat' dir='ltr'>solidulcem</span> <span class='ocrx_word' id='word_1_484' title='bbox 2667 3399 2934 3453; x_wconf 81' lang='lat' dir='ltr'>affectum</span> <span class='ocrx_word' id='word_1_485' title='bbox 2966 3399 3222 3450; x_wconf 87' lang='lat' dir='ltr'>vestrum</span> <span class='ocrx_word' id='word_1_486' title='bbox 3254 3393 3404 3449; x_wconf 90' lang='lat' dir='ltr'>circa</span> <span class='ocrx_word' id='word_1_487' title='bbox 3434 3409 3542 3448; x_wconf 90' lang='lat' dir='ltr'>nos</span> <span class='ocrx_word' id='word_1_488' title='bbox 3573 3390 3758 3447; x_wconf 88' lang='lat' dir='ltr'>senti-</span> 
     </span>
    </p>
   </div>
   <div class='ocr_carea' id='block_1_81' title="bbox 2140 3481 3757 3558">
    <p class='ocr_par' dir='ltr' id='par_1_81' title="bbox 2140 3481 3757 3558">
     <span class='ocr_line' id='line_1_81' title="bbox 2140 3481 3757 3558; baseline -0.007 -11"><span class='ocrx_word' id='word_1_489' title='bbox 2140 3509 2286 3558; x_wconf 91' lang='lat' dir='ltr'>mus,</span> <span class='ocrx_word' id='word_1_490' title='bbox 2321 3491 2579 3545; x_wconf 88' lang='lat' dir='ltr'>sentiunt</span> <span class='ocrx_word' id='word_1_491' title='bbox 2608 3491 2665 3542; x_wconf 91' lang='lat' dir='ltr'>et</span> <span class='ocrx_word' id='word_1_492' title='bbox 2708 3486 2786 3541; x_wconf 93' lang='lat' dir='ltr'>illi</span> <span class='ocrx_word' id='word_1_493' title='bbox 2811 3485 2908 3558; x_wconf 91' lang='lat' dir='ltr'>qui</span> <span class='ocrx_word' id='word_1_494' title='bbox 2941 3483 3282 3538; x_wconf 88' lang='lat' dir='ltr'>admirabile</span> <span class='ocrx_word' id='word_1_495' title='bbox 3314 3499 3458 3554; x_wconf 91' lang='lat' dir='ltr'>opus</span> <span class='ocrx_word' id='word_1_496' title='bbox 3507 3481 3700 3536; x_wconf 91' lang='lat' dir='ltr'>crucis</span> <span class='ocrx_word' id='word_1_497' title='bbox 3724 3497 3757 3535; x_wconf 87' lang='lat' dir='ltr'>a</span> 
     </span>
    </p>
   </div>
   <div class='ocr_carea' id='block_1_82' title="bbox 2137 3571 3758 3640">
    <p class='ocr_par' dir='ltr' id='par_1_82' title="bbox 2137 3571 3758 3640">
     <span class='ocr_line' id='line_1_82' title="bbox 2137 3571 3758 3640; baseline -0.008 -5"><span class='ocrx_word' id='word_1_498' title='bbox 2137 3580 2299 3635; x_wconf 86' lang='lat' dir='ltr'>vobis</span> <span class='ocrx_word' id='word_1_499' title='bbox 2330 3582 2528 3633; x_wconf 87' lang='lat' dir='ltr'>nostro</span> <span class='ocrx_word' id='word_1_500' title='bbox 2579 3575 2800 3631; x_wconf 90' lang='lat' dir='ltr'>nomini</span> <span class='ocrx_word' id='word_1_501' title='bbox 2849 3575 3155 3628; x_wconf 70' lang='lat' dir='ltr'>elaborata:</span> <span class='ocrx_word' id='word_1_502' title='bbox 3189 3587 3303 3626; x_wconf 91' lang='lat' dir='ltr'>non</span> <span class='ocrx_word' id='word_1_503' title='bbox 3356 3571 3478 3624; x_wconf 92' lang='lat' dir='ltr'>sine</span> <span class='ocrx_word' id='word_1_504' title='bbox 3537 3585 3758 3640; x_wconf 86' lang='lat' dir='ltr'>magna</span> 
     </span>
    </p>
   </div>
   <div class='ocr_carea' id='block_1_83' title="bbox 2141 3657 3756 3734">
    <p class='ocr_par' dir='ltr' id='par_1_83' title="bbox 2141 3657 3756 3734">
     <span class='ocr_line' id='line_1_83' title="bbox 2141 3657 3756 3734; baseline -0.007 -11"><span class='ocrx_word' id='word_1_505' title='bbox 2141 3668 2521 3723; x_wconf 90' lang='lat' dir='ltr'>oblectatione</span> <span class='ocrx_word' id='word_1_506' title='bbox 2554 3663 2932 3734; x_wconf 90' lang='lat' dir='ltr'>conspiciunt,</span> <span class='ocrx_word' id='word_1_507' title='bbox 2963 3661 3020 3714; x_wconf 89' lang='lat' dir='ltr'>iu</span> <span class='ocrx_word' id='word_1_508' title='bbox 3057 3677 3169 3732; x_wconf 92' lang='lat' dir='ltr'>quo</span> <span class='ocrx_word' id='word_1_509' title='bbox 3219 3659 3426 3732; x_wconf 89' lang='lat' dir='ltr'>pignus</span> <span class='ocrx_word' id='word_1_510' title='bbox 3481 3657 3756 3712; x_wconf 69' lang='lat' dir='ltr'>amicitias</span> 
     </span>
    </p>
   </div>
   <div class='ocr_carea' id='block_1_84' title="bbox 2141 3751 2938 3810">
    <p class='ocr_par' dir='ltr' id='par_1_84' title="bbox 2141 3751 2938 3810">
     <span class='ocr_line' id='line_1_84' title="bbox 2141 3751 2938 3810; baseline -0.008 0"><span class='ocrx_word' id='word_1_511' title='bbox 2141 3755 2526 3810; x_wconf 63' lang='lat' dir='ltr'>aeternitatem</span> <span class='ocrx_word' id='word_1_512' title='bbox 2558 3751 2659 3807; x_wconf 89' lang='lat' dir='ltr'>sibi</span> <span class='ocrx_word' id='word_1_513' title='bbox 2692 3751 2938 3805; x_wconf 74' lang='lat' dir='ltr'>affectat.</span> 
     </span>
    </p>
   </div>
   <div class='ocr_carea' id='block_1_85' title="bbox 2633 3861 3244 3920">
    <p class='ocr_par' dir='ltr' id='par_1_85' title="bbox 2633 3861 3244 3920">
     <span class='ocr_line' id='line_1_85' title="bbox 2633 3861 3244 3920; baseline -0.005 0"><span class='ocrx_word' id='word_1_514' title='bbox 2633 3863 2970 3920; x_wconf 79' lang='lat' dir='ltr'>EPISTOLA</span> <span class='ocrx_word' id='word_1_515' title='bbox 3009 3861 3244 3918; x_wconf 87' lang='lat' dir='ltr'>CXXVII.</span> 
     </span>
    </p>
   </div>
   <div class='ocr_carea' id='block_1_86' title="bbox 2804 3969 3080 4008">
    <p class='ocr_par' dir='ltr' id='par_1_86' title="bbox 2804 3969 3080 4008">
     <span class='ocr_line' id='line_1_86' title="bbox 2804 3969 3080 4008; baseline 0 0"><span class='ocrx_word' id='word_1_516' title='bbox 2804 3969 3080 4008; x_wconf 67' lang='lat' dir='ltr'>INCERTO.</span> 
     </span>
    </p>
   </div>
   <div class='ocr_carea' id='block_1_87' title="bbox 2206 4038 3752 4115">
    <p class='ocr_par' dir='ltr' id='par_1_87' title="bbox 2206 4038 3752 4115">
     <span class='ocr_line' id='line_1_87' title="bbox 2206 4038 3752 4115; baseline -0.006 -10"><span class='ocrx_word' id='word_1_517' title='bbox 2206 4048 2490 4113; x_wconf 84' lang='lat' dir='ltr'>Molimur,</span> <span class='ocrx_word' id='word_1_518' title='bbox 2521 4060 2822 4111; x_wconf 87' lang='lat' dir='ltr'>conamur,</span> <span class='ocrx_word' id='word_1_519' title='bbox 2848 4040 3000 4115; x_wconf 87' lang='lat' dir='ltr'>quod</span> <span class='ocrx_word' id='word_1_520' title='bbox 3033 4041 3293 4096; x_wconf 89' lang='lat' dir='ltr'>volumus</span> <span class='ocrx_word' id='word_1_521' title='bbox 3320 4038 3573 4111; x_wconf 85' lang='lat' dir='ltr'>agimus,</span> <span class='ocrx_word' id='word_1_522' title='bbox 3599 4039 3752 4112; x_wconf 91' lang='lat' dir='ltr'>quod</span> 
     </span>
    </p>
   </div>
   <div class='ocr_carea' id='block_1_88' title="bbox 2138 4129 3747 4206">
    <p class='ocr_par' dir='ltr' id='par_1_88' title="bbox 2138 4129 3747 4206">
     <span class='ocr_line' id='line_1_88' title="bbox 2138 4129 3747 4206; baseline -0.007 -11"><span class='ocrx_word' id='word_1_523' title='bbox 2138 4140 2407 4195; x_wconf 89' lang='lat' dir='ltr'>nolumus</span> <span class='ocrx_word' id='word_1_524' title='bbox 2437 4131 2908 4206; x_wconf 83' lang='lat' dir='ltr'>nequimus.Ecce</span> <span class='ocrx_word' id='word_1_525' title='bbox 2927 4130 3227 4202; x_wconf 82' lang='lat' dir='ltr'>Rai.atque</span> <span class='ocrx_word' id='word_1_526' title='bbox 3257 4129 3319 4184; x_wconf 90' lang='lat' dir='ltr'>G.</span> <span class='ocrx_word' id='word_1_527' title='bbox 3341 4144 3487 4201; x_wconf 85' lang='lat' dir='ltr'>quos</span> <span class='ocrx_word' id='word_1_528' title='bbox 3504 4129 3747 4184; x_wconf 88' lang='lat' dir='ltr'>missum</span> 
     </span>
    </p>
   </div>
   <div class='ocr_carea' id='block_1_89' title="bbox 2137 4217 3751 4294">
    <p class='ocr_par' dir='ltr' id='par_1_89' title="bbox 2137 4217 3751 4294">
     <span class='ocr_line' id='line_1_89' title="bbox 2137 4217 3751 4294; baseline -0.007 -11"><span class='ocrx_word' id='word_1_529' title='bbox 2137 4228 2207 4282; x_wconf 92' lang='lat' dir='ltr'>iri</span> <span class='ocrx_word' id='word_1_530' title='bbox 2237 4227 2310 4282; x_wconf 90' lang='lat' dir='ltr'>ad</span> <span class='ocrx_word' id='word_1_531' title='bbox 2340 4243 2438 4280; x_wconf 89' lang='lat' dir='ltr'>vos</span> <span class='ocrx_word' id='word_1_532' title='bbox 2493 4239 2670 4294; x_wconf 80' lang='lat' dir='ltr'>usque</span> <span class='ocrx_word' id='word_1_533' title='bbox 2701 4219 2986 4287; x_wconf 89' lang='lat' dir='ltr'>innuistis,</span> <span class='ocrx_word' id='word_1_534' title='bbox 3045 4221 3190 4274; x_wconf 91' lang='lat' dir='ltr'>alter</span> <span class='ocrx_word' id='word_1_535' title='bbox 3221 4217 3387 4273; x_wconf 88' lang='lat' dir='ltr'>solita</span> <span class='ocrx_word' id='word_1_536' title='bbox 3414 4217 3751 4272; x_wconf 88' lang='lat' dir='ltr'>valetudine</span> 
     </span>
    </p>
   </div>
   <div class='ocr_carea' id='block_1_90' title="bbox 2136 4304 3757 4387">
    <p class='ocr_par' dir='ltr' id='par_1_90' title="bbox 2136 4304 3757 4387">
     <span class='ocr_line' id='line_1_90' title="bbox 2136 4304 3757 4387; baseline -0.008 -16"><span class='ocrx_word' id='word_1_537' title='bbox 2136 4315 2430 4387; x_wconf 85' lang='lat' dir='ltr'>fatigatur,</span> <span class='ocrx_word' id='word_1_538' title='bbox 2462 4312 2609 4366; x_wconf 90' lang='lat' dir='ltr'>alter</span> <span class='ocrx_word' id='word_1_539' title='bbox 2638 4308 2868 4364; x_wconf 88' lang='lat' dir='ltr'>insolita</span> <span class='ocrx_word' id='word_1_540' title='bbox 2894 4306 3150 4379; x_wconf 91' lang='lat' dir='ltr'>quidem,</span> <span class='ocrx_word' id='word_1_541' title='bbox 3184 4305 3283 4361; x_wconf 90' lang='lat' dir='ltr'>sed</span> <span class='ocrx_word' id='word_1_542' title='bbox 3307 4322 3436 4360; x_wconf 91' lang='lat' dir='ltr'>cum</span> <span class='ocrx_word' id='word_1_543' title='bbox 3469 4304 3650 4361; x_wconf 73' lang='lat' dir='ltr'>taedio</span> <span class='ocrx_word' id='word_1_544' title='bbox 3670 4305 3757 4359; x_wconf 91' lang='lat' dir='ltr'>sui</span> 
     </span>
    </p>
   </div>
   <div class='ocr_carea' id='block_1_91' title="bbox 440 4393 3757 4480">
    <p class='ocr_par' dir='ltr' id='par_1_91' title="bbox 440 4393 3757 4480">
     <span class='ocr_line' id='line_1_91' title="bbox 440 4393 3757 4480; baseline -0.006 -13"><span class='ocrx_word' id='word_1_545' title='bbox 440 4393 589 4478; x_wconf 69' lang='lat' dir='ltr'>inus,</span> <span class='ocrx_word' id='word_1_546' title='bbox 616 4408 882 4480; x_wconf 90' lang='lat' dir='ltr'>suppleat</span> <span class='ocrx_word' id='word_1_547' title='bbox 912 4404 1192 4460; x_wconf 81' lang='lat' dir='ltr'>industria</span> <span class='ocrx_word' id='word_1_548' title='bbox 1212 4407 1422 4458; x_wconf 81' lang='lat' dir='ltr'>vestra.</span> <span class='ocrx_word' id='word_1_549' title='bbox 1451 4403 1536 4456; x_wconf 84' lang='lat' dir='ltr'>Ad</span> <span class='ocrx_word' id='word_1_550' title='bbox 1571 4419 1823 4474; x_wconf 68' lang='lat' dir='ltr'>prmsens</span> <span class='ocrx_word' id='word_1_551' title='bbox 1838 4406 2036 4456; x_wconf 91' lang='lat' dir='ltr'>autem</span> <span class='ocrx_word' id='word_1_552' title='bbox 2062 4414 2114 4473; x_wconf 86' lang='lat'>1)</span> <span class='ocrx_word' id='word_1_553' title='bbox 2137 4404 2300 4460; x_wconf 88' lang='lat' dir='ltr'>finita</span> <span class='ocrx_word' id='word_1_554' title='bbox 2319 4398 2626 4473; x_wconf 91' lang='lat' dir='ltr'>imperium</span> <span class='ocrx_word' id='word_1_555' title='bbox 2649 4399 2900 4452; x_wconf 88' lang='lat' dir='ltr'>vestrum</span> <span class='ocrx_word' id='word_1_556' title='bbox 2922 4394 3152 4468; x_wconf 88' lang='lat' dir='ltr'>exsequi</span> <span class='ocrx_word' id='word_1_557' title='bbox 3175 4393 3526 4467; x_wconf 90' lang='lat' dir='ltr'>quiminime</span> <span class='ocrx_word' id='word_1_558' title='bbox 3552 4395 3757 4465; x_wconf 89' lang='lat' dir='ltr'>potue-</span> 
     </span>
    </p>
   </div>
   <div class='ocr_carea' id='block_1_92' title="bbox 438 4490 2037 4565">
    <p class='ocr_par' dir='ltr' id='par_1_92' title="bbox 438 4490 2037 4565">
     <span class='ocr_line' id='line_1_92' title="bbox 438 4490 2037 4565; baseline -0.008 -10"><span class='ocrx_word' id='word_1_559' title='bbox 438 4497 733 4555; x_wconf 89' lang='lat' dir='ltr'>rescribite</span> <span class='ocrx_word' id='word_1_560' title='bbox 763 4499 986 4550; x_wconf 90' lang='lat' dir='ltr'>tantum</span> <span class='ocrx_word' id='word_1_561' title='bbox 1015 4492 1170 4565; x_wconf 93' lang='lat' dir='ltr'>quod</span> <span class='ocrx_word' id='word_1_562' title='bbox 1201 4491 1360 4546; x_wconf 91' lang='lat' dir='ltr'>deest</span> <span class='ocrx_word' id='word_1_563' title='bbox 1385 4491 1548 4546; x_wconf 91' lang='lat' dir='ltr'>nobis</span> <span class='ocrx_word' id='word_1_564' title='bbox 1573 4490 1632 4545; x_wconf 90' lang='lat' dir='ltr'>in</span> <span class='ocrx_word' id='word_1_565' title='bbox 1666 4491 1854 4563; x_wconf 91' lang='lat' dir='ltr'>primo</span> <span class='ocrx_word' id='word_1_566' title='bbox 1882 4491 2037 4545; x_wconf 86' lang='lat' dir='ltr'>volu-</span> 
     </span>
    </p>
   </div>
   <div class='ocr_carea' id='block_1_93' title="bbox 437 4579 2042 4646">
    <p class='ocr_par' dir='ltr' id='par_1_93' title="bbox 437 4579 2042 4646">
     <span class='ocr_line' id='line_1_93' title="bbox 437 4579 2042 4646; baseline -0.008 -1"><span class='ocrx_word' id='word_1_567' title='bbox 437 4588 596 4646; x_wconf 88' lang='lat' dir='ltr'>mine</span> <span class='ocrx_word' id='word_1_568' title='bbox 628 4585 892 4643; x_wconf 70' lang='lat' dir='ltr'>secunda:</span> <span class='ocrx_word' id='word_1_569' title='bbox 923 4581 1192 4638; x_wconf 88' lang='lat' dir='ltr'>editionis</span> <span class='ocrx_word' id='word_1_570' title='bbox 1230 4580 1412 4637; x_wconf 89' lang='lat' dir='ltr'>Boetii</span> <span class='ocrx_word' id='word_1_571' title='bbox 1458 4580 1512 4634; x_wconf 91' lang='lat' dir='ltr'>in</span> <span class='ocrx_word' id='word_1_572' title='bbox 1576 4581 1724 4634; x_wconf 93' lang='lat' dir='ltr'>libro</span> <span class='ocrx_word' id='word_1_573' title='bbox 1771 4579 2042 4634; x_wconf 88' lang='lat' dir='ltr'>Periher-</span> 
     </span>
    </p>
   </div>
   <div class='ocr_carea' id='block_1_94' title="bbox 439 4667 2042 4743">
    <p class='ocr_par' dir='ltr' id='par_1_94' title="bbox 439 4667 2042 4743">
     <span class='ocr_line' id='line_1_94' title="bbox 439 4667 2042 4743; baseline -0.007 -9"><span class='ocrx_word' id='word_1_574' title='bbox 439 4677 683 4743; x_wconf 79' lang='lat' dir='ltr'>menius,</span> <span class='ocrx_word' id='word_1_575' title='bbox 716 4675 823 4729; x_wconf 88' lang='lat' dir='ltr'>hoc</span> <span class='ocrx_word' id='word_1_576' title='bbox 850 4675 934 4728; x_wconf 92' lang='lat' dir='ltr'>est</span> <span class='ocrx_word' id='word_1_577' title='bbox 959 4672 1030 4726; x_wconf 89' lang='lat' dir='ltr'>ab</span> <span class='ocrx_word' id='word_1_578' title='bbox 1057 4687 1125 4725; x_wconf 91' lang='lat' dir='ltr'>eo</span> <span class='ocrx_word' id='word_1_579' title='bbox 1154 4672 1278 4725; x_wconf 91' lang='lat' dir='ltr'>loco</span> <span class='ocrx_word' id='word_1_580' title='bbox 1308 4669 1401 4724; x_wconf 91' lang='lat' dir='ltr'>ubi</span> <span class='ocrx_word' id='word_1_581' title='bbox 1436 4669 1712 4741; x_wconf 90' lang='lat' dir='ltr'>scriptum</span> <span class='ocrx_word' id='word_1_582' title='bbox 1740 4671 1826 4722; x_wconf 92' lang='lat' dir='ltr'>est</span> <span class='ocrx_word' id='word_1_583' title='bbox 1865 4685 1877 4721; x_wconf 88' lang='lat'><strong>:</strong></span> <span class='ocrx_word' id='word_1_584' title='bbox 1911 4667 2042 4722; x_wconf 79' lang='lat' dir='ltr'>Non</span> 
     </span>
    </p>
   </div>
   <div class='ocr_carea' id='block_1_95' title="bbox 438 4757 2044 4822">
    <p class='ocr_par' dir='ltr' id='par_1_95' title="bbox 438 4757 2044 4822">
     <span class='ocr_line' id='line_1_95' title="bbox 438 4757 2044 4822; baseline -0.008 0"><span class='ocrx_word' id='word_1_585' title='bbox 438 4767 606 4822; x_wconf 86' lang='lat' dir='ltr'>currit</span> <span class='ocrx_word' id='word_1_586' title='bbox 636 4781 753 4818; x_wconf 86' lang='lat' dir='ltr'>vero</span> <span class='ocrx_word' id='word_1_587' title='bbox 783 4769 833 4816; x_wconf 89' lang='lat' dir='ltr'>et</span> <span class='ocrx_word' id='word_1_588' title='bbox 857 4779 962 4816; x_wconf 81' lang='lat' dir='ltr'>non</span> <span class='ocrx_word' id='word_1_589' title='bbox 989 4759 1211 4814; x_wconf 83' lang='lat' dir='ltr'>laborat.</span> <span class='ocrx_word' id='word_1_590' title='bbox 1246 4758 1374 4812; x_wconf 89' lang='lat' dir='ltr'>Non</span> <span class='ocrx_word' id='word_1_591' title='bbox 1403 4758 1617 4812; x_wconf 85' lang='lat' dir='ltr'>verbum</span> <span class='ocrx_word' id='word_1_592' title='bbox 1670 4757 1785 4811; x_wconf 89' lang='lat' dir='ltr'>dico</span> <span class='ocrx_word' id='word_1_593' title='bbox 1828 4773 1948 4811; x_wconf 87' lang='lat' dir='ltr'>cum</span> <span class='ocrx_word' id='word_1_594' title='bbox 1976 4757 2044 4809; x_wconf 88' lang='lat' dir='ltr'>si-</span> 
     </span>
    </p>
   </div>
   <div class='ocr_carea' id='block_1_96' title="bbox 435 4843 2043 4928">
    <p class='ocr_par' dir='ltr' id='par_1_96' title="bbox 435 4843 2043 4928">
     <span class='ocr_line' id='line_1_96' title="bbox 435 4843 2043 4928; baseline -0.007 -18"><span class='ocrx_word' id='word_1_595' title='bbox 435 4855 658 4928; x_wconf 76' lang='lat' dir='ltr'>gniﬁcat</span> <span class='ocrx_word' id='word_1_596' title='bbox 687 4851 903 4925; x_wconf 81' lang='lat' dir='ltr'>quidem</span> <span class='ocrx_word' id='word_1_597' title='bbox 948 4854 1170 4919; x_wconf 82' lang='lat' dir='ltr'>tempus,</span> <span class='ocrx_word' id='word_1_598' title='bbox 1203 4863 1381 4918; x_wconf 90' lang='lat' dir='ltr'>usque</span> <span class='ocrx_word' id='word_1_599' title='bbox 1429 4845 1500 4900; x_wconf 89' lang='lat' dir='ltr'>ad</span> <span class='ocrx_word' id='word_1_600' title='bbox 1544 4862 1676 4900; x_wconf 91' lang='lat' dir='ltr'>eum</span> <span class='ocrx_word' id='word_1_601' title='bbox 1721 4846 1912 4899; x_wconf 91' lang='lat' dir='ltr'>locum</span> <span class='ocrx_word' id='word_1_602' title='bbox 1946 4843 2043 4899; x_wconf 90' lang='lat' dir='ltr'>ubi</span> 
     </span>
    </p>
   </div>
   <div class='ocr_carea' id='block_1_97' title="bbox 435 4935 2037 5012">
    <p class='ocr_par' dir='ltr' id='par_1_97' title="bbox 435 4935 2037 5012">
     <span class='ocr_line' id='line_1_97' title="bbox 435 4935 2037 5012; baseline -0.01 -11"><span class='ocrx_word' id='word_1_603' title='bbox 435 4946 644 5001; x_wconf 89' lang='lat' dir='ltr'>dicitur</span> <span class='ocrx_word' id='word_1_604' title='bbox 677 4961 690 4998; x_wconf 90' lang='lat'>:</span> <span class='ocrx_word' id='word_1_605' title='bbox 724 4943 834 5012; x_wconf 85' lang='lat' dir='ltr'>ipsa</span> <span class='ocrx_word' id='word_1_606' title='bbox 860 4938 1072 5010; x_wconf 79' lang='lat' dir='ltr'>quidem</span> <span class='ocrx_word' id='word_1_607' title='bbox 1090 4936 1374 4990; x_wconf 80' lang='lat' dir='ltr'>secundum</span> <span class='ocrx_word' id='word_1_608' title='bbox 1397 4952 1449 4988; x_wconf 88' lang='lat' dir='ltr'>se</span> <span class='ocrx_word' id='word_1_609' title='bbox 1468 4935 1610 4988; x_wconf 80' lang='lat' dir='ltr'>dicta</span> <span class='ocrx_word' id='word_1_610' title='bbox 1637 4935 1792 4988; x_wconf 84' lang='lat' dir='ltr'>verba</span> <span class='ocrx_word' id='word_1_611' title='bbox 1811 4936 2037 4989; x_wconf 84' lang='lat' dir='ltr'>nomina</span> 
     </span>
    </p>
   </div>
   <div class='ocr_carea' id='block_1_98' title="bbox 433 5023 2040 5101">
    <p class='ocr_par' dir='ltr' id='par_1_98' title="bbox 433 5023 2040 5101">
     <span class='ocr_line' id='line_1_98' title="bbox 433 5023 2040 5101; baseline -0.009 -12"><span class='ocrx_word' id='word_1_612' title='bbox 433 5038 573 5101; x_wconf 84' lang='lat' dir='ltr'>sunt,</span> <span class='ocrx_word' id='word_1_613' title='bbox 606 5040 654 5086; x_wconf 83' lang='lat' dir='ltr'>et</span> <span class='ocrx_word' id='word_1_614' title='bbox 682 5030 988 5098; x_wconf 70' lang='lat' dir='ltr'>signiﬁcant</span> <span class='ocrx_word' id='word_1_615' title='bbox 1019 5023 1225 5096; x_wconf 84' lang='lat' dir='ltr'>aliquid</span> <span class='ocrx_word' id='word_1_616' title='bbox 1254 5025 1336 5077; x_wconf 84' lang='lat' dir='ltr'>hic</span> <span class='ocrx_word' id='word_1_617' title='bbox 1360 5024 1656 5094; x_wconf 48' lang='lat' dir='ltr'>praeceptis,</span> <span class='ocrx_word' id='word_1_618' title='bbox 1691 5023 1846 5077; x_wconf 90' lang='lat' dir='ltr'>idem</span> <span class='ocrx_word' id='word_1_619' title='bbox 1875 5025 2040 5094; x_wconf 87' lang='lat' dir='ltr'>parte</span> 
     </span>
    </p>
   </div>
   <div class='ocr_carea' id='block_1_99' title="bbox 437 5110 2046 5176">
    <p class='ocr_par' dir='ltr' id='par_1_99' title="bbox 437 5110 2046 5176">
     <span class='ocr_line' id='line_1_99' title="bbox 437 5110 2046 5176; baseline -0.008 0"><span class='ocrx_word' id='word_1_620' title='bbox 437 5119 755 5176; x_wconf 88' lang='lat' dir='ltr'>deficientis</span> <span class='ocrx_word' id='word_1_621' title='bbox 777 5114 1184 5172; x_wconf 89' lang='lat' dir='ltr'>commentarii</span> <span class='ocrx_word' id='word_1_622' title='bbox 1211 5112 1474 5167; x_wconf 89' lang='lat' dir='ltr'>beneficii</span> <span class='ocrx_word' id='word_1_623' title='bbox 1496 5110 1660 5164; x_wconf 84' lang='lat' dir='ltr'>vestri</span> <span class='ocrx_word' id='word_1_624' title='bbox 1690 5127 1806 5165; x_wconf 90' lang='lat' dir='ltr'>non</span> <span class='ocrx_word' id='word_1_625' title='bbox 1828 5111 2046 5170; x_wconf 83' lang='lat' dir='ltr'>erimus</span> 
     </span>
    </p>
   </div>
   <div class='ocr_carea' id='block_1_100' title="bbox 438 5199 2045 5269">
    <p class='ocr_par' dir='ltr' id='par_1_100' title="bbox 438 5199 2045 5269">
     <span class='ocr_line' id='line_1_100' title="bbox 438 5199 2045 5269; baseline -0.007 -4"><span class='ocrx_word' id='word_1_626' title='bbox 438 5211 816 5266; x_wconf 90' lang='lat' dir='ltr'>immemores</span> <span class='ocrx_word' id='word_1_627' title='bbox 844 5205 1020 5259; x_wconf 84' lang='lat' dir='ltr'>fidem</span> <span class='ocrx_word' id='word_1_628' title='bbox 1052 5205 1247 5256; x_wconf 92' lang='lat' dir='ltr'>mente</span> <span class='ocrx_word' id='word_1_629' title='bbox 1280 5203 1630 5269; x_wconf 86' lang='lat' dir='ltr'>conceptam</span> <span class='ocrx_word' id='word_1_630' title='bbox 1663 5216 1780 5254; x_wconf 90' lang='lat' dir='ltr'>non</span> <span class='ocrx_word' id='word_1_631' title='bbox 1812 5199 2045 5254; x_wconf 86' lang='lat' dir='ltr'>desere-</span> 
     </span>
    </p>
   </div>
   <div class='ocr_carea' id='block_1_101' title="bbox 438 5289 1829 5369">
    <p class='ocr_par' dir='ltr' id='par_1_101' title="bbox 438 5289 1829 5369">
     <span class='ocr_line' id='line_1_101' title="bbox 438 5289 1829 5369; baseline -0.009 -14"><span class='ocrx_word' id='word_1_632' title='bbox 438 5315 588 5365; x_wconf 87' lang='lat' dir='ltr'>mus,</span> <span class='ocrx_word' id='word_1_633' title='bbox 621 5294 777 5369; x_wconf 88' lang='lat' dir='ltr'>quod</span> <span class='ocrx_word' id='word_1_634' title='bbox 809 5293 1010 5348; x_wconf 88' lang='lat' dir='ltr'>voletis</span> <span class='ocrx_word' id='word_1_635' title='bbox 1039 5307 1144 5360; x_wconf 89' lang='lat' dir='ltr'>pro</span> <span class='ocrx_word' id='word_1_636' title='bbox 1173 5289 1389 5344; x_wconf 91' lang='lat' dir='ltr'>viribus</span> <span class='ocrx_word' id='word_1_637' title='bbox 1427 5305 1829 5359; x_wconf 83' lang='lat' dir='ltr'>exsequemur.</span> 
     </span>
    </p>
   </div>
   <div class='ocr_carea' id='block_1_102' title="bbox 946 5394 1528 5451">
    <p class='ocr_par' dir='ltr' id='par_1_102' title="bbox 946 5394 1528 5451">
     <span class='ocr_line' id='line_1_102' title="bbox 946 5394 1528 5451; baseline -0.005 0"><span class='ocrx_word' id='word_1_638' title='bbox 946 5396 1280 5451; x_wconf 84' lang='lat' dir='ltr'>EPISTOLA</span> <span class='ocrx_word' id='word_1_639' title='bbox 1313 5394 1528 5449; x_wconf 85' lang='lat' dir='ltr'>CXXIV.</span> 
     </span>
    </p>
   </div>
   <div class='ocr_carea' id='block_1_103' title="bbox 914 5498 1566 5540">
    <p class='ocr_par' dir='ltr' id='par_1_103' title="bbox 914 5498 1566 5540">
     <span class='ocr_line' id='line_1_103' title="bbox 914 5498 1566 5540; baseline -0.008 0"><span class='ocrx_word' id='word_1_640' title='bbox 914 5503 970 5540; x_wconf 83' lang='grc' dir='ltr'><strong>Α.</strong></span> <span class='ocrx_word' id='word_1_641' title='bbox 999 5503 1051 5539; x_wconf 86' lang='grc' dir='ltr'><strong>Β.</strong></span> <span class='ocrx_word' id='word_1_642' title='bbox 1085 5501 1140 5540; x_wconf 88' lang='lat' dir='ltr'>C.</span> <span class='ocrx_word' id='word_1_643' title='bbox 1171 5501 1230 5537; x_wconf 76' lang='grc' dir='ltr'>Η.</span> <span class='ocrx_word' id='word_1_644' title='bbox 1261 5500 1307 5537; x_wconf 83' lang='lat' dir='ltr'>J.</span> <span class='ocrx_word' id='word_1_645' title='bbox 1343 5499 1398 5537; x_wconf 82' lang='lat' dir='ltr'>V.</span> <span class='ocrx_word' id='word_1_646' title='bbox 1432 5501 1484 5536; x_wconf 81' lang='grc' dir='ltr'>Β.</span> <span class='ocrx_word' id='word_1_647' title='bbox 1514 5498 1566 5536; x_wconf 88' lang='grc' dir='ltr'>Ζ.</span> 
     </span>
    </p>
   </div>
   <div class='ocr_carea' id='block_1_104' title="bbox 505 5568 2041 5651">
    <p class='ocr_par' dir='ltr' id='par_1_104' title="bbox 505 5568 2041 5651">
     <span class='ocr_line' id='line_1_104' title="bbox 505 5568 2041 5651; baseline -0.008 -15"><span class='ocrx_word' id='word_1_648' title='bbox 505 5577 770 5651; x_wconf 76' lang='lat' dir='ltr'>Antiquis</span> <span class='ocrx_word' id='word_1_649' title='bbox 785 5574 1006 5649; x_wconf 89' lang='lat' dir='ltr'>palatiis</span> <span class='ocrx_word' id='word_1_650' title='bbox 1020 5573 1164 5628; x_wconf 89' lang='lat' dir='ltr'>meis</span> <span class='ocrx_word' id='word_1_651' title='bbox 1183 5587 1362 5641; x_wconf 90' lang='lat' dir='ltr'>usque</span> <span class='ocrx_word' id='word_1_652' title='bbox 1378 5570 1450 5624; x_wconf 89' lang='lat' dir='ltr'>ad</span> <span class='ocrx_word' id='word_1_653' title='bbox 1472 5568 1856 5624; x_wconf 88' lang='lat' dir='ltr'>fundamenta</span> <span class='ocrx_word' id='word_1_654' title='bbox 1885 5568 2041 5624; x_wconf 92' lang='lat' dir='ltr'>diru-</span> 
     </span>
    </p>
   </div>
   <div class='ocr_carea' id='block_1_105' title="bbox 434 5656 2040 5758">
    <p class='ocr_par' dir='ltr' id='par_1_105' title="bbox 434 5656 2040 5758">
     <span class='ocr_line' id='line_1_105' title="bbox 434 5656 2040 5758; baseline -0.009 -29"><span class='ocrx_word' id='word_1_655' title='bbox 434 5670 531 5758; x_wconf 56' lang='lat' dir='ltr'>tis,</span> <span class='ocrx_word' id='word_1_656' title='bbox 561 5667 736 5728; x_wconf 86' lang='lat' dir='ltr'>etiam</span> <span class='ocrx_word' id='word_1_657' title='bbox 762 5677 1069 5724; x_wconf 87' lang='lat' dir='ltr'>renascens</span> <span class='ocrx_word' id='word_1_658' title='bbox 1093 5657 1395 5737; x_wconf 86' lang='lat' dir='ltr'>palatium,</span> <span class='ocrx_word' id='word_1_659' title='bbox 1415 5657 1570 5734; x_wconf 88' lang='lat' dir='ltr'>quod</span> <span class='ocrx_word' id='word_1_660' title='bbox 1589 5656 1734 5713; x_wconf 90' lang='lat' dir='ltr'>mihi</span> <span class='ocrx_word' id='word_1_661' title='bbox 1757 5657 2040 5716; x_wconf 61' lang='lat' dir='ltr'>adificare</span> 
     </span>
    </p>
   </div>
   <div class='ocr_carea' id='block_1_106' title="bbox 2139 4482 3752 4560">
    <p class='ocr_par' dir='ltr' id='par_1_106' title="bbox 2139 4482 3752 4560">
     <span class='ocr_line' id='line_1_106' title="bbox 2139 4482 3752 4560; baseline -0.008 -12"><span class='ocrx_word' id='word_1_662' title='bbox 2139 4496 2293 4548; x_wconf 91' lang='lat' dir='ltr'>runt.</span> <span class='ocrx_word' id='word_1_663' title='bbox 2324 4490 2680 4560; x_wconf 84' lang='lat' dir='ltr'>Exsequctur</span> <span class='ocrx_word' id='word_1_664' title='bbox 2711 4489 2904 4540; x_wconf 90' lang='lat' dir='ltr'>autem</span> <span class='ocrx_word' id='word_1_665' title='bbox 2935 4486 2999 4539; x_wconf 83' lang='lat' dir='ltr'>R.</span> <span class='ocrx_word' id='word_1_666' title='bbox 3033 4501 3208 4557; x_wconf 90' lang='lat' dir='ltr'>quam</span> <span class='ocrx_word' id='word_1_667' title='bbox 3240 4482 3502 4555; x_wconf 81' lang='lat' dir='ltr'>proxime</span> <span class='ocrx_word' id='word_1_668' title='bbox 3533 4482 3594 4536; x_wconf 90' lang='lat' dir='ltr'>in</span> <span class='ocrx_word' id='word_1_669' title='bbox 3629 4497 3752 4536; x_wconf 80' lang='lat' dir='ltr'>me-</span> 
     </span>
    </p>
   </div>
   <div class='ocr_carea' id='block_1_107' title="bbox 2139 4570 3755 4646">
    <p class='ocr_par' dir='ltr' id='par_1_107' title="bbox 2139 4570 3755 4646">
     <span class='ocr_line' id='line_1_107' title="bbox 2139 4570 3755 4646; baseline -0.007 -10"><span class='ocrx_word' id='word_1_670' title='bbox 2139 4581 2247 4636; x_wconf 89' lang='lat' dir='ltr'>lius</span> <span class='ocrx_word' id='word_1_671' title='bbox 2265 4579 2676 4642; x_wconf 91' lang='lat' dir='ltr'>commutatus,</span> <span class='ocrx_word' id='word_1_672' title='bbox 2700 4575 2857 4646; x_wconf 87' lang='lat' dir='ltr'>cujus</span> <span class='ocrx_word' id='word_1_673' title='bbox 2874 4571 3160 4644; x_wconf 89' lang='lat' dir='ltr'>obsequiis</span> <span class='ocrx_word' id='word_1_674' title='bbox 3184 4570 3301 4642; x_wconf 86' lang='lat' dir='ltr'>[al.,</span> <span class='ocrx_word' id='word_1_675' title='bbox 3335 4570 3474 4626; x_wconf 91' lang='lat' dir='ltr'>olim</span> <span class='ocrx_word' id='word_1_676' title='bbox 3502 4586 3755 4642; x_wconf 88' lang='lat' dir='ltr'>sequen-</span> 
     </span>
    </p>
   </div>
   <div class='ocr_carea' id='block_1_108' title="bbox 2141 4656 3758 4731">
    <p class='ocr_par' dir='ltr' id='par_1_108' title="bbox 2141 4656 3758 4731">
     <span class='ocr_line' id='line_1_108' title="bbox 2141 4656 3758 4731; baseline -0.008 -6"><span class='ocrx_word' id='word_1_677' title='bbox 2141 4670 2254 4731; x_wconf 83' lang='lat' dir='ltr'>tis.]</span> <span class='ocrx_word' id='word_1_678' title='bbox 2282 4669 2681 4723; x_wconf 81' lang='lat' dir='ltr'>Hermannum</span> <span class='ocrx_word' id='word_1_679' title='bbox 2699 4662 2970 4718; x_wconf 92' lang='lat' dir='ltr'>comitem</span> <span class='ocrx_word' id='word_1_680' title='bbox 2987 4658 3544 4730; x_wconf 88' lang='lat' dir='ltr'>adforejamdudum</span> <span class='ocrx_word' id='word_1_681' title='bbox 3560 4657 3618 4712; x_wconf 90' lang='lat' dir='ltr'>in</span> <span class='ocrx_word' id='word_1_682' title='bbox 3640 4656 3758 4713; x_wconf 89' lang='lat' dir='ltr'>ani-</span> 
     </span>
    </p>
   </div>
   <div class='ocr_carea' id='block_1_109' title="bbox 2141 4746 3756 4826">
    <p class='ocr_par' dir='ltr' id='par_1_109' title="bbox 2141 4746 3756 4826">
     <span class='ocr_line' id='line_1_109' title="bbox 2141 4746 3756 4826; baseline -0.009 -13"><span class='ocrx_word' id='word_1_683' title='bbox 2141 4775 2237 4814; x_wconf 92' lang='lat' dir='ltr'>mo</span> <span class='ocrx_word' id='word_1_684' title='bbox 2257 4754 2434 4812; x_wconf 89' lang='lat' dir='ltr'>est.Et</span> <span class='ocrx_word' id='word_1_685' title='bbox 2453 4753 2587 4826; x_wconf 91' lang='lat' dir='ltr'>quia</span> <span class='ocrx_word' id='word_1_686' title='bbox 2604 4754 2819 4824; x_wconf 90' lang='lat' dir='ltr'>quanto</span> <span class='ocrx_word' id='word_1_687' title='bbox 2841 4749 3068 4805; x_wconf 89' lang='lat' dir='ltr'>silentio</span> <span class='ocrx_word' id='word_1_688' title='bbox 3083 4750 3410 4820; x_wconf 88' lang='lat' dir='ltr'>quantaque</span> <span class='ocrx_word' id='word_1_689' title='bbox 3424 4746 3540 4801; x_wconf 86' lang='lat' dir='ltr'>fide</span> <span class='ocrx_word' id='word_1_690' title='bbox 3558 4749 3756 4801; x_wconf 85' lang='lat' dir='ltr'>nostra</span> 
     </span>
    </p>
   </div>
   <div class='ocr_carea' id='block_1_110' title="bbox 2141 4835 3756 4905">
    <p class='ocr_par' dir='ltr' id='par_1_110' title="bbox 2141 4835 3756 4905">
     <span class='ocr_line' id='line_1_110' title="bbox 2141 4835 3756 4905; baseline -0.009 -3"><span class='ocrx_word' id='word_1_691' title='bbox 2141 4848 2360 4903; x_wconf 86' lang='lat' dir='ltr'>secreta</span> <span class='ocrx_word' id='word_1_692' title='bbox 2389 4840 2849 4898; x_wconf 88' lang='lat' dir='ltr'>commiserimus</span> <span class='ocrx_word' id='word_1_693' title='bbox 2905 4836 3158 4905; x_wconf 91' lang='lat' dir='ltr'>novistis,</span> <span class='ocrx_word' id='word_1_694' title='bbox 3189 4835 3338 4890; x_wconf 90' lang='lat' dir='ltr'>vices</span> <span class='ocrx_word' id='word_1_695' title='bbox 3391 4837 3621 4889; x_wconf 90' lang='lat' dir='ltr'>nostras</span> <span class='ocrx_word' id='word_1_696' title='bbox 3655 4850 3756 4889; x_wconf 88' lang='lat' dir='ltr'>no-</span> 
     </span>
    </p>
   </div>
   <div class='ocr_carea' id='block_1_111' title="bbox 2141 4923 3754 5007">
    <p class='ocr_par' dir='ltr' id='par_1_111' title="bbox 2141 4923 3754 5007">
     <span class='ocr_line' id='line_1_111' title="bbox 2141 4923 3754 5007; baseline -0.011 -15"><span class='ocrx_word' id='word_1_697' title='bbox 2141 4936 2355 5007; x_wconf 89' lang='lat' dir='ltr'>strique</span> <span class='ocrx_word' id='word_1_698' title='bbox 2382 4930 2557 5003; x_wconf 87' lang='lat' dir='ltr'>legati</span> <span class='ocrx_word' id='word_1_699' title='bbox 2588 4928 2740 4999; x_wconf 89' lang='lat' dir='ltr'>apud</span> <span class='ocrx_word' id='word_1_700' title='bbox 2762 4926 3034 4982; x_wconf 89' lang='lat' dir='ltr'>comitem</span> <span class='ocrx_word' id='word_1_701' title='bbox 3065 4923 3427 4978; x_wconf 89' lang='lat' dir='ltr'>Heribertum</span> <span class='ocrx_word' id='word_1_702' title='bbox 3463 4939 3563 4976; x_wconf 90' lang='lat' dir='ltr'>vos</span> <span class='ocrx_word' id='word_1_703' title='bbox 3583 4935 3754 4994; x_wconf 87' lang='lat' dir='ltr'>agere</span> 
     </span>
    </p>
   </div>
   <div class='ocr_carea' id='block_1_112' title="bbox 2142 5008 3760 5096">
    <p class='ocr_par' dir='ltr' id='par_1_112' title="bbox 2142 5008 3760 5096">
     <span class='ocr_line' id='line_1_112' title="bbox 2142 5008 3760 5096; baseline -0.011 -16"><span class='ocrx_word' id='word_1_704' title='bbox 2142 5039 2416 5096; x_wconf 85' lang='lat' dir='ltr'>rogamus</span> <span class='ocrx_word' id='word_1_705' title='bbox 2441 5037 2453 5074; x_wconf 91' lang='lat'>:</span> <span class='ocrx_word' id='word_1_706' title='bbox 2477 5017 2678 5073; x_wconf 86' lang='lat' dir='ltr'>facturi</span> <span class='ocrx_word' id='word_1_707' title='bbox 2712 5013 2988 5088; x_wconf 90' lang='lat' dir='ltr'>quidquid</span> <span class='ocrx_word' id='word_1_708' title='bbox 3013 5010 3370 5086; x_wconf 85' lang='lat' dir='ltr'>prudentiori</span> <span class='ocrx_word' id='word_1_709' title='bbox 3393 5009 3635 5066; x_wconf 90' lang='lat' dir='ltr'>consilio</span> <span class='ocrx_word' id='word_1_710' title='bbox 3667 5008 3760 5064; x_wconf 84' lang='lat' dir='ltr'>de-</span> 
     </span>
    </p>
   </div>
   <div class='ocr_carea' id='block_1_113' title="bbox 2143 5099 3755 5178">
    <p class='ocr_par' dir='ltr' id='par_1_113' title="bbox 2143 5099 3755 5178">
     <span class='ocr_line' id='line_1_113' title="bbox 2143 5099 3755 5178; baseline -0.012 -8"><span class='ocrx_word' id='word_1_711' title='bbox 2143 5111 2410 5170; x_wconf 89' lang='lat' dir='ltr'>cernetis.</span> <span class='ocrx_word' id='word_1_712' title='bbox 2429 5107 2731 5178; x_wconf 82' lang='lat' dir='ltr'>Finitoque</span> <span class='ocrx_word' id='word_1_713' title='bbox 2760 5106 2906 5171; x_wconf 90' lang='lat' dir='ltr'>foro,</span> <span class='ocrx_word' id='word_1_714' title='bbox 2932 5103 3010 5158; x_wconf 93' lang='lat' dir='ltr'>uti</span> <span class='ocrx_word' id='word_1_715' title='bbox 3034 5101 3248 5168; x_wconf 90' lang='lat' dir='ltr'>audita,</span> <span class='ocrx_word' id='word_1_716' title='bbox 3276 5101 3482 5166; x_wconf 90' lang='lat' dir='ltr'>relata,</span> <span class='ocrx_word' id='word_1_717' title='bbox 3500 5099 3755 5166; x_wconf 88' lang='lat' dir='ltr'>inventa,</span> 
     </span>
    </p>
   </div>
   <div class='ocr_carea' id='block_1_114' title="bbox 2145 5189 3750 5264">
    <p class='ocr_par' dir='ltr' id='par_1_114' title="bbox 2145 5189 3750 5264">
     <span class='ocr_line' id='line_1_114' title="bbox 2145 5189 3750 5264; baseline -0.009 -8"><span class='ocrx_word' id='word_1_718' title='bbox 2145 5201 2407 5257; x_wconf 85' lang='lat' dir='ltr'>conferre</span> <span class='ocrx_word' id='word_1_719' title='bbox 2441 5195 2738 5251; x_wconf 87' lang='lat' dir='ltr'>nobiscum</span> <span class='ocrx_word' id='word_1_720' title='bbox 2762 5191 3106 5264; x_wconf 88' lang='lat' dir='ltr'>dignemini,</span> <span class='ocrx_word' id='word_1_721' title='bbox 3141 5189 3533 5256; x_wconf 89' lang='lat' dir='ltr'>obsecramus,</span> <span class='ocrx_word' id='word_1_722' title='bbox 3567 5191 3750 5243; x_wconf 78' lang='lat' dir='ltr'>vestro</span> 
     </span>
    </p>
   </div>
   <div class='ocr_carea' id='block_1_115' title="bbox 2145 5278 3216 5362">
    <p class='ocr_par' dir='ltr' id='par_1_115' title="bbox 2145 5278 3216 5362">
     <span class='ocr_line' id='line_1_115' title="bbox 2145 5278 3216 5362; baseline -0.01 -17"><span class='ocrx_word' id='word_1_723' title='bbox 2145 5307 2247 5362; x_wconf 90' lang='lat' dir='ltr'>per</span> <span class='ocrx_word' id='word_1_724' title='bbox 2278 5286 2476 5343; x_wconf 87' lang='lat' dir='ltr'>omnia</span> <span class='ocrx_word' id='word_1_725' title='bbox 2506 5284 2657 5339; x_wconf 90' lang='lat' dir='ltr'>usuri</span> <span class='ocrx_word' id='word_1_726' title='bbox 2693 5282 2927 5339; x_wconf 90' lang='lat' dir='ltr'>consilio</span> <span class='ocrx_word' id='word_1_727' title='bbox 2951 5278 3216 5352; x_wconf 88' lang='lat' dir='ltr'>sapienti.</span> 
     </span>
    </p>
   </div>
   <div class='ocr_carea' id='block_1_116' title="bbox 2633 5386 3267 5447">
    <p class='ocr_par' dir='ltr' id='par_1_116' title="bbox 2633 5386 3267 5447">
     <span class='ocr_line' id='line_1_116' title="bbox 2633 5386 3267 5447; baseline -0.006 -1"><span class='ocrx_word' id='word_1_728' title='bbox 2633 5391 2967 5447; x_wconf 83' lang='lat' dir='ltr'>EPISTOLA</span> <span class='ocrx_word' id='word_1_729' title='bbox 3007 5386 3267 5442; x_wconf 88' lang='lat' dir='ltr'>CXXVIII.</span> 
     </span>
    </p>
   </div>
   <div class='ocr_carea' id='block_1_117' title="bbox 2374 5489 3521 5535">
    <p class='ocr_par' dir='ltr' id='par_1_117' title="bbox 2374 5489 3521 5535">
     <span class='ocr_line' id='line_1_117' title="bbox 2374 5489 3521 5535; baseline -0.007 0"><span class='ocrx_word' id='word_1_730' title='bbox 2374 5497 2448 5535; x_wconf 81' lang='grc' dir='ltr'>ΑΟ</span> <span class='ocrx_word' id='word_1_731' title='bbox 2489 5496 2829 5535; x_wconf 76' lang='lat' dir='ltr'>ADELAIDEM</span> <span class='ocrx_word' id='word_1_732' title='bbox 2870 5494 3120 5532; x_wconf 76' lang='lat' dir='ltr'>MATREM</span> <span class='ocrx_word' id='word_1_733' title='bbox 3170 5489 3521 5530; x_wconf 75' lang='lat' dir='ltr'>RBGNORUM.</span> 
     </span>
    </p>
   </div>
   <div class='ocr_carea' id='block_1_118' title="bbox 2214 5560 3758 5641">
    <p class='ocr_par' dir='ltr' id='par_1_118' title="bbox 2214 5560 3758 5641">
     <span class='ocr_line' id='line_1_118' title="bbox 2214 5560 3758 5641; baseline -0.005 -15"><span class='ocrx_word' id='word_1_734' title='bbox 2214 5569 2430 5635; x_wconf 88' lang='lat' dir='ltr'>Quibus</span> <span class='ocrx_word' id='word_1_735' title='bbox 2441 5569 2712 5641; x_wconf 88' lang='lat' dir='ltr'>augustiis</span> <span class='ocrx_word' id='word_1_736' title='bbox 2725 5567 2964 5622; x_wconf 86' lang='lat' dir='ltr'>domina</span> <span class='ocrx_word' id='word_1_737' title='bbox 2976 5565 3271 5639; x_wconf 90' lang='lat' dir='ltr'>quondam</span> <span class='ocrx_word' id='word_1_738' title='bbox 3288 5563 3536 5618; x_wconf 84' lang='lat' dir='ltr'>Hemma</span> <span class='ocrx_word' id='word_1_739' title='bbox 3549 5560 3758 5619; x_wconf 84' lang='lat' dir='ltr'>afficia-</span> 
     </span>
    </p>
   </div>
   <div class='ocr_carea' id='block_1_119' title="bbox 2141 5647 3763 5736">
    <p class='ocr_par' dir='ltr' id='par_1_119' title="bbox 2141 5647 3763 5736">
     <span class='ocr_line' id='line_1_119' title="bbox 2141 5647 3763 5736; baseline -0.001 -21"><span class='ocrx_word' id='word_1_740' title='bbox 2141 5662 2254 5731; x_wconf 85' lang='lat' dir='ltr'>tur,</span> <span class='ocrx_word' id='word_1_741' title='bbox 2289 5661 2621 5736; x_wconf 86' lang='lat' dir='ltr'>quantoque</span> <span class='ocrx_word' id='word_1_742' title='bbox 2635 5658 2936 5731; x_wconf 88' lang='lat' dir='ltr'>prematur</span> <span class='ocrx_word' id='word_1_743' title='bbox 2961 5670 3204 5734; x_wconf 83' lang='lat' dir='ltr'>angore.</span> <span class='ocrx_word' id='word_1_744' title='bbox 3229 5649 3390 5712; x_wconf 85' lang='lat' dir='ltr'>testis</span> <span class='ocrx_word' id='word_1_745' title='bbox 3415 5655 3504 5710; x_wconf 86' lang='lat' dir='ltr'>est</span> <span class='ocrx_word' id='word_1_746' title='bbox 3517 5647 3763 5731; x_wconf 60' lang='lat' dir='ltr'>epistola</span> 
     </span>
    </p>
   </div>
  </div>
