3918 6230
225 402 322 468 133

1151 399 1393 465 SEC’I‘IO
1424 407 1468 464 I.
1503 437 1574 450 -—
1602 401 1786 464 ANTE
1813 394 2100 464 ευωίωι
2129 397 2652 465 PON’I‘IFICA‘I‘UM.

3459 403 3563 469 23L

235 534 402 608 ipsius
430 532 503 589 ad
535 534 603 588 Ι).
637 532 712 598 Q.
741 533 809 590 V.
841 533 910 588 Μ.
943 533 1008 588 II.
1038 533 1099 588 E.
1115 532 1464 604 jamdudum
1485 531 1723 599 directa,
1751 549 1843 586 cu-
1880 534 1935 592 Α
1957 534 2047 586 tus
2077 531 2151 587 ad
2199 532 2592 605 quorumlibet
2649 529 2915 586 notitiam
2945 531 3268 602 pervenire,
3303 549 3430 606 quin
3457 537 3562 592 sub

227 625 316 696 jus
342 623 643 696 exemplar
672 623 841 678 vobis
871 623 1152 689 misimus,
1185 624 1240 676 ut
1289 624 1348 676 et
1379 620 1516 693 quid
1559 624 1751 676 actum
1782 621 1856 675 sit

231 713 465 783 sciretis,
493 715 554 767 et
577 727 761 785 quam
793 712 936 766 nihil
968 712 1073 766 sibi
1108 710 1410 783 profuerit,
1443 714 1500 763 et
1531 713 1591 764 ut
1621 725 1850 765 causam

232 801 364 868 doli,
397 800 445 855 si
475 805 679 856 tamen
711 800 878 856 dolus
895 803 1000 866 est,
1025 798 1396 870 investigetis.
1423 799 1587 852 Certe
1616 799 1851 852 clarissi-

233 907 389 946 mam
423 890 730 945 dominam
759 893 818 943 et
851 893 1099 944 matrem
1116 903 1435 959 regnorum
1462 903 1560 940 vos
1577 888 1853 941 hactenus

229 980 402 1035 fuisse
451 979 830 1034 manifestum
900 981 1005 1041 est,
1061 976 1270 1032 nostris
1326 975 1611 1048 periculis,
1643 975 1687 1028 si
1740 992 1854 1047 qua

232 1067 581 1139 ingruerint,
605 1067 898 1121 credimus
926 1067 1069 1120 velle
1091 1081 1442 1132 succurrere,
1475 1065 1690 1119 nedum
1723 1065 1852 1119 ﬁlias

233 1156 533 1229 quondam
568 1156 812 1225 dilectae,
844 1155 959 1209 sive
976 1158 1230 1227 potestas
1261 1159 1460 1227 erepta
1490 1157 1574 1208 est
1598 1154 1711 1208 sive
1734 1170 1851 1209 non

233 1249 334 1313 est,
367 1245 502 1299 ﬁliae
538 1262 660 1299 non
693 1244 1016 1312 subvenire,
1039 1245 1096 1299 in
1123 1244 1391 1299 maestitia
1411 1247 1515 1301 est.
1545 1244 1856 1299 Hortamur

231 1337 434 1388 tamen
456 1350 561 1389 vos
605 1334 905 1406 explorare
935 1333 1087 1406 apud
1125 1333 1416 1400 Carolum,
1470 1349 1576 1405 per
1603 1333 1856 1387 valentes

230 1422 475 1493 legatos,
507 1426 706 1476 utrum
724 1421 858 1476 velit
869 1437 997 1476 eam
1022 1421 1182 1477 vobis
1194 1421 1561 1488 reddere,aut
1574 1421 1852 1475 creditam

228 1511 676 1566 commendare.
712 1510 948 1565 Videtur
992 1510 1204 1583 quippe
1230 1510 1360 1565 ideo
1387 1510 1543 1565 illam
1575 1509 1652 1564 sic
1678 1509 1852 1564 obsti-

231 1603 371 1655 nato
409 1599 609 1655 animo
663 1598 942 1666 retinere,
977 1615 1050 1653 ne
1075 1598 1337 1654 videatur
1365 1598 1488 1653 sine
1537 1613 1706 1653 causa
1761 1613 1851 1652 ce-

235 1689 410 1760 pisse.

759 1776 1094 1834 EPIS’I‘OI.A
1133 1776 1343 1833 CXXIX.

631 1881 688 1921 ν.
720 1883 780 1922 ν.
812 1883 870 1921 ι).
895 1882 948 1922 Α.
983 1882 1042 1920 Η.
1067 1879 1128 1922 G.
1157 1882 1216 1924 Ι).
1248 1883 1306 1920 ν.
1332 1882 1368 1922 ι.
1403 1881 1459 1920 Ι).

298 1954 581 2022 Quamvis
627 1971 731 2012 vos
779 1955 839 2010 in
870 1955 1115 2027 propriis
1166 1953 1348 2010 causis
1406 1953 1666 2009 noverim
1722 1953 1857 2008 satis

226 2045 529 2117 occupari,
551 2048 752 2100 tamen
769 2060 1079 2099 commune
1101 2043 1418 2115 periculum
1439 2042 1624 2114 magis
1644 2041 1854 2097 sollici-

226 2139 315 2190 tos
341 2134 600 2190 reddere
634 2133 828 2188 debet.
888 2132 1052 2188 Scitis
1080 2148 1222 2205 quas
1265 2132 1676 2187 conventiones
1723 2146 1855 2185 cum

226 2223 436 2278 Odone
462 2226 526 2277 et
551 2221 857 2277 Heriberto
884 2220 1190 2276 comitibus
1228 2220 1618 2285 habuerimus,
1647 2222 1704 2273 et
1757 2235 1858 2273 cur

227 2311 469 2367 obsides
501 2309 934 2367 donaverimus.
953 2311 1190 2376 Instant,
1218 2313 1277 2365 et
1292 2308 1636 2380 promissam
1657 2306 1852 2362 amici-

226 2400 376 2455 tiam
410 2399 745 2472 requirunt.
779 2401 976 2470 Itaque
1006 2397 1220 2452 nuntiis
1245 2414 1448 2452 eorum
1503 2396 1852 2468 respondere

223 2487 415 2543 debeo
463 2488 539 2542 de
590 2503 726 2542 mea
769 2503 835 2541 ac
858 2490 1044 2541 vestra
1075 2487 1456 2541 voluntatem
1495 2485 1641 2540 Non.
1693 2485 1851 2556 Sept.

222 2578 431 2643 Mores,
488 2576 703 2643 studia,
759 2575 941 2641 dolos,
985 2575 1215 2629 fraudes
1269 2591 1470 2629 eorum
1526 2573 1676 2629 inter
1713 2590 1855 2645 quos

221 2665 452 2733 habito,
488 2665 666 2719 scitis.
699 2663 902 2718 Redite
933 2680 1070 2734 ergo
1098 2680 1274 2736 usque
1297 2664 1370 2718 ad
1393 2664 1751 2731 Bublionem,
1772 2663 1853 2718 uti

220 2753 529 2808 vobiscum
547 2753 705 2824 loqui
717 2753 934 2823 possim
959 2753 1027 2807 de
1045 2753 1130 2807 his
1143 2769 1269 2825 quae
1291 2753 1570 2808 mandare
1593 2769 1708 2807 non
1729 2769 1854 2824 pos-

220 2842 541 2897 sum.Snnt
557 2841 716 2896 enim
733 2857 824 2895 res
837 2841 1170 2912 grandes,et
1189 2842 1262 2896 ad
1287 2858 1386 2896 vos
1403 2843 1649 2897 multum
1674 2841 1851 2914 perti-

223 2933 460 2998 nentes,
495 2933 554 2985 et
586 2930 724 3001 quia
753 2930 1044 2985 civitatem
1075 2930 1352 2985 sinel'orti
1381 2931 1633 3002 periculo
1655 2929 1850 2985 dimit-

222 3021 346 3074 tere
371 3035 496 3075 non
529 3035 792 3090 possum,
826 3017 872 3072 si
900 3019 1107 3090 placet,
1140 3018 1585 3075 manuscomitis
1612 3021 1848 3082 [Menam

230 3107 475 3176 Comes]
496 3107 688 3162 veniet
717 3106 876 3161 vobis
897 3107 1148 3176 obviam,
1178 3124 1304 3180 quas
1336 3125 1434 3164 vos
1459 3108 1621 3163 omni
1639 3107 1849 3164 securi-
1879 3146 1926 3206 Ο

224 3199 344 3251 tate
378 3195 458 3252 ad
483 3213 594 3252 nos
638 3212 819 3268 usque
851 3196 1148 3267 perducat.
1180 3196 1396 3265 Valete,
1424 3199 1484 3252 et
1535 3213 1663 3270 qua:
1695 3196 1854 3252 vobis

218 3285 407 3354 cordi,
433 3284 692 3341 velocius
719 3284 1084 3345 remandate.

771 3381 1105 3438 EPISTOLA
1147 3381 1333 3438 CXXX.

716 3486 1019 3528 RAINAUDO
1057 3487 1363 3528 MONACHO.

288 3562 422 3617 Non
445 3559 766 3632 existimes,
797 3559 1122 3616 dulcissime
1153 3561 1384 3628 fratrer,
1411 3557 1545 3617 vitio
1578 3577 1711 3617 meo
1727 3560 1852 3617 ﬁeri

217 3651 380 3723 quod
391 3649 605 3705 tandiu
618 3649 870 3704 fratrum
888 3665 1153 3704 meorum
1171 3647 1480 3721 praesentia
1494 3652 1852 3706 careo.Post-

214 3753 400 3810 quam
424 3753 462 3792 a
483 3738 542 3790 te
570 3735 862 3808 digressus
886 3752 1038 3805 sum,
1062 3736 1591 3793 crebrisitineribus
1621 3755 1854 3794 causam

212 3825 404 3897 patris
432 3823 556 3878 mei
586 3823 929 3878 Columbani
956 3840 1062 3896 pro
1108 3825 1320 3880 viribus
1351 3829 1645 3882 exsecutus
1701 3843 1852 3882 sum.

213 3913 572 3985 Regnorum
603 3909 876 3977 ambitio,
911 3912 1036 3968 dira
1059 3915 1116 3967 et
1143 3913 1753 3988 miserandatempora
1771 3916 1857 3971 fas

213 4003 530 4057 verterunt
552 3999 614 4054 in
641 4000 836 4069 nefas;
888 4000 1029 4056 nulli
1048 4002 1180 4072 jure
1228 4002 1566 4075 rependitur
1592 4020 1692 4058 sua
1718 4003 1858 4058 ﬁdes

213 4088 342 4160 Ego
369 4093 744 4156 tamen,cum
785 4089 963 4144 sciam
991 4091 1190 4146 omnia
1240 4107 1309 4146 ex
1339 4091 1571 4146 Domini
1601 4092 1858 4163 pendere

214 4178 550 4245 sententia,
565 4194 695 4250 quae
716 4177 887 4232 simul
913 4179 1090 4234 corda
1106 4182 1164 4233 et
1188 4195 1371 4251 regna
1391 4179 1645 4235 ﬁliorum
1667 4179 1854 4236 homi-

218 4283 370 4322 num
406 4269 731 4337 permutat,
756 4266 971 4322 exitum
1002 4283 1199 4322 rerum
1246 4267 1538 4340 patienter
1567 4273 1853 4340 exspecto.

224 4355 398 4410 Idem
416 4371 656 4428 quoque
703 4355 894 4411 facere
924 4359 979 4411 te
1011 4359 1069 4412 et
1113 4373 1325 4412 moneo
1348 4360 1406 4412 et
1435 4358 1854 4414 hortor.Unum

1878 1859 1930 1920 B

1956 623 2152 675 nostra
2173 621 2499 693 deposuerit
2524 620 2655 675 ﬁde.

2451 708 2782 766 EPISTOLA
2825 710 3033 764 CXXXI.

2026 800 2190 863 Quod
2218 799 2626 854 benevolentia
2654 802 2838 853 vestra
2868 799 3184 854 secundum
3208 799 3558 872 dignitatem

1954 888 2122 943 vestri
2147 888 2401 943 nominis
2426 888 2646 942 assidue
2677 887 3050 958 perfruimur,
3091 888 3407 961 plurimum
3431 906 3566 945 con-

1954 976 2293 1046 gaudemus,
2318 993 2448 1031 cum
2482 976 2665 1031 nostri
2692 975 2956 1043 utilitate,
2984 980 3108 1031 tum
3134 978 3300 1032 vestri
3327 977 3565 1033 honoris

1953 1066 2340 1136 provectione.
2365 1066 2652 1120 Laetamur
2670 1082 2820 1119 nunc
2839 1065 3145 1136 prmsentia
3158 1067 3384 1139 nepotis
3398 1067 3565 1121 Adal-

1953 1154 2184 1209 beronis
2229 1154 2686 1209 Verdunensium
2735 1154 3006 1226 episcopi,
3057 1154 3154 1227 qui
3195 1172 3312 1222 vos,
3369 1155 3565 1210 habita

1953 1243 2297 1298 rationeloci
2325 1246 2382 1298 et
2412 1243 2850 1315 temporis,cum
2869 1242 3046 1314 copiis
3058 1243 3257 1298 adfore
3278 1243 3565 1315 pollicitus

1954 1334 2059 1385 est.
2084 1333 2279 1404 Itaque
2310 1331 2490 1386 einon
2515 1331 2874 1398 dissimilem,
2905 1336 3186 1404 quantum
3214 1333 3286 1387 ad
3309 1331 3562 1388 aﬁ'ectio-

1955 1436 2089 1473 nem
2124 1420 2303 1475 animi
2331 1424 2572 1493 spectat,
2632 1421 3101 1491 magnitudinem
3152 1424 3400 1476 vestram
3434 1421 3562 1476 urbi

1956 1509 2270 1564 Remorum
2289 1508 2623 1564 exhibebitis
2643 1526 2714 1563 xu
2735 1511 2856 1564 Kal.
2883 1510 3084 1568 Octob.
3109 1509 3272 1574 Quod
3291 1513 3348 1564 et
3367 1525 3566 1564 mona-

1954 1598 2127 1653 chum
2153 1598 2397 1653 latorem
2427 1597 2680 1670 epistola:
2705 1599 2980 1666 celabitis,
3014 1601 3073 1653 et
3105 1613 3228 1653 rem
3251 1601 3374 1654 tuto
3398 1598 3566 1652 silen-

1953 1686 2032 1742 tio
2053 1686 2280 1758 tegetis,
2305 1687 2385 1742 uti
2414 1687 2666 1743 occultus
2697 1704 2761 1742 ac
2793 1687 3134 1761 improvisus
3153 1686 3224 1742 ad
3256 1703 3361 1742 nos
3383 1686 3565 1759 possit

1953 1793 2072 1832 esse
2105 1779 2291 1832 vester
2327 1776 2626 1832 adventus.

2453 1864 2788 1921 EPISTOLA
2828 1865 3062 1921 CXXXII.

2028 1953 2320 2018 Quantum
2333 1953 2554 2009 consilii
2577 1957 2973 2026 quantumque
2990 1954 3230 2010 rationis
3245 1951 3487 2027 provida
3506 1953 3562 2009 in

1958 2047 2156 2098 menle
2195 2042 2451 2105 versetis,
2485 2059 2617 2098 cum
2649 2043 2773 2097 aliis
2823 2042 3166 2112 innotuerit,
3202 2047 3327 2098 tum
3379 2042 3564 2098 exitus

1955 2132 2179 2188 viarum
2208 2131 2769 2187 Carolimauil‘estius
2788 2131 3188 2204 prodiderunt.
3220 2131 3331 2187 Sed
3358 2130 3405 2185 si
3430 2148 3565 2186 eum

1958 2239 1991 2276 a
2008 2221 2301 2294 provincia
2317 2224 2502 2277 vestra
2518 2222 2910 2278 veluthostam
2923 2223 3257 2295 propulsare
3282 2220 3390 2276 nisi
3409 2220 3564 2288 estis,

1957 2310 2279 2365 amicorum
2303 2314 2642 2377 vestrorum,
2693 2310 2949 2364 Hemmaa
2979 2309 3283 2382 reginze,et
3314 2308 3567 2382 episcopi

1953 2398 2332 2455 Adalberonis
2347 2399 2680 2454 meminisse
2709 2398 3001 2467 debuistis,
3021 2402 3078 2452 et
3094 2397 3138 2452 si
3156 2398 3289 2453 velit
3310 2397 3563 2453 amicum

1955 2487 2014 2541 in
2046 2503 2293 2558 regnum
2325 2487 2658 2554 sublimare,
2679 2487 3055 2542 nihilominus
3080 2503 3281 2542 eorum
3314 2485 3568 2541 oblivisci

1956 2595 2072 2632 non
2091 2576 2364 2647 oportuit,
2398 2576 2682 2648 simulque
2705 2576 2855 2647 apud
2875 2576 3082 2631 inﬁdos
3101 2561 3568 2631 mbleﬁciabene-

1954 2665 2096 2718 ﬁciis
2126 2682 2243 2720 non
2273 2665 2549 2735 superari.
2595 2664 2927 2736 Signiﬁcate
2959 2664 3171 2736 ergosi
3194 2663 3331 2736 quid
3359 2664 3566 2718 barum

1954 2753 2150 2790 rerum
2179 2737 2235 2790 in
2271 2737 2476 2790 melius
2505 2753 2611 2808 per
2640 2735 2738 2790 vos
2773 2735 3117 2790 commutari
3150 2735 3346 2806 possit,
3381 2738 3440 2789 et
3465 2752 3568 2789 cur

1954 2824 2235 2880 indictum
2251 2825 2596 2896 colloquium
2613 2841 2716 2898 pro
2737 2841 2875 2896 pace
2895 2825 3045 2879 inter
3060 2823 3569 2896 regesncglectum

1953 2914 2046 2981 sit,
2080 2917 2137 2968 et
2163 2913 2208 2968 si
2257 2915 2460 2969 saltem
2508 2915 2702 2970 futura
2757 2915 2920 2988 quies
2973 2913 3126 2968 inter
3179 2931 3276 2968 eos
3320 2916 3564 2968 constat.

1952 3004 2179 3058 Interea
2217 3002 2261 3056 si
2293 3003 2609 3075 quidquam
2658 3003 3062 3058 benevolentia
3119 3002 3567 3074 promeruimus,

1955 3094 2204 3148 multum
2262 3093 2533 3166 petimus,
2562 3093 2926 3166 multumque
2983 3109 3238 3160 oramus,
3293 3108 3364 3147 ne
3398 3091 3570 3146 militi

1954 3185 2153 3237 nostro
2183 3183 2302 3238 We.
2337 3199 2442 3255 pro
2474 3184 2602 3238 Ber.
2653 3183 3051 3254 prmjudicium
3077 3181 3196 3238 ﬁat.
3230 3180 3326 3236 Est
3354 3180 3570 3253 quippe

1954 3271 2036 3326 eis
2055 3285 2366 3328 commune
2385 3273 2676 3345 praedium
2695 3273 2752 3327 in
2775 3273 2872 3328 lite
2887 3289 3019 3328 cum
3039 3269 3304 3338 Ecclesia,
3335 3270 3570 3342 vultque

1954 3360 2016 3415 Β.
2049 3361 2155 3418 sibi
2173 3361 2297 3416 cedi
2328 3362 2388 3418 in
2408 3365 2637 3434 partem
2669 3378 2740 3416 ex
2757 3361 2886 3416 novi
2913 3360 3104 3432 operis
3131 3360 3372 3432 capella,
3406 3358 3564 3432 quod

1955 3465 2074 3504 non
2100 3449 2279 3521 possit
2300 3451 2430 3522 jure
2461 3449 2661 3506 haberi
2692 3450 2798 3505 nisi
2829 3467 2892 3505 ex
2916 3466 3081 3521 {equo
3096 3449 3245 3504 facta
3259 3447 3567 3503 divisione.

1954 3540 2108 3594 Bene
2149 3539 2355 3608 valete,
2392 3556 2456 3594 ac
2488 3542 2749 3594 nostrum
2805 3536 3086 3606 codicem,
3115 3537 3161 3592 si
3206 3536 3412 3610 placet,
3466 3551 3569 3608 per

1954 3627 2136 3683 ﬁdum
2159 3629 2429 3685 nuntium
2468 3627 2782 3699 resignate.

2444 3716 2779 3774 EPISTOLA
2819 3713 3082 3774 CXXXIII.

2609 3826 2655 3864 Ζ.
2699 3824 2749 3862 II.
2793 3825 2843 3862 Β.
2878 3823 2918 3863 I.

2026 3895 2205 3952 Anxie
2224 3895 2458 3970 quidem
2466 3895 2816 3968 jamdudum
2829 3898 3020 3951 vestra
3036 3891 3346 3968 prazsentia
3358 3889 3573 3948 frustra

1959 4003 2112 4054 mur,
2136 3987 2318 4041 multa
2334 3985 2532 4040 vestris
2548 3985 2798 4041 consiliis
2811 3984 3170 4057 disponenda
3186 3997 3568 4038 reservamus.

1957 4075 2143 4131 Nostis
2197 4091 2372 4148 quam
2409 4091 2730 4148 paucorum
2784 4073 2921 4129 ﬁdei
2954 4073 3100 4146 reip.
3159 4071 3392 4144 negotia
3437 4074 3572 4125 sunt

1958 4164 2398 4220 committenda.
2419 4165 2613 4237 Itaque
2643 4167 2938 4235 optamus,
2967 4179 3301 4229 monemus,
3335 4176 3573 4216 oramus

1958 4253 2120 4308 omni
2147 4252 2353 4307 affectu
2393 4252 2688 4307 charitatis
2717 4253 2917 4308 adfore
2969 4268 3068 4306 vos
3124 4251 3319 4306 Remis
3362 4266 3394 4304 x
3443 4249 3573 4315 Kal.

1958 4341 2156 4398 Octob.
2190 4357 2320 4396 cum
2352 4357 2457 4412 pro
2488 4341 2729 4396 summis
2743 4340 3239 4412 rationibus,quas
3262 4338 3422 4394 vobis
3443 4339 3574 4392 tan-

227 4426 712 4500 autemiinterim
741 4446 1057 4516 plurimum
1103 4463 1368 4519 exposco,
1420 4447 1577 4519 quod
1630 4451 1688 4503 et
1731 4448 1856 4503 sine
1881 4428 1936 4488 D
1959 4435 2081 4486 tum
2110 4429 2344 4519 crede“?
2365 4430 2459 4519 (³³
2483 4433 2589 4496 θεῖν
2624 4434 2747 4519 tum
2771 4429 2950 4519 θίίξιηὶ
2981 4445 3092 4519 ΡΨ
3111 4427 3382 4519 δίψθηᾴθο
3406 4426 3569 4482 οΐάί’

229 4533 500 4604 periculo
557 4550 622 4588 ac
653 4534 1005 4590 detrimento
1035 4535 1117 4590 tui
1147 4536 1269 4600 fiat,
1313 4539 1370 4590 et
1397 4553 1492 4592 me
1543 4535 1642 4592 tibi
1681 4554 1858 4610 quam

230 4623 499 4678 maxime
513 4622 574 4676 in
594 4623 852 4678 amicitia
872 4625 1410 4697 constringat.Nosti
1429 4629 1647 4698 quanto
1669 4627 1856 4682 studio

232 4710 530 4766 librorum
545 4712 901 4783 exemplaria
917 4713 1172 4786 undique
1184 4714 1701 4787 conquiram,nosti
1715 4719 1860 4788 quot

233 4800 556 4871 scriptores
599 4800 949 4857 in-urbibus
1001 4807 1098 4858 aut
1128 4803 1187 4858 in
1240 4804 1391 4876 agris
1435 4804 1612 4858 Italiae
1644 4804 1857 4875 passim

235 4886 592 4943 habeantur.
643 4891 764 4961 Age
790 4905 952 4962 ergo,
1006 4895 1064 4946 et
1093 4896 1148 4946 te
1192 4893 1314 4947 solo
1346 4891 1574 4948 conscio
1627 4909 1693 4947 ex
1745 4893 1857 4948 tuis

234 4977 572 5048 sumptibus
623 4979 713 5033 fac
741 4981 805 5033 ut
850 4979 994 5034 mihi
1022 4981 1344 5036 scribantur
1381 4981 1447 5038 Μ.
1483 4981 1740 5037 Manilius
1786 4982 1856 5038 de

238 5066 581 5138 astrologia,
610 5066 936 5122 Victorinus
983 5069 1053 5125 de
1097 5071 1406 5139 rhetorica,
1442 5071 1857 5127 Demosthenes

237 5154 652 5227 ophtalmicus.
673 5157 948 5228 Spondeo
975 5158 1316 5231 tibi,frater,
1330 5163 1387 5214 et
1417 5164 1641 5216 certum
1659 5163 1854 5231 teneo,

241 5243 378 5315 quia
409 5243 758 5317 obsequium
810 5244 919 5300 hoc
976 5246 1146 5304 ﬁdele
1199 5251 1257 5304 et
1297 5249 1447 5304 hanc
1503 5249 1857 5306 laudabilem

1957 4519 2192 4576 natione
2219 4519 2285 4574 0.
2319 4517 2760 4572 Silvanectensis
2781 4517 3033 4590 episcopi
3062 4515 3373 4590 designati.

2456 4615 2794 4671 EPISTOLA
2831 4615 3068 4671 CXXXIV

2147 4723 2221 4761 AD
2252 4721 2542 4761 REMIGIUM
2577 4721 2910 4761 MONACHUM
2940 4721 3379 4762 TREVIRENSEM.

2028 4795 2181 4850 Bene
2195 4795 2428 4867 quidem
2454 4793 2807 4850 intellexistis
2823 4794 2893 4850 de
2915 4809 3161 4850 numero
3178 4795 3244 4848 D.
3275 4791 3571 4865 quomodo

1958 4903 2017 4940 se
2047 4885 2232 4956 ipsum
2264 4884 2558 4939 metiatur.
2583 4885 2775 4941 Semel
2811 4901 3061 4957 namque
3090 4899 3260 4949 unus,
3281 4895 3428 4934 unus
3459 4884 3571 4940 est.

1958 4975 2058 5031 sed
2089 4990 2206 5029 non
2225 4972 2436 5028 idcirco
2469 4972 2658 5029 omnis
2681 4989 2955 5028 numerus
2974 4971 3226 5042 seipsum
3245 4965 3576 5035 metitur,ut

1959 5063 2249 5138 scripsisti,
2293 5063 2389 5136 qui
2416 5062 2523 5118 sibi
2548 5079 2747 5135 aequus
2783 5065 2889 5116 est.
2941 5061 3084 5116 Nam
3117 5073 3249 5112 cum
3303 5056 3482 5111 semel
3516 5070 3570 5111 ιν

1958 5154 2158 5222 sintiv,
2182 5151 2511 5208 nonideow
2531 5151 2854 5208 metiuntur
2871 5166 2945 5217 ιν,
2970 5147 3069 5202 sed
3090 5147 3281 5218 potius
3305 5145 3417 5201 duo
3449 5161 3462 5200 :
3487 5143 3577 5201 bis

1959 5241 2120 5298 enim
2148 5241 2269 5296 bini
2292 5259 2346 5297 1v
2368 5244 2522 5297 sunt.
2554 5243 2731 5296 Porro
2756 5255 2771 5292 ι
2794 5237 2985 5292 littera
3003 5251 3178 5308 quam
3193 5234 3298 5291 sub
3319 5233 3508 5308 ﬁgura
3534 5249 3568 5290 x

239 5330 638 5389 Obedienliam
656 5333 764 5389 sub
791 5336 988 5391 sancto
1013 5336 1240 5393 silentio
1257 5337 1465 5404 habeo,
1499 5341 1557 5393 et
1581 5337 1862 5412 quidquid
1962 5331 2300 5386 adnotatam
2327 5328 2612 5402 reperisti,
2645 5345 2679 5383 x
2709 5325 2995 5399 signiﬁcat
3042 5324 3314 5395 unitates,
3349 5341 3478 5398 qua:
3509 5323 3572 5380 in

238 5423 572 5494 erogaveris
619 5423 983 5480 cumulatum
1023 5426 1342 5494 remittam,
1392 5427 1712 5484 secundum
1766 5427 1864 5484 tua
1963 5437 2057 5476 sex
2089 5423 2148 5474 et
2178 5435 2230 5474 1v
2259 5417 2578 5474 distributas
2609 5417 3015 5490 sequialteram
3033 5413 3293 5470 efﬁcmnt
3321 5429 3569 5488 propor-

239 5511 471 5586 seripta,
499 5515 696 5588 etquo
728 5516 994 5586 tempore
1012 5516 1271 5588 jusseris.
1305 5518 1554 5575 Tantum
1601 5517 1865 5590 signiﬁca
1963 5508 2205 5564 tionem.
2225 5506 2384 5562 Idem
2419 5522 2648 5578 quoque
2677 5507 2737 5561 in
2753 5521 2806 5560 vx
2829 5508 2888 5562 et
2903 5503 3128 5559 duobus
3143 5503 3389 5576 perspici
3412 5502 3570 5572 licet,

236 5599 327 5659 etii
377 5605 435 5659 et
461 5606 563 5662 tua
609 5617 870 5661 munera
899 5605 955 5658 et
983 5608 1180 5662 nostra
1207 5608 1572 5682 porrigamus
1625 5609 1857 5682 scripta,
1968 5596 2067 5655 ubi
2081 5599 2268 5651 unitas
2290 5594 3037 5671 estditferentiaSplueram
3057 5592 3163 5650 tibi
3183 5595 3403 5651 nullam
3421 5591 3577 5649 misi-

235 5691 717 5776 frequentiusque
739 5705 850 5749 nos
877 5692 984 5750 tuis
1003 5695 1208 5753 litteris
1227 5697 1473 5758 Iatiﬁca.
1490 5699 1605 5758 Nec
1627 5699 1700 5758 sit
1752 5715 1882 5787 me.
1971 5703 2122 5762 mus,
2154 5699 2261 5744 nec
2291 5684 2366 5747 ad
2388 5691 2643 5764 praesens
2670 5685 2850 5745 ullam
2876 5683 3181 5761 habemus,
3229 5699 3338 5743 nec
3367 5685 3454 5743 est
3480 5696 3581 5746 res

671 5793 923 5858 Panos.
953 5791 1209 5882 cxxxiii,
3293 5797 3332 5874 ἢ
