  <div class='ocr_page' id='page_1' title='image "/cluster/home/n/w/nwhite01/storage/ocr_20150623/139/uva.x000829787/125.png"; bbox 0 0 3918 6230; ppageno 0'>
   <div class='ocr_carea' id='block_1_1' title="bbox 368 397 470 462">
    <p class='ocr_par' dir='ltr' id='par_1_1' title="bbox 368 397 470 462">
     <span class='ocr_line' id='line_1_1' title="bbox 368 397 470 462; baseline -0.039 0"><span class='ocrx_word' id='word_1_1' title='bbox 368 397 470 462; x_wconf 67' lang='grc' dir='ltr'>Ξόὃ</span> 
     </span>
    </p>
   </div>
   <div class='ocr_carea' id='block_1_2' title="bbox 1002 356 3038 447">
    <p class='ocr_par' dir='ltr' id='par_1_2' title="bbox 1002 356 3038 447">
     <span class='ocr_line' id='line_1_2' title="bbox 1002 356 3038 447; baseline -0.011 0"><span class='ocrx_word' id='word_1_2' title='bbox 1002 378 1353 447; x_wconf 76' lang='lat' dir='ltr'><strong>SILVESTRI</strong></span> <span class='ocrx_word' id='word_1_3' title='bbox 1390 385 1436 441; x_wconf 85' lang='grc' dir='ltr'><strong>ιι</strong></span> <span class='ocrx_word' id='word_1_4' title='bbox 1475 371 1676 439; x_wconf 64' lang='lat' dir='ltr'>PAPIE</span> <span class='ocrx_word' id='word_1_5' title='bbox 1715 375 1871 436; x_wconf 78' lang='lat' dir='ltr'>orp.</span> <span class='ocrx_word' id='word_1_6' title='bbox 1912 356 2094 432; x_wconf 73' lang='lat' dir='ltr'>PARS</span> <span class='ocrx_word' id='word_1_7' title='bbox 2133 364 2228 430; x_wconf 81' lang='lat' dir='ltr'>In.</span> <span class='ocrx_word' id='word_1_8' title='bbox 2269 403 2338 415; x_wconf 87' lang='grc'><strong><em>-</em></strong></span> <span class='ocrx_word' id='word_1_9' title='bbox 2374 367 2589 428; x_wconf 84' lang='lat' dir='ltr'>EPIST.</span> <span class='ocrx_word' id='word_1_10' title='bbox 2633 364 2716 427; x_wconf 85' lang='lat' dir='ltr'><strong>ET</strong></span> <span class='ocrx_word' id='word_1_11' title='bbox 2753 357 3038 426; x_wconf 70' lang='lat' dir='ltr'>DIPLOM.</span> 
     </span>
    </p>
   </div>
   <div class='ocr_carea' id='block_1_3' title="bbox 3587 362 3691 423">
    <p class='ocr_par' dir='ltr' id='par_1_3' title="bbox 3587 362 3691 423">
     <span class='ocr_line' id='line_1_3' title="bbox 3587 362 3691 423; baseline -0.01 0"><span class='ocrx_word' id='word_1_12' title='bbox 3587 362 3691 423; x_wconf 73' lang='lat'>236</span> 
     </span>
    </p>
   </div>
   <div class='ocr_carea' id='block_1_4' title="bbox 369 492 3698 600">
    <p class='ocr_par' dir='ltr' id='par_1_4' title="bbox 369 492 3698 600">
     <span class='ocr_line' id='line_1_4' title="bbox 369 492 3698 600; baseline -0.011 -17"><span class='ocrx_word' id='word_1_13' title='bbox 369 525 530 600; x_wconf 86' lang='lat' dir='ltr'>parvi</span> <span class='ocrx_word' id='word_1_14' title='bbox 551 521 762 580; x_wconf 85' lang='lat' dir='ltr'>laboris</span> <span class='ocrx_word' id='word_1_15' title='bbox 793 521 914 574; x_wconf 87' lang='lat' dir='ltr'>tam</span> <span class='ocrx_word' id='word_1_16' title='bbox 946 514 1234 588; x_wconf 82' lang='lat' dir='ltr'>occupatis</span> <span class='ocrx_word' id='word_1_17' title='bbox 1274 512 1331 568; x_wconf 89' lang='lat' dir='ltr'>in</span> <span class='ocrx_word' id='word_1_18' title='bbox 1363 509 1618 567; x_wconf 78' lang='lat' dir='ltr'>civilibus</span> <span class='ocrx_word' id='word_1_19' title='bbox 1667 503 1869 571; x_wconf 81' lang='lat' dir='ltr'>causis,</span> <span class='ocrx_word' id='word_1_20' title='bbox 1911 501 1969 556; x_wconf 89' lang='lat' dir='ltr'>Si</span> <span class='ocrx_word' id='word_1_21' title='bbox 2005 508 2059 566; x_wconf 75' lang='grc' dir='ltr'><strong>Α</strong></span> <span class='ocrx_word' id='word_1_22' title='bbox 2080 500 2273 556; x_wconf 89' lang='lat' dir='ltr'>citiam</span> <span class='ocrx_word' id='word_1_23' title='bbox 2305 498 2551 554; x_wconf 79' lang='lat' dir='ltr'>scienter</span> <span class='ocrx_word' id='word_1_24' title='bbox 2580 495 2793 551; x_wconf 89' lang='lat' dir='ltr'>violare</span> <span class='ocrx_word' id='word_1_25' title='bbox 2840 492 3143 560; x_wconf 86' lang='lat' dir='ltr'>molimur,</span> <span class='ocrx_word' id='word_1_26' title='bbox 3177 506 3285 548; x_wconf 86' lang='lat' dir='ltr'>nec</span> <span class='ocrx_word' id='word_1_27' title='bbox 3335 493 3637 564; x_wconf 77' lang='lat' dir='ltr'>acceptam</span> <span class='ocrx_word' id='word_1_28' title='bbox 3663 507 3698 545; x_wconf 88' lang='lat' dir='ltr'>a</span> 
     </span>
    </p>
   </div>
   <div class='ocr_carea' id='block_1_5' title="bbox 369 581 3698 687">
    <p class='ocr_par' dir='ltr' id='par_1_5' title="bbox 369 581 3698 687">
     <span class='ocr_line' id='line_1_5' title="bbox 369 581 3698 687; baseline -0.011 -17"><span class='ocrx_word' id='word_1_29' title='bbox 369 581 509 687; x_wconf 70' lang='lat' dir='ltr'>ergo</span> <span class='ocrx_word' id='word_1_30' title='bbox 545 616 603 668; x_wconf 92' lang='lat' dir='ltr'>te</span> <span class='ocrx_word' id='word_1_31' title='bbox 635 626 770 664; x_wconf 90' lang='lat' dir='ltr'>cura</span> <span class='ocrx_word' id='word_1_32' title='bbox 825 609 1116 661; x_wconf 88' lang='lat' dir='ltr'>tantarum</span> <span class='ocrx_word' id='word_1_33' title='bbox 1150 603 1372 658; x_wconf 90' lang='lat' dir='ltr'>detinet</span> <span class='ocrx_word' id='word_1_34' title='bbox 1423 615 1642 663; x_wconf 89' lang='lat' dir='ltr'>rerum,</span> <span class='ocrx_word' id='word_1_35' title='bbox 1700 595 1970 650; x_wconf 79' lang='lat' dir='ltr'>volumen</span> <span class='ocrx_word' id='word_1_36' title='bbox 2079 589 2290 644; x_wconf 81' lang='lat' dir='ltr'>nostris</span> <span class='ocrx_word' id='word_1_37' title='bbox 2320 586 2590 658; x_wconf 90' lang='lat' dir='ltr'>iujuriam</span> <span class='ocrx_word' id='word_1_38' title='bbox 2615 585 2976 656; x_wconf 83' lang='lat' dir='ltr'>prOpulsare,</span> <span class='ocrx_word' id='word_1_39' title='bbox 3009 582 3304 637; x_wconf 83' lang='lat' dir='ltr'>sedaKal.</span> <span class='ocrx_word' id='word_1_40' title='bbox 3327 581 3495 636; x_wconf 85' lang='lat' dir='ltr'>Janu.</span> <span class='ocrx_word' id='word_1_41' title='bbox 3516 595 3698 652; x_wconf 87' lang='lat' dir='ltr'>usque</span> 
     </span>
    </p>
   </div>
   <div class='ocr_carea' id='block_1_6' title="bbox 367 679 1972 765">
    <p class='ocr_par' dir='ltr' id='par_1_6' title="bbox 367 679 1972 765">
     <span class='ocr_line' id='line_1_6' title="bbox 367 679 1972 765; baseline -0.016 -7"><span class='ocrx_word' id='word_1_42' title='bbox 367 679 712 760; x_wconf 68' lang='lat' dir='ltr'>Acbilleidos</span> <span class='ocrx_word' id='word_1_43' title='bbox 731 695 894 752; x_wconf 85' lang='lat' dir='ltr'>Statii</span> <span class='ocrx_word' id='word_1_44' title='bbox 918 687 1621 765; x_wconf 88' lang='lat' dir='ltr'>diligentcrcompositum</span> <span class='ocrx_word' id='word_1_45' title='bbox 1642 683 1806 738; x_wconf 87' lang='lat' dir='ltr'>nobis</span> <span class='ocrx_word' id='word_1_46' title='bbox 1837 679 1972 734; x_wconf 90' lang='lat' dir='ltr'>diri-</span> 
     </span>
    </p>
   </div>
   <div class='ocr_carea' id='block_1_7' title="bbox 2079 671 3706 746">
    <p class='ocr_par' dir='ltr' id='par_1_7' title="bbox 2079 671 3706 746">
     <span class='ocr_line' id='line_1_7' title="bbox 2079 671 3706 746; baseline -0.005 -14"><span class='ocrx_word' id='word_1_47' title='bbox 2079 679 2152 733; x_wconf 88' lang='lat' dir='ltr'>ad</span> <span class='ocrx_word' id='word_1_48' title='bbox 2175 677 2404 733; x_wconf 89' lang='lat' dir='ltr'>initium</span> <span class='ocrx_word' id='word_1_49' title='bbox 2425 674 2914 746; x_wconf 81' lang='lat' dir='ltr'>Quadragesimae,</span> <span class='ocrx_word' id='word_1_50' title='bbox 2944 673 3001 728; x_wconf 89' lang='lat' dir='ltr'>in</span> <span class='ocrx_word' id='word_1_51' title='bbox 3020 671 3272 728; x_wconf 83' lang='lat' dir='ltr'>conﬁnio</span> <span class='ocrx_word' id='word_1_52' title='bbox 3298 674 3509 726; x_wconf 67' lang='lat' dir='ltr'>nostra:</span> <span class='ocrx_word' id='word_1_53' title='bbox 3529 671 3706 725; x_wconf 79' lang='lat' dir='ltr'>Fran-</span> 
     </span>
    </p>
   </div>
   <div class='ocr_carea' id='block_1_8' title="bbox 369 759 3701 864">
    <p class='ocr_par' dir='ltr' id='par_1_8' title="bbox 369 759 3701 864">
     <span class='ocr_line' id='line_1_8' title="bbox 369 759 3701 864; baseline -0.01 -18"><span class='ocrx_word' id='word_1_54' title='bbox 369 808 462 864; x_wconf 84' lang='lat' dir='ltr'>ge,</span> <span class='ocrx_word' id='word_1_55' title='bbox 495 793 558 844; x_wconf 88' lang='lat' dir='ltr'>ut</span> <span class='ocrx_word' id='word_1_56' title='bbox 582 787 890 858; x_wconf 66' lang='lat' dir='ltr'>sphmram,</span> <span class='ocrx_word' id='word_1_57' title='bbox 915 759 1089 854; x_wconf 64' lang='lat' dir='ltr'>quain</span> <span class='ocrx_word' id='word_1_58' title='bbox 1117 779 1294 851; x_wconf 84' lang='lat' dir='ltr'>gratis</span> <span class='ocrx_word' id='word_1_59' title='bbox 1321 759 1558 848; x_wconf 82' lang='lat' dir='ltr'>propter</span> <span class='ocrx_word' id='word_1_60' title='bbox 1578 772 1975 828; x_wconf 83' lang='lat' dir='ltr'>difficultatem</span> <span class='ocrx_word' id='word_1_61' title='bbox 2078 767 2202 835; x_wconf 72' lang='lat' dir='ltr'>ciae,</span> <span class='ocrx_word' id='word_1_62' title='bbox 2225 765 2571 836; x_wconf 71' lang='lat' dir='ltr'>Burgundize</span> <span class='ocrx_word' id='word_1_63' title='bbox 2592 780 2656 818; x_wconf 92' lang='lat' dir='ltr'>ac</span> <span class='ocrx_word' id='word_1_64' title='bbox 2678 761 3066 818; x_wconf 89' lang='lat' dir='ltr'>Lothariensis</span> <span class='ocrx_word' id='word_1_65' title='bbox 3085 759 3252 831; x_wconf 81' lang='lat' dir='ltr'>regni</span> <span class='ocrx_word' id='word_1_66' title='bbox 3276 775 3579 814; x_wconf 88' lang='lat' dir='ltr'>occurrere</span> <span class='ocrx_word' id='word_1_67' title='bbox 3599 775 3701 813; x_wconf 86' lang='lat' dir='ltr'>vo-</span> 
     </span>
    </p>
   </div>
   <div class='ocr_carea' id='block_1_9' title="bbox 371 861 1979 947">
    <p class='ocr_par' dir='ltr' id='par_1_9' title="bbox 371 861 1979 947">
     <span class='ocr_line' id='line_1_9' title="bbox 371 861 1979 947; baseline -0.016 -13"><span class='ocrx_word' id='word_1_68' title='bbox 371 861 454 934; x_wconf 77' lang='lat' dir='ltr'>sui</span> <span class='ocrx_word' id='word_1_69' title='bbox 486 895 603 933; x_wconf 90' lang='lat' dir='ltr'>non</span> <span class='ocrx_word' id='word_1_70' title='bbox 637 871 897 947; x_wconf 87' lang='lat' dir='ltr'>poteritis</span> <span class='ocrx_word' id='word_1_71' title='bbox 925 871 1160 935; x_wconf 88' lang='lat' dir='ltr'>habere,</span> <span class='ocrx_word' id='word_1_72' title='bbox 1184 871 1282 922; x_wconf 91' lang='lat' dir='ltr'>tuo</span> <span class='ocrx_word' id='word_1_73' title='bbox 1302 879 1542 919; x_wconf 87' lang='lat' dir='ltr'>munere</span> <span class='ocrx_word' id='word_1_74' title='bbox 1575 862 1761 915; x_wconf 87' lang='lat' dir='ltr'>valeas</span> <span class='ocrx_word' id='word_1_75' title='bbox 1793 861 1979 911; x_wconf 85' lang='lat' dir='ltr'>extor-</span> 
     </span>
    </p>
   </div>
   <div class='ocr_carea' id='block_1_10' title="bbox 372 983 570 1040">
    <p class='ocr_par' dir='ltr' id='par_1_10' title="bbox 372 983 570 1040">
     <span class='ocr_line' id='line_1_10' title="bbox 372 983 570 1040; baseline -0.015 -17"><span class='ocrx_word' id='word_1_76' title='bbox 372 983 570 1040; x_wconf 89' lang='lat' dir='ltr'>quere.</span> 
     </span>
    </p>
   </div>
   <div class='ocr_carea' id='block_1_11' title="bbox 870 1042 1472 1103">
    <p class='ocr_par' dir='ltr' id='par_1_11' title="bbox 870 1042 1472 1103">
     <span class='ocr_line' id='line_1_11' title="bbox 870 1042 1472 1103; baseline -0.015 0"><span class='ocrx_word' id='word_1_77' title='bbox 870 1047 1202 1103; x_wconf 79' lang='lat' dir='ltr'>EPISTOLA</span> <span class='ocrx_word' id='word_1_78' title='bbox 1242 1042 1472 1100; x_wconf 92' lang='lat' dir='ltr'><strong>CXXXV.</strong></span> 
     </span>
    </p>
   </div>
   <div class='ocr_carea' id='block_1_12' title="bbox 859 1146 1492 1192">
    <p class='ocr_par' dir='ltr' id='par_1_12' title="bbox 859 1146 1492 1192">
     <span class='ocr_line' id='line_1_12' title="bbox 859 1146 1492 1192; baseline -0.013 0"><span class='ocrx_word' id='word_1_79' title='bbox 859 1155 933 1192; x_wconf 76' lang='lat' dir='ltr'>AD</span> <span class='ocrx_word' id='word_1_80' title='bbox 964 1146 1492 1191; x_wconf 77' lang='lat' dir='ltr'>ARCHIEPISCOPUM.</span> 
     </span>
    </p>
   </div>
   <div class='ocr_carea' id='block_1_13' title="bbox 449 1209 1984 1299">
    <p class='ocr_par' dir='ltr' id='par_1_13' title="bbox 449 1209 1984 1299">
     <span class='ocr_line' id='line_1_13' title="bbox 449 1209 1984 1299; baseline -0.016 -10"><span class='ocrx_word' id='word_1_81' title='bbox 449 1233 605 1289; x_wconf 90' lang='lat' dir='ltr'>Sicut</span> <span class='ocrx_word' id='word_1_82' title='bbox 629 1230 822 1287; x_wconf 87' lang='lat' dir='ltr'>audita</span> <span class='ocrx_word' id='word_1_83' title='bbox 842 1222 1229 1299; x_wconf 79' lang='lat' dir='ltr'>peregrinatio</span> <span class='ocrx_word' id='word_1_84' title='bbox 1253 1223 1439 1276; x_wconf 88' lang='lat' dir='ltr'>vestra</span> <span class='ocrx_word' id='word_1_85' title='bbox 1463 1231 1780 1272; x_wconf 82' lang='lat' dir='ltr'>maerorem</span> <span class='ocrx_word' id='word_1_86' title='bbox 1820 1209 1984 1267; x_wconf 87' lang='lat' dir='ltr'>nobis</span> 
     </span>
    </p>
   </div>
   <div class='ocr_carea' id='block_1_14' title="bbox 382 1297 1986 1389">
    <p class='ocr_par' dir='ltr' id='par_1_14' title="bbox 382 1297 1986 1389">
     <span class='ocr_line' id='line_1_14' title="bbox 382 1297 1986 1389; baseline -0.017 -10"><span class='ocrx_word' id='word_1_87' title='bbox 382 1323 594 1388; x_wconf 88' lang='lat' dir='ltr'>intulit,</span> <span class='ocrx_word' id='word_1_88' title='bbox 628 1320 708 1374; x_wconf 92' lang='lat' dir='ltr'>ita</span> <span class='ocrx_word' id='word_1_89' title='bbox 736 1297 1094 1389; x_wconf 68' lang='lat' dir='ltr'>perinutatus</span> <span class='ocrx_word' id='word_1_90' title='bbox 1119 1326 1322 1365; x_wconf 90' lang='lat' dir='ltr'>rumor</span> <span class='ocrx_word' id='word_1_91' title='bbox 1353 1306 1514 1362; x_wconf 77' lang='lat' dir='ltr'>dilati</span> <span class='ocrx_word' id='word_1_92' title='bbox 1572 1303 1796 1359; x_wconf 84' lang='lat' dir='ltr'>itineris</span> <span class='ocrx_word' id='word_1_93' title='bbox 1827 1297 1986 1371; x_wconf 88' lang='lat' dir='ltr'>quasi</span> 
     </span>
    </p>
   </div>
   <div class='ocr_carea' id='block_1_15' title="bbox 2075 848 3705 926">
    <p class='ocr_par' dir='ltr' id='par_1_15' title="bbox 2075 848 3705 926">
     <span class='ocr_line' id='line_1_15' title="bbox 2075 848 3705 926; baseline -0.005 -17"><span class='ocrx_word' id='word_1_94' title='bbox 2075 855 2164 910; x_wconf 84' lang='lat' dir='ltr'>bis</span> <span class='ocrx_word' id='word_1_95' title='bbox 2192 854 2374 926; x_wconf 89' lang='lat' dir='ltr'>parati</span> <span class='ocrx_word' id='word_1_96' title='bbox 2395 851 2760 919; x_wconf 89' lang='lat' dir='ltr'>sumus,sicut</span> <span class='ocrx_word' id='word_1_97' title='bbox 2784 848 3169 922; x_wconf 89' lang='lat' dir='ltr'>designabitis</span> <span class='ocrx_word' id='word_1_98' title='bbox 3202 849 3361 904; x_wconf 90' lang='lat' dir='ltr'>diem</span> <span class='ocrx_word' id='word_1_99' title='bbox 3384 849 3705 913; x_wconf 90' lang='lat' dir='ltr'>certum,et</span> 
     </span>
    </p>
   </div>
   <div class='ocr_carea' id='block_1_16' title="bbox 2078 933 3706 1010">
    <p class='ocr_par' dir='ltr' id='par_1_16' title="bbox 2078 933 3706 1010">
     <span class='ocr_line' id='line_1_16' title="bbox 2078 933 3706 1010; baseline -0.006 -12"><span class='ocrx_word' id='word_1_100' title='bbox 2078 944 2269 998; x_wconf 91' lang='lat' dir='ltr'>locum</span> <span class='ocrx_word' id='word_1_101' title='bbox 2298 959 2398 998; x_wconf 91' lang='lat' dir='ltr'>suo</span> <span class='ocrx_word' id='word_1_102' title='bbox 2427 941 2665 996; x_wconf 89' lang='lat' dir='ltr'>nomine</span> <span class='ocrx_word' id='word_1_103' title='bbox 2687 939 3037 1010; x_wconf 90' lang='lat' dir='ltr'>descriptum</span> <span class='ocrx_word' id='word_1_104' title='bbox 3060 955 3073 992; x_wconf 89' lang='lat'>:</span> <span class='ocrx_word' id='word_1_105' title='bbox 3101 940 3164 992; x_wconf 90' lang='lat' dir='ltr'>ut</span> <span class='ocrx_word' id='word_1_106' title='bbox 3179 953 3288 1008; x_wconf 90' lang='lat' dir='ltr'>pax</span> <span class='ocrx_word' id='word_1_107' title='bbox 3313 939 3374 991; x_wconf 91' lang='lat' dir='ltr'>et</span> <span class='ocrx_word' id='word_1_108' title='bbox 3391 933 3706 991; x_wconf 78' lang='lat' dir='ltr'>concordia</span> 
     </span>
    </p>
   </div>
   <div class='ocr_carea' id='block_1_17' title="bbox 2078 1023 3682 1103">
    <p class='ocr_par' dir='ltr' id='par_1_17' title="bbox 2078 1023 3682 1103">
     <span class='ocr_line' id='line_1_17' title="bbox 2078 1023 3682 1103; baseline -0.006 -16"><span class='ocrx_word' id='word_1_109' title='bbox 2078 1047 2414 1103; x_wconf 87' lang='lat' dir='ltr'>regnorum,</span> <span class='ocrx_word' id='word_1_110' title='bbox 2443 1033 2502 1086; x_wconf 89' lang='lat' dir='ltr'>et</span> <span class='ocrx_word' id='word_1_111' title='bbox 2519 1028 2892 1084; x_wconf 85' lang='lat' dir='ltr'>Ecclesiarum</span> <span class='ocrx_word' id='word_1_112' title='bbox 2920 1025 3384 1094; x_wconf 89' lang='lat' dir='ltr'>Domini,nostro</span> <span class='ocrx_word' id='word_1_113' title='bbox 3406 1023 3542 1079; x_wconf 86' lang='lat' dir='ltr'>vitio</span> <span class='ocrx_word' id='word_1_114' title='bbox 3559 1041 3594 1078; x_wconf 95' lang='lat' dir='ltr'>n</span> <span class='ocrx_word' id='word_1_115' title='bbox 3613 1041 3682 1078; x_wconf 74' lang='lat' dir='ltr'>)(l</span> 
     </span>
    </p>
   </div>
   <div class='ocr_carea' id='block_1_18' title="bbox 2084 1120 2446 1177">
    <p class='ocr_par' dir='ltr' id='par_1_18' title="bbox 2084 1120 2446 1177">
     <span class='ocr_line' id='line_1_18' title="bbox 2084 1120 2446 1177; baseline 0.003 -1"><span class='ocrx_word' id='word_1_116' title='bbox 2084 1120 2446 1177; x_wconf 75' lang='lat' dir='ltr'>destituatur.</span> 
     </span>
    </p>
   </div>
   <div class='ocr_carea' id='block_1_19' title="bbox 2579 1203 3210 1262">
    <p class='ocr_par' dir='ltr' id='par_1_19' title="bbox 2579 1203 3210 1262">
     <span class='ocr_line' id='line_1_19' title="bbox 2579 1203 3210 1262; baseline -0.005 -2"><span class='ocrx_word' id='word_1_117' title='bbox 2579 1205 2915 1262; x_wconf 82' lang='lat' dir='ltr'><strong>EPISTOLA</strong></span> <span class='ocrx_word' id='word_1_118' title='bbox 2953 1203 3210 1259; x_wconf 85' lang='lat' dir='ltr'>CXXXIX.</span> 
     </span>
    </p>
   </div>
   <div class='ocr_carea' id='block_1_20' title="bbox 2160 1287 3707 1366">
    <p class='ocr_par' dir='ltr' id='par_1_20' title="bbox 2160 1287 3707 1366">
     <span class='ocr_line' id='line_1_20' title="bbox 2160 1287 3707 1366; baseline -0.006 -14"><span class='ocrx_word' id='word_1_119' title='bbox 2160 1297 2394 1352; x_wconf 87' lang='lat' dir='ltr'>Erudito</span> <span class='ocrx_word' id='word_1_120' title='bbox 2425 1295 2648 1351; x_wconf 88' lang='lat' dir='ltr'>homini</span> <span class='ocrx_word' id='word_1_121' title='bbox 2679 1299 2851 1366; x_wconf 87' lang='lat' dir='ltr'>atque</span> <span class='ocrx_word' id='word_1_122' title='bbox 2881 1309 3087 1364; x_wconf 89' lang='lat' dir='ltr'>puram</span> <span class='ocrx_word' id='word_1_123' title='bbox 3119 1291 3318 1358; x_wconf 85' lang='lat' dir='ltr'>fidem,</span> <span class='ocrx_word' id='word_1_124' title='bbox 3354 1306 3484 1362; x_wconf 67' lang='lat' dir='ltr'>qua:</span> <span class='ocrx_word' id='word_1_125' title='bbox 3522 1287 3707 1343; x_wconf 83' lang='lat' dir='ltr'>hodie</span> 
     </span>
    </p>
   </div>
   <div class='ocr_carea' id='block_1_21' title="bbox 379 1377 3708 1474">
    <p class='ocr_par' dir='ltr' id='par_1_21' title="bbox 379 1377 3708 1474">
     <span class='ocr_line' id='line_1_21' title="bbox 379 1377 3708 1474; baseline -0.011 -7"><span class='ocrx_word' id='word_1_126' title='bbox 379 1377 1622 1474; x_wconf 61' lang='lat' dir='ltr'>fructumlmtitiaeimportavit.Anxiahamur</span> <span class='ocrx_word' id='word_1_127' title='bbox 1637 1391 1846 1464; x_wconf 89' lang='lat' dir='ltr'>quippe</span> <span class='ocrx_word' id='word_1_128' title='bbox 1860 1402 1989 1441; x_wconf 89' lang='lat' dir='ltr'>cum</span> <span class='ocrx_word' id='word_1_129' title='bbox 2091 1403 2406 1460; x_wconf 88' lang='lat' dir='ltr'>paucorum</span> <span class='ocrx_word' id='word_1_130' title='bbox 2437 1388 2542 1452; x_wconf 90' lang='lat' dir='ltr'>est,</span> <span class='ocrx_word' id='word_1_131' title='bbox 2563 1385 2895 1440; x_wconf 87' lang='lat' dir='ltr'>constanter</span> <span class='ocrx_word' id='word_1_132' title='bbox 2927 1381 3171 1449; x_wconf 89' lang='lat' dir='ltr'>tenenti,</span> <span class='ocrx_word' id='word_1_133' title='bbox 3205 1381 3318 1435; x_wconf 91' lang='lat' dir='ltr'>duo</span> <span class='ocrx_word' id='word_1_134' title='bbox 3350 1378 3526 1434; x_wconf 88' lang='lat' dir='ltr'>verba</span> <span class='ocrx_word' id='word_1_135' title='bbox 3541 1377 3708 1432; x_wconf 87' lang='lat' dir='ltr'>Chri-</span> 
     </span>
    </p>
   </div>
   <div class='ocr_carea' id='block_1_22' title="bbox 380 1466 3710 1562">
    <p class='ocr_par' dir='ltr' id='par_1_22' title="bbox 380 1466 3710 1562">
     <span class='ocr_line' id='line_1_22' title="bbox 380 1466 3710 1562; baseline -0.011 -6"><span class='ocrx_word' id='word_1_136' title='bbox 380 1482 977 1560; x_wconf 67' lang='lat' dir='ltr'>v&#39;estriabsentia,tum</span> <span class='ocrx_word' id='word_1_137' title='bbox 995 1489 1151 1562; x_wconf 91' lang='lat' dir='ltr'>quod</span> <span class='ocrx_word' id='word_1_138' title='bbox 1165 1489 1342 1542; x_wconf 71' lang='lat' dir='ltr'>tanta:</span> <span class='ocrx_word' id='word_1_139' title='bbox 1361 1497 1626 1555; x_wconf 72' lang='lat' dir='ltr'>personae</span> <span class='ocrx_word' id='word_1_140' title='bbox 1643 1477 1862 1533; x_wconf 89' lang='lat' dir='ltr'>meritis</span> <span class='ocrx_word' id='word_1_141' title='bbox 1875 1491 1990 1529; x_wconf 90' lang='lat' dir='ltr'>non</span> <span class='ocrx_word' id='word_1_142' title='bbox 2093 1477 2160 1544; x_wconf 89' lang='lat' dir='ltr'>ti,</span> <span class='ocrx_word' id='word_1_143' title='bbox 2188 1480 2245 1531; x_wconf 89' lang='lat' dir='ltr'>et</span> <span class='ocrx_word' id='word_1_144' title='bbox 2270 1478 2530 1530; x_wconf 92' lang='lat' dir='ltr'>nostrum</span> <span class='ocrx_word' id='word_1_145' title='bbox 2583 1473 2888 1528; x_wconf 85' lang='lat' dir='ltr'>consilium</span> <span class='ocrx_word' id='word_1_146' title='bbox 2919 1469 3266 1542; x_wconf 87' lang='lat' dir='ltr'>aperiemus,</span> <span class='ocrx_word' id='word_1_147' title='bbox 3309 1470 3367 1523; x_wconf 89' lang='lat' dir='ltr'>et</span> <span class='ocrx_word' id='word_1_148' title='bbox 3394 1466 3710 1538; x_wconf 67' lang='lat' dir='ltr'>propositae</span> 
     </span>
    </p>
   </div>
   <div class='ocr_carea' id='block_1_23' title="bbox 383 1561 1995 1660">
    <p class='ocr_par' dir='ltr' id='par_1_23' title="bbox 383 1561 1995 1660">
     <span class='ocr_line' id='line_1_23' title="bbox 383 1561 1995 1660; baseline -0.018 -16"><span class='ocrx_word' id='word_1_149' title='bbox 383 1586 814 1660; x_wconf 86' lang='lat' dir='ltr'>respondebant</span> <span class='ocrx_word' id='word_1_150' title='bbox 837 1561 1106 1636; x_wconf 76' lang='lat' dir='ltr'>honores.</span> <span class='ocrx_word' id='word_1_151' title='bbox 1143 1575 1516 1631; x_wconf 89' lang='lat' dir='ltr'>Elaboramus</span> <span class='ocrx_word' id='word_1_152' title='bbox 1562 1584 1725 1639; x_wconf 87' lang='lat' dir='ltr'>ergo,</span> <span class='ocrx_word' id='word_1_153' title='bbox 1758 1561 1995 1660; x_wconf 74' lang='lat' dir='ltr'>etquod</span> 
     </span>
    </p>
   </div>
   <div class='ocr_carea' id='block_1_24' title="bbox 384 1649 1998 1742">
    <p class='ocr_par' dir='ltr' id='par_1_24' title="bbox 384 1649 1998 1742">
     <span class='ocr_line' id='line_1_24' title="bbox 384 1649 1998 1742; baseline -0.019 -10"><span class='ocrx_word' id='word_1_154' title='bbox 384 1649 630 1732; x_wconf 64' lang='lat' dir='ltr'>brevitas</span> <span class='ocrx_word' id='word_1_155' title='bbox 651 1669 927 1742; x_wconf 88' lang='lat' dir='ltr'>temporis</span> <span class='ocrx_word' id='word_1_156' title='bbox 954 1684 1070 1742; x_wconf 85' lang='lat' dir='ltr'>non</span> <span class='ocrx_word' id='word_1_157' title='bbox 1098 1662 1302 1742; x_wconf 78' lang='lat' dir='ltr'>habuit</span> <span class='ocrx_word' id='word_1_158' title='bbox 1331 1659 1513 1732; x_wconf 79' lang='lat' dir='ltr'>Spatio</span> <span class='ocrx_word' id='word_1_159' title='bbox 1533 1653 1812 1742; x_wconf 67' lang='lat' dir='ltr'>temporis</span> <span class='ocrx_word' id='word_1_160' title='bbox 1833 1649 1998 1742; x_wconf 56' lang='lat' dir='ltr'>attri-</span> 
     </span>
    </p>
   </div>
   <div class='ocr_carea' id='block_1_25' title="bbox 382 1721 1999 1812">
    <p class='ocr_par' dir='ltr' id='par_1_25' title="bbox 382 1721 1999 1812">
     <span class='ocr_line' id='line_1_25' title="bbox 382 1721 1999 1812; baseline -0.019 -9"><span class='ocrx_word' id='word_1_161' title='bbox 382 1748 622 1812; x_wconf 87' lang='lat' dir='ltr'>bumus;</span> <span class='ocrx_word' id='word_1_162' title='bbox 656 1761 720 1798; x_wconf 88' lang='lat' dir='ltr'>ac</span> <span class='ocrx_word' id='word_1_163' title='bbox 754 1721 995 1796; x_wconf 69' lang='lat' dir='ltr'>munera</span> <span class='ocrx_word' id='word_1_164' title='bbox 1035 1738 1196 1807; x_wconf 86' lang='lat' dir='ltr'>juxta</span> <span class='ocrx_word' id='word_1_165' title='bbox 1226 1721 1373 1786; x_wconf 73' lang='lat' dir='ltr'>vires</span> <span class='ocrx_word' id='word_1_166' title='bbox 1412 1721 1704 1801; x_wconf 76' lang='lat' dir='ltr'>paramus.</span> <span class='ocrx_word' id='word_1_167' title='bbox 1733 1723 1890 1776; x_wconf 86' lang='lat' dir='ltr'>Vires</span> <span class='ocrx_word' id='word_1_168' title='bbox 1916 1721 1999 1775; x_wconf 90' lang='lat' dir='ltr'>di-</span> 
     </span>
    </p>
   </div>
   <div class='ocr_carea' id='block_1_26' title="bbox 2099 1554 3714 1639">
    <p class='ocr_par' dir='ltr' id='par_1_26' title="bbox 2099 1554 3714 1639">
     <span class='ocr_line' id='line_1_26' title="bbox 2099 1554 3714 1639; baseline -0.009 -17"><span class='ocrx_word' id='word_1_169' title='bbox 2099 1565 2401 1639; x_wconf 79' lang='lat' dir='ltr'>quaestioni</span> <span class='ocrx_word' id='word_1_170' title='bbox 2445 1562 2880 1618; x_wconf 72' lang='lat' dir='ltr'>satisfaciamus.</span> <span class='ocrx_word' id='word_1_171' title='bbox 2932 1559 3191 1614; x_wconf 88' lang='lat' dir='ltr'>Dicimus</span> <span class='ocrx_word' id='word_1_172' title='bbox 3221 1561 3416 1612; x_wconf 90' lang='lat' dir='ltr'>autem</span> <span class='ocrx_word' id='word_1_173' title='bbox 3447 1554 3714 1611; x_wconf 82' lang='lat' dir='ltr'>:Reddile</span> 
     </span>
    </p>
   </div>
   <div class='ocr_carea' id='block_1_27' title="bbox 2099 1646 3710 1727">
    <p class='ocr_par' dir='ltr' id='par_1_27' title="bbox 2099 1646 3710 1727">
     <span class='ocr_line' id='line_1_27' title="bbox 2099 1646 3710 1727; baseline -0.007 -17"><span class='ocrx_word' id='word_1_174' title='bbox 2099 1673 2216 1727; x_wconf 71' lang='lat' dir='ltr'>quae</span> <span class='ocrx_word' id='word_1_175' title='bbox 2242 1660 2366 1708; x_wconf 84' lang='lat' dir='ltr'>sunt</span> <span class='ocrx_word' id='word_1_176' title='bbox 2395 1651 2622 1706; x_wconf 57' lang='lat' dir='ltr'>Cesaris</span> <span class='ocrx_word' id='word_1_177' title='bbox 2652 1650 2878 1718; x_wconf 63' lang='lat' dir='ltr'>Ca&#39;sari,</span> <span class='ocrx_word' id='word_1_178' title='bbox 2911 1660 2962 1706; x_wconf 75' lang='lat' dir='ltr'>et</span> <span class='ocrx_word' id='word_1_179' title='bbox 2995 1666 3114 1723; x_wconf 72' lang='lat' dir='ltr'>quae</span> <span class='ocrx_word' id='word_1_180' title='bbox 3143 1655 3268 1703; x_wconf 87' lang='lat' dir='ltr'>sunt</span> <span class='ocrx_word' id='word_1_181' title='bbox 3292 1646 3394 1701; x_wconf 73' lang='lat' dir='ltr'>De:</span> <span class='ocrx_word' id='word_1_182' title='bbox 3422 1646 3535 1701; x_wconf 86' lang='lat' dir='ltr'>Deo</span> <span class='ocrx_word' id='word_1_183' title='bbox 3557 1673 3573 1711; x_wconf 89' lang='lat'>,-</span> <span class='ocrx_word' id='word_1_184' title='bbox 3607 1648 3669 1698; x_wconf 90' lang='lat' dir='ltr'>et</span> <span class='ocrx_word' id='word_1_185' title='bbox 3697 1661 3710 1699; x_wconf 92' lang='lat'><strong>:</strong></span> 
     </span>
    </p>
   </div>
   <div class='ocr_carea' id='block_1_28' title="bbox 2100 1733 3713 1811">
    <p class='ocr_par' dir='ltr' id='par_1_28' title="bbox 2100 1733 3713 1811">
     <span class='ocr_line' id='line_1_28' title="bbox 2100 1733 3713 1811; baseline -0.008 -12"><span class='ocrx_word' id='word_1_186' title='bbox 2100 1744 2236 1799; x_wconf 83' lang='lat' dir='ltr'>Sine</span> <span class='ocrx_word' id='word_1_187' title='bbox 2260 1749 2492 1796; x_wconf 78' lang='lat' dir='ltr'>mortuos</span> <span class='ocrx_word' id='word_1_188' title='bbox 2520 1741 2734 1811; x_wconf 79' lang='lat' dir='ltr'>sepelire</span> <span class='ocrx_word' id='word_1_189' title='bbox 2764 1747 2998 1793; x_wconf 84' lang='lat' dir='ltr'>mortuos</span> <span class='ocrx_word' id='word_1_190' title='bbox 3027 1755 3168 1793; x_wconf 82' lang='lat' dir='ltr'>suos.</span> <span class='ocrx_word' id='word_1_191' title='bbox 3203 1735 3296 1790; x_wconf 84' lang='lat' dir='ltr'>His</span> <span class='ocrx_word' id='word_1_192' title='bbox 3343 1733 3713 1790; x_wconf 87' lang='lat' dir='ltr'>animadver-</span> 
     </span>
    </p>
   </div>
   <div class='ocr_carea' id='block_1_29' title="bbox 387 1813 3715 1906">
    <p class='ocr_par' dir='ltr' id='par_1_29' title="bbox 387 1813 3715 1906">
     <span class='ocr_line' id='line_1_29' title="bbox 387 1813 3715 1906; baseline -0.009 -1"><span class='ocrx_word' id='word_1_193' title='bbox 387 1835 590 1900; x_wconf 74' lang='lat' dir='ltr'>Cimus’</span> <span class='ocrx_word' id='word_1_194' title='bbox 621 1832 755 1904; x_wconf 70' lang='grc' dir='ltr'>(Ιιιίίῑ</span> <span class='ocrx_word' id='word_1_195' title='bbox 809 1829 983 1883; x_wconf 62' lang='lat' dir='ltr'>“osus</span> <span class='ocrx_word' id='word_1_196' title='bbox 1015 1826 1168 1878; x_wconf 57' lang='lat' dir='ltr'>inter</span> <span class='ocrx_word' id='word_1_197' title='bbox 1199 1837 1341 1892; x_wconf 71' lang='lat' dir='ltr'>quos</span> <span class='ocrx_word' id='word_1_198' title='bbox 1395 1818 1755 1906; x_wconf 52' lang='lat' dir='ltr'>habitem“:</span> <span class='ocrx_word' id='word_1_199' title='bbox 1788 1813 2003 1906; x_wconf 39' lang='lat' dir='ltr'>(Inaffia</span> <span class='ocrx_word' id='word_1_200' title='bbox 2026 1848 2076 1906; x_wconf 83' lang='grc' dir='ltr'>Β</span> <span class='ocrx_word' id='word_1_201' title='bbox 2101 1833 2194 1899; x_wconf 91' lang='lat' dir='ltr'>sis,</span> <span class='ocrx_word' id='word_1_202' title='bbox 2228 1831 2484 1904; x_wconf 87' lang='lat' dir='ltr'>legitime</span> <span class='ocrx_word' id='word_1_203' title='bbox 2533 1829 2792 1899; x_wconf 90' lang='lat' dir='ltr'>injuncta</span> <span class='ocrx_word' id='word_1_204' title='bbox 2819 1829 2891 1883; x_wconf 89' lang='lat' dir='ltr'>ab</span> <span class='ocrx_word' id='word_1_205' title='bbox 2920 1827 3186 1898; x_wconf 90' lang='lat' dir='ltr'>episcopo</span> <span class='ocrx_word' id='word_1_206' title='bbox 3238 1825 3481 1879; x_wconf 84' lang='lat' dir='ltr'>honeste</span> <span class='ocrx_word' id='word_1_207' title='bbox 3515 1836 3715 1894; x_wconf 87' lang='lat' dir='ltr'>prose-</span> 
     </span>
    </p>
   </div>
   <div class='ocr_carea' id='block_1_30' title="bbox 385 1898 2001 1998">
    <p class='ocr_par' dir='ltr' id='par_1_30' title="bbox 385 1898 2001 1998">
     <span class='ocr_line' id='line_1_30' title="bbox 385 1898 2001 1998; baseline -0.019 -17"><span class='ocrx_word' id='word_1_208' title='bbox 385 1898 1036 1998; x_wconf 75' lang='lat' dir='ltr'>perfidiaquorumdam</span> <span class='ocrx_word' id='word_1_209' title='bbox 1054 1903 1763 1982; x_wconf 87' lang='lat' dir='ltr'>exagitemur,quiactiam</span> <span class='ocrx_word' id='word_1_210' title='bbox 1783 1898 2001 1956; x_wconf 88' lang='lat' dir='ltr'>obsidio</span> 
     </span>
    </p>
   </div>
   <div class='ocr_carea' id='block_1_31' title="bbox 387 1988 2001 2074">
    <p class='ocr_par' dir='ltr' id='par_1_31' title="bbox 387 1988 2001 2074">
     <span class='ocr_line' id='line_1_31' title="bbox 387 1988 2001 2074; baseline -0.019 -6"><span class='ocrx_word' id='word_1_211' title='bbox 387 1988 779 2069; x_wconf 77' lang='lat' dir='ltr'>Laudunensis</span> <span class='ocrx_word' id='word_1_212' title='bbox 812 2004 968 2060; x_wconf 84' lang='lat' dir='ltr'>urbis</span> <span class='ocrx_word' id='word_1_213' title='bbox 992 1998 1287 2074; x_wconf 68' lang='lat' dir='ltr'>praeterita</span> <span class='ocrx_word' id='word_1_214' title='bbox 1324 2011 1463 2068; x_wconf 87' lang='lat' dir='ltr'>pace</span> <span class='ocrx_word' id='word_1_215' title='bbox 1505 1993 1800 2064; x_wconf 88' lang='lat' dir='ltr'>sequestra</span> <span class='ocrx_word' id='word_1_216' title='bbox 1824 1988 2001 2041; x_wconf 88' lang='lat' dir='ltr'>inter-</span> 
     </span>
    </p>
   </div>
   <div class='ocr_carea' id='block_1_32' title="bbox 384 2077 1998 2164">
    <p class='ocr_par' dir='ltr' id='par_1_32' title="bbox 384 2077 1998 2164">
     <span class='ocr_line' id='line_1_32' title="bbox 384 2077 1998 2164; baseline -0.018 -8"><span class='ocrx_word' id='word_1_217' title='bbox 384 2100 561 2157; x_wconf 89' lang='lat' dir='ltr'>missa</span> <span class='ocrx_word' id='word_1_218' title='bbox 589 2100 693 2164; x_wconf 90' lang='lat' dir='ltr'>est,</span> <span class='ocrx_word' id='word_1_219' title='bbox 713 2113 744 2149; x_wconf 90' lang='lat' dir='ltr'>x</span> <span class='ocrx_word' id='word_1_220' title='bbox 773 2094 897 2149; x_wconf 84' lang='lat' dir='ltr'>Kal.</span> <span class='ocrx_word' id='word_1_221' title='bbox 921 2089 1197 2146; x_wconf 84' lang='lat' dir='ltr'>Novemb.</span> <span class='ocrx_word' id='word_1_222' title='bbox 1234 2082 1568 2158; x_wconf 89' lang='lat' dir='ltr'>repetenda.</span> <span class='ocrx_word' id='word_1_223' title='bbox 1602 2077 1998 2145; x_wconf 86' lang='lat' dir='ltr'>Quamobrem</span> 
     </span>
    </p>
   </div>
   <div class='ocr_carea' id='block_1_33' title="bbox 385 2161 2001 2250">
    <p class='ocr_par' dir='ltr' id='par_1_33' title="bbox 385 2161 2001 2250">
     <span class='ocr_line' id='line_1_33' title="bbox 385 2161 2001 2250; baseline -0.02 -4"><span class='ocrx_word' id='word_1_224' title='bbox 385 2190 531 2245; x_wconf 86' lang='lat' dir='ltr'>sicut</span> <span class='ocrx_word' id='word_1_225' title='bbox 551 2178 1310 2250; x_wconf 86' lang='lat' dir='ltr'>monuimus,monemus,et</span> <span class='ocrx_word' id='word_1_226' title='bbox 1333 2191 1436 2246; x_wconf 87' lang='lat' dir='ltr'>pro</span> <span class='ocrx_word' id='word_1_227' title='bbox 1467 2169 1670 2227; x_wconf 90' lang='lat' dir='ltr'>solatio</span> <span class='ocrx_word' id='word_1_228' title='bbox 1696 2166 1941 2222; x_wconf 87' lang='lat' dir='ltr'>militum</span> <span class='ocrx_word' id='word_1_229' title='bbox 1955 2161 2001 2215; x_wconf 91' lang='lat' dir='ltr'>si</span> 
     </span>
    </p>
   </div>
   <div class='ocr_carea' id='block_1_34' title="bbox 386 2249 2001 2349">
    <p class='ocr_par' dir='ltr' id='par_1_34' title="bbox 386 2249 2001 2349">
     <span class='ocr_line' id='line_1_34' title="bbox 386 2249 2001 2349; baseline -0.019 -15"><span class='ocrx_word' id='word_1_230' title='bbox 386 2275 827 2349; x_wconf 82' lang='lat' dir='ltr'>indiguerimus,</span> <span class='ocrx_word' id='word_1_231' title='bbox 857 2275 914 2325; x_wconf 91' lang='lat' dir='ltr'>et</span> <span class='ocrx_word' id='word_1_232' title='bbox 937 2287 1038 2342; x_wconf 90' lang='lat' dir='ltr'>pro</span> <span class='ocrx_word' id='word_1_233' title='bbox 1065 2265 1276 2321; x_wconf 89' lang='lat' dir='ltr'>auxilio</span> <span class='ocrx_word' id='word_1_234' title='bbox 1305 2281 1407 2334; x_wconf 86' lang='lat' dir='ltr'>cap</span> <span class='ocrx_word' id='word_1_235' title='bbox 1420 2261 1461 2315; x_wconf 92' lang='lat' dir='ltr'>ti</span> <span class='ocrx_word' id='word_1_236' title='bbox 1495 2255 1801 2314; x_wconf 89' lang='lat' dir='ltr'>confratris</span> <span class='ocrx_word' id='word_1_237' title='bbox 1822 2249 2001 2308; x_wconf 87' lang='lat' dir='ltr'>nostri</span> 
     </span>
    </p>
   </div>
   <div class='ocr_carea' id='block_1_35' title="bbox 387 2344 2002 2438">
    <p class='ocr_par' dir='ltr' id='par_1_35' title="bbox 387 2344 2002 2438">
     <span class='ocr_line' id='line_1_35' title="bbox 387 2344 2002 2438; baseline -0.019 -15"><span class='ocrx_word' id='word_1_238' title='bbox 387 2370 454 2423; x_wconf 82' lang='grc' dir='ltr'><strong>Α.</strong></span> <span class='ocrx_word' id='word_1_239' title='bbox 488 2344 662 2438; x_wconf 73' lang='lat' dir='ltr'>utque</span> <span class='ocrx_word' id='word_1_240' title='bbox 689 2365 765 2417; x_wconf 83' lang='lat' dir='ltr'>B.’</span> <span class='ocrx_word' id='word_1_241' title='bbox 800 2366 857 2416; x_wconf 90' lang='lat' dir='ltr'>et</span> <span class='ocrx_word' id='word_1_242' title='bbox 881 2359 944 2416; x_wconf 88' lang='lat' dir='ltr'><strong>G.</strong></span> <span class='ocrx_word' id='word_1_243' title='bbox 975 2360 1159 2411; x_wconf 86' lang='lat' dir='ltr'>vestra</span> <span class='ocrx_word' id='word_1_244' title='bbox 1190 2351 1590 2408; x_wconf 84' lang='lat' dir='ltr'>exhortatione</span> <span class='ocrx_word' id='word_1_245' title='bbox 1615 2344 1905 2416; x_wconf 84' lang='lat' dir='ltr'>digniores</span> <span class='ocrx_word' id='word_1_246' title='bbox 1943 2356 2002 2393; x_wconf 91' lang='lat' dir='ltr'>se</span> 
     </span>
    </p>
   </div>
   <div class='ocr_carea' id='block_1_36' title="bbox 388 2431 2000 2528">
    <p class='ocr_par' dir='ltr' id='par_1_36' title="bbox 388 2431 2000 2528">
     <span class='ocr_line' id='line_1_36' title="bbox 388 2431 2000 2528; baseline -0.02 -15"><span class='ocrx_word' id='word_1_247' title='bbox 388 2454 816 2528; x_wconf 64' lang='lat' dir='ltr'>repraesentant</span> <span class='ocrx_word' id='word_1_248' title='bbox 863 2461 1192 2520; x_wconf 88' lang='lat' dir='ltr'>germanos,</span> <span class='ocrx_word' id='word_1_249' title='bbox 1244 2441 1303 2494; x_wconf 92' lang='lat' dir='ltr'>in</span> <span class='ocrx_word' id='word_1_250' title='bbox 1338 2441 1498 2494; x_wconf 90' lang='lat' dir='ltr'>tanto</span> <span class='ocrx_word' id='word_1_251' title='bbox 1553 2431 1882 2490; x_wconf 89' lang='lat' dir='ltr'>discrimine</span> <span class='ocrx_word' id='word_1_252' title='bbox 1913 2445 2000 2483; x_wconf 89' lang='lat' dir='ltr'>re-</span> 
     </span>
    </p>
   </div>
   <div class='ocr_carea' id='block_1_37' title="bbox 390 2562 1522 2679">
    <p class='ocr_par' dir='ltr' id='par_1_37' title="bbox 390 2562 1522 2679">
     <span class='ocr_line' id='line_1_37' title="bbox 390 2562 1522 2679; baseline -0.015 7"><span class='ocrx_word' id='word_1_253' title='bbox 390 2562 543 2601; x_wconf 39' lang='lat' dir='ltr'>rum.</span> <span class='ocrx_word' id='word_1_254' title='bbox 738 2591 741 2594; x_wconf 58' lang='grc'><strong>’</strong></span> <span class='ocrx_word' id='word_1_255' title='bbox 889 2622 1226 2679; x_wconf 82' lang='lat' dir='ltr'>EPISTOLA</span> <span class='ocrx_word' id='word_1_256' title='bbox 1261 2616 1522 2673; x_wconf 69' lang='lat' dir='ltr'>cxxxvr.</span> 
     </span>
    </p>
   </div>
   <div class='ocr_carea' id='block_1_38' title="bbox 460 2701 2013 2792">
    <p class='ocr_par' dir='ltr' id='par_1_38' title="bbox 460 2701 2013 2792">
     <span class='ocr_line' id='line_1_38' title="bbox 460 2701 2013 2792; baseline -0.017 -15"><span class='ocrx_word' id='word_1_257' title='bbox 460 2723 540 2778; x_wconf 89' lang='lat' dir='ltr'>Ne</span> <span class='ocrx_word' id='word_1_258' title='bbox 566 2717 815 2792; x_wconf 84' lang='lat' dir='ltr'>graviter</span> <span class='ocrx_word' id='word_1_259' title='bbox 831 2713 1097 2784; x_wconf 88' lang='lat' dir='ltr'>etiniquo</span> <span class='ocrx_word' id='word_1_260' title='bbox 1119 2710 1312 2765; x_wconf 88' lang='lat' dir='ltr'>animo</span> <span class='ocrx_word' id='word_1_261' title='bbox 1331 2701 1869 2775; x_wconf 87' lang='lat' dir='ltr'>fcrasjustissimam</span> <span class='ocrx_word' id='word_1_262' title='bbox 1888 2711 2013 2752; x_wconf 87' lang='lat' dir='ltr'>cor-</span> 
     </span>
    </p>
   </div>
   <div class='ocr_carea' id='block_1_39' title="bbox 389 2786 2015 2870">
    <p class='ocr_par' dir='ltr' id='par_1_39' title="bbox 389 2786 2015 2870">
     <span class='ocr_line' id='line_1_39' title="bbox 389 2786 2015 2870; baseline -0.019 -1"><span class='ocrx_word' id='word_1_263' title='bbox 389 2786 708 2870; x_wconf 72' lang='lat' dir='ltr'>rectionem</span> <span class='ocrx_word' id='word_1_264' title='bbox 726 2799 1307 2869; x_wconf 89' lang='lat' dir='ltr'>Domini,dn|cissime</span> <span class='ocrx_word' id='word_1_265' title='bbox 1326 2789 1832 2850; x_wconf 88' lang='lat' dir='ltr'>fratrer.Divinitas</span> <span class='ocrx_word' id='word_1_266' title='bbox 1849 2786 2015 2859; x_wconf 77' lang='lat' dir='ltr'>quip‘</span> 
     </span>
    </p>
   </div>
   <div class='ocr_carea' id='block_1_40' title="bbox 389 2873 2018 2974">
    <p class='ocr_par' dir='ltr' id='par_1_40' title="bbox 389 2873 2018 2974">
     <span class='ocr_line' id='line_1_40' title="bbox 389 2873 2018 2974; baseline -0.018 -18"><span class='ocrx_word' id='word_1_267' title='bbox 389 2917 462 2974; x_wconf 89' lang='lat' dir='ltr'>pe</span> <span class='ocrx_word' id='word_1_268' title='bbox 492 2915 610 2954; x_wconf 90' lang='lat' dir='ltr'>non</span> <span class='ocrx_word' id='word_1_269' title='bbox 639 2888 1131 2966; x_wconf 88' lang='lat' dir='ltr'>dignaturimpios</span> <span class='ocrx_word' id='word_1_270' title='bbox 1159 2902 1258 2940; x_wconf 91' lang='lat' dir='ltr'>suo</span> <span class='ocrx_word' id='word_1_271' title='bbox 1291 2877 1776 2954; x_wconf 65' lang='lat' dir='ltr'>tlagello,aaterni5</span> <span class='ocrx_word' id='word_1_272' title='bbox 1807 2873 2018 2930; x_wconf 74' lang='lat' dir='ltr'>crucia-</span> 
     </span>
    </p>
   </div>
   <div class='ocr_carea' id='block_1_41' title="bbox 390 2967 2014 3050">
    <p class='ocr_par' dir='ltr' id='par_1_41' title="bbox 390 2967 2014 3050">
     <span class='ocr_line' id='line_1_41' title="bbox 390 2967 2014 3050; baseline -0.018 -6"><span class='ocrx_word' id='word_1_273' title='bbox 390 2967 544 3044; x_wconf 71' lang='lat' dir='ltr'>tibus</span> <span class='ocrx_word' id='word_1_274' title='bbox 556 2998 850 3041; x_wconf 88' lang='lat' dir='ltr'>reservans</span> <span class='ocrx_word' id='word_1_275' title='bbox 861 2973 1369 3050; x_wconf 86' lang='lat' dir='ltr'>puniendos.Disce</span> <span class='ocrx_word' id='word_1_276' title='bbox 1384 2967 1771 3025; x_wconf 87' lang='lat' dir='ltr'>constantiam</span> <span class='ocrx_word' id='word_1_277' title='bbox 1791 2978 2014 3018; x_wconf 89' lang='lat' dir='ltr'>servare</span> 
     </span>
    </p>
   </div>
   <div class='ocr_carea' id='block_1_42' title="bbox 390 3054 2013 3137">
    <p class='ocr_par' dir='ltr' id='par_1_42' title="bbox 390 3054 2013 3137">
     <span class='ocr_line' id='line_1_42' title="bbox 390 3054 2013 3137; baseline -0.018 -3"><span class='ocrx_word' id='word_1_278' title='bbox 390 3079 451 3137; x_wconf 91' lang='lat' dir='ltr'>in</span> <span class='ocrx_word' id='word_1_279' title='bbox 475 3073 742 3132; x_wconf 86' lang='lat' dir='ltr'>adversis.</span> <span class='ocrx_word' id='word_1_280' title='bbox 769 3071 835 3126; x_wconf 90' lang='lat' dir='ltr'>Et</span> <span class='ocrx_word' id='word_1_281' title='bbox 864 3068 905 3122; x_wconf 89' lang='lat' dir='ltr'>si</span> <span class='ocrx_word' id='word_1_282' title='bbox 924 3067 1029 3121; x_wconf 90' lang='lat' dir='ltr'>Job</span> <span class='ocrx_word' id='word_1_283' title='bbox 1061 3067 1118 3118; x_wconf 91' lang='lat' dir='ltr'>et</span> <span class='ocrx_word' id='word_1_284' title='bbox 1151 3061 1326 3117; x_wconf 90' lang='lat' dir='ltr'>nostri</span> <span class='ocrx_word' id='word_1_285' title='bbox 1358 3057 1576 3115; x_wconf 90' lang='lat' dir='ltr'>ordinis</span> <span class='ocrx_word' id='word_1_286' title='bbox 1624 3054 1896 3124; x_wconf 87' lang='lat' dir='ltr'>antiquos</span> <span class='ocrx_word' id='word_1_287' title='bbox 1926 3068 2013 3105; x_wconf 87' lang='lat' dir='ltr'>sa-</span> 
     </span>
    </p>
   </div>
   <div class='ocr_carea' id='block_1_43' title="bbox 392 3130 2088 3224">
    <p class='ocr_par' dir='ltr' id='par_1_43' title="bbox 392 3130 2088 3224">
     <span class='ocr_line' id='line_1_43' title="bbox 392 3130 2088 3224; baseline -0.019 -1"><span class='ocrx_word' id='word_1_288' title='bbox 392 3165 655 3224; x_wconf 89' lang='lat' dir='ltr'>cerdotes</span> <span class='ocrx_word' id='word_1_289' title='bbox 705 3177 820 3216; x_wconf 92' lang='lat' dir='ltr'>non</span> <span class='ocrx_word' id='word_1_290' title='bbox 859 3157 1009 3211; x_wconf 90' lang='lat' dir='ltr'>vales</span> <span class='ocrx_word' id='word_1_291' title='bbox 1028 3151 1264 3218; x_wconf 88' lang='lat' dir='ltr'>imitari,</span> <span class='ocrx_word' id='word_1_292' title='bbox 1293 3150 1500 3204; x_wconf 86' lang='lat' dir='ltr'>saltem</span> <span class='ocrx_word' id='word_1_293' title='bbox 1527 3143 1710 3200; x_wconf 83' lang='lat' dir='ltr'>nostri</span> <span class='ocrx_word' id='word_1_294' title='bbox 1738 3139 2020 3210; x_wconf 89' lang='lat' dir='ltr'>temporis</span> <span class='ocrx_word' id='word_1_295' title='bbox 2041 3130 2088 3190; x_wconf 89' lang='lat' dir='ltr'>C</span> 
     </span>
    </p>
   </div>
   <div class='ocr_carea' id='block_1_44' title="bbox 391 3229 2016 3312">
    <p class='ocr_par' dir='ltr' id='par_1_44' title="bbox 391 3229 2016 3312">
     <span class='ocr_line' id='line_1_44' title="bbox 391 3229 2016 3312; baseline -0.02 -1"><span class='ocrx_word' id='word_1_296' title='bbox 391 3249 604 3311; x_wconf 85' lang='lat' dir='ltr'>laicum</span> <span class='ocrx_word' id='word_1_297' title='bbox 617 3249 941 3311; x_wconf 88' lang='lat' dir='ltr'>hominem,</span> <span class='ocrx_word' id='word_1_298' title='bbox 961 3241 1177 3312; x_wconf 89' lang='lat' dir='ltr'>tibique</span> <span class='ocrx_word' id='word_1_299' title='bbox 1192 3239 1455 3304; x_wconf 77' lang='lat' dir='ltr'>affinem,</span> <span class='ocrx_word' id='word_1_300' title='bbox 1472 3233 1769 3305; x_wconf 88' lang='lat' dir='ltr'>exemplar</span> <span class='ocrx_word' id='word_1_301' title='bbox 1783 3229 2016 3292; x_wconf 90' lang='lat' dir='ltr'>habeto,</span> 
     </span>
    </p>
   </div>
   <div class='ocr_carea' id='block_1_45' title="bbox 394 3316 2018 3399">
    <p class='ocr_par' dir='ltr' id='par_1_45' title="bbox 394 3316 2018 3399">
     <span class='ocr_line' id='line_1_45' title="bbox 394 3316 2018 3399; baseline -0.018 -1"><span class='ocrx_word' id='word_1_302' title='bbox 394 3342 672 3399; x_wconf 86' lang='lat' dir='ltr'>comitem</span> <span class='ocrx_word' id='word_1_303' title='bbox 701 3333 1100 3392; x_wconf 83' lang='lat' dir='ltr'>Godefridum.</span> <span class='ocrx_word' id='word_1_304' title='bbox 1132 3331 1244 3385; x_wconf 86' lang='lat' dir='ltr'>Nos</span> <span class='ocrx_word' id='word_1_305' title='bbox 1269 3326 1507 3399; x_wconf 90' lang='lat' dir='ltr'>quidem</span> <span class='ocrx_word' id='word_1_306' title='bbox 1541 3327 1655 3378; x_wconf 64' lang='lat' dir='ltr'>tua;</span> <span class='ocrx_word' id='word_1_307' title='bbox 1682 3317 1879 3375; x_wconf 89' lang='lat' dir='ltr'>salutis</span> <span class='ocrx_word' id='word_1_308' title='bbox 1908 3316 2018 3370; x_wconf 88' lang='lat' dir='ltr'>im-</span> 
     </span>
    </p>
   </div>
   <div class='ocr_carea' id='block_1_46' title="bbox 394 3415 2020 3490">
    <p class='ocr_par' dir='ltr' id='par_1_46' title="bbox 394 3415 2020 3490">
     <span class='ocr_line' id='line_1_46' title="bbox 394 3415 2020 3490; baseline -0.02 0"><span class='ocrx_word' id='word_1_309' title='bbox 394 3445 687 3489; x_wconf 89' lang='lat' dir='ltr'>memores</span> <span class='ocrx_word' id='word_1_310' title='bbox 709 3441 823 3481; x_wconf 89' lang='lat' dir='ltr'>non</span> <span class='ocrx_word' id='word_1_311' title='bbox 838 3423 1189 3486; x_wconf 89' lang='lat' dir='ltr'>erimus,nec</span> <span class='ocrx_word' id='word_1_312' title='bbox 1205 3415 1526 3490; x_wconf 88' lang='lat' dir='ltr'>quidquam</span> <span class='ocrx_word' id='word_1_313' title='bbox 1547 3425 1748 3466; x_wconf 83' lang='lat' dir='ltr'>eorum</span> <span class='ocrx_word' id='word_1_314' title='bbox 1768 3423 1895 3480; x_wconf 72' lang='lat' dir='ltr'>quae</span> <span class='ocrx_word' id='word_1_315' title='bbox 1916 3419 2020 3475; x_wconf 91' lang='lat' dir='ltr'>pro</span> 
     </span>
    </p>
   </div>
   <div class='ocr_carea' id='block_1_47' title="bbox 396 3491 2024 3590">
    <p class='ocr_par' dir='ltr' id='par_1_47' title="bbox 396 3491 2024 3590">
     <span class='ocr_line' id='line_1_47' title="bbox 396 3491 2024 3590; baseline -0.019 -14"><span class='ocrx_word' id='word_1_316' title='bbox 396 3539 456 3590; x_wconf 61' lang='lat' dir='ltr'>te</span> <span class='ocrx_word' id='word_1_317' title='bbox 482 3517 607 3574; x_wconf 85' lang='lat' dir='ltr'>fieri</span> <span class='ocrx_word' id='word_1_318' title='bbox 639 3514 902 3587; x_wconf 84' lang='lat' dir='ltr'>oporteat</span> <span class='ocrx_word' id='word_1_319' title='bbox 939 3509 1303 3564; x_wconf 88' lang='lat' dir='ltr'>intentatum</span> <span class='ocrx_word' id='word_1_320' title='bbox 1337 3502 1754 3573; x_wconf 88' lang='lat' dir='ltr'>relinquemus.</span> <span class='ocrx_word' id='word_1_321' title='bbox 1790 3491 2024 3551; x_wconf 87' lang='lat' dir='ltr'>Noverit</span> 
     </span>
    </p>
   </div>
   <div class='ocr_carea' id='block_1_48' title="bbox 401 3586 2022 3680">
    <p class='ocr_par' dir='ltr' id='par_1_48' title="bbox 401 3586 2022 3680">
     <span class='ocr_line' id='line_1_48' title="bbox 401 3586 2022 3680; baseline -0.018 -16"><span class='ocrx_word' id='word_1_322' title='bbox 401 3586 540 3680; x_wconf 76' lang='lat' dir='ltr'>ergo</span> <span class='ocrx_word' id='word_1_323' title='bbox 574 3608 613 3661; x_wconf 94' lang='lat' dir='ltr'><strong>I.</strong></span> <span class='ocrx_word' id='word_1_324' title='bbox 649 3586 710 3658; x_wconf 84' lang='lat' dir='ltr'><strong>V.</strong></span> <span class='ocrx_word' id='word_1_325' title='bbox 740 3602 808 3667; x_wconf 84' lang='grc' dir='ltr'>Ο.</span> <span class='ocrx_word' id='word_1_326' title='bbox 843 3599 1043 3656; x_wconf 91' lang='lat' dir='ltr'>omnia</span> <span class='ocrx_word' id='word_1_327' title='bbox 1081 3613 1209 3668; x_wconf 63' lang='lat' dir='ltr'>qua:</span> <span class='ocrx_word' id='word_1_328' title='bbox 1233 3595 1384 3649; x_wconf 88' lang='lat' dir='ltr'>circa</span> <span class='ocrx_word' id='word_1_329' title='bbox 1409 3595 1464 3645; x_wconf 90' lang='lat' dir='ltr'>te</span> <span class='ocrx_word' id='word_1_330' title='bbox 1492 3591 1644 3656; x_wconf 92' lang='lat' dir='ltr'>sunt,</span> <span class='ocrx_word' id='word_1_331' title='bbox 1679 3590 1741 3641; x_wconf 93' lang='lat' dir='ltr'>ut</span> <span class='ocrx_word' id='word_1_332' title='bbox 1765 3586 2022 3656; x_wconf 89' lang='lat' dir='ltr'>legatum</span> 
     </span>
    </p>
   </div>
   <div class='ocr_carea' id='block_1_49' title="bbox 401 3673 2025 3754">
    <p class='ocr_par' dir='ltr' id='par_1_49' title="bbox 401 3673 2025 3754">
     <span class='ocr_line' id='line_1_49' title="bbox 401 3673 2025 3754; baseline -0.018 -1"><span class='ocrx_word' id='word_1_333' title='bbox 401 3673 664 3754; x_wconf 76' lang='lat' dir='ltr'>nostrum</span> <span class='ocrx_word' id='word_1_334' title='bbox 682 3690 925 3747; x_wconf 87' lang='lat' dir='ltr'>Parisius</span> <span class='ocrx_word' id='word_1_335' title='bbox 944 3689 1001 3743; x_wconf 91' lang='lat' dir='ltr'>in</span> <span class='ocrx_word' id='word_1_336' title='bbox 1019 3687 1167 3741; x_wconf 87' lang='lat' dir='ltr'>festo</span> <span class='ocrx_word' id='word_1_337' title='bbox 1189 3682 1346 3737; x_wconf 88' lang='lat' dir='ltr'>beati</span> <span class='ocrx_word' id='word_1_338' title='bbox 1365 3678 1619 3750; x_wconf 81' lang='lat' dir='ltr'>Dionysii</span> <span class='ocrx_word' id='word_1_339' title='bbox 1637 3673 2025 3731; x_wconf 89' lang='lat' dir='ltr'>certissimum</span> 
     </span>
    </p>
   </div>
   <div class='ocr_carea' id='block_1_50' title="bbox 401 3763 2026 3847">
    <p class='ocr_par' dir='ltr' id='par_1_50' title="bbox 401 3763 2026 3847">
     <span class='ocr_line' id='line_1_50' title="bbox 401 3763 2026 3847; baseline -0.015 -10"><span class='ocrx_word' id='word_1_340' title='bbox 401 3782 464 3840; x_wconf 90' lang='lat' dir='ltr'>in</span> <span class='ocrx_word' id='word_1_341' title='bbox 481 3783 751 3840; x_wconf 89' lang='lat' dir='ltr'>omnibus</span> <span class='ocrx_word' id='word_1_342' title='bbox 786 3777 1032 3834; x_wconf 90' lang='lat' dir='ltr'>reddere</span> <span class='ocrx_word' id='word_1_343' title='bbox 1049 3773 1250 3847; x_wconf 91' lang='lat' dir='ltr'>possit,</span> <span class='ocrx_word' id='word_1_344' title='bbox 1283 3773 1347 3824; x_wconf 93' lang='lat' dir='ltr'>ut</span> <span class='ocrx_word' id='word_1_345' title='bbox 1369 3768 1413 3822; x_wconf 91' lang='lat' dir='ltr'>si</span> <span class='ocrx_word' id='word_1_346' title='bbox 1446 3765 1669 3822; x_wconf 91' lang='lat' dir='ltr'>obsidio</span> <span class='ocrx_word' id='word_1_347' title='bbox 1698 3763 1894 3817; x_wconf 88' lang='lat' dir='ltr'>futura</span> <span class='ocrx_word' id='word_1_348' title='bbox 1920 3763 2026 3827; x_wconf 90' lang='lat' dir='ltr'>est,</span> 
     </span>
    </p>
   </div>
   <div class='ocr_carea' id='block_1_51' title="bbox 403 3849 2029 3938">
    <p class='ocr_par' dir='ltr' id='par_1_51' title="bbox 403 3849 2029 3938">
     <span class='ocr_line' id='line_1_51' title="bbox 403 3849 2029 3938; baseline -0.018 -7"><span class='ocrx_word' id='word_1_349' title='bbox 403 3879 464 3930; x_wconf 89' lang='lat' dir='ltr'>et</span> <span class='ocrx_word' id='word_1_350' title='bbox 481 3891 598 3930; x_wconf 92' lang='lat' dir='ltr'>non</span> <span class='ocrx_word' id='word_1_351' title='bbox 625 3874 730 3938; x_wconf 90' lang='lat' dir='ltr'>est,</span> <span class='ocrx_word' id='word_1_352' title='bbox 750 3869 861 3923; x_wconf 89' lang='lat' dir='ltr'>alia</span> <span class='ocrx_word' id='word_1_353' title='bbox 883 3871 1055 3938; x_wconf 91' lang='lat' dir='ltr'>atque</span> <span class='ocrx_word' id='word_1_354' title='bbox 1073 3863 1184 3917; x_wconf 89' lang='lat' dir='ltr'>alia</span> <span class='ocrx_word' id='word_1_355' title='bbox 1206 3857 1602 3929; x_wconf 85' lang='lat' dir='ltr'>refringantur</span> <span class='ocrx_word' id='word_1_356' title='bbox 1631 3849 2029 3909; x_wconf 85' lang='lat' dir='ltr'>consilia.Vale</span> 
     </span>
    </p>
   </div>
   <div class='ocr_carea' id='block_1_52' title="bbox 407 3938 2031 4027">
    <p class='ocr_par' dir='ltr' id='par_1_52' title="bbox 407 3938 2031 4027">
     <span class='ocr_line' id='line_1_52' title="bbox 407 3938 2031 4027; baseline -0.018 -7"><span class='ocrx_word' id='word_1_357' title='bbox 407 3961 671 4027; x_wconf 80' lang='lat' dir='ltr'>feliciter,</span> <span class='ocrx_word' id='word_1_358' title='bbox 710 3961 768 4013; x_wconf 90' lang='lat' dir='ltr'>et</span> <span class='ocrx_word' id='word_1_359' title='bbox 806 3958 913 4010; x_wconf 90' lang='lat' dir='ltr'>hoc</span> <span class='ocrx_word' id='word_1_360' title='bbox 943 3968 1126 4007; x_wconf 90' lang='lat' dir='ltr'>unum</span> <span class='ocrx_word' id='word_1_361' title='bbox 1171 3945 1430 4011; x_wconf 90' lang='lat' dir='ltr'>attende,</span> <span class='ocrx_word' id='word_1_362' title='bbox 1474 3960 1546 3997; x_wconf 92' lang='lat' dir='ltr'>ne</span> <span class='ocrx_word' id='word_1_363' title='bbox 1580 3945 1634 3996; x_wconf 88' lang='lat' dir='ltr'>te</span> <span class='ocrx_word' id='word_1_364' title='bbox 1670 3938 2031 4013; x_wconf 72' lang='lat' dir='ltr'>prmcipitem</span> 
     </span>
    </p>
   </div>
   <div class='ocr_carea' id='block_1_53' title="bbox 412 4030 2031 4115">
    <p class='ocr_par' dir='ltr' id='par_1_53' title="bbox 412 4030 2031 4115">
     <span class='ocr_line' id='line_1_53' title="bbox 412 4030 2031 4115; baseline -0.018 -7"><span class='ocrx_word' id='word_1_365' title='bbox 412 4050 660 4115; x_wconf 84' lang='lat' dir='ltr'>dederis,</span> <span class='ocrx_word' id='word_1_366' title='bbox 695 4049 758 4100; x_wconf 91' lang='lat' dir='ltr'>ut</span> <span class='ocrx_word' id='word_1_367' title='bbox 785 4043 959 4098; x_wconf 89' lang='lat' dir='ltr'>satius</span> <span class='ocrx_word' id='word_1_368' title='bbox 989 4038 1164 4094; x_wconf 87' lang='lat' dir='ltr'>fuerit</span> <span class='ocrx_word' id='word_1_369' title='bbox 1191 4036 1303 4091; x_wconf 90' lang='lat' dir='ltr'>alio</span> <span class='ocrx_word' id='word_1_370' title='bbox 1351 4033 1527 4088; x_wconf 84' lang='lat' dir='ltr'>modo</span> <span class='ocrx_word' id='word_1_371' title='bbox 1561 4030 1818 4102; x_wconf 89' lang='lat' dir='ltr'>periisse,</span> <span class='ocrx_word' id='word_1_372' title='bbox 1855 4043 2031 4100; x_wconf 90' lang='lat' dir='ltr'>quam</span> 
     </span>
    </p>
   </div>
   <div class='ocr_carea' id='block_1_54' title="bbox 413 4121 2034 4213">
    <p class='ocr_par' dir='ltr' id='par_1_54' title="bbox 413 4121 2034 4213">
     <span class='ocr_line' id='line_1_54' title="bbox 413 4121 2034 4213; baseline -0.015 -19"><span class='ocrx_word' id='word_1_373' title='bbox 413 4155 519 4213; x_wconf 88' lang='lat' dir='ltr'>per</span> <span class='ocrx_word' id='word_1_374' title='bbox 548 4134 848 4191; x_wconf 90' lang='lat' dir='ltr'>interitum</span> <span class='ocrx_word' id='word_1_375' title='bbox 869 4130 971 4184; x_wconf 89' lang='lat' dir='ltr'>tibi</span> <span class='ocrx_word' id='word_1_376' title='bbox 1004 4127 1226 4198; x_wconf 90' lang='lat' dir='ltr'>tuisque</span> <span class='ocrx_word' id='word_1_377' title='bbox 1247 4121 1489 4196; x_wconf 88' lang='lat' dir='ltr'>posteris</span> <span class='ocrx_word' id='word_1_378' title='bbox 1509 4125 1793 4176; x_wconf 64' lang='lat' dir='ltr'>internum</span> <span class='ocrx_word' id='word_1_379' title='bbox 1825 4131 2034 4189; x_wconf 91' lang='lat' dir='ltr'>oppro-</span> 
     </span>
    </p>
   </div>
   <div class='ocr_carea' id='block_1_55' title="bbox 415 4203 2027 4293">
    <p class='ocr_par' dir='ltr' id='par_1_55' title="bbox 415 4203 2027 4293">
     <span class='ocr_line' id='line_1_55' title="bbox 415 4203 2027 4293; baseline -0.017 -9"><span class='ocrx_word' id='word_1_380' title='bbox 415 4203 611 4284; x_wconf 75' lang='lat' dir='ltr'>brium</span> <span class='ocrx_word' id='word_1_381' title='bbox 633 4219 952 4293; x_wconf 88' lang='lat' dir='ltr'>reliquisse.</span> <span class='ocrx_word' id='word_1_382' title='bbox 978 4219 1192 4272; x_wconf 90' lang='lat' dir='ltr'>Iterum</span> <span class='ocrx_word' id='word_1_383' title='bbox 1217 4213 1362 4280; x_wconf 89' lang='lat' dir='ltr'>vale,</span> <span class='ocrx_word' id='word_1_384' title='bbox 1394 4213 1452 4266; x_wconf 92' lang='lat' dir='ltr'>et</span> <span class='ocrx_word' id='word_1_385' title='bbox 1472 4228 1506 4266; x_wconf 90' lang='lat' dir='ltr'>a</span> <span class='ocrx_word' id='word_1_386' title='bbox 1535 4212 1576 4264; x_wconf 90' lang='grc' dir='ltr'>Ι.</span> <span class='ocrx_word' id='word_1_387' title='bbox 1608 4209 1673 4265; x_wconf 88' lang='lat' dir='ltr'>V.</span> <span class='ocrx_word' id='word_1_388' title='bbox 1708 4210 1747 4262; x_wconf 89' lang='grc' dir='ltr'>Ι.</span> <span class='ocrx_word' id='word_1_389' title='bbox 1787 4205 1852 4270; x_wconf 88' lang='lat' dir='ltr'>Q.</span> <span class='ocrx_word' id='word_1_390' title='bbox 1882 4206 1939 4258; x_wconf 88' lang='grc' dir='ltr'>Ζ.</span> <span class='ocrx_word' id='word_1_391' title='bbox 1964 4203 2027 4258; x_wconf 85' lang='grc' dir='ltr'>Η.</span> 
     </span>
    </p>
   </div>
   <div class='ocr_carea' id='block_1_56' title="bbox 417 4298 1956 4386">
    <p class='ocr_par' dir='ltr' id='par_1_56' title="bbox 417 4298 1956 4386">
     <span class='ocr_line' id='line_1_56' title="bbox 417 4298 1956 4386; baseline -0.016 -14"><span class='ocrx_word' id='word_1_392' title='bbox 417 4317 477 4372; x_wconf 89' lang='grc' dir='ltr'>Ζ.</span> <span class='ocrx_word' id='word_1_393' title='bbox 506 4317 574 4372; x_wconf 82' lang='grc' dir='ltr'>Α.</span> <span class='ocrx_word' id='word_1_394' title='bbox 600 4311 916 4386; x_wconf 88' lang='lat' dir='ltr'>plurimum</span> <span class='ocrx_word' id='word_1_395' title='bbox 940 4323 1096 4372; x_wconf 86' lang='lat' dir='ltr'>cave,</span> <span class='ocrx_word' id='word_1_396' title='bbox 1124 4307 1187 4358; x_wconf 92' lang='lat' dir='ltr'>ut</span> <span class='ocrx_word' id='word_1_397' title='bbox 1219 4319 1253 4357; x_wconf 89' lang='lat' dir='ltr'>a</span> <span class='ocrx_word' id='word_1_398' title='bbox 1281 4300 1505 4374; x_wconf 85' lang='lat' dir='ltr'>perﬁdo</span> <span class='ocrx_word' id='word_1_399' title='bbox 1538 4303 1596 4354; x_wconf 92' lang='lat' dir='ltr'>et</span> <span class='ocrx_word' id='word_1_400' title='bbox 1620 4298 1956 4368; x_wconf 88' lang='lat' dir='ltr'>impostore.</span> 
     </span>
    </p>
   </div>
   <div class='ocr_carea' id='block_1_57' title="bbox 898 4400 1552 4462">
    <p class='ocr_par' dir='ltr' id='par_1_57' title="bbox 898 4400 1552 4462">
     <span class='ocr_line' id='line_1_57' title="bbox 898 4400 1552 4462; baseline -0.015 0"><span class='ocrx_word' id='word_1_401' title='bbox 898 4404 1232 4462; x_wconf 77' lang='lat' dir='ltr'>EPISTOLA</span> <span class='ocrx_word' id='word_1_402' title='bbox 1273 4400 1552 4456; x_wconf 86' lang='lat' dir='ltr'><strong>CXXXVII.</strong></span> 
     </span>
    </p>
   </div>
   <div class='ocr_carea' id='block_1_58' title="bbox 495 4482 2037 4560">
    <p class='ocr_par' dir='ltr' id='par_1_58' title="bbox 495 4482 2037 4560">
     <span class='ocr_line' id='line_1_58' title="bbox 495 4482 2037 4560; baseline -0.014 -1"><span class='ocrx_word' id='word_1_403' title='bbox 495 4498 770 4558; x_wconf 83' lang='lat' dir='ltr'>Absentia</span> <span class='ocrx_word' id='word_1_404' title='bbox 794 4496 1044 4553; x_wconf 88' lang='lat' dir='ltr'>militum</span> <span class='ocrx_word' id='word_1_405' title='bbox 1078 4496 1418 4548; x_wconf 90' lang='lat' dir='ltr'>nostrorum</span> <span class='ocrx_word' id='word_1_406' title='bbox 1447 4506 1538 4544; x_wconf 90' lang='lat' dir='ltr'>res</span> <span class='ocrx_word' id='word_1_407' title='bbox 1586 4503 1763 4560; x_wconf 91' lang='lat' dir='ltr'>quam</span> <span class='ocrx_word' id='word_1_408' title='bbox 1814 4482 2037 4558; x_wconf 88' lang='lat' dir='ltr'>petistis</span> 
     </span>
    </p>
   </div>
   <div class='ocr_carea' id='block_1_59' title="bbox 424 4575 2042 4668">
    <p class='ocr_par' dir='ltr' id='par_1_59' title="bbox 424 4575 2042 4668">
     <span class='ocr_line' id='line_1_59' title="bbox 424 4575 2042 4668; baseline -0.014 -19"><span class='ocrx_word' id='word_1_409' title='bbox 424 4595 662 4668; x_wconf 87' lang='lat' dir='ltr'>plenum</span> <span class='ocrx_word' id='word_1_410' title='bbox 688 4605 804 4643; x_wconf 88' lang='lat' dir='ltr'>non</span> <span class='ocrx_word' id='word_1_411' title='bbox 828 4584 1032 4641; x_wconf 86' lang='lat' dir='ltr'>habuit</span> <span class='ocrx_word' id='word_1_412' title='bbox 1060 4582 1332 4637; x_wconf 75' lang='lat' dir='ltr'>effectum</span> <span class='ocrx_word' id='word_1_413' title='bbox 1353 4597 1366 4647; x_wconf 89' lang='lat'><strong>;</strong></span> <span class='ocrx_word' id='word_1_414' title='bbox 1391 4581 1479 4634; x_wconf 91' lang='lat' dir='ltr'>est</span> <span class='ocrx_word' id='word_1_415' title='bbox 1496 4582 1694 4633; x_wconf 91' lang='lat' dir='ltr'>tamen</span> <span class='ocrx_word' id='word_1_416' title='bbox 1728 4575 1785 4629; x_wconf 91' lang='lat' dir='ltr'>in</span> <span class='ocrx_word' id='word_1_417' title='bbox 1819 4575 2042 4639; x_wconf 86' lang='lat' dir='ltr'>voto,et</span> 
     </span>
    </p>
   </div>
   <div class='ocr_carea' id='block_1_60' title="bbox 422 4661 2042 4746">
    <p class='ocr_par' dir='ltr' id='par_1_60' title="bbox 422 4661 2042 4746">
     <span class='ocr_line' id='line_1_60' title="bbox 422 4661 2042 4746; baseline -0.017 -4"><span class='ocrx_word' id='word_1_418' title='bbox 422 4661 485 4742; x_wconf 82' lang='lat' dir='ltr'>in</span> <span class='ocrx_word' id='word_1_419' title='bbox 519 4696 721 4738; x_wconf 91' lang='lat' dir='ltr'>eorum</span> <span class='ocrx_word' id='word_1_420' title='bbox 751 4676 937 4733; x_wconf 90' lang='lat' dir='ltr'>reditu</span> <span class='ocrx_word' id='word_1_421' title='bbox 966 4671 1119 4746; x_wconf 88' lang='lat' dir='ltr'>quod</span> <span class='ocrx_word' id='word_1_422' title='bbox 1152 4669 1472 4742; x_wconf 86' lang='lat' dir='ltr'>poterimus</span> <span class='ocrx_word' id='word_1_423' title='bbox 1499 4679 1898 4738; x_wconf 90' lang='lat' dir='ltr'>exsequemur.</span> <span class='ocrx_word' id='word_1_424' title='bbox 1929 4661 2042 4716; x_wconf 92' lang='lat' dir='ltr'>Sed</span> 
     </span>
    </p>
   </div>
   <div class='ocr_carea' id='block_1_61' title="bbox 425 4750 2045 4846">
    <p class='ocr_par' dir='ltr' id='par_1_61' title="bbox 425 4750 2045 4846">
     <span class='ocr_line' id='line_1_61' title="bbox 425 4750 2045 4846; baseline -0.017 -15"><span class='ocrx_word' id='word_1_425' title='bbox 425 4774 472 4832; x_wconf 90' lang='lat' dir='ltr'>si</span> <span class='ocrx_word' id='word_1_426' title='bbox 504 4772 840 4846; x_wconf 90' lang='lat' dir='ltr'>perpetuam</span> <span class='ocrx_word' id='word_1_427' title='bbox 863 4779 1065 4836; x_wconf 89' lang='lat' dir='ltr'>pacem</span> <span class='ocrx_word' id='word_1_428' title='bbox 1089 4758 1312 4815; x_wconf 89' lang='lat' dir='ltr'>rusticis</span> <span class='ocrx_word' id='word_1_429' title='bbox 1331 4755 1551 4812; x_wconf 81' lang='lat' dir='ltr'>Asineti</span> <span class='ocrx_word' id='word_1_430' title='bbox 1573 4753 1784 4827; x_wconf 90' lang='lat' dir='ltr'>optatis</span> <span class='ocrx_word' id='word_1_431' title='bbox 1814 4750 2045 4806; x_wconf 87' lang='lat' dir='ltr'>veniam</span> 
     </span>
    </p>
   </div>
   <div class='ocr_carea' id='block_1_62' title="bbox 424 4841 2048 4921">
    <p class='ocr_par' dir='ltr' id='par_1_62' title="bbox 424 4841 2048 4921">
     <span class='ocr_line' id='line_1_62' title="bbox 424 4841 2048 4921; baseline -0.017 0"><span class='ocrx_word' id='word_1_432' title='bbox 424 4841 576 4921; x_wconf 82' lang='lat' dir='ltr'>com.</span> <span class='ocrx_word' id='word_1_433' title='bbox 612 4841 749 4916; x_wconf 83' lang='lat' dir='ltr'>Cen.</span> <span class='ocrx_word' id='word_1_434' title='bbox 778 4859 837 4911; x_wconf 89' lang='lat' dir='ltr'>et</span> <span class='ocrx_word' id='word_1_435' title='bbox 866 4857 926 4909; x_wconf 91' lang='lat' dir='ltr'>ut</span> <span class='ocrx_word' id='word_1_436' title='bbox 952 4851 1024 4906; x_wconf 88' lang='lat' dir='ltr'>ad</span> <span class='ocrx_word' id='word_1_437' title='bbox 1061 4866 1168 4905; x_wconf 91' lang='lat' dir='ltr'>nos</span> <span class='ocrx_word' id='word_1_438' title='bbox 1189 4863 1368 4920; x_wconf 89' lang='lat' dir='ltr'>usque</span> <span class='ocrx_word' id='word_1_439' title='bbox 1391 4861 1566 4918; x_wconf 88' lang='lat' dir='ltr'>quam</span> <span class='ocrx_word' id='word_1_440' title='bbox 1593 4841 1878 4916; x_wconf 86' lang='lat' dir='ltr'>proxime,</span> <span class='ocrx_word' id='word_1_441' title='bbox 1906 4843 1968 4894; x_wconf 91' lang='lat' dir='ltr'>ut</span> <span class='ocrx_word' id='word_1_442' title='bbox 1989 4843 2048 4894; x_wconf 90' lang='lat' dir='ltr'>et</span> 
     </span>
    </p>
   </div>
   <div class='ocr_carea' id='block_1_63' title="bbox 425 4925 2047 5014">
    <p class='ocr_par' dir='ltr' id='par_1_63' title="bbox 425 4925 2047 5014">
     <span class='ocr_line' id='line_1_63' title="bbox 425 4925 2047 5014; baseline -0.018 -4"><span class='ocrx_word' id='word_1_443' title='bbox 425 4955 486 5011; x_wconf 92' lang='lat' dir='ltr'>in</span> <span class='ocrx_word' id='word_1_444' title='bbox 513 4949 721 5007; x_wconf 89' lang='lat' dir='ltr'>merita</span> <span class='ocrx_word' id='word_1_445' title='bbox 747 4942 1160 5014; x_wconf 88' lang='lat' dir='ltr'>comparentur</span> <span class='ocrx_word' id='word_1_446' title='bbox 1190 4935 1460 5001; x_wconf 90' lang='lat' dir='ltr'>consilia,</span> <span class='ocrx_word' id='word_1_447' title='bbox 1484 4936 1543 4988; x_wconf 89' lang='lat' dir='ltr'>et</span> <span class='ocrx_word' id='word_1_448' title='bbox 1573 4935 1760 4987; x_wconf 89' lang='lat' dir='ltr'>vestra</span> <span class='ocrx_word' id='word_1_449' title='bbox 1783 4925 2047 4984; x_wconf 88' lang='lat' dir='ltr'>militaris</span> 
     </span>
    </p>
   </div>
   <div class='ocr_carea' id='block_1_64' title="bbox 427 5018 2049 5106">
    <p class='ocr_par' dir='ltr' id='par_1_64' title="bbox 427 5018 2049 5106">
     <span class='ocr_line' id='line_1_64' title="bbox 427 5018 2049 5106; baseline -0.017 -7"><span class='ocrx_word' id='word_1_450' title='bbox 427 5056 635 5098; x_wconf 89' lang='lat' dir='ltr'>manus</span> <span class='ocrx_word' id='word_1_451' title='bbox 669 5036 845 5106; x_wconf 88' lang='lat' dir='ltr'>digna</span> <span class='ocrx_word' id='word_1_452' title='bbox 869 5029 1033 5086; x_wconf 91' lang='lat' dir='ltr'>nobis</span> <span class='ocrx_word' id='word_1_453' title='bbox 1053 5027 1318 5083; x_wconf 90' lang='lat' dir='ltr'>conferat</span> <span class='ocrx_word' id='word_1_454' title='bbox 1335 5023 1561 5087; x_wconf 87' lang='lat' dir='ltr'>solatia,</span> <span class='ocrx_word' id='word_1_455' title='bbox 1584 5020 1750 5091; x_wconf 89' lang='lat' dir='ltr'>juxta</span> <span class='ocrx_word' id='word_1_456' title='bbox 1770 5018 1924 5090; x_wconf 91' lang='lat' dir='ltr'>quod</span> <span class='ocrx_word' id='word_1_457' title='bbox 1944 5033 2049 5088; x_wconf 88' lang='lat' dir='ltr'>per</span> 
     </span>
    </p>
   </div>
   <div class='ocr_carea' id='block_1_65' title="bbox 429 5105 2048 5198">
    <p class='ocr_par' dir='ltr' id='par_1_65' title="bbox 429 5105 2048 5198">
     <span class='ocr_line' id='line_1_65' title="bbox 429 5105 2048 5198; baseline -0.018 -11"><span class='ocrx_word' id='word_1_458' title='bbox 429 5147 560 5187; x_wconf 88' lang='lat' dir='ltr'>eum</span> <span class='ocrx_word' id='word_1_459' title='bbox 577 5105 1030 5198; x_wconf 76' lang='lat' dir='ltr'>significabimus</span> <span class='ocrx_word' id='word_1_460' title='bbox 1059 5115 1187 5171; x_wconf 76' lang='lat' dir='ltr'>Haec</span> <span class='ocrx_word' id='word_1_461' title='bbox 1204 5115 1340 5168; x_wconf 89' lang='lat' dir='ltr'>tutis</span> <span class='ocrx_word' id='word_1_462' title='bbox 1367 5110 1599 5165; x_wconf 88' lang='lat' dir='ltr'>auribus</span> <span class='ocrx_word' id='word_1_463' title='bbox 1620 5105 2048 5164; x_wconf 88' lang='lat' dir='ltr'>committimus</span> 
     </span>
    </p>
   </div>
   <div class='ocr_carea' id='block_1_66' title="bbox 428 5197 1603 5293">
    <p class='ocr_par' dir='ltr' id='par_1_66' title="bbox 428 5197 1603 5293">
     <span class='ocr_line' id='line_1_66' title="bbox 428 5197 1603 5293; baseline -0.02 -18"><span class='ocrx_word' id='word_1_464' title='bbox 428 5220 668 5293; x_wconf 87' lang='lat' dir='ltr'>propter</span> <span class='ocrx_word' id='word_1_465' title='bbox 697 5210 942 5269; x_wconf 85' lang='lat' dir='ltr'>hostium</span> <span class='ocrx_word' id='word_1_466' title='bbox 976 5205 1323 5276; x_wconf 82' lang='lat' dir='ltr'>multiplices</span> <span class='ocrx_word' id='word_1_467' title='bbox 1349 5197 1603 5254; x_wconf 89' lang='lat' dir='ltr'>insidias.</span> 
     </span>
    </p>
   </div>
   <div class='ocr_carea' id='block_1_67' title="bbox 903 5297 1587 5361">
    <p class='ocr_par' dir='ltr' id='par_1_67' title="bbox 903 5297 1587 5361">
     <span class='ocr_line' id='line_1_67' title="bbox 903 5297 1587 5361; baseline -0.016 0"><span class='ocrx_word' id='word_1_468' title='bbox 903 5301 1245 5361; x_wconf 79' lang='lat' dir='ltr'>EPISTOLA</span> <span class='ocrx_word' id='word_1_469' title='bbox 1276 5297 1587 5353; x_wconf 88' lang='lat' dir='ltr'><strong>CXXXVIII.</strong></span> 
     </span>
    </p>
   </div>
   <div class='ocr_carea' id='block_1_68' title="bbox 501 5384 2051 5460">
    <p class='ocr_par' dir='ltr' id='par_1_68' title="bbox 501 5384 2051 5460">
     <span class='ocr_line' id='line_1_68' title="bbox 501 5384 2051 5460; baseline -0.016 1"><span class='ocrx_word' id='word_1_470' title='bbox 501 5401 867 5460; x_wconf 86' lang='lat' dir='ltr'>Gratulamur</span> <span class='ocrx_word' id='word_1_471' title='bbox 897 5391 1127 5451; x_wconf 88' lang='lat' dir='ltr'>meliori</span> <span class='ocrx_word' id='word_1_472' title='bbox 1172 5387 1513 5444; x_wconf 87' lang='lat' dir='ltr'>habitudine</span> <span class='ocrx_word' id='word_1_473' title='bbox 1544 5385 1805 5458; x_wconf 86' lang='lat' dir='ltr'>corporis</span> <span class='ocrx_word' id='word_1_474' title='bbox 1835 5384 2051 5438; x_wconf 88' lang='lat' dir='ltr'>instau-</span> 
     </span>
    </p>
   </div>
   <div class='ocr_carea' id='block_1_69' title="bbox 429 5471 2057 5554">
    <p class='ocr_par' dir='ltr' id='par_1_69' title="bbox 429 5471 2057 5554">
     <span class='ocr_line' id='line_1_69' title="bbox 429 5471 2057 5554; baseline -0.017 -2"><span class='ocrx_word' id='word_1_475' title='bbox 429 5497 559 5552; x_wconf 89' lang='lat' dir='ltr'>rata</span> <span class='ocrx_word' id='word_1_476' title='bbox 583 5493 642 5547; x_wconf 91' lang='lat' dir='ltr'>in</span> <span class='ocrx_word' id='word_1_477' title='bbox 671 5489 852 5554; x_wconf 88' lang='lat' dir='ltr'>vobis,</span> <span class='ocrx_word' id='word_1_478' title='bbox 879 5481 1167 5551; x_wconf 87' lang='lat' dir='ltr'>simulque</span> <span class='ocrx_word' id='word_1_479' title='bbox 1212 5475 1369 5548; x_wconf 90' lang='lat' dir='ltr'>quod</span> <span class='ocrx_word' id='word_1_480' title='bbox 1403 5479 1664 5530; x_wconf 90' lang='lat' dir='ltr'>nostram</span> <span class='ocrx_word' id='word_1_481' title='bbox 1691 5473 1833 5528; x_wconf 87' lang='lat' dir='ltr'>scire</span> <span class='ocrx_word' id='word_1_482' title='bbox 1875 5471 2057 5525; x_wconf 85' lang='lat' dir='ltr'>volui-</span> 
     </span>
    </p>
   </div>
   <div class='ocr_carea' id='block_1_70' title="bbox 431 5559 2048 5650">
    <p class='ocr_par' dir='ltr' id='par_1_70' title="bbox 431 5559 2048 5650">
     <span class='ocr_line' id='line_1_70' title="bbox 431 5559 2048 5650; baseline -0.015 -10"><span class='ocrx_word' id='word_1_483' title='bbox 431 5583 551 5640; x_wconf 81' lang='lat' dir='ltr'>stis.</span> <span class='ocrx_word' id='word_1_484' title='bbox 580 5581 692 5636; x_wconf 89' lang='lat' dir='ltr'>Nos</span> <span class='ocrx_word' id='word_1_485' title='bbox 711 5575 950 5650; x_wconf 90' lang='lat' dir='ltr'>quidem</span> <span class='ocrx_word' id='word_1_486' title='bbox 969 5566 1218 5625; x_wconf 88' lang='lat' dir='ltr'>Domino</span> <span class='ocrx_word' id='word_1_487' title='bbox 1247 5563 1497 5636; x_wconf 90' lang='lat' dir='ltr'>propitio</span> <span class='ocrx_word' id='word_1_488' title='bbox 1526 5567 1586 5618; x_wconf 88' lang='lat' dir='ltr'>et</span> <span class='ocrx_word' id='word_1_489' title='bbox 1601 5563 1749 5620; x_wconf 87' lang='lat' dir='ltr'>bene</span> <span class='ocrx_word' id='word_1_490' title='bbox 1766 5559 2048 5627; x_wconf 84' lang='lat' dir='ltr'>valemus,</span> 
     </span>
    </p>
   </div>
   <div class='ocr_carea' id='block_1_71' title="bbox 429 5648 2043 5756">
    <p class='ocr_par' dir='ltr' id='par_1_71' title="bbox 429 5648 2043 5756">
     <span class='ocr_line' id='line_1_71' title="bbox 429 5648 2043 5756; baseline -0.025 -22"><span class='ocrx_word' id='word_1_491' title='bbox 429 5675 489 5756; x_wconf 64' lang='lat' dir='ltr'>et</span> <span class='ocrx_word' id='word_1_492' title='bbox 516 5648 748 5756; x_wconf 69' lang='lat' dir='ltr'>optima</span> <span class='ocrx_word' id='word_1_493' title='bbox 768 5674 1015 5743; x_wconf 80' lang='lat' dir='ltr'>quaeque</span> <span class='ocrx_word' id='word_1_494' title='bbox 1026 5654 1172 5712; x_wconf 86' lang='lat' dir='ltr'>votis</span> <span class='ocrx_word' id='word_1_495' title='bbox 1185 5655 1474 5731; x_wconf 83' lang='lat' dir='ltr'>optamus,</span> <span class='ocrx_word' id='word_1_496' title='bbox 1497 5666 1603 5711; x_wconf 86' lang='lat' dir='ltr'>nec</span> <span class='ocrx_word' id='word_1_497' title='bbox 1625 5651 1878 5723; x_wconf 69' lang='lat' dir='ltr'>emptam</span> <span class='ocrx_word' id='word_1_498' title='bbox 1895 5648 2043 5710; x_wconf 74' lang='lat' dir='ltr'>ami.</span> 
     </span>
    </p>
   </div>
   <div class='ocr_carea' id='block_1_72' title="bbox 2103 1908 3720 1993">
    <p class='ocr_par' dir='ltr' id='par_1_72' title="bbox 2103 1908 3720 1993">
     <span class='ocr_line' id='line_1_72' title="bbox 2103 1908 3720 1993; baseline -0.009 -17"><span class='ocrx_word' id='word_1_499' title='bbox 2103 1920 2366 1993; x_wconf 89' lang='lat' dir='ltr'>quimini.</span> <span class='ocrx_word' id='word_1_500' title='bbox 2385 1919 2596 1974; x_wconf 87' lang='lat' dir='ltr'>Contra</span> <span class='ocrx_word' id='word_1_501' title='bbox 2611 1918 2693 1972; x_wconf 89' lang='lat' dir='ltr'>fas</span> <span class='ocrx_word' id='word_1_502' title='bbox 2709 1932 2884 1987; x_wconf 90' lang='lat' dir='ltr'>porro</span> <span class='ocrx_word' id='word_1_503' title='bbox 2913 1933 2947 1970; x_wconf 90' lang='lat' dir='ltr'>a</span> <span class='ocrx_word' id='word_1_504' title='bbox 2970 1915 3228 1986; x_wconf 89' lang='lat' dir='ltr'>quolibet</span> <span class='ocrx_word' id='word_1_505' title='bbox 3248 1912 3472 1984; x_wconf 88' lang='lat' dir='ltr'>prolata</span> <span class='ocrx_word' id='word_1_506' title='bbox 3501 1908 3720 1965; x_wconf 84' lang='lat' dir='ltr'>devita-</span> 
     </span>
    </p>
   </div>
   <div class='ocr_carea' id='block_1_73' title="bbox 2102 1998 3718 2074">
    <p class='ocr_par' dir='ltr' id='par_1_73' title="bbox 2102 1998 3718 2074">
     <span class='ocr_line' id='line_1_73' title="bbox 2102 1998 3718 2074; baseline -0.009 -9"><span class='ocrx_word' id='word_1_507' title='bbox 2102 2009 2254 2065; x_wconf 88' lang='lat' dir='ltr'>bitis.</span> <span class='ocrx_word' id='word_1_508' title='bbox 2287 2010 2414 2064; x_wconf 91' lang='lat' dir='ltr'>Non</span> <span class='ocrx_word' id='word_1_509' title='bbox 2440 2007 2743 2061; x_wconf 87' lang='lat' dir='ltr'>inhoneste</span> <span class='ocrx_word' id='word_1_510' title='bbox 2761 2006 3108 2060; x_wconf 89' lang='lat' dir='ltr'>utantursuo</span> <span class='ocrx_word' id='word_1_511' title='bbox 3125 2006 3389 2074; x_wconf 88' lang='lat' dir='ltr'>tempore</span> <span class='ocrx_word' id='word_1_512' title='bbox 3419 1998 3522 2054; x_wconf 85' lang='lat' dir='ltr'>ﬁlii</span> <span class='ocrx_word' id='word_1_513' title='bbox 3550 2002 3718 2053; x_wconf 88' lang='lat' dir='ltr'>tene-</span> 
     </span>
    </p>
   </div>
   <div class='ocr_carea' id='block_1_74' title="bbox 2103 2083 3718 2164">
    <p class='ocr_par' dir='ltr' id='par_1_74' title="bbox 2103 2083 3718 2164">
     <span class='ocr_line' id='line_1_74' title="bbox 2103 2083 3718 2164; baseline -0.009 -11"><span class='ocrx_word' id='word_1_514' title='bbox 2103 2097 2360 2164; x_wconf 88' lang='lat' dir='ltr'>brarum,</span> <span class='ocrx_word' id='word_1_515' title='bbox 2391 2095 2488 2150; x_wconf 87' lang='lat' dir='ltr'>ﬁlii</span> <span class='ocrx_word' id='word_1_516' title='bbox 2514 2094 2686 2149; x_wconf 85' lang='lat' dir='ltr'>Belial</span> <span class='ocrx_word' id='word_1_517' title='bbox 2713 2111 2726 2148; x_wconf 90' lang='lat'><strong>:</strong></span> <span class='ocrx_word' id='word_1_518' title='bbox 2757 2110 2863 2148; x_wconf 90' lang='lat' dir='ltr'>nos</span> <span class='ocrx_word' id='word_1_519' title='bbox 2901 2092 3002 2146; x_wconf 81' lang='lat' dir='ltr'>ﬁlii</span> <span class='ocrx_word' id='word_1_520' title='bbox 3063 2089 3223 2157; x_wconf 89' lang='lat' dir='ltr'>lucis,</span> <span class='ocrx_word' id='word_1_521' title='bbox 3257 2088 3360 2143; x_wconf 83' lang='lat' dir='ltr'>ﬁlii</span> <span class='ocrx_word' id='word_1_522' title='bbox 3409 2086 3587 2160; x_wconf 86' lang='lat' dir='ltr'>pacis,</span> <span class='ocrx_word' id='word_1_523' title='bbox 3618 2083 3718 2158; x_wconf 89' lang='lat' dir='ltr'>qui</span> 
     </span>
    </p>
   </div>
   <div class='ocr_carea' id='block_1_75' title="bbox 2101 2173 3726 2260">
    <p class='ocr_par' dir='ltr' id='par_1_75' title="bbox 2101 2173 3726 2260">
     <span class='ocr_line' id='line_1_75' title="bbox 2101 2173 3726 2260; baseline -0.009 -19"><span class='ocrx_word' id='word_1_524' title='bbox 2101 2204 2265 2260; x_wconf 90' lang='lat' dir='ltr'>spem</span> <span class='ocrx_word' id='word_1_525' title='bbox 2289 2186 2350 2240; x_wconf 94' lang='lat' dir='ltr'>in</span> <span class='ocrx_word' id='word_1_526' title='bbox 2380 2183 2618 2239; x_wconf 86' lang='lat' dir='ltr'>homine</span> <span class='ocrx_word' id='word_1_527' title='bbox 2647 2183 2800 2236; x_wconf 89' lang='lat' dir='ltr'>velut</span> <span class='ocrx_word' id='word_1_528' title='bbox 2819 2181 3020 2236; x_wconf 88' lang='lat' dir='ltr'>fenum</span> <span class='ocrx_word' id='word_1_529' title='bbox 3072 2181 3387 2245; x_wconf 88' lang='lat' dir='ltr'>arescente,</span> <span class='ocrx_word' id='word_1_530' title='bbox 3423 2192 3541 2231; x_wconf 89' lang='lat' dir='ltr'>non</span> <span class='ocrx_word' id='word_1_531' title='bbox 3557 2173 3726 2247; x_wconf 89' lang='lat' dir='ltr'>poni—</span> 
     </span>
    </p>
   </div>
   <div class='ocr_carea' id='block_1_76' title="bbox 2102 2263 3722 2345">
    <p class='ocr_par' dir='ltr' id='par_1_76' title="bbox 2102 2263 3722 2345">
     <span class='ocr_line' id='line_1_76' title="bbox 2102 2263 3722 2345; baseline -0.01 -15"><span class='ocrx_word' id='word_1_532' title='bbox 2102 2293 2250 2330; x_wconf 90' lang='lat' dir='ltr'>mus.</span> <span class='ocrx_word' id='word_1_533' title='bbox 2282 2274 2424 2329; x_wconf 89' lang='lat' dir='ltr'>Cum</span> <span class='ocrx_word' id='word_1_534' title='bbox 2450 2271 2728 2345; x_wconf 89' lang='lat' dir='ltr'>patientia</span> <span class='ocrx_word' id='word_1_535' title='bbox 2758 2273 3154 2340; x_wconf 88' lang='lat' dir='ltr'>exspectemus</span> <span class='ocrx_word' id='word_1_536' title='bbox 3199 2266 3340 2320; x_wconf 90' lang='lat' dir='ltr'>illud</span> <span class='ocrx_word' id='word_1_537' title='bbox 3369 2263 3676 2336; x_wconf 72' lang='lat' dir='ltr'>Propheta:</span> <span class='ocrx_word' id='word_1_538' title='bbox 3705 2278 3722 2314; x_wconf 88' lang='lat'><strong>:</strong></span> 
     </span>
    </p>
   </div>
   <div class='ocr_carea' id='block_1_77' title="bbox 2112 2349 3729 2434">
    <p class='ocr_par' dir='ltr' id='par_1_77' title="bbox 2112 2349 3729 2434">
     <span class='ocr_line' id='line_1_77' title="bbox 2112 2349 3729 2434; baseline -0.011 -15"><span class='ocrx_word' id='word_1_539' title='bbox 2112 2365 2240 2419; x_wconf 90' lang='lat' dir='ltr'>Vidi</span> <span class='ocrx_word' id='word_1_540' title='bbox 2259 2364 2490 2434; x_wconf 81' lang='lat' dir='ltr'>impium</span> <span class='ocrx_word' id='word_1_541' title='bbox 2515 2358 2969 2432; x_wconf 69' lang='lat' dir='ltr'>supereraltazum</span> <span class='ocrx_word' id='word_1_542' title='bbox 3004 2364 3053 2410; x_wconf 87' lang='lat' dir='ltr'>et</span> <span class='ocrx_word' id='word_1_543' title='bbox 3082 2356 3345 2410; x_wconf 70' lang='lat' dir='ltr'>eleuatum</span> <span class='ocrx_word' id='word_1_544' title='bbox 3365 2368 3523 2423; x_wconf 79' lang='lat' dir='ltr'>super</span> <span class='ocrx_word' id='word_1_545' title='bbox 3541 2349 3729 2404; x_wconf 71' lang='grc' dir='ltr'>θεάν-ος</span> 
     </span>
    </p>
   </div>
   <div class='ocr_carea' id='block_1_78' title="bbox 2106 2441 3728 2518">
    <p class='ocr_par' dir='ltr' id='par_1_78' title="bbox 2106 2441 3728 2518">
     <span class='ocr_line' id='line_1_78' title="bbox 2106 2441 3728 2518; baseline -0.011 -10"><span class='ocrx_word' id='word_1_546' title='bbox 2106 2453 2334 2518; x_wconf 78' lang='lat' dir='ltr'>Libani;</span> <span class='ocrx_word' id='word_1_547' title='bbox 2385 2452 2638 2515; x_wconf 76' lang='lat' dir='ltr'>transivi,</span> <span class='ocrx_word' id='word_1_548' title='bbox 2669 2455 2717 2502; x_wconf 86' lang='lat' dir='ltr'>et</span> <span class='ocrx_word' id='word_1_549' title='bbox 2764 2464 2876 2501; x_wconf 88' lang='lat' dir='ltr'>ecce</span> <span class='ocrx_word' id='word_1_550' title='bbox 2934 2461 3042 2500; x_wconf 87' lang='lat' dir='ltr'>non</span> <span class='ocrx_word' id='word_1_551' title='bbox 3071 2451 3192 2500; x_wconf 81' lang='lat' dir='ltr'>erat</span> <span class='ocrx_word' id='word_1_552' title='bbox 3207 2471 3224 2511; x_wconf 83' lang='lat'>,-</span> <span class='ocrx_word' id='word_1_553' title='bbox 3251 2441 3477 2515; x_wconf 69' lang='lat' dir='ltr'>quaesivi</span> <span class='ocrx_word' id='word_1_554' title='bbox 3505 2455 3652 2506; x_wconf 84' lang='lat' dir='ltr'>eum,</span> <span class='ocrx_word' id='word_1_555' title='bbox 3674 2443 3728 2491; x_wconf 83' lang='lat' dir='ltr'>et</span> 
     </span>
    </p>
   </div>
   <div class='ocr_carea' id='block_1_79' title="bbox 2109 2538 2794 2608">
    <p class='ocr_par' dir='ltr' id='par_1_79' title="bbox 2109 2538 2794 2608">
     <span class='ocr_line' id='line_1_79' title="bbox 2109 2538 2794 2608; baseline -0.01 -11"><span class='ocrx_word' id='word_1_556' title='bbox 2109 2549 2184 2597; x_wconf 80' lang='lat' dir='ltr'>est</span> <span class='ocrx_word' id='word_1_557' title='bbox 2214 2545 2460 2596; x_wconf 76' lang='lat' dir='ltr'>inventus</span> <span class='ocrx_word' id='word_1_558' title='bbox 2493 2539 2630 2594; x_wconf 84' lang='lat' dir='ltr'>locus</span> <span class='ocrx_word' id='word_1_559' title='bbox 2660 2538 2794 2608; x_wconf 79' lang='lat' dir='ltr'>ejus.</span> 
     </span>
    </p>
   </div>
   <div class='ocr_carea' id='block_1_80' title="bbox 2666 2631 3158 2689">
    <p class='ocr_par' dir='ltr' id='par_1_80' title="bbox 2666 2631 3158 2689">
     <span class='ocr_line' id='line_1_80' title="bbox 2666 2631 3158 2689; baseline -0.006 0"><span class='ocrx_word' id='word_1_560' title='bbox 2666 2633 2998 2689; x_wconf 82' lang='lat' dir='ltr'><strong>EPISTOLA</strong></span> <span class='ocrx_word' id='word_1_561' title='bbox 3031 2631 3158 2687; x_wconf 89' lang='lat' dir='ltr'><strong>CXL</strong></span> 
     </span>
    </p>
   </div>
   <div class='ocr_carea' id='block_1_81' title="bbox 2187 2713 3732 2792">
    <p class='ocr_par' dir='ltr' id='par_1_81' title="bbox 2187 2713 3732 2792">
     <span class='ocr_line' id='line_1_81' title="bbox 2187 2713 3732 2792; baseline -0.008 -9"><span class='ocrx_word' id='word_1_562' title='bbox 2187 2726 2481 2784; x_wconf 83' lang='lat' dir='ltr'>Beneﬁciis</span> <span class='ocrx_word' id='word_1_563' title='bbox 2511 2723 2835 2779; x_wconf 88' lang='lat' dir='ltr'>liberatoris</span> <span class='ocrx_word' id='word_1_564' title='bbox 2865 2721 3048 2776; x_wconf 89' lang='lat' dir='ltr'>nostri</span> <span class='ocrx_word' id='word_1_565' title='bbox 3077 2723 3268 2792; x_wconf 86' lang='lat' dir='ltr'>grates</span> <span class='ocrx_word' id='word_1_566' title='bbox 3297 2716 3624 2790; x_wconf 88' lang='lat' dir='ltr'>persolvere</span> <span class='ocrx_word' id='word_1_567' title='bbox 3642 2713 3732 2770; x_wconf 82' lang='lat' dir='ltr'>di-</span> 
     </span>
    </p>
   </div>
   <div class='ocr_carea' id='block_1_82' title="bbox 2117 2808 3734 2890">
    <p class='ocr_par' dir='ltr' id='par_1_82' title="bbox 2117 2808 3734 2890">
     <span class='ocr_line' id='line_1_82' title="bbox 2117 2808 3734 2890; baseline -0.009 -17"><span class='ocrx_word' id='word_1_568' title='bbox 2117 2834 2262 2890; x_wconf 85' lang='lat' dir='ltr'>gnas</span> <span class='ocrx_word' id='word_1_569' title='bbox 2297 2833 2415 2872; x_wconf 94' lang='lat' dir='ltr'>non</span> <span class='ocrx_word' id='word_1_570' title='bbox 2463 2813 2775 2869; x_wconf 83' lang='lat' dir='ltr'>sufﬁcimus</span> <span class='ocrx_word' id='word_1_571' title='bbox 2799 2829 2811 2866; x_wconf 93' lang='lat'><strong>:</strong></span> <span class='ocrx_word' id='word_1_572' title='bbox 2833 2810 3009 2866; x_wconf 88' lang='lat' dir='ltr'>etiam</span> <span class='ocrx_word' id='word_1_573' title='bbox 3043 2808 3306 2864; x_wconf 88' lang='lat' dir='ltr'>membra</span> <span class='ocrx_word' id='word_1_574' title='bbox 3348 2808 3568 2870; x_wconf 84' lang='lat' dir='ltr'>nostra,</span> <span class='ocrx_word' id='word_1_575' title='bbox 3597 2819 3734 2876; x_wconf 65' lang='lat' dir='ltr'>qua:</span> 
     </span>
    </p>
   </div>
   <div class='ocr_carea' id='block_1_83' title="bbox 2117 2892 3736 2964">
    <p class='ocr_par' dir='ltr' id='par_1_83' title="bbox 2117 2892 3736 2964">
     <span class='ocr_line' id='line_1_83' title="bbox 2117 2892 3736 2964; baseline -0.011 -1"><span class='ocrx_word' id='word_1_576' title='bbox 2117 2907 2377 2962; x_wconf 87' lang='lat' dir='ltr'>infernus</span> <span class='ocrx_word' id='word_1_577' title='bbox 2404 2902 2762 2959; x_wconf 89' lang='lat' dir='ltr'>absorbuisse</span> <span class='ocrx_word' id='word_1_578' title='bbox 2790 2899 2847 2954; x_wconf 93' lang='lat' dir='ltr'>in</span> <span class='ocrx_word' id='word_1_579' title='bbox 2868 2898 3026 2954; x_wconf 86' lang='lat' dir='ltr'>vobis</span> <span class='ocrx_word' id='word_1_580' title='bbox 3053 2899 3202 2952; x_wconf 88' lang='lat' dir='ltr'>visus</span> <span class='ocrx_word' id='word_1_581' title='bbox 3232 2899 3337 2962; x_wconf 89' lang='lat' dir='ltr'>est,</span> <span class='ocrx_word' id='word_1_582' title='bbox 3357 2895 3428 2950; x_wconf 89' lang='lat' dir='ltr'>ab</span> <span class='ocrx_word' id='word_1_583' title='bbox 3453 2894 3578 2964; x_wconf 86' lang='lat' dir='ltr'>ejus</span> <span class='ocrx_word' id='word_1_584' title='bbox 3603 2892 3736 2947; x_wconf 83' lang='lat' dir='ltr'>fau-</span> 
     </span>
    </p>
   </div>
   <div class='ocr_carea' id='block_1_84' title="bbox 2119 2979 3738 3064">
    <p class='ocr_par' dir='ltr' id='par_1_84' title="bbox 2119 2979 3738 3064">
     <span class='ocr_line' id='line_1_84' title="bbox 2119 2979 3738 3064; baseline -0.011 -13"><span class='ocrx_word' id='word_1_585' title='bbox 2119 2996 2279 3051; x_wconf 90' lang='lat' dir='ltr'>cibus</span> <span class='ocrx_word' id='word_1_586' title='bbox 2300 2995 2518 3064; x_wconf 90' lang='lat' dir='ltr'>erepta,</span> <span class='ocrx_word' id='word_1_587' title='bbox 2546 2990 2754 3045; x_wconf 89' lang='lat' dir='ltr'>victore</span> <span class='ocrx_word' id='word_1_588' title='bbox 2775 2987 3019 3053; x_wconf 89' lang='lat' dir='ltr'>Christo,</span> <span class='ocrx_word' id='word_1_589' title='bbox 3053 2983 3560 3040; x_wconf 66' lang='lat' dir='ltr'>laetamurNerum</span> <span class='ocrx_word' id='word_1_590' title='bbox 3574 2979 3738 3052; x_wconf 89' lang='lat' dir='ltr'>quod</span> 
     </span>
    </p>
   </div>
   <div class='ocr_carea' id='block_1_85' title="bbox 2117 3068 3737 3154">
    <p class='ocr_par' dir='ltr' id='par_1_85' title="bbox 2117 3068 3737 3154">
     <span class='ocr_line' id='line_1_85' title="bbox 2117 3068 3737 3154; baseline -0.01 -15"><span class='ocrx_word' id='word_1_591' title='bbox 2117 3085 2287 3154; x_wconf 89' lang='lat' dir='ltr'>hujus</span> <span class='ocrx_word' id='word_1_592' title='bbox 2317 3079 2595 3152; x_wconf 89' lang='lat' dir='ltr'>temporis</span> <span class='ocrx_word' id='word_1_593' title='bbox 2625 3081 2709 3133; x_wconf 92' lang='lat' dir='ltr'>est</span> <span class='ocrx_word' id='word_1_594' title='bbox 2736 3092 3062 3142; x_wconf 89' lang='lat' dir='ltr'>monemus,</span> <span class='ocrx_word' id='word_1_595' title='bbox 3096 3073 3178 3128; x_wconf 90' lang='lat' dir='ltr'>uti</span> <span class='ocrx_word' id='word_1_596' title='bbox 3214 3073 3417 3126; x_wconf 91' lang='lat' dir='ltr'>nostro</span> <span class='ocrx_word' id='word_1_597' title='bbox 3441 3068 3737 3141; x_wconf 90' lang='lat' dir='ltr'>colloquio</span> 
     </span>
    </p>
   </div>
   <div class='ocr_carea' id='block_1_86' title="bbox 2120 3157 3738 3247">
    <p class='ocr_par' dir='ltr' id='par_1_86' title="bbox 2120 3157 3738 3247">
     <span class='ocr_line' id='line_1_86' title="bbox 2120 3157 3738 3247; baseline -0.011 -19"><span class='ocrx_word' id='word_1_598' title='bbox 2120 3170 2451 3247; x_wconf 90' lang='lat' dir='ltr'>perdiscatis</span> <span class='ocrx_word' id='word_1_599' title='bbox 2481 3185 2608 3241; x_wconf 64' lang='lat' dir='ltr'>quae</span> <span class='ocrx_word' id='word_1_600' title='bbox 2637 3164 2985 3238; x_wconf 88' lang='lat' dir='ltr'>appetenda,</span> <span class='ocrx_word' id='word_1_601' title='bbox 3004 3179 3131 3234; x_wconf 77' lang='lat' dir='ltr'>quae</span> <span class='ocrx_word' id='word_1_602' title='bbox 3156 3160 3392 3215; x_wconf 89' lang='lat' dir='ltr'>vitanda</span> <span class='ocrx_word' id='word_1_603' title='bbox 3407 3158 3568 3214; x_wconf 88' lang='lat' dir='ltr'>vobis</span> <span class='ocrx_word' id='word_1_604' title='bbox 3596 3157 3738 3225; x_wconf 86' lang='lat' dir='ltr'>sint,</span> 
     </span>
    </p>
   </div>
   <div class='ocr_carea' id='block_1_87' title="bbox 2122 3246 3741 3336">
    <p class='ocr_par' dir='ltr' id='par_1_87' title="bbox 2122 3246 3741 3336">
     <span class='ocr_line' id='line_1_87' title="bbox 2122 3246 3741 3336; baseline -0.012 -18"><span class='ocrx_word' id='word_1_605' title='bbox 2122 3246 2454 3336; x_wconf 89' lang='lat' dir='ltr'>priusquam</span> <span class='ocrx_word' id='word_1_606' title='bbox 2484 3257 2661 3312; x_wconf 90' lang='lat' dir='ltr'>nostri</span> <span class='ocrx_word' id='word_1_607' title='bbox 2685 3253 3192 3326; x_wconf 89' lang='lat' dir='ltr'>regniprincipum</span> <span class='ocrx_word' id='word_1_608' title='bbox 3224 3247 3605 3306; x_wconf 88' lang='lat' dir='ltr'>conventibus</span> <span class='ocrx_word' id='word_1_609' title='bbox 3625 3246 3741 3300; x_wconf 89' lang='lat' dir='ltr'>mi-</span> 
     </span>
    </p>
   </div>
   <div class='ocr_carea' id='block_1_88' title="bbox 2122 3335 3742 3407">
    <p class='ocr_par' dir='ltr' id='par_1_88' title="bbox 2122 3335 3742 3407">
     <span class='ocr_line' id='line_1_88' title="bbox 2122 3335 3742 3407; baseline -0.01 0"><span class='ocrx_word' id='word_1_610' title='bbox 2122 3335 2418 3407; x_wconf 81' lang='lat' dir='ltr'>sceamini.</span> <span class='ocrx_word' id='word_1_611' title='bbox 2456 3346 2639 3402; x_wconf 89' lang='lat' dir='ltr'>Simul</span> <span class='ocrx_word' id='word_1_612' title='bbox 2666 3344 2844 3399; x_wconf 88' lang='lat' dir='ltr'>etiam</span> <span class='ocrx_word' id='word_1_613' title='bbox 2873 3343 2972 3396; x_wconf 90' lang='lat' dir='ltr'>aut</span> <span class='ocrx_word' id='word_1_614' title='bbox 3019 3339 3223 3395; x_wconf 89' lang='lat' dir='ltr'>litteris</span> <span class='ocrx_word' id='word_1_615' title='bbox 3254 3341 3353 3393; x_wconf 91' lang='lat' dir='ltr'>aut</span> <span class='ocrx_word' id='word_1_616' title='bbox 3383 3337 3498 3392; x_wconf 86' lang='lat' dir='ltr'>fido</span> <span class='ocrx_word' id='word_1_617' title='bbox 3531 3335 3742 3391; x_wconf 90' lang='lat' dir='ltr'>nuntio</span> 
     </span>
    </p>
   </div>
   <div class='ocr_carea' id='block_1_89' title="bbox 2124 3425 3745 3512">
    <p class='ocr_par' dir='ltr' id='par_1_89' title="bbox 2124 3425 3745 3512">
     <span class='ocr_line' id='line_1_89' title="bbox 2124 3425 3745 3512; baseline -0.011 -17"><span class='ocrx_word' id='word_1_618' title='bbox 2124 3439 2461 3512; x_wconf 87' lang='lat' dir='ltr'>significate,</span> <span class='ocrx_word' id='word_1_619' title='bbox 2496 3439 2688 3490; x_wconf 91' lang='lat' dir='ltr'>utrum</span> <span class='ocrx_word' id='word_1_620' title='bbox 2731 3435 2855 3486; x_wconf 89' lang='lat' dir='ltr'>tuta</span> <span class='ocrx_word' id='word_1_621' title='bbox 2882 3429 3144 3484; x_wconf 87' lang='lat' dir='ltr'>videatur</span> <span class='ocrx_word' id='word_1_622' title='bbox 3170 3427 3328 3482; x_wconf 89' lang='lat' dir='ltr'>vobis</span> <span class='ocrx_word' id='word_1_623' title='bbox 3377 3425 3451 3480; x_wconf 91' lang='lat' dir='ltr'>ad</span> <span class='ocrx_word' id='word_1_624' title='bbox 3482 3439 3745 3496; x_wconf 67' lang='lat' dir='ltr'>praesens</span> 
     </span>
    </p>
   </div>
   <div class='ocr_carea' id='block_1_90' title="bbox 2127 3515 3748 3603">
    <p class='ocr_par' dir='ltr' id='par_1_90' title="bbox 2127 3515 3748 3603">
     <span class='ocr_line' id='line_1_90' title="bbox 2127 3515 3748 3603; baseline -0.011 -18"><span class='ocrx_word' id='word_1_625' title='bbox 2127 3528 2402 3603; x_wconf 90' lang='lat' dir='ltr'>profectio</span> <span class='ocrx_word' id='word_1_626' title='bbox 2434 3527 2500 3580; x_wconf 87' lang='lat' dir='ltr'><strong>A.</strong></span> <span class='ocrx_word' id='word_1_627' title='bbox 2530 3525 2593 3578; x_wconf 85' lang='grc' dir='ltr'>Η.</span> <span class='ocrx_word' id='word_1_628' title='bbox 2623 3527 2796 3594; x_wconf 89' lang='lat' dir='ltr'>atque</span> <span class='ocrx_word' id='word_1_629' title='bbox 2826 3521 2930 3575; x_wconf 80' lang='lat' dir='ltr'>Ra.</span> <span class='ocrx_word' id='word_1_630' title='bbox 2968 3519 3044 3574; x_wconf 90' lang='lat' dir='ltr'>ad</span> <span class='ocrx_word' id='word_1_631' title='bbox 3075 3517 3352 3573; x_wconf 91' lang='lat' dir='ltr'>comitem</span> <span class='ocrx_word' id='word_1_632' title='bbox 3379 3515 3748 3581; x_wconf 89' lang='lat' dir='ltr'>Ottonem,et</span> 
     </span>
    </p>
   </div>
   <div class='ocr_carea' id='block_1_91' title="bbox 2126 3613 2644 3692">
    <p class='ocr_par' dir='ltr' id='par_1_91' title="bbox 2126 3613 2644 3692">
     <span class='ocr_line' id='line_1_91' title="bbox 2126 3613 2644 3692; baseline -0.012 -18"><span class='ocrx_word' id='word_1_633' title='bbox 2126 3635 2240 3692; x_wconf 90' lang='lat' dir='ltr'>quo</span> <span class='ocrx_word' id='word_1_634' title='bbox 2271 3613 2644 3672; x_wconf 88' lang='lat' dir='ltr'>conveniant.</span> 
     </span>
    </p>
   </div>
   <div class='ocr_carea' id='block_1_92' title="bbox 2647 3705 3193 3765">
    <p class='ocr_par' dir='ltr' id='par_1_92' title="bbox 2647 3705 3193 3765">
     <span class='ocr_line' id='line_1_92' title="bbox 2647 3705 3193 3765; baseline -0.011 0"><span class='ocrx_word' id='word_1_635' title='bbox 2647 3708 2982 3765; x_wconf 78' lang='lat' dir='ltr'>EPISTOLA</span> <span class='ocrx_word' id='word_1_636' title='bbox 3020 3705 3193 3761; x_wconf 89' lang='lat' dir='ltr'><strong>CXLI.</strong></span> 
     </span>
    </p>
   </div>
   <div class='ocr_carea' id='block_1_93' title="bbox 2201 3775 3752 3844">
    <p class='ocr_par' dir='ltr' id='par_1_93' title="bbox 2201 3775 3752 3844">
     <span class='ocr_line' id='line_1_93' title="bbox 2201 3775 3752 3844; baseline -0.01 -1"><span class='ocrx_word' id='word_1_637' title='bbox 2201 3787 2419 3844; x_wconf 92' lang='lat' dir='ltr'>Diutius</span> <span class='ocrx_word' id='word_1_638' title='bbox 2439 3781 2818 3840; x_wconf 89' lang='lat' dir='ltr'>consultando</span> <span class='ocrx_word' id='word_1_639' title='bbox 2843 3779 2987 3833; x_wconf 89' lang='lat' dir='ltr'>nihil</span> <span class='ocrx_word' id='word_1_640' title='bbox 3019 3778 3196 3832; x_wconf 89' lang='lat' dir='ltr'>tutius</span> <span class='ocrx_word' id='word_1_641' title='bbox 3230 3775 3288 3830; x_wconf 91' lang='lat' dir='ltr'>in</span> <span class='ocrx_word' id='word_1_642' title='bbox 3317 3790 3642 3830; x_wconf 87' lang='lat' dir='ltr'>commune</span> <span class='ocrx_word' id='word_1_643' title='bbox 3657 3791 3752 3829; x_wconf 87' lang='lat' dir='ltr'>re-</span> 
     </span>
    </p>
   </div>
   <div class='ocr_carea' id='block_1_94' title="bbox 2129 3862 3753 3950">
    <p class='ocr_par' dir='ltr' id='par_1_94' title="bbox 2129 3862 3753 3950">
     <span class='ocr_line' id='line_1_94' title="bbox 2129 3862 3753 3950; baseline -0.01 -19"><span class='ocrx_word' id='word_1_644' title='bbox 2129 3879 2357 3950; x_wconf 85' lang='lat' dir='ltr'>pertum</span> <span class='ocrx_word' id='word_1_645' title='bbox 2374 3877 2477 3942; x_wconf 90' lang='lat' dir='ltr'>est,</span> <span class='ocrx_word' id='word_1_646' title='bbox 2497 3888 2670 3945; x_wconf 91' lang='lat' dir='ltr'>quam</span> <span class='ocrx_word' id='word_1_647' title='bbox 2689 3887 2723 3924; x_wconf 93' lang='lat' dir='ltr'>a</span> <span class='ocrx_word' id='word_1_648' title='bbox 2740 3866 3034 3939; x_wconf 91' lang='lat' dir='ltr'>colloquio</span> <span class='ocrx_word' id='word_1_649' title='bbox 3054 3863 3223 3920; x_wconf 91' lang='lat' dir='ltr'>vestri</span> <span class='ocrx_word' id='word_1_650' title='bbox 3237 3862 3482 3918; x_wconf 89' lang='lat' dir='ltr'>senioris</span> <span class='ocrx_word' id='word_1_651' title='bbox 3511 3862 3586 3917; x_wconf 89' lang='lat' dir='ltr'>ad</span> <span class='ocrx_word' id='word_1_652' title='bbox 3601 3878 3753 3933; x_wconf 47' lang='lat' dir='ltr'>pra»</span> 
     </span>
    </p>
   </div>
   <div class='ocr_carea' id='block_1_95' title="bbox 2131 3948 3752 4027">
    <p class='ocr_par' dir='ltr' id='par_1_95' title="bbox 2131 3948 3752 4027">
     <span class='ocr_line' id='line_1_95' title="bbox 2131 3948 3752 4027; baseline -0.01 -7"><span class='ocrx_word' id='word_1_653' title='bbox 2131 3948 2261 4020; x_wconf 80' lang='lat' dir='ltr'>sens</span> <span class='ocrx_word' id='word_1_654' title='bbox 2306 3962 2615 4027; x_wconf 87' lang='lat' dir='ltr'>abstinere,</span> <span class='ocrx_word' id='word_1_655' title='bbox 2647 3959 2692 4012; x_wconf 92' lang='lat' dir='ltr'>si</span> <span class='ocrx_word' id='word_1_656' title='bbox 2725 3955 2849 4011; x_wconf 84' lang='lat' dir='ltr'>ﬁeri</span> <span class='ocrx_word' id='word_1_657' title='bbox 2898 3957 3089 4027; x_wconf 80' lang='lat' dir='ltr'>potest</span> <span class='ocrx_word' id='word_1_658' title='bbox 3137 3953 3406 4007; x_wconf 89' lang='lat' dir='ltr'>honeste.</span> <span class='ocrx_word' id='word_1_659' title='bbox 3465 3948 3524 4005; x_wconf 92' lang='lat' dir='ltr'>Si</span> <span class='ocrx_word' id='word_1_660' title='bbox 3553 3953 3752 4005; x_wconf 87' lang='lat' dir='ltr'>autem</span> 
     </span>
    </p>
   </div>
   <div class='ocr_carea' id='block_1_96' title="bbox 2133 4038 3754 4123">
    <p class='ocr_par' dir='ltr' id='par_1_96' title="bbox 2133 4038 3754 4123">
     <span class='ocr_line' id='line_1_96' title="bbox 2133 4038 3754 4123; baseline -0.01 -15"><span class='ocrx_word' id='word_1_661' title='bbox 2133 4069 2249 4108; x_wconf 89' lang='lat' dir='ltr'>non</span> <span class='ocrx_word' id='word_1_662' title='bbox 2267 4050 2500 4123; x_wconf 91' lang='lat' dir='ltr'>potestis</span> <span class='ocrx_word' id='word_1_663' title='bbox 2518 4048 2808 4118; x_wconf 88' lang='lat' dir='ltr'>majorum</span> <span class='ocrx_word' id='word_1_664' title='bbox 2829 4059 3140 4099; x_wconf 89' lang='lat' dir='ltr'>causarum</span> <span class='ocrx_word' id='word_1_665' title='bbox 3163 4055 3424 4095; x_wconf 84' lang='lat' dir='ltr'>summas</span> <span class='ocrx_word' id='word_1_666' title='bbox 3436 4038 3754 4109; x_wconf 86' lang='lat' dir='ltr'>attingere,</span> 
     </span>
    </p>
   </div>
   <div class='ocr_carea' id='block_1_97' title="bbox 2134 4127 3757 4196">
    <p class='ocr_par' dir='ltr' id='par_1_97' title="bbox 2134 4127 3757 4196">
     <span class='ocr_line' id='line_1_97' title="bbox 2134 4127 3757 4196; baseline -0.009 0"><span class='ocrx_word' id='word_1_667' title='bbox 2134 4140 2273 4196; x_wconf 89' lang='lat' dir='ltr'>nihil</span> <span class='ocrx_word' id='word_1_668' title='bbox 2302 4137 2411 4194; x_wconf 90' lang='lat' dir='ltr'>nisi</span> <span class='ocrx_word' id='word_1_669' title='bbox 2442 4136 2735 4192; x_wconf 87' lang='lat' dir='ltr'>evidenter</span> <span class='ocrx_word' id='word_1_670' title='bbox 2756 4133 2895 4187; x_wconf 90' lang='lat' dir='ltr'>utile</span> <span class='ocrx_word' id='word_1_671' title='bbox 2917 4129 3158 4185; x_wconf 86' lang='lat' dir='ltr'>definire</span> <span class='ocrx_word' id='word_1_672' title='bbox 3176 4129 3399 4185; x_wconf 90' lang='lat' dir='ltr'>bonum</span> <span class='ocrx_word' id='word_1_673' title='bbox 3434 4129 3538 4182; x_wconf 90' lang='lat' dir='ltr'>est.</span> <span class='ocrx_word' id='word_1_674' title='bbox 3573 4127 3757 4182; x_wconf 87' lang='lat' dir='ltr'>Porro</span> 
     </span>
    </p>
   </div>
   <div class='ocr_carea' id='block_1_98' title="bbox 2134 4216 3754 4287">
    <p class='ocr_par' dir='ltr' id='par_1_98' title="bbox 2134 4216 3754 4287">
     <span class='ocr_line' id='line_1_98' title="bbox 2134 4216 3754 4287; baseline -0.01 -3"><span class='ocrx_word' id='word_1_675' title='bbox 2134 4228 2396 4284; x_wconf 93' lang='lat' dir='ltr'>omnium</span> <span class='ocrx_word' id='word_1_676' title='bbox 2428 4227 2716 4281; x_wconf 91' lang='lat' dir='ltr'>bonorum</span> <span class='ocrx_word' id='word_1_677' title='bbox 2734 4221 2846 4276; x_wconf 83' lang='lat' dir='ltr'>fide</span> <span class='ocrx_word' id='word_1_678' title='bbox 2873 4221 2974 4274; x_wconf 79' lang='lat' dir='ltr'>Ra.</span> <span class='ocrx_word' id='word_1_679' title='bbox 2991 4218 3136 4274; x_wconf 88' lang='lat' dir='ltr'>feria</span> <span class='ocrx_word' id='word_1_680' title='bbox 3157 4218 3201 4270; x_wconf 90' lang='lat' dir='ltr'>V</span> <span class='ocrx_word' id='word_1_681' title='bbox 3220 4219 3476 4272; x_wconf 88' lang='lat' dir='ltr'>vestrum</span> <span class='ocrx_word' id='word_1_682' title='bbox 3495 4216 3754 4287; x_wconf 83' lang='lat' dir='ltr'>legatum</span> 
     </span>
    </p>
   </div>
   <div class='ocr_carea' id='block_1_99' title="bbox 2134 4304 3758 4386">
    <p class='ocr_par' dir='ltr' id='par_1_99' title="bbox 2134 4304 3758 4386">
     <span class='ocr_line' id='line_1_99' title="bbox 2134 4304 3758 4386; baseline -0.01 -13"><span class='ocrx_word' id='word_1_683' title='bbox 2134 4315 2466 4374; x_wconf 90' lang='lat' dir='ltr'>Silvanectis</span> <span class='ocrx_word' id='word_1_684' title='bbox 2483 4310 2925 4386; x_wconf 75' lang='lat' dir='ltr'>praestolabitur,</span> <span class='ocrx_word' id='word_1_685' title='bbox 2943 4309 3032 4363; x_wconf 86' lang='lat' dir='ltr'>vel</span> <span class='ocrx_word' id='word_1_686' title='bbox 3058 4305 3360 4363; x_wconf 89' lang='lat' dir='ltr'>Carnotim</span> <span class='ocrx_word' id='word_1_687' title='bbox 3389 4304 3758 4377; x_wconf 86' lang='lat' dir='ltr'>profecturus</span> 
     </span>
    </p>
   </div>
   <div class='ocr_carea' id='block_1_100' title="bbox 2058 4390 3760 4475">
    <p class='ocr_par' dir='ltr' id='par_1_100' title="bbox 2058 4390 3760 4475">
     <span class='ocr_line' id='line_1_100' title="bbox 2058 4390 3760 4475; baseline -0.01 -13"><span class='ocrx_word' id='word_1_688' title='bbox 2058 4415 2112 4475; x_wconf 82' lang='lat'>1)</span> <span class='ocrx_word' id='word_1_689' title='bbox 2135 4407 2180 4462; x_wconf 90' lang='lat' dir='ltr'>si</span> <span class='ocrx_word' id='word_1_690' title='bbox 2209 4402 2537 4469; x_wconf 85' lang='lat' dir='ltr'>laudabitis,</span> <span class='ocrx_word' id='word_1_691' title='bbox 2592 4404 2651 4456; x_wconf 91' lang='lat' dir='ltr'>et</span> <span class='ocrx_word' id='word_1_692' title='bbox 2680 4396 3182 4470; x_wconf 88' lang='lat' dir='ltr'>Compendiacum</span> <span class='ocrx_word' id='word_1_693' title='bbox 3244 4408 3576 4449; x_wconf 88' lang='lat' dir='ltr'>reversurus</span> <span class='ocrx_word' id='word_1_694' title='bbox 3605 4390 3654 4447; x_wconf 88' lang='lat' dir='ltr'>si</span> <span class='ocrx_word' id='word_1_695' title='bbox 3682 4391 3760 4446; x_wconf 92' lang='lat' dir='ltr'>sic</span> 
     </span>
    </p>
   </div>
   <div class='ocr_carea' id='block_1_101' title="bbox 2138 4492 2427 4550">
    <p class='ocr_par' dir='ltr' id='par_1_101' title="bbox 2138 4492 2427 4550">
     <span class='ocr_line' id='line_1_101' title="bbox 2138 4492 2427 4550; baseline -0.014 0"><span class='ocrx_word' id='word_1_696' title='bbox 2138 4492 2427 4550; x_wconf 89' lang='lat' dir='ltr'>annuetis.</span> 
     </span>
    </p>
   </div>
   <div class='ocr_carea' id='block_1_102' title="bbox 2660 4572 3236 4633">
    <p class='ocr_par' dir='ltr' id='par_1_102' title="bbox 2660 4572 3236 4633">
     <span class='ocr_line' id='line_1_102' title="bbox 2660 4572 3236 4633; baseline -0.003 -3"><span class='ocrx_word' id='word_1_697' title='bbox 2660 4575 3007 4633; x_wconf 73' lang='lat' dir='ltr'>EPISTOLA</span> <span class='ocrx_word' id='word_1_698' title='bbox 3040 4572 3236 4629; x_wconf 87' lang='lat' dir='ltr'><strong>CXLII.</strong></span> 
     </span>
    </p>
   </div>
   <div class='ocr_carea' id='block_1_103' title="bbox 2144 4673 3765 4728">
    <p class='ocr_par' dir='ltr' id='par_1_103' title="bbox 2144 4673 3765 4728">
     <span class='ocr_line' id='line_1_103' title="bbox 2144 4673 3765 4728; baseline -0.009 -1"><span class='ocrx_word' id='word_1_699' title='bbox 2144 4686 2444 4727; x_wconf 77' lang='lat' dir='ltr'>ADALBERO</span> <span class='ocrx_word' id='word_1_700' title='bbox 2490 4680 2800 4724; x_wconf 81' lang='lat' dir='ltr'>EPISCOPUS</span> <span class='ocrx_word' id='word_1_701' title='bbox 2849 4681 2905 4720; x_wconf 85' lang='lat' dir='ltr'>R.</span> <span class='ocrx_word' id='word_1_702' title='bbox 2964 4680 3041 4717; x_wconf 75' lang='lat' dir='ltr'>ET</span> <span class='ocrx_word' id='word_1_703' title='bbox 3091 4676 3410 4718; x_wconf 68' lang='lat' dir='ltr'>SCHOLARIS</span> <span class='ocrx_word' id='word_1_704' title='bbox 3455 4673 3661 4728; x_wconf 68' lang='lat' dir='ltr'>ABBAS,</span> <span class='ocrx_word' id='word_1_705' title='bbox 3693 4673 3765 4714; x_wconf 76' lang='lat' dir='ltr'>AD</span> 
     </span>
    </p>
   </div>
   <div class='ocr_carea' id='block_1_104' title="bbox 2623 4767 3298 4811">
    <p class='ocr_par' dir='ltr' id='par_1_104' title="bbox 2623 4767 3298 4811">
     <span class='ocr_line' id='line_1_104' title="bbox 2623 4767 3298 4811; baseline -0.007 0"><span class='ocrx_word' id='word_1_706' title='bbox 2623 4771 2936 4811; x_wconf 72' lang='lat' dir='ltr'>CONSTANT</span> <span class='ocrx_word' id='word_1_707' title='bbox 2962 4767 3096 4808; x_wconf 74' lang='grc' dir='ltr'>ΝΟΜ</span> <span class='ocrx_word' id='word_1_708' title='bbox 3120 4768 3298 4808; x_wconf 81' lang='lat' dir='ltr'><strong>SUUM.</strong></span> 
     </span>
    </p>
   </div>
   <div class='ocr_carea' id='block_1_105' title="bbox 2220 4835 3767 4920">
    <p class='ocr_par' dir='ltr' id='par_1_105' title="bbox 2220 4835 3767 4920">
     <span class='ocr_line' id='line_1_105' title="bbox 2220 4835 3767 4920; baseline -0.008 -15"><span class='ocrx_word' id='word_1_709' title='bbox 2220 4848 2710 4920; x_wconf 88' lang='lat' dir='ltr'>Congratulamur</span> <span class='ocrx_word' id='word_1_710' title='bbox 2735 4843 2859 4910; x_wconf 89' lang='lat' dir='ltr'>tibi,</span> <span class='ocrx_word' id='word_1_711' title='bbox 2890 4835 3218 4896; x_wconf 56' lang='lat' dir='ltr'>dulcissime</span> <span class='ocrx_word' id='word_1_712' title='bbox 3242 4840 3441 4906; x_wconf 87' lang='lat' dir='ltr'>frater,</span> <span class='ocrx_word' id='word_1_713' title='bbox 3459 4851 3767 4910; x_wconf 81' lang='lat' dir='ltr'>pervasere</span> 
     </span>
    </p>
   </div>
   <div class='ocr_carea' id='block_1_106' title="bbox 2147 4927 3772 5010">
    <p class='ocr_par' dir='ltr' id='par_1_106' title="bbox 2147 4927 3772 5010">
     <span class='ocr_line' id='line_1_106' title="bbox 2147 4927 3772 5010; baseline -0.01 -16"><span class='ocrx_word' id='word_1_714' title='bbox 2147 4942 2318 5010; x_wconf 88' lang='lat' dir='ltr'>atque</span> <span class='ocrx_word' id='word_1_715' title='bbox 2348 4937 2511 4992; x_wconf 89' lang='lat' dir='ltr'>hoste</span> <span class='ocrx_word' id='word_1_716' title='bbox 2529 4932 2882 4999; x_wconf 69' lang='lat' dir='ltr'>monasticae,</span> <span class='ocrx_word' id='word_1_717' title='bbox 2899 4929 3216 5003; x_wconf 67' lang='lat' dir='ltr'>reiigionis,</span> <span class='ocrx_word' id='word_1_718' title='bbox 3249 4927 3323 4983; x_wconf 86' lang='lat' dir='ltr'>ad</span> <span class='ocrx_word' id='word_1_719' title='bbox 3350 4927 3671 4982; x_wconf 88' lang='lat' dir='ltr'>multorum</span> <span class='ocrx_word' id='word_1_720' title='bbox 3689 4941 3772 4979; x_wconf 83' lang='lat' dir='ltr'>sa-</span> 
     </span>
    </p>
   </div>
   <div class='ocr_carea' id='block_1_107' title="bbox 2147 5015 3768 5091">
    <p class='ocr_par' dir='ltr' id='par_1_107' title="bbox 2147 5015 3768 5091">
     <span class='ocr_line' id='line_1_107' title="bbox 2147 5015 3768 5091; baseline -0.009 -9"><span class='ocrx_word' id='word_1_721' title='bbox 2147 5029 2326 5082; x_wconf 89' lang='lat' dir='ltr'>lutem</span> <span class='ocrx_word' id='word_1_722' title='bbox 2343 5023 2613 5080; x_wconf 89' lang='lat' dir='ltr'>humanis</span> <span class='ocrx_word' id='word_1_723' title='bbox 2633 5023 2804 5078; x_wconf 91' lang='lat' dir='ltr'>rebus</span> <span class='ocrx_word' id='word_1_724' title='bbox 2835 5022 3130 5091; x_wconf 87' lang='lat' dir='ltr'>exempto.</span> <span class='ocrx_word' id='word_1_725' title='bbox 3153 5020 3308 5072; x_wconf 90' lang='lat' dir='ltr'>Insta</span> <span class='ocrx_word' id='word_1_726' title='bbox 3343 5018 3575 5087; x_wconf 88' lang='lat' dir='ltr'>ergo,et</span> <span class='ocrx_word' id='word_1_727' title='bbox 3589 5015 3636 5068; x_wconf 86' lang='lat' dir='ltr'>si</span> <span class='ocrx_word' id='word_1_728' title='bbox 3648 5015 3768 5085; x_wconf 90' lang='lat' dir='ltr'>jam</span> 
     </span>
    </p>
   </div>
   <div class='ocr_carea' id='block_1_108' title="bbox 2149 5102 3764 5175">
    <p class='ocr_par' dir='ltr' id='par_1_108' title="bbox 2149 5102 3764 5175">
     <span class='ocr_line' id='line_1_108' title="bbox 2149 5102 3764 5175; baseline -0.01 -4"><span class='ocrx_word' id='word_1_729' title='bbox 2149 5118 2380 5172; x_wconf 89' lang='lat' dir='ltr'>Patrem</span> <span class='ocrx_word' id='word_1_730' title='bbox 2432 5117 2532 5168; x_wconf 88' lang='lat' dir='ltr'>tua</span> <span class='ocrx_word' id='word_1_731' title='bbox 2563 5127 2628 5166; x_wconf 91' lang='lat' dir='ltr'>ac</span> <span class='ocrx_word' id='word_1_732' title='bbox 2660 5111 2909 5165; x_wconf 90' lang='lat' dir='ltr'>fratrum</span> <span class='ocrx_word' id='word_1_733' title='bbox 2939 5106 3253 5163; x_wconf 89' lang='lat' dir='ltr'>dilectione</span> <span class='ocrx_word' id='word_1_734' title='bbox 3286 5102 3532 5175; x_wconf 86' lang='lat' dir='ltr'>dignum</span> <span class='ocrx_word' id='word_1_735' title='bbox 3565 5102 3764 5167; x_wconf 87' lang='lat' dir='ltr'>habes,</span> 
     </span>
    </p>
   </div>
   <div class='ocr_carea' id='block_1_109' title="bbox 2148 5191 3768 5270">
    <p class='ocr_par' dir='ltr' id='par_1_109' title="bbox 2148 5191 3768 5270">
     <span class='ocr_line' id='line_1_109' title="bbox 2148 5191 3768 5270; baseline -0.009 -11"><span class='ocrx_word' id='word_1_736' title='bbox 2148 5203 2466 5260; x_wconf 89' lang='lat' dir='ltr'>habeamus</span> <span class='ocrx_word' id='word_1_737' title='bbox 2481 5217 2614 5256; x_wconf 91' lang='lat' dir='ltr'>eum</span> <span class='ocrx_word' id='word_1_738' title='bbox 2634 5203 2690 5253; x_wconf 93' lang='lat' dir='ltr'>et</span> <span class='ocrx_word' id='word_1_739' title='bbox 2703 5215 2808 5254; x_wconf 85' lang='lat' dir='ltr'>nos</span> <span class='ocrx_word' id='word_1_740' title='bbox 2826 5199 3174 5270; x_wconf 65' lang='lat' dir='ltr'>praesentem</span> <span class='ocrx_word' id='word_1_741' title='bbox 3195 5197 3298 5249; x_wconf 88' lang='lat' dir='ltr'>tua</span> <span class='ocrx_word' id='word_1_742' title='bbox 3312 5208 3491 5264; x_wconf 88' lang='lat' dir='ltr'>opera</span> <span class='ocrx_word' id='word_1_743' title='bbox 3507 5191 3768 5263; x_wconf 86' lang='lat' dir='ltr'>proxime</span> 
     </span>
    </p>
   </div>
   <div class='ocr_carea' id='block_1_110' title="bbox 2150 5278 3768 5359">
    <p class='ocr_par' dir='ltr' id='par_1_110' title="bbox 2150 5278 3768 5359">
     <span class='ocr_line' id='line_1_110' title="bbox 2150 5278 3768 5359; baseline -0.009 -11"><span class='ocrx_word' id='word_1_744' title='bbox 2150 5293 2209 5348; x_wconf 87' lang='lat' dir='ltr'>in</span> <span class='ocrx_word' id='word_1_745' title='bbox 2232 5291 2375 5346; x_wconf 84' lang='lat' dir='ltr'>festo</span> <span class='ocrx_word' id='word_1_746' title='bbox 2407 5289 2559 5345; x_wconf 90' lang='lat' dir='ltr'>beati</span> <span class='ocrx_word' id='word_1_747' title='bbox 2592 5286 2860 5359; x_wconf 84' lang='lat' dir='ltr'>Remigii,</span> <span class='ocrx_word' id='word_1_748' title='bbox 2885 5289 2947 5341; x_wconf 92' lang='lat' dir='ltr'>ut</span> <span class='ocrx_word' id='word_1_749' title='bbox 2978 5285 3213 5340; x_wconf 65' lang='lat' dir='ltr'>allectus</span> <span class='ocrx_word' id='word_1_750' title='bbox 3246 5283 3448 5336; x_wconf 91' lang='lat' dir='ltr'>noster</span> <span class='ocrx_word' id='word_1_751' title='bbox 3494 5295 3530 5334; x_wconf 86' lang='lat' dir='ltr'>a</span> <span class='ocrx_word' id='word_1_752' title='bbox 3556 5278 3768 5336; x_wconf 85' lang='lat' dir='ltr'>Floria-</span> 
     </span>
    </p>
   </div>
   <div class='ocr_carea' id='block_1_111' title="bbox 2154 5367 3774 5446">
    <p class='ocr_par' dir='ltr' id='par_1_111' title="bbox 2154 5367 3774 5446">
     <span class='ocr_line' id='line_1_111' title="bbox 2154 5367 3774 5446; baseline -0.01 -9"><span class='ocrx_word' id='word_1_753' title='bbox 2154 5381 2417 5438; x_wconf 88' lang='lat' dir='ltr'>censibus</span> <span class='ocrx_word' id='word_1_754' title='bbox 2447 5383 2500 5434; x_wconf 88' lang='lat' dir='ltr'>te</span> <span class='ocrx_word' id='word_1_755' title='bbox 2556 5376 2800 5443; x_wconf 88' lang='lat' dir='ltr'>faciente</span> <span class='ocrx_word' id='word_1_756' title='bbox 2829 5374 3128 5446; x_wconf 90' lang='lat' dir='ltr'>paululum</span> <span class='ocrx_word' id='word_1_757' title='bbox 3182 5369 3574 5432; x_wconf 85' lang='lat' dir='ltr'>abalienatus,</span> <span class='ocrx_word' id='word_1_758' title='bbox 3606 5370 3665 5423; x_wconf 86' lang='lat' dir='ltr'>te</span> <span class='ocrx_word' id='word_1_759' title='bbox 3695 5367 3774 5422; x_wconf 84' lang='lat' dir='ltr'>fa-</span> 
     </span>
    </p>
   </div>
   <div class='ocr_carea' id='block_1_112' title="bbox 2155 5455 3772 5539">
    <p class='ocr_par' dir='ltr' id='par_1_112' title="bbox 2155 5455 3772 5539">
     <span class='ocr_line' id='line_1_112' title="bbox 2155 5455 3772 5539; baseline -0.011 -12"><span class='ocrx_word' id='word_1_760' title='bbox 2155 5471 2342 5527; x_wconf 88' lang='lat' dir='ltr'>ciente</span> <span class='ocrx_word' id='word_1_761' title='bbox 2399 5467 2470 5523; x_wconf 90' lang='lat' dir='ltr'>sit</span> <span class='ocrx_word' id='word_1_762' title='bbox 2529 5465 2845 5539; x_wconf 90' lang='lat' dir='ltr'>plurimum</span> <span class='ocrx_word' id='word_1_763' title='bbox 2889 5459 3314 5518; x_wconf 88' lang='lat' dir='ltr'>reconciliatus.</span> <span class='ocrx_word' id='word_1_764' title='bbox 3357 5456 3525 5522; x_wconf 86' lang='lat' dir='ltr'>Quod</span> <span class='ocrx_word' id='word_1_765' title='bbox 3574 5455 3624 5510; x_wconf 90' lang='lat' dir='ltr'>si</span> <span class='ocrx_word' id='word_1_766' title='bbox 3653 5456 3772 5510; x_wconf 67' lang='lat' dir='ltr'>hac</span> 
     </span>
    </p>
   </div>
   <div class='ocr_carea' id='block_1_113' title="bbox 2158 5545 3774 5622">
    <p class='ocr_par' dir='ltr' id='par_1_113' title="bbox 2158 5545 3774 5622">
     <span class='ocr_line' id='line_1_113' title="bbox 2158 5545 3774 5622; baseline -0.011 -7"><span class='ocrx_word' id='word_1_767' title='bbox 2158 5557 2356 5615; x_wconf 90' lang='lat' dir='ltr'>omnia</span> <span class='ocrx_word' id='word_1_768' title='bbox 2372 5554 2494 5612; x_wconf 80' lang='lat' dir='ltr'>fieri</span> <span class='ocrx_word' id='word_1_769' title='bbox 2514 5553 2705 5610; x_wconf 90' lang='lat' dir='ltr'>minus</span> <span class='ocrx_word' id='word_1_770' title='bbox 2721 5549 2962 5622; x_wconf 88' lang='lat' dir='ltr'>possint,</span> <span class='ocrx_word' id='word_1_771' title='bbox 2985 5549 3154 5605; x_wconf 87' lang='lat' dir='ltr'>liceat</span> <span class='ocrx_word' id='word_1_772' title='bbox 3174 5545 3341 5602; x_wconf 89' lang='lat' dir='ltr'>nobis</span> <span class='ocrx_word' id='word_1_773' title='bbox 3356 5549 3415 5600; x_wconf 90' lang='lat' dir='ltr'>et</span> <span class='ocrx_word' id='word_1_774' title='bbox 3429 5548 3531 5600; x_wconf 87' lang='lat' dir='ltr'>tua</span> <span class='ocrx_word' id='word_1_775' title='bbox 3544 5547 3774 5600; x_wconf 81' lang='lat' dir='ltr'>tantum</span> 
     </span>
    </p>
   </div>
   <div class='ocr_carea' id='block_1_114' title="bbox 2141 5631 3778 5727">
    <p class='ocr_par' dir='ltr' id='par_1_114' title="bbox 2141 5631 3778 5727">
     <span class='ocr_line' id='line_1_114' title="bbox 2141 5631 3778 5727; baseline -0.009 -20"><span class='ocrx_word' id='word_1_776' title='bbox 2141 5643 2375 5727; x_wconf 82' lang='lat' dir='ltr'>perfrui</span> <span class='ocrx_word' id='word_1_777' title='bbox 2395 5639 2772 5722; x_wconf 65' lang='lat' dir='ltr'>prmsentia,si</span> <span class='ocrx_word' id='word_1_778' title='bbox 2791 5638 2928 5716; x_wconf 88' lang='lat' dir='ltr'>quid</span> <span class='ocrx_word' id='word_1_779' title='bbox 2946 5652 3201 5715; x_wconf 85' lang='lat' dir='ltr'>unquam</span> <span class='ocrx_word' id='word_1_780' title='bbox 3216 5633 3595 5714; x_wconf 69' lang='lat' dir='ltr'>praestitimus</span> <span class='ocrx_word' id='word_1_781' title='bbox 3619 5631 3778 5711; x_wconf 67' lang='lat' dir='ltr'>quod</span> 
     </span>
    </p>
   </div>
  </div>
