3918 6230
227 382 316 445 κλρη

1160 376 1402 444 SECI‘IO
1426 387 1468 443 Ι.
1503 418 1569 430 -
1599 385 1780 443 ANTE
1815 375 2102 443 SUMMUM
2131 375 2656 444 PONTIFICATUM.

3460 389 3567 452 238

235 511 521 585 placuerit,
559 514 624 567 et
671 507 725 567 si
779 510 1038 583 dignaris
1090 514 1363 582 praestare
1423 511 1574 583 quod
1630 511 1855 583 placere
1878 516 1929 573 Α
1962 527 2069 581 ego
2102 510 2198 566 illa
2226 512 2433 564 Emma
2460 511 2757 582 quondam
2788 509 3138 567 Francorum
3173 515 3395 585 regina,
3429 534 3558 590 quas

240 601 416 676 possit.

742 689 1081 746 EPISTOLA
1128 689 1356 746 CXLIII.

304 780 354 836 Si
379 797 540 846 eam,
564 796 754 853 quam
781 780 842 834 in
875 779 1139 835 maximis
1177 779 1348 834 rebus
1381 778 1854 834 benevolentiam

251 869 354 926 sine
380 869 593 925 aﬂ‘ectu
611 869 956 935 contulistis,
981 869 1208 923 nuncin
1234 868 1496 922 minimis
1513 868 1697 922 causis
1719 885 1860 939 prae-

250 959 412 1024 statis,
445 975 570 1012 non
602 974 846 1030 parvam
875 957 1106 1013 laudem
1133 973 1239 1011 nec
1269 957 1577 1011 minimum
1607 956 1856 1010 fructum

251 1063 470 1120 sperare
503 1046 754 1100 debetis.
789 1045 1111 1100 Laborastis
1139 1045 1353 1116 quippe
1387 1048 1450 1099 ut
1479 1045 1861 1099 liberaremur

249 1136 315 1191 ab
341 1137 531 1202 hoste,
559 1135 664 1188 sed
694 1134 1015 1204 contempti
1046 1133 1179 1188 estis
1206 1134 1403 1201 modo,
1433 1134 1569 1206 quia
1592 1133 1861 1188 liberavit

248 1241 347 1279 nos
373 1223 662 1278 Dominus
705 1223 776 1277 de
819 1239 919 1278 ore
968 1223 1170 1276 leonis.
1206 1221 1448 1277 Solitam
1483 1238 1721 1294 operam
1750 1222 1858 1276 im-

247 1312 504 1383 pendite,
536 1315 602 1366 ut
630 1311 879 1382 imperio
907 1310 1145 1366 senioris
1170 1327 1238 1365 ac
1265 1310 1517 1365 dominae
1546 1314 1744 1364 vestrae
1766 1310 1859 1364 ille

248 1401 530 1455 violentus
550 1399 748 1471 praedo
775 1400 980 1454 saltem
1010 1398 1425 1472 supellectilem
1453 1402 1710 1453 nostram
1735 1397 1863 1452 red-

249 1489 382 1544 dere
415 1492 680 1561 cogatur.
711 1489 838 1542 Non
865 1505 1068 1543 aurum
1101 1487 1434 1560 quaerimus,
1492 1503 1596 1542 nec
1645 1503 1861 1542 massas

248 1577 616 1649 argenti,sed
643 1577 848 1648 quibus
877 1593 1073 1631 carere
1101 1576 1348 1631 dedecus
1367 1579 1472 1631 est.
1499 1575 1750 1630 Dicimus
1767 1591 1860 1629 au-

247 1668 367 1721 tem
403 1667 612 1731 aulaea,
636 1665 875 1736 tapetia,
891 1665 1028 1720 etiis
1051 1665 1282 1732 similia,
1305 1665 1589 1737 simulque
1612 1664 1859 1735 petimus

247 1759 515 1810 nostram
548 1754 724 1809 fidem
757 1770 876 1808 non
908 1770 974 1807 ex
1000 1753 1120 1824 ejus
1142 1752 1254 1808 fide
1284 1752 1564 1825 perpendi
1596 1752 1692 1824 qui
1718 1750 1859 1806 nihil

247 1859 511 1916 unquam
546 1841 862 1915 spopondit
881 1841 1035 1912 quod
1065 1845 1256 1896 ratum
1287 1841 1410 1896 fore
1451 1839 1786 1896 decreverit.
1887 1831 1942 1890 B

756 1930 1089 1985 EPISTOLA
1143 1930 1360 1985 CXLIV.

315 2021 476 2077 Sicut
507 2019 755 2093 epistola
783 2019 926 2091 regii
959 2019 1230 2087 nominis,
1279 2036 1454 2092 quam
1501 2019 1666 2076 vobis
1708 2019 1861 2074 misi-

242 2127 395 2176 mus,
427 2109 716 2175 continet,
759 2124 1084 2175 monemus,
1116 2124 1414 2180 rogamus,
1461 2109 1856 2174 obsecramus,

242 2203 304 2253 ut
333 2197 573 2270 exsequi
619 2197 850 2265 curetis,
906 2214 1036 2252 cum
1090 2213 1193 2268 pro
1234 2201 1420 2252 vestra
1459 2196 1860 2253 benevolentia

238 2287 393 2344 circa
422 2303 556 2354 nos,
590 2289 717 2340 tum
773 2288 1011 2359 propter
1061 2302 1261 2357 pacem
1312 2286 1569 2342 Ecclesiae
1629 2285 1858 2342 Domini

240 2393 384 2450 pace
415 2373 753 2446 principum
779 2376 1210 2446 proventuram,
1246 2374 1355 2428 nisi
1385 2374 1534 2429 forte
1565 2373 1856 2428 desidera-

243 2466 344 2522 bili
373 2463 692 2537 praesentia
717 2466 908 2518 vestra
934 2463 1300 2531 frustramur,
1327 2464 1480 2535 apud
1517 2463 1663 2519 fidos
1695 2461 1857 2517 inﬁdi

243 2570 309 2610 ac
334 2553 594 2626 suspecti
624 2552 933 2607 habemur.

773 2641 1108 2697 EPISTOLA
1147 2641 1336 2697 CXLV.

546 2747 875 2786 PARISIENSI
900 2747 1172 2786 EPISCOPO
1202 2747 1565 2787 GERBERTUS.

319 2820 438 2877 Etsi
472 2821 673 2877 omnis
692 2819 941 2875 Ecclesia
974 2820 1251 2875 catholica
1281 2837 1396 2875 una
1434 2824 1607 2893 atque
1655 2818 1860 2874 eadem

243 2909 608 2983 est,singulis
627 2913 828 2964 tamen
842 2909 1230 2964 sacerdotibus
1244 2909 1449 2964 modus
1465 2908 1700 2979 quidam
1715 2923 1862 2978 prae-

1963 602 2048 653 tot
2079 599 2329 654 millibus
2361 598 2660 671 imperavi,
2677 615 2827 654 nunc
2849 615 2953 654 nec
2972 603 3308 657 vernaculos
3325 605 3564 659 comites

1962 687 2170 754 habeo,
2197 687 2402 759 quibus
2428 688 2618 742 saltim
2643 688 3178 758 stipataconventus
3193 691 3398 746 adeam
3420 695 3567 749 tanti

1961 775 2118 830 ducis
2164 775 2410 838 llenrici,
2459 792 2562 829 nec
2612 776 2979 831 desiderabili
3021 780 3328 848 praesentia
3383 785 3568 838 vestra

1959 864 2071 919 frui
2102 865 2234 918 licet
2278 881 2446 919 causa
2505 864 2804 937 captandas
2859 865 3055 921 salutis
3093 871 3265 940 atque
3320 869 3562 925 consilii.

1959 953 2170 1009 Adsitis
2200 971 2338 1026 ergo
2371 958 2581 1009 nostra:
2609 971 2792 1009 causze
2837 955 3192 1020 dilferendm,
3226 975 3342 1013 non
3377 959 3565 1015 deter-

1960 1041 2254 1096 minandae
2287 1059 2464 1114 usque
2494 1043 2566 1098 ad
2593 1045 2795 1097 mutua
2816 1044 3009 1102 verba.
3035 1047 3112 1100 De
3139 1051 3326 1102 castro
3355 1046 3563 1112 Q.G.R.

1961 1129 2226 1198 dicimus,
2251 1148 2357 1186 nec
2388 1131 2691 1203 patiamini
2739 1132 2980 1187 fratrem
3013 1135 3264 1189 vestrum
3296 1135 3405 1190 dici
3438 1153 3568 1208 pro-

1961 1219 2235 1282 ditorem,
2276 1237 2450 1292 quem
2493 1221 2768 1276 hactenus
2800 1222 3171 1294 probavimus
3203 1223 3260 1278 in
3293 1224 3405 1279 fide
3439 1243 3559 1281 non

1961 1306 2094 1362 ficta
2124 1311 2592 1378 permanentem.
2630 1311 2874 1375 Interea,
2907 1310 3181 1382 quoniam
3216 1327 3409 1366 rerum
3429 1330 3562 1368 nos-

1963 1398 2205 1463 trarum,
2239 1401 2300 1451 ut
2348 1397 2523 1464 scitis,
2559 1402 2898 1469 procurator
2927 1416 3032 1454 nec
3063 1400 3254 1468 rediit,
3289 1417 3394 1456 nec
3425 1403 3562 1474 quid

1963 1484 2014 1539 ei
2047 1486 2345 1540 obvenerit
2367 1486 2708 1555 audivimus,
2753 1504 2825 1542 ne
2856 1504 3032 1543 vacua
3063 1504 3242 1543 manu
3292 1489 3562 1546 redeatis.

1962 1573 2067 1630 Diu
2091 1577 2474 1646 exspectatam
2491 1576 2794 1646 pecuniam
2822 1575 2878 1630 in
2898 1577 3091 1632 loculis
3105 1577 3305 1632 vestris
3331 1579 3565 1647 referte,

1963 1663 2293 1717 mercedem
2327 1679 2391 1717 ac
2418 1663 2665 1735 gratiam
2683 1665 2756 1719 ob
2783 1665 2992 1719 merita
3023 1665 3304 1721 beneficia
3333 1668 3566 1724 relaturi

1962 1768 2093 1807 cum
2126 1768 2193 1806 ex
2221 1752 2353 1819 hoc,
2387 1755 2511 1805 tum
2539 1769 2605 1806 ex
2635 1752 2761 1806 aliis
2785 1769 3186 1823 saepenumero
3217 1755 3457 1812 collatis.

2438 1840 2771 1895 EPISTOLA
2801 1843 3065 1897 CXLVIII.

2125 1945 2200 1983 AD
2236 1944 2533 1984 REMIGIUM
2587 1945 2916 1986 MONACHUM
2959 1947 3394 1990 TREVIRENSEM.

2032 2016 2351 2072 Gaaaaarus
2373 2016 2647 2072 scholaris
2670 2018 2846 2074 abbas
2867 2019 3102 2074 REMIGIO
3127 2023 3416 2079 monacho
3435 2020 3566 2078 ’I‘re—

1961 2104 2189 2160 virensi.

2034 2196 2362 2267 Praegravat
2374 2195 2610 2250 affectus
2626 2198 2776 2263 tuus,
2800 2197 3194 2253 amantissime
3214 2197 3565 2272 frater,opus

1958 2283 2321 2351 Achilleidos,
2350 2285 2505 2357 quod
2531 2285 2678 2340 bene
2698 2284 2933 2357 quidem
2965 2285 3267 2358 incmpisti,
3286 2289 3384 2343 sed
3404 2287 3563 2343 defe-

1961 2371 2082 2427 cisti
2113 2373 2252 2428 dum
2283 2374 2576 2445 exemplar
2604 2373 2830 2428 defecit.
2856 2375 3050 2447 Itaque
3082 2379 3140 2430 et
3165 2392 3272 2431 nos
3295 2376 3562 2434 beneﬁcii

1961 2478 2080 2518 non
2131 2461 2528 2530 immemores,
2589 2462 2908 2518 difficillimi
2976 2464 3166 2536 operis
3220 2465 3564 2538 incoapimus

1960 2551 2268 2622 sphaeram,
2297 2568 2424 2622 quae
2455 2553 2512 2605 et
2543 2555 2710 2606 torno
2735 2552 2862 2622 jam
2895 2551 2966 2607 sit
2991 2553 3258 2625 expolita,
3292 2557 3350 2608 et
3379 2555 3562 2610 artifi-

1961 2638 2110 2694 ciose
2132 2640 2344 2711 equino
2366 2639 2523 2696 corio
2553 2640 2841 2695 obvoluta.
2867 2641 2981 2696 Sed
3011 2641 3054 2695 si
3083 2643 3265 2698 nimia
3293 2660 3430 2700 cura
3477 2643 3561 2700 fa-

1961 2726 2161 2798 tigaris
2187 2728 2438 2783 habendi
2471 2728 2714 2802 simplici
2762 2729 2892 2784 fuco
2943 2729 3385 2800 interstinctam,
3415 2731 3567 2788 circa

1961 2816 2187 2872 Martias
2217 2819 2341 2886 Kal,
2367 2834 2493 2872 eam
2520 2821 2805 2890 exspecta,
2827 2818 2932 2873 nisi
2953 2819 3102 2875 forte
3115 2837 3247 2876 cum
3269 2821 3566 2878 horizonte

1966 2921 2031 2960 ac
2061 2906 2416 2961 diversorum
2449 2907 2708 2961 colorum
2758 2907 3183 2978 pulchritudine
3228 2910 3565 2982 insignitam

242 3001 501 3072 scriptus
517 3002 625 3066 est,
647 3016 760 3070 quo
778 3015 836 3052 se
857 2998 1183 3065 extendere,
1200 2997 1295 3052 ubi
1309 2997 1592 3052 terminos
1611 2997 1864 3052 debeant
1966 2995 2328 3066 praestoleris,
2363 3012 2621 3050 annuum
2653 2996 3056 3067 perhorrescas
3084 3000 3366 3054 laborem.
3387 3000 3571 3056 Caste-

244 3090 560 3145 collocare.
594 3089 791 3158 Itaque
823 3085 883 3140 in
905 3103 1072 3141 causa
1098 3085 1356 3142 Rotberti
1378 3085 1621 3152 abbatis,
1642 3085 1714 3141 ob
1733 3101 1861 3140 eam
1888 3121 1934 3184 Ο
1965 3099 2094 3138 rum
2129 3084 2198 3139 de
2232 3085 2366 3139 dato
2398 3087 2456 3139 et
2485 3089 2718 3157 accepto
2751 3085 2904 3141 inter
2953 3091 3182 3142 nostros
3223 3088 3460 3144 clientes
3491 3089 3571 3144 sic

243 3194 429 3250 quam
461 3192 761 3232 servamus
786 3191 851 3229 ac
883 3191 1113 3246 semper
1140 3173 1298 3230 vobis
1346 3190 1571 3228 servare
1604 3175 1865 3228 volumus
1892 3172 1934 3184 “”
1957 3172 2090 3244 jure
2129 3173 2404 3242 constitit,
2434 3176 2496 3228 ut
2517 3173 2654 3227 nihil
2688 3174 2959 3230 redderet
2993 3176 3088 3248 qui
3121 3176 3264 3232 nihil
3302 3177 3565 3236 deberet.

240 3266 453 3333 ﬁdem,
489 3265 616 3320 haec
645 3263 756 3318 tria
777 3263 1153 3318 consultando
1176 3262 1861 3335 proponimus.Primum,

239 3369 366 3408 non
398 3368 527 3408 esse
562 3351 747 3408 nostri
782 3350 929 3422 juris
971 3350 1180 3405 falcem
1212 3349 1271 3404 in
1301 3349 1491 3405 aliena
1532 3367 1715 3405 messe
1761 3366 1864 3422 po-

239 3459 388 3498 nere
423 3459 437 3497 :
473 3441 535 3496 in
566 3457 682 3513 quo
713 3439 1055 3512 multiplices
1079 3439 1452 3510 rependimus
1477 3441 1668 3510 grates
1688 3439 1866 3494 etiam

239 3531 512 3588 indebito
561 3530 792 3601 dignari
846 3546 951 3584 nos
993 3531 1236 3585 honore.
1288 3528 1637 3597 Secundum,
1685 3528 1866 3583 sancti

239 3619 509 3692 Dionysii
536 3618 871 3675 emnobium
904 3619 1024 3689 ejus
1054 3632 1174 3673 esse
1205 3617 1540 3674 reverentiae
1585 3635 1649 3673 ac
1683 3617 1870 3689 digni-

240 3710 404 3777 tatis,
431 3712 497 3764 ut
528 3707 742 3763 nullius
765 3706 841 3762 ibi
874 3708 1246 3779 magistratus
1269 3707 1477 3762 debeat
1507 3707 1724 3780 deponi
1770 3710 1869 3761 aut

240 3798 478 3871 imponi
509 3796 636 3852 sine
680 3797 1276 3869 comprovincialium,
1313 3813 1560 3868 quorum
1605 3796 1868 3864 interest,

245 3903 541 3944 consensu
571 3903 637 3942 ac
667 3886 865 3941 favore
895 3885 1162 3941 solemni.
1193 3884 1447 3940 Tertium
1469 3885 1869 3958 pr0ponimus,

244 3981 294 4036 si
317 3996 447 4035 rem
485 3975 548 4032 in
590 3975 870 4030 dilatione
909 3975 1141 4045 ponitis,
1191 3977 1391 4029 vestrae
1442 3973 1872 4028 mansuetudini

247 4063 718 4141 suggerendum,
761 4063 1043 4136 quidquid
1077 4062 1373 4118 honestius
1417 4064 1476 4117 et
1517 4062 1712 4117 utilius
1741 4079 1872 4117 cum

247 4153 707 4230 religiosissimis
738 4157 796 4207 et
826 4152 1195 4224 amplissimis
1225 4152 1356 4207 viris
1381 4151 1764 4208 inveniemus.

777 4241 1115 4297 EPISTOLA
1147 4240 1364 4296 CXLVI.

321 4335 568 4392 Decimo
599 4332 724 4388 Kal.
751 4330 985 4386 Januar.
1016 4348 1048 4385 a
1073 4348 1211 4402 rege
1243 4335 1539 4406 acceptam
1573 4329 1876 4403 epistolam

2479 3261 2812 3316 EPISTOLA
2851 3262 3064 3321 CXLIX.

2038 3350 2186 3406 Satis
2214 3349 2450 3423 quidem
2484 3351 2726 3405 moleste
2771 3351 3092 3409 absentiam
3138 3357 3388 3410 vestram
3436 3355 3571 3412 feri-

1971 3456 2121 3507 mus,
2154 3439 2256 3494 sed
2283 3438 2491 3509 majori
2533 3454 2671 3492 cura
2710 3439 3034 3511 premimur
3068 3442 3140 3496 ob
3180 3443 3575 3514 ignorantiam

1975 3545 2176 3584 earum
2206 3545 2403 3583 rerum
2436 3545 2562 3600 quae
2585 3527 2735 3582 circa
2767 3545 2865 3583 vos
2886 3533 3187 3599 geruntur.
3231 3532 3375 3586 Nam
3415 3533 3576 3604 cujus

1973 3617 2282 3672 affectuum
2314 3631 2510 3671 sumus
2540 3615 2867 3687 participes,
2897 3617 3020 3688 ejus
3058 3622 3211 3673 certe
3240 3635 3575 3691 progressus

1973 3709 2031 3761 et
2063 3691 2252 3761 exitus.
2273 3706 2497 3760 viarum
2529 3705 2799 3776 ignorare
2830 3705 3071 3762 minime
3103 3707 3400 3763 debemus.
3455 3709 3580 3765 Fes-

1974 3796 2155 3851 tinate
2182 3813 2320 3868 ergo
2354 3798 2412 3850 et
2441 3794 2649 3851 litteris
2675 3795 2915 3867 planum
2937 3796 3125 3852 facere
3152 3797 3291 3870 quid
3313 3813 3574 3854 commu-

1975 3885 2133 3940 nium
2162 3885 2528 3957 negotiorum
2554 3901 2619 3940 ac
2650 3884 3005 3957 privatorum
3037 3887 3411 3960 postmodum
3441 3903 3576 3960 ege-

1973 3973 2116 4039 ritis,
2151 3974 2354 4046 agatis,
2383 3991 2514 4029 mox
2545 3991 2717 4045 agere
2771 3973 3108 4045 disponatis,
3170 3975 3453 4048 simulque
3501 3975 3576 4030 si-

1975 4063 2245 4135 gnificate
2279 4063 2416 4135 quid
2440 4079 2544 4118 nos
2573 4064 2763 4118 facere
2791 4064 2994 4122 velitis.
3021 4066 3084 4119 In
3113 4064 3397 4120 electione
3428 4065 3576 4138 epis-

1977 4151 2105 4223 copi
2136 4168 2173 4206 ιι
2207 4151 2408 4207 Iduum
2431 4152 2699 4220 Februar,
2729 4153 3017 4221 habenda,
3048 4171 3159 4227 qua
3187 4153 3277 4209 die
3304 4157 3362 4208 et
3391 4154 3581 4227 potius

1974 4239 2163 4312 pridie
2213 4244 2402 4295 vestra
2447 4242 2914 4312 praestolabimur
2966 4259 3263 4314 responsa,
3326 4245 3384 4298 et
3442 4243 3581 4315 quid
3683 4269 3704 4280 ι

1975 4329 2148 4384 Ansel
2182 4329 2334 4400 apud
2366 4329 2605 4384 comites
2653 4329 2858 4402 egerit,
2893 4335 2951 4386 et
2994 4347 3094 4386 cur
3139 4331 3263 4402 ejus
3307 4331 3579 4387 nuntium

246 4423 614 4482 fraternitati
654 4422 856 4477 vestrae
889 4419 1200 4475 direximus
1243 4438 1346 4492 per
1403 4422 1468 4476 Β.
1517 4418 1874 4493 azquivocum
1898 4417 1950 4476 D
1979 4418 2165 4473 adhuc
2197 4416 2442 4471 minime
2472 4417 2804 4486 viderimus,
2834 4422 2890 4474 et
2917 4422 3109 4474 utrum
3151 4437 3352 4492 regem
3398 4437 3462 4476 ac
3492 4435 3584 4476 co-

246 4513 425 4586 patri,
457 4510 519 4568 in
545 4528 663 4584 qua
691 4513 879 4564 vester
909 4526 974 4564 ac
1001 4508 1192 4563 fratris
1208 4509 1322 4564 mei
1354 4510 1630 4564 adventus
1650 4507 1708 4562 in
1735 4508 1877 4562 urbe
1980 4507 2150 4563 mites
2177 4505 2334 4579 prius
2372 4505 2682 4561 convenire
2716 4506 3054 4575 debeamus,
3083 4511 3140 4563 et
3171 4508 3213 4562 si
3247 4507 3355 4564 iter
3395 4509 3468 4564 ad
3499 4509 3585 4564 in-

251 4603 584 4658 Remorum
617 4599 1014 4672 expetebatur,
1046 4616 1075 4652 v
1107 4599 1231 4652 Kal.
1263 4599 1496 4653 Ianuar.
1529 4596 1702 4669 regiis
1721 4598 1876 4668 lega-
1973 4596 2241 4668 junctum
2268 4594 2620 4667 colloquium
2649 4595 2796 4650 Calai,
2825 4595 3052 4651 differre
3081 4597 3412 4664 debeamus,
3449 4600 3508 4651 et
3537 4597 3584 4653 si

248 4691 329 4747 tis
351 4690 590 4747 obviam
623 4687 936 4754 occursuri,
969 4686 1064 4759 qui
1114 4704 1181 4741 ex
1225 4687 1489 4742 condicto
1518 4685 1753 4758 quidem
1785 4701 1877 4739 ve-
1980 4701 2048 4740 eo
2067 4683 2391 4750 venietis,et
2407 4684 2566 4755 cujus
2583 4684 2775 4739 favore
2792 4685 2913 4740 haec
2935 4688 2992 4739 et
3013 4686 3099 4739 his
3118 4685 3348 4751 similia,
3371 4683 3583 4756 plenis-

248 4784 492 4848 nerunt,
530 4776 633 4833 sed
665 4794 763 4832 vos
806 4793 923 4832 non
967 4776 1332 4830 invenerunt.
1372 4777 1550 4831 Porro
1585 4775 1880 4846 exemplar
1980 4775 2188 4830 simam
2211 4773 2386 4828 fidem
2410 4773 2481 4828 ad
2497 4774 2949 4829 voshabentibus
2967 4775 3136 4844 plena
3160 4773 3269 4828 fide
3290 4772 3583 4845 deponite.

246 4869 468 4944 prioris
495 4867 756 4940 epistolas
775 4867 987 4920 nostra:
1015 4882 1167 4920 nunc
1199 4864 1502 4932 mittimus,
1529 4863 1881 4937 postulantes

248 4960 462 5016 datum
491 4956 564 5012 iri
592 4952 852 5010 subitum
901 4969 1242 5026 responsum
1287 4953 1594 5008 voluntatis
1631 4951 1880 5026 propriae

249 5047 437 5105 simul
466 5048 529 5102 et
558 5044 829 5102 actionis.

776 5131 1113 5188 EPISTOLA
1151 5131 1391 5188 CXLVII.

497 5241 670 5281 ΒΗΜΛ
699 5239 987 5290 QUONDAM
1015 5238 1232 5277 REGINA
1265 5238 1639 5278 FRANCORUM.

320 5315 557 5372 Acerba
589 5315 728 5368 sunt
755 5313 881 5367 haec
903 5315 1185 5384 tempora,
1211 5309 1474 5366 sacerdos
1492 5309 1741 5384 Domini,
1751 5309 1887 5383 ,qui-

245 5406 360 5463 bus
383 5403 762 5461 sanctissima
784 5399 926 5455 ﬁdes
950 5417 1355 5472 usquequaque
1370 5400 1746 5456 rarescit.Sed
1762 5416 1884 5454 me-

245 5499 528 5554 mentote
549 5493 706 5548 illius
728 5507 905 5563 quam
923 5505 1156 5562 semper
1171 5488 1831 5563 promisistis,quamque
1855 5505 1889 5544 a

243 5584 419 5645 vobis
443 5573 913 5642 conservandam
933 5579 1168 5634 credere
1182 5579 1626 5634 malim.Moveat
1644 5595 1742 5633 vos
1759 5593 1891 5632 mea

247 5671 584 5755 captivitas,
591 5665 945 5750 pradonum
961 5666 1360 5744 manus.Apud
1371 5667 1646 5727 scientem
1657 5667 1889 5742 loquar,

2554 4863 2885 4919 EPISTOLA
2917 4863 3020 4918 CL.

2037 4950 2306 5007 Gratuitae
2323 4951 2742 5007 benevolentiae
2763 4955 2962 5007 vestrae
2981 4949 3150 5005 nullis
3166 4947 3587 5022 respondemus

1984 5041 2224 5096 meritis.
2257 5041 2405 5106 Quid
2428 5041 2586 5097 enim
2619 5041 2968 5097 contulimus
3001 5040 3311 5114 aliquando
3345 5038 3587 5112 dignum

1983 5131 2273 5203 legatione
2292 5130 2593 5185 Roderici?
2607 5128 2722 5184 Hoc
2749 5133 2932 5185 solum
2953 5135 3212 5204 superest
3233 5134 3294 5186 ut
3310 5129 3590 5202 intelligao

1985 5237 2115 5275 mus
2146 5218 2440 5292 quomodo
2469 5218 2687 5273 dictum
2719 5217 2808 5287 sit,
2840 5236 2911 5272 ne
2951 5220 3267 5292 cujuspiam
3316 5221 3470 5294 regis
3501 5223 3588 5277 vel

1986 5309 2235 5382 episc0pi
2265 5308 2574 5363 commoda
2591 5307 2788 5362 vestris
2802 5325 2865 5362 ac
2883 5308 3124 5364 senioris
3145 5311 3313 5365 vestri
3327 5327 3589 5366 commo-

1988 5397 2073 5452 dis
2097 5396 2512 5451 anteferamus.
2554 5393 2680 5449 Non
2735 5394 2870 5450 satis
2910 5395 3120 5469 quippe
3165 5402 3324 5470 patet
3373 5403 3589 5468 utrum,

1990 5485 2198 5541 relictis
2222 5482 2490 5538 omnibus
2515 5499 2642 5554 quae
2657 5483 3034 5556 possidemus,
3052 5486 3301 5556 jubeatis
3313 5487 3473 5559 sequi
3496 5505 3594 5546 vos

1991 5591 2056 5632 ac
2076 5576 2263 5647 vestra
2282 5589 2294 5626 :
2313 5588 2388 5627 an
2401 5571 2655 5645 quodam
2671 5588 2884 5644 genere
2901 5573 3174 5646 loquendi
3197 5593 3296 5649 spe
3330 5577 3594 5635 consola-

1989 5662 2144 5725 toria
2173 5663 2400 5733 tantum
2421 5677 2526 5722 nos
2544 5661 2798 5733 relevare
2827 5662 3093 5724 velitisab
3116 5663 3337 5746 impetu
3357 5665 3598 5732 saevien-
