3918 6230
346 393 449 460 239

983 381 1333 454 smvssrm
1359 388 1406 451 Ii
1444 383 1646 452 pars
1685 375 1842 449 opp.
1882 381 2062 447 rans
2095 374 2190 446 in.
2229 416 2297 435 .-
2334 376 2547 450 EPIST.
2579 387 2662 449 ur
2699 390 2988 453 DIPLOM.

3555 387 3660 461 2&0

348 521 422 578 tis
451 521 719 578 fortunas.
751 515 868 576 Rex
892 517 1056 593 Hugo
1105 536 1171 577 ac
1223 517 1391 576 vicini
1435 513 1708 592 episcopi,
1760 517 1816 570 et
1845 515 1941 589 qui
1981 516 2035 576 Α
2060 528 2209 583 mus,
2238 513 2370 588 quia
2413 517 2612 572 vestrm
2640 514 2916 573 doctrinm
2947 515 3316 590 disciplinata
3342 521 3665 592 proceritas

351 610 550 666 sedem
582 610 901 666 Remorum
931 610 1215 677 ambiunt,
1247 608 1497 682 plurima
1541 609 1811 662 offerunt.
1845 605 1956 660 Sed

364 701 522 756 nulla
551 717 586 755 a
616 698 782 754 nobis
811 699 997 754 adhuc
1037 702 1268 772 recepta
1305 701 1456 763 sunt,
1489 712 1595 751 nec
1620 696 1740 750 sine
1771 698 1956 750 vestro

351 789 616 846 consultu
647 788 966 860 quidquam
997 804 1168 860 agere
1210 787 1504 843 molimur.
1540 787 1620 840 Ea
1657 784 1842 856 gratia
1870 800 1956 838 re-

353 895 488 951 gem
518 877 677 933 adire
711 877 1053 939 distulimus,
1087 893 1160 931 ne
1185 876 1334 930 forte
1367 875 1439 929 ab
1472 891 1539 929 eo
1586 873 1734 945 rapti
1764 875 1954 927 vestra

353 966 599 1040 imperia
636 965 910 1038 refugisse
945 965 1290 1032 videremur,
1341 964 1413 1018 ob
1447 961 1840 1017 dulcissimum
1867 960 1950 1014 af-

352 1056 569 1110 fectum
599 1053 756 1109 chari
781 1053 958 1125 patris
973 1053 1088 1108 mei
1111 1051 1488 1107 Adalberonis
1510 1049 1778 1106 omnibus
1795 1065 1952 1104 mor-

354 1144 564 1199 talibus
587 1142 1017 1214 anteponenda,
1052 1158 1178 1214 qua
1221 1141 1280 1195 in
1320 1140 1479 1195 vobis
1520 1139 1953 1211 quodammodo

353 1231 563 1287 intueri
617 1231 993 1287 desiderabile
1046 1234 1150 1286 est.
1198 1229 1437 1296 Caetera,
1489 1246 1616 1302 quae
1672 1227 1729 1281 in
1793 1226 1958 1281 nobis

354 1321 568 1375 mentis
597 1323 805 1387 essent,
850 1322 906 1373 et
951 1336 1076 1391 qua:
1122 1318 1246 1374 fieri
1301 1318 1452 1372 circa
1508 1333 1601 1371 vos
1659 1317 1954 1383 vellemus,

356 1408 637 1465 Roderico
665 1407 974 1479 diligenter
996 1407 1357 1479 exsequenda
1397 1404 1811 1461 commisimus.

898 1496 1233 1551 EPlSTOLA
1278 1495 1407 1551 CLI.

353 1603 696 1645 GERBERTUS
753 1603 1024 1643 SALUTEM
1081 1603 1188 1652 ξιιμ
1233 1600 1534 1640 SCRIBENTI
1578 1601 1682 1638 SUB
1725 1598 1950 1637 NOMINE

422 1694 754 1732 REVERENDI
827 1691 1036 1731 PATRIS
1104 1690 1496 1730 ADALBERONIS
1551 1687 1950 1728 VERDUNENSIS

428 1784 712 1822 EPISCOPI.

2059 609 2271 659 nostra:
2302 605 2652 676 simplicitati
2684 623 2912 678 semper
2928 607 3037 662 fuit
3061 608 3216 663 haud
3240 609 3663 666 fastidiensau-

2058 696 2311 752 ctoritas.
2340 698 2610 754 Attamen
2646 702 2725 766 ut,
2755 699 2913 755 omni
2937 699 3184 771 ambage
3207 699 3448 766 dimota,
3477 700 3551 755 ad
3568 716 3666 755 vos

2058 785 2228 841 nudae
2255 786 2508 842 veritatis
2556 788 2818 843 fruamur
2845 789 3096 861 loquela,
3147 789 3560 860 judicavimus,
3610 792 3670 843 et

2055 874 2289 929 firmum
2321 875 2725 947 disposuimus,
2750 878 2815 930 ut
2833 876 2991 931 vobis
3015 877 3355 933 manifestet
3381 878 3493 932 hoc
3524 892 3660 931 nos-

2056 966 2160 1021 trae
2205 965 2512 1021 voluntatis
2565 965 2825 1036 epistola,
2885 966 3041 1038 quod
3089 966 3149 1022 in
3199 967 3306 1022 hac
3336 983 3401 1021 re
3429 981 3666 1021 summa

2056 1060 2266 1112 nostra:
2288 1055 2616 1128 adoptionis
2661 1058 2721 1109 et
2775 1055 3142 1126 singularitas
3199 1059 3289 1111 est
3343 1053 3668 1127 petitionis,

2058 1149 2340 1218 quatenus
2374 1144 2538 1199 nobis
2565 1144 2810 1199 indoctis
2839 1147 2898 1199 et
2929 1145 3080 1200 male
3113 1142 3515 1215 disciplinatis,
3543 1159 3670 1198 ves-

2059 1237 2150 1288 tra
2174 1235 2352 1289 solers
2383 1233 2745 1306 providentia
2782 1232 2841 1288 in
2879 1233 3125 1304 scriptis,
3160 1249 3266 1288 nec
3300 1247 3421 1288 non
3461 1235 3521 1286 et
3550 1230 3668 1285 dic-

2059 1322 2152 1390 tis,
2185 1340 2303 1378 non
2337 1326 2545 1395 praeter
2570 1323 2805 1378 solitum
2837 1321 3111 1377 adhibeat
3153 1321 3408 1377 studium
3437 1334 3668 1375 correc-

2058 1411 2253 1479 tionis,
2282 1415 2341 1466 et
2370 1412 2428 1466 in
2461 1412 2684 1482 republ.
2719 1411 3024 1466 consilium
3075 1426 3318 1466 summie
3372 1407 3669 1465 ﬁdelitatis

2055 1501 2192 1573 [al.,_
2209 1501 2518 1563 felicitatis]
2562 1502 2738 1573 Hujus
2757 1517 2896 1573 ergo
2922 1504 3132 1556 nostrae
3147 1499 3455 1556 voluntatis
3472 1497 3534 1552 in
3550 1511 3670 1552 non

2057 1591 2329 1662 neganda
2389 1589 2801 1658 insinuatione,
2857 1590 3120 1645 volumus
3171 1603 3270 1644 vos
3318 1586 3668 1644 Saxonicam

2053 1680 2435 1735 rusticitatem
2465 1680 2802 1747 abhorrere,
2853 1679 2959 1734 sed
3009 1677 3350 1734 Graeciscam
3402 1678 3668 1732 nostram

2049 1770 2426 1826 subtilitatem
2474 1770 2547 1825 ad
2595 1769 2654 1824 id
2711 1769 2883 1824 studii
2933 1768 3120 1839 magis
3153 1784 3256 1824 vos
3300 1773 3666 1838 provocare:

430 1855 489 1910 Si
521 1856 591 1910 de
627 1871 757 1910 meo
787 1856 937 1908 statu
968 1852 1194 1926 quaeris,
1230 1852 1382 1907 bona
1407 1849 1694 1905 sententia
1714 1848 1954 1921 quicun-

2068 1857 2330 1931 quoniam
2350 1858 2394 1912 si
2417 1862 2506 1913 est
2522 1858 2618 1930 qui
2645 1859 2876 1914 suscitet
2893 1857 3072 1924 illam,
3088 1857 3244 1928 apud
3282 1871 3386 1911 nos
3411 1851 3666 1912 invenie-

353 1961 464 2016 que
515 1943 968 2000 familiaritatem
1007 1941 1336 2011 praetendis,
1383 1940 1554 1995 liccat
1579 1937 1954 2010 respondere,

352 2035 456 2088 tua
485 2049 625 2104 pace
671 2049 766 2087 me
823 2031 1074 2102 positum
1126 2029 1184 2084 in
1239 2027 1506 2092 adversis,
1533 2026 1722 2082 virum
1746 2026 1960 2081 fortem

353 2123 537 2193 sequi,
573 2138 691 2176 non
720 2120 1018 2193 consequi.
1053 2119 1339 2174 Caeterum
1365 2117 1586 2188 reipub.
1621 2131 1817 2171 causas
1845 2129 1962 2169 non

351 2211 640 2284 signiﬁco,
675 2209 955 2281 quoniam
987 2207 1124 2280 quid
1154 2207 1403 2262 scribam
1437 2206 1650 2261 nescio.
1685 2201 1967 2275 Specialia

345 2303 544 2356 tamen
575 2299 772 2354 fratris
808 2297 1018 2353 morbo
1047 2297 1245 2351 calculi
1271 2294 1588 2350 laborantis
1616 2293 1842 2366 plenius
1871 2308 1965 2345 ex-

344 2404 638 2460 sequerer,
689 2386 735 2440 si
783 2383 1022 2440 inventa
1070 2402 1102 2438 a
1145 2382 1436 2457 prioribus
1492 2381 1703 2436 intueri
1746 2379 1962 2435 liceret.

343 2476 505 2530 Nune
519 2474 802 2547 particula
833 2471 1079 2528 antideti
1106 2471 1585 2546 philoanthropos
1605 2486 1670 2523 ac
1690 2469 1810 2540 ejus
1831 2468 1965 2523 scri-

341 2567 516 2634 ptura
539 2565 866 2626 contentus,
908 2563 1006 2616 tuo
1036 2560 1173 2614 vitio
1199 2559 1425 2630 imputa
1449 2558 1493 2612 si
1515 2557 1673 2630 quod
1696 2561 1966 2628 paratum

347 2655 432 2706 est
459 2651 531 2706 ad
563 2651 831 2716 salutem,
870 2665 995 2704 non
1029 2647 1314 2703 servandos
1355 2646 1610 2713 dimtam,
1642 2645 1876 2701 verteris
1906 2643 1963 2700 in

345 2738 687 2812 perniciem.
719 2737 830 2791 Nec
862 2752 960 2791 me
999 2738 1233 2790 auctore
1265 2751 1390 2806 qua:
1439 2733 1800 2788 medicorum
1835 2736 1965 2787 sunt

345 2832 592 2885 tracta-re
646 2828 803 2894 velis,
848 2822 1174 2899 praesertim
1227 2841 1357 2879 cum
1416 2824 1712 2878 scientiam
1760 2839 1962 2878 eorum

346 2919 574 2974 tantum
607 2915 1032 2979 aﬂ‘ectaverim,
1065 2913 1322 2968 ofﬁcium
1355 2928 1589 2982 semper
1617 2911 1891 2982 fugerim.

892 3002 1227 3058 EPISTOLA
1267 3002 1420 3056 CLII.

937 3110 1011 3147 Αι)
1033 3108 1355 3148 REMIGIUM.

419 3183 660 3240 Βειιιοιο
688 3182 852 3238 fratri
881 3183 1218 3240 GERBER’I‘L’S.

418 3273 479 3327 Id
511 3275 875 3328 momentum
908 3288 972 3327 ac
1003 3265 1071 3325 ea
1099 3271 1181 3326 vis
1210 3273 1338 3326 erat
1364 3267 1588 3326 domini
1631 3269 1745 3324 mei
1773 3271 1830 3323 et
1854 3286 1954 3341 pa-

348 3363 451 3418 tris
497 3365 612 3419 mei
663 3361 1039 3418 Adalberonis
1091 3360 1150 3415 in
1210 3360 1394 3415 causis
1458 3359 1846 3432 pendentibus
1891 3375 1958 3413 ex

353 3458 596 3521 aeterno,
632 3456 693 3508 ut
719 3469 786 3507 eo
818 3452 874 3506 in
902 3467 1099 3506 rerum
1129 3448 1417 3521 principia
1449 3449 1700 3504 resoluto
1733 3449 1794 3504 in
1837 3447 1955 3520 pri-

349 3543 632 3599 mordiale
663 3542 835 3598 chaos
863 3543 1164 3614 putaretur
1190 3538 1443 3594 mundus
1472 3537 1674 3592 relabi.
1704 3539 1768 3591 In
1794 3539 1959 3592 tanta

347 3631 528 3704 igitur
550 3631 1006 3704 perturbatione,
1033 3632 1112 3696 et,
1142 3630 1206 3682 ut
1243 3627 1324 3682 ita
1349 3627 1562 3694 dicam,
1595 3625 1955 3693 confusione,

354 3722 690 3778 mortalium
747 3720 1074 3775 officiorum
1137 3718 1476 3783 immemor,
1517 3716 1656 3788 quid
1703 3719 1955 3786 optares,

353 3810 492 3886 quid
537 3813 782 3883 peteres,
834 3807 1116 3863 incautius
1160 3803 1520 3876 perspexisti.
1552 3804 1701 3858 Num
1750 3803 1808 3856 in
1837 3803 1959 3874 ejus

351 3899 516 3956 modi
566 3897 925 3964 discrimine,
960 3893 1255 3966 republica
1291 3891 1583 3958 derelicta,
1624 3890 1958 3962 demigran-

357 3988 496 4044 dum
527 3988 636 4042 fuit
657 3987 732 4041 ad
766 3983 1246 4056 philosophorum
1273 3982 1628 4046 commenta,
1666 3977 1960 4034 interdum

354 4094 474 4134 non
507 4071 1078 4130 necessaria?Taceo
1107 4069 1177 4124 de
1219 4085 1340 4136 me,
1389 4067 1478 4122 cui
1533 4069 1704 4123 nulla:
1747 4071 1964 4124 mortes

357 4165 820 4222 intendebantur
850 4177 863 4214 :
894 4163 951 4212 et
981 4157 1137 4230 quod
1180 4161 1344 4230 pater
1385 4156 1668 4212 Adalbero
1711 4175 1804 4212 me
1835 4173 1960 4212 suc-

356 4268 643 4310 cessorem
687 4249 792 4302 sibi
845 4247 1266 4317 designave-rat,
1323 4263 1452 4301 cum
1481 4247 1653 4302 totius
1698 4248 1858 4314 cleri,
1900 4249 1957 4301 et

362 4342 625 4400 omnium
653 4337 1076 4410 episcoporum,
1105 4353 1170 4391 ac
1189 4335 1577 4408 quorumdam
1604 4337 1854 4392 militum
1886 4336 1968 4390 fa-

363 4447 522 4498 vore,
553 4434 611 4484 et
639 4427 793 4501 quod
839 4425 1100 4482 omnium
1149 4443 1367 4494 rerum,
1419 4443 1546 4498 quae
1578 4426 1967 4496 displicerent,

365 4537 462 4578 me
493 4521 787 4574 auctorem
819 4515 992 4570 fuisse
1019 4513 1456 4570 contenderent.
1492 4514 1633 4567 Nam
1658 4512 1852 4581 amici,
1873 4513 1972 4586 qui

366 4608 761 4668 familiaritate
809 4604 962 4661 beati
992 4604 1173 4674 patris
1212 4601 1600 4659 Adalberonis
1627 4618 1858 4657 mecum
1886 4601 1970 4656 usi

367 4701 622 4766 fuerunt,
638 4709 981 4767 mecumque
999 4692 1444 4759 laborabant,ob
1460 4690 1736 4746 tornatile
1749 4690 1973 4762 lignum

370 4786 672 4847 deserendi
704 4788 888 4840 erant.
919 4784 1120 4837 Patere
1151 4797 1289 4853 ergo
1328 4780 1618 4852 patienter
1655 4795 1848 4834 moras
1873 4795 1973 4834 ne-

370 4880 632 4936 cessitate
663 4873 982 4946 impositas,
1014 4887 1079 4924 ac
1109 4871 1352 4926 meliora
1381 4873 1649 4939 tempora
1689 4871 1974 4940 exspecta,

371 4969 578 5043 quibus
608 4966 836 5022 valeant
861 4959 1182 5017 resuscitari
1207 4956 1765 5028 studiajampridem
1785 4956 1845 5012 in
1870 4974 1974 5012 ηο-

371 5060 459 5118 bis
485 5060 774 5114 emortua.

909 5120 1242 5179 EPISTOLA
1273 5117 1448 5174 CLIII.

588 5232 842 5276 OTTONIS
872 5226 1264 5270 IMPERATORIS
1288 5226 1360 5264 AD
1377 5220 1759 5264 GERBERTUM.

447 5311 508 5366 G.
525 5305 1002 5382 Philosophorum
1017 5297 1385 5373 peritissimo,
1403 5298 1574 5369 atque
1596 5297 1777 5352 tribus
1799 5295 1981 5370 philo-

378 5399 594 5474 sophiae
620 5396 876 5471 partibus
905 5390 1187 5456 laureato,
1220 5387 1370 5442 Orro
1402 5385 1707 5474 quodsibi
1739 5389 1868 5457 (30).

430 5473 857 5544 Aman'tissimaa
869 5483 1070 5534 vestra:
1088 5474 1408 5531 dilectionis
1422 5473 1693 5530 omnibus
1706 5491 1981 5528 veneran-

379 5579 514 5637 dam
544 5575 710 5634 nobis
739 5566 978 5642 adjungi
1007 5564 1265 5619 volumus
1296 5563 1714 5631 excellentiam,
1746 5565 1804 5616 et
1832 5563 1978 5618 tanti

375 5667 604 5752 patroni
618 5660 1036 5735 sempiternam
1050 5649 1731 5724 nobiscum_stabilitatem
1744 5649 1981 5726 adopta-

455 5779 563 5853 (30)
591 5772 714 5843 AL,
743 5766 1064 5847 Imperator
1093 5762 1224 5824 Otto
1249 5759 1523 5823 Gerberto
1563 5759 1840 5840 magistro
1865 5776 1992 5827 suo.

1985 3156 2034 3218 C

2059 1953 2154 2004 tur
2168 1949 2492 2003 Graecorum
2521 1945 2813 2005 industriae
2837 1946 3035 2018 aliqua
3063 1944 3328 1999 scintilla.
3369 1942 3543 2013 Cujus
3577 1939 3662 1994 rei

2065 2037 2271 2108 gratia,
2286 2037 2419 2092 huic
2433 2038 2630 2092 nostro
2654 2035 2907 2108 igniculo
2923 2038 3125 2089 vestrae
3145 2030 3399 2088 scientias
3419 2029 3668 2084 ﬂamma

2065 2126 2432 2181 abundanter
2453 2124 2738 2197 apposita,
2764 2123 2971 2182 humili
3002 2138 3170 2195 prece
3193 2118 3578 2192 deposcimus,
3606 2121 3670 2172 ut

2065 2214 2392 2270 Graecorum
2407 2213 2564 2268 vivax
2588 2211 2889 2284 ingenium
2906 2213 3023 2266 Deo
3058 2209 3323 2281 adjutore
3360 2205 3666 2272 suscitatis,

2065 2306 2124 2358 et
2136 2320 2244 2358 nos
2259 2302 2634 2358 arithmeticae
2651 2301 2860 2356 librum
2885 2299 3190 2365 edoceatis,
3204 2295 3528 2369 utpleniter
3546 2294 3671 2366 ejus

2065 2391 2328 2448 instructi
2357 2389 2719 2446 documentis
2745 2388 2960 2460 aliquid
2992 2387 3256 2460 priorum
3277 2385 3671 2457 intelligamus

2065 2479 2409 2536 subtilitatis.
2443 2478 2592 2542 Quid
2623 2481 2818 2534 autem
2849 2478 2919 2532 de
2940 2478 3048 2532 hac
3076 2492 3141 2531 re
3184 2473 3342 2531 vobis
3367 2472 3668 2544 agendum

2063 2570 2307 2642 placeat,
2341 2566 2547 2639 quidve
2575 2566 2892 2637 displiceat,
2917 2567 3106 2620 vestra
3126 2561 3446 2636 paternitas
3463 2560 3673 2615 litteris

2065 2657 2233 2712 nobis
2265 2657 2534 2711 nuntiare
2575 2671 2693 2709 non
2733 2653 2981 2709 differat.
3022 2653 3236 2707 Valete.
3279 2650 3487 2704 Versus
3528 2664 3675 2703 nun-

2066 2763 2237 2818 quam
2270 2743 2590 2815 composui,
2613 2758 2715 2797 nec
2746 2743 2805 2797 in
2838 2741 3028 2796 studio
3055 2739 3266 2807 habui;
3297 2738 3440 2793 dum
3470 2737 3532 2790 in
3562 2751 3669 2790 usu

2063 2834 2342 2898 habuero,
2375 2835 2434 2886 et
2459 2831 2517 2885 in
2547 2830 2628 2886 eis
2655 2830 2892 2900 viguere
2924 2827 3042 2897 [al.,
3074 2827 3372 2894 ﬂoruere],
3395 2827 3538 2897 quot
3566 2823 3672 2878 ha-

2064 2922 2163 2978 bet
2195 2921 2344 2976 viros
2371 2920 2570 2988 Gallia,
2599 2922 2685 2976 tot
2706 2919 2866 2974 vobis
2905 2918 3137 2972 mittam
3168 2914 3450 2971 carmina.

2589 3042 2923 3100 EPISTULA
2968 3041 3143 3096 CLIV.

2429 3149 2767 3192 GERBERTUS
2803 3147 3029 3188 OTTONI
3062 3145 3278 3186 CESARI
3287 3169 3302 3186 ο

2133 3240 2381 3298 Domino
2416 3242 2474 3295 et
2502 3239 2756 3314 glorioso
2792 3238 2997 3294 Orrom
3043 3234 3251 3292 Caesari
3291 3248 3524 3308 semper
3556 3235 3673 3290 Au-

2058 3336 2224 3404 gusto
2255 3331 2594 3397 Gsnusnws,
2627 3328 2811 3401 gratia
2853 3327 2951 3383 Dei
2986 3325 3302 3382 Remorum
3343 3324 3670 3396 episcopus,

2057 3420 2338 3494 quidquid
2370 3422 2534 3474 tanto
2563 3418 2919 3490 imperatore
2951 3415 3217 3487 dignum.

2137 3506 2608 3581 Supereminenti
2641 3503 3058 3561 benevolentiae
3073 3506 3294 3567 vestras,
3315 3517 3430 3576 qua
3448 3501 3510 3556 in
3524 3513 3675 3557 sem-

2059 3599 2352 3672 piternum
2368 3595 2530 3668 digni
2546 3599 2734 3650 vestro
2747 3593 3080 3666 judicamur
3097 3590 3395 3664 obsequio,
3419 3591 3669 3646 fortasse

2059 3687 2226 3750 votis,
2248 3685 2348 3741 sed
2377 3685 2727 3758 respondere
2762 3701 2879 3738 non
2902 3683 3157 3737 valemus
3189 3676 3430 3735 meritis.
3458 3679 3520 3734 Si
3551 3691 3669 3752 quo

2061 3776 2216 3833 enim
2235 3774 2391 3831 tenui
2410 3773 2661 3829 scientiae
2675 3771 2925 3844 igniculo
2943 3767 3335 3836 accendimur,
3353 3769 3546 3823 totum
3565 3769 3676 3822 hoc

2063 3864 2248 3937 gloria
2267 3866 2453 3919 vestra
2470 3861 2713 3936 peperit,
2735 3860 2914 3932 patris
2925 3859 3102 3913 virtus
3120 3858 3280 3920 aluit,
3323 3855 3413 3911 avi
3440 3855 3678 3927 magni-

2059 3952 2292 4009 ficentia
2321 3949 2696 4024 comparavit.
2731 3948 2877 4012 Quid
2909 3963 3048 4019 ergo
3072 3946 3101 4001 ?
3127 3943 3432 4001 Thesauris
3453 3943 3672 3998 vestris

2065 4059 2179 4097 non
2213 4039 2514 4096 inferimus
2545 4037 2832 4112 preprios,
2865 4037 2965 4091 sed
2995 4035 3356 4108 resignamus
3381 4035 3672 4104 acceptos,

2066 4147 2207 4204 quos
2238 4128 2450 4202 partim
2501 4130 2808 4194 assecutos,
2843 4125 3058 4198 partim
3089 4141 3195 4179 vos
3227 4121 3676 4196 quamproxime

2067 4222 2426 4275 assecuturos
2440 4217 2651 4273 indicio
2675 4219 2778 4285 est,
2813 4215 3057 4270 honesta
3071 4218 3128 4270 et
3148 4211 3363 4268 utilitas
3385 4227 3452 4266 ac
3471 4210 3678 4265 vestris

2070 4295 2371 4382 majestate
2388 4308 2566 4379 digna
2579 4306 2802 4380 petitio.
2827 4304 2940 4359 Nisi
2959 4304 3118 4359 enim
3142 4304 3377 4358 firmum
3400 4299 3678 4356 teneretis

2071 4417 2135 4454 ac
2162 4400 2360 4464 ﬁxum,
2381 4398 2498 4452 vim
2519 4411 2900 4450 numerorum
2923 4395 3014 4449 vel
3038 4393 3097 4448 in
3121 4410 3179 4447 se
3191 4391 3457 4446 omnium
3474 4404 3675 4445 rerum

2073 4487 2372 4543 continere
2405 4483 2746 4558 primordia,
2776 4483 2863 4537 vel
2895 4499 2960 4537 ex
2991 4498 3112 4536 sese
3142 4479 3523 4554 profundere,
3558 4493 3678 4533 non

2074 4594 2278 4636 eorum
2296 4577 2524 4649 plenam
2542 4571 3252 4645 perfectamquenotitiam
3268 4573 3430 4626 tanto
3447 4567 3682 4623 festina-

2073 4669 2211 4727 retis
2241 4666 2426 4724 studio
2448 4682 2460 4720 :
2483 4668 2541 4720 et
2559 4663 2667 4718 nisi
2683 4663 2916 4719 moralis
2936 4660 3314 4734 philosophia:
3333 4659 3683 4732 gravitatem

2077 4755 2598 4835 amplecteremini,
2631 4770 2747 4808 non
2779 4752 2860 4807 ita
2888 4751 3075 4807 verbis
3103 4747 3302 4804 vestris
3340 4750 3532 4802 custos
3554 4762 3681 4802 om-

2077 4852 2241 4906 nium
2263 4844 2832 4915 virtutumimpressa
2854 4836 3463 4895 essethumilitas.Non
3481 4839 3681 4891 tamen

2077 4938 2258 4997 animi
2289 4934 2395 4992 sibi
2432 4935 2580 4990 bene
2623 4929 2833 4987 conscii
2878 4928 3049 4984 tacita
3079 4930 3165 4982 est
3205 4924 3516 4994 subtilitas,
3551 4938 3684 4980 cum

2076 5031 2219 5102 ejus,
2241 5030 2305 5081 ut
2327 5025 2409 5080 ita
2433 5023 2642 5090 dicam,
2663 5019 2980 5076 oratoriam
2999 5017 3336 5073 facultatem
3354 5017 3412 5070 et
3434 5031 3469 5102 a
3497 5029 3558 5069 se
3581 5015 3686 5069 eta

2078 5100 2406 5175 Graecorum
2423 5113 2582 5168 fonte
2608 5111 2998 5182 proﬂuentem
3015 5106 3266 5162 oratorie
3280 5100 3686 5160 docuistis.Ubi

2079 5205 2272 5264 nescio
2289 5203 2426 5277 quid
2453 5201 2710 5256 divinum
2731 5196 3093 5271 exprimitur,
3114 5211 3242 5249 cum
3267 5194 3445 5248 homo
3474 5206 3690 5264 genere

2078 5297 2323 5360 Graecus,
2356 5289 2598 5364 imperio
2631 5289 2944 5354 Romanus,
2973 5283 3133 5357 quasi
3153 5279 3523 5338 hiereditario
3547 5279 3690 5352 juge

2080 5386 2378 5439 thesauros
2394 5379 2499 5435 sibi
2521 5379 2729 5434 Graeca:
2754 5393 2818 5431 ac
2837 5376 3116 5430 Romanas
3144 5367 3687 5444 repetitsapientiaa.

2080 5474 2356 5530 Paremus
2381 5485 2542 5542 ergo,
2577 5467 2784 5534 Caesar,
2819 5461 3214 5536 imperialibus
3243 5458 3466 5526 edictis,
3486 5461 3610 5512 tum
3629 5453 3692 5510 in

2079 5565 2209 5631 hoc,
2240 5565 2363 5617 tum
2393 5559 2453 5614 in
2486 5556 2756 5614 omnibus
2790 5565 3148 5626 quaecunque
3195 5548 3390 5604 divina
3418 5545 3694 5619 maiestas

2084 5655 2277 5712 vestra
2303 5645 2634 5710 decreverit.
2657 5643 2782 5703 Non
2809 5641 2967 5700 enim
2999 5638 3193 5698 deesse
3210 5650 3515 5722 possumus
3536 5633 3699 5698 obse-
