3918 6230
221 491 325 560 ibi
1203 512 1452 575 SECI‘IO
1477 516 1520 574 I.
1552 547 1623 560 —
1651 515 1832 576 ANTE
1859 515 1906 577 S‘

2020 519 2150 580 IUM
2182 519 2707 584 PONTIFICATUM.
3514 523 3620 589 242

244 624 403 726 quin,
428 627 544 726 qui
569 631 742 691 nihil
759 633 914 693 inter
933 635 1216 696 humanas
1244 654 1334 695 res
1357 638 1574 696 dulcius
1599 640 1905 716 aspicimus
1940 643 1997 706 Α,
2021 643 2197 704 Italici
2231 649 2378 706 aeris
2407 649 2775 724 qualitatibus
2803 647 2918 710 mei
2947 648 3202 726 corporis
3249 649 3503 724 quadam
3533 648 3622 710 sui

245 722 438 780 vestro
471 721 783 802 imperio.
869 817 904 818 ﬁ
990 817 1003 818 γ
1045 817 1052 818 7
1080 816 1091 818 ξ
1248 817 1256 818 7
2012 740 2240 812 generis
2260 721 2664 796 contrarietate
2687 741 2946 816 opponit.
2969 721 3408 818 Mu-tamurergo
3431 742 3618 802 solum

865 816 1200 876 EPISTULA
1230 817 1380 876 CLV.

715 920 973 963 OTTONIS
999 923 1072 964 AD
1099 921 1480 963 GEBBERTUM.

341 993 491 1052 Orto
521 997 831 1071 Augustus
863 997 1184 1072 imperator
1231 995 1694 1055 reverentissimo
1744 1014 1909 1072 papas

284 1085 572 1144 Gmsanro
606 1088 746 1158 ιω).

351 1176 500 1242 Quia
531 1177 839 1234 divinitate
875 1176 1125 1250 propitia
1153 1193 1272 1232 non
1297 1177 1484 1231 solum
1515 1176 1808 1249 sanguinis
1848 1176 1910 1232 li-

281 1282 632 1334 nea,verum
647 1265 826 1322 etiam
845 1265 996 1322 inter
1009 1267 1246 1321 cunctos
1261 1267 1534 1321 mortales
1555 1266 1806 1338 quadam
1825 1266 1908 1321 sui

281 1354 520 1429 generis
565 1353 893 1409 eminentia
944 1353 1347 1411 connectimur
1375 1353 1601 1421 afl'ectu,
1634 1354 1908 1428 qualitate

276 1443 437 1501 circa
463 1442 702 1500 Domini
726 1444 944 1498 cultum
977 1460 1094 1498 non
1143 1442 1399 1515 dispares
1443 1459 1564 1498 esse
1609 1443 1906 1502 debemus.

275 1533 543 1604 Ideoque
558 1535 754 1589 nostro
768 1531 966 1588 animo
981 1533 1232 1587 vestrum
1246 1534 1571 1587 metuentes
1585 1531 1881 1604 ingenium
1892 1572 1907 1599 ,

276 1619 443 1676 hunc
455 1619 732 1675 abbatem
746 1621 982 1675 Petrum
995 1623 1182 1677 vestro
1196 1620 1676 1676 commendamus
1686 1625 1912 1692 aposto-

275 1708 454 1775 Iatui,
475 1710 541 1762 ut
562 1724 691 1780 quas
711 1708 952 1762 honesta
983 1711 1040 1761 et
1070 1707 1230 1762 utilia
1263 1707 1411 1763 circa
1431 1725 1598 1763 suum
1617 1713 1906 1766 monaste-

279 1796 445 1854 rium
475 1797 608 1852 fore
635 1795 960 1868 agenda,et
981 1813 1014 1851 a
1038 1813 1097 1850 se
1129 1798 1186 1852 et
1207 1813 1240 1850 a
1265 1800 1460 1851 nostro
1481 1798 1670 1869 legato
1701 1813 1911 1869 cogno-

279 1886 507 1953 veritis,
538 1901 673 1940 cum
696 1884 857 1940 omni
892 1884 1192 1957 diligentia
1223 1885 1454 1958 exsequi
1487 1885 1761 1941 studeatis
1797 1903 1812 1942 :
1848 1890 1910 1942 ut

2013 845 2275 900 corpore,
2291 830 2582 885 vobiscum
2598 830 2851 888 mansuri
2871 834 3393 904 mente,vestroque
3414 830 3616 886 solatio

2013 920 2186 992 atque
2211 920 2462 975 subsidio
2496 921 2778 993 primores
2809 921 2984 976 Italia:
3006 921 3409 992 relinquimus.
3435 921 3621 995 Hugo-

2008 1023 2149 1061 nem
2179 1007 2422 1062 Tuscum
2454 1008 2614 1064 vobis
2643 1023 2748 1078 per
2775 1008 2976 1064 omnia
3002 1008 3207 1075 fidum,
3237 1007 3294 1063 S.
3342 1007 3619 1066 comitem

2013 1094 2320 1168 Spoletinis
2351 1099 2407 1150 et
2439 1096 2757 1151 Camerinis
2779 1097 3140 1168 prmfectum,
3161 1096 3249 1152 cui
3283 1101 3410 1152 octo
3443 1095 3621 1153 comi-

2009 1186 2179 1251 tatus,
2206 1184 2300 1258 qui
2319 1185 2422 1240 sub
2445 1184 2544 1242 lite
2571 1189 2729 1254 sunt,
2750 1190 3002 1241 vestrum
3028 1186 3100 1242 ob
3123 1203 3387 1242 amorem
3416 1189 3620 1241 contu-

2008 1270 2202 1340 limus,
2228 1275 2875 1348 nostrumquelegatum
2894 1273 2974 1329 eis
2993 1275 3065 1328 ad
3083 1291 3338 1346 praesens
3359 1273 3621 1347 praefeci-

2008 1365 2226 1426 mus,ut
2239 1362 2434 1434 populi
2455 1367 2740 1419 rectorem
2762 1363 3035 1432 habeant,
3053 1365 3112 1418 et
3127 1362 3286 1422 vobis
3302 1363 3423 1436 ejus
3445 1378 3624 1438 opera

2009 1448 2202 1505 debita
2223 1451 2451 1508 servitia
2471 1452 2802 1508 adhibeant.

2541 1541 2878 1598 EPISTOLA
2906 1541 3078 1597 CLIX.

2257 1626 2546 1667 GERBERTI
2578 1630 2652 1668 AD
2673 1630 3012 1670 Αοειλιοεω
3040 1629 3371 1669 ΑυουετΑΜ.

2081 1697 2342 1754 Dominae
2366 1703 2423 1754 et
2444 1702 2711 1772 gloriosa:
2737 1704 3003 1758 Annum!
3032 1703 3250 1774 regiues
3266 1718 3496 1776 semper
3509 1700 3621 1758 Au-

2010 1789 2188 1857 gusta!
2221 1787 2536 1845 Gannanrus
2568 1791 2755 1863 gratia
2787 1790 3020 1848 llomini
3044 1791 3359 1847 Remorum
3391 1790 3623 1864 episco-

2009 1891 2135 1946 pus,
2168 1880 2226 1932 et
2257 1877 2526 1933 omnibus
2568 1879 2681 1932 suis
2731 1879 3120 1936 confratribus
3165 1883 3222 1934 et
3265 1877 3620 1953 coepiscopis

285 1973 432 2029 dum
446 1977 778 2048 martyrum
795 1973 1180 2030 memoriasiu
1195 1989 1508 2030 commune
1527 1973 1908 2044 honoramus,
1939 1967 1990 2028 Β
2012 1965 2328 2021 Remorum
2361 1967 2654 2034 ἀίωοθεοεν
2687 1969 2836 2023 bene
2863 1970 3053 2022 valere
3086 1969 3143 2022 in
3169 1968 3413 2023 Christo-

288 2079 504 2121 eorum
517 2061 873 2119 beneficiain
887 2079 1198 2118 commune
1213 2062 1767 2120 sentiamuaValete.

831 2149 1168 2208 EPISTOLA
1200 2151 1375 2208 CLVI.

507 2253 768 2296 OTTONIS
791 2255 1183 2296 IMPERATORIS
1213 2255 1288 2292 AD
1319 2257 1375 2296 Β.
1406 2256 1696 2297 COHITEM.

361 2328 519 2384 Or'ro
547 2327 738 2401 gratia
765 2326 997 2384 Domini
1031 2328 1350 2402 imperator
1392 2330 1677 2404 Augustus
1715 2329 1782 2386 Β.
1816 2347 1911 2390 co-

285 2417 418 2473 miti
450 2417 728 2472 salutem.

358 2506 604 2560 Diversa
633 2503 802 2576 regni
825 2505 1058 2578 negotia
1077 2503 1373 2561 interdum
1402 2510 1616 2578 cogunt
1647 2524 1750 2563 nos
1775 2507 1916 2563 inci-

285 2594 429 2651 dere
447 2594 680 2649 diversa
701 2592 966 2666 imperia.
985 2593 1126 2650 Hinc
1138 2595 1407 2668 est,quod
1425 2595 1716 2652 abbatiam
1735 2595 1915 2652 sancti

283 2680 582 2738 Vincentii
596 2681 806 2754 Capuae
822 2679 994 2737 sitam
1013 2682 1084 2738 ob
1104 2682 1489 2754 quarumdam
1507 2699 1704 2738 rerum
1720 2699 1914 2738 neces-

281 2769 577 2826 situdines
603 2786 790 2842 nuper
809 2770 1014 2824 Joanni
1039 2771 1328 2825 monacho
1355 2770 1719 2838 donavimus,
1741 2771 1916 2826 Roth-

288 2858 446 2913 frido
471 2857 689 2912 abbate
711 2874 817 2912 nec
848 2857 1197 2928 adjudicato,
1221 2875 1328 2913 nec
1359 2859 1643 2931 deposito.
1667 2858 1917 2915 Proinde

282 2949 561 3019 respectu
589 2945 1002 3000 misericordia:
1024 2946 1215 3002 eidem
1241 2947 1433 3002 abbati
1457 2947 1760 3004 Rothfrido
1779 2964 1915 3006 cou-

286 3035 559 3089 cedimus
591 3034 800 3088 cellam
831 3036 1042 3090 sanctae
1068 3034 1280 3100 Marica,
1309 3050 1440 3090 cum
1472 3035 1746 3092 omnibus
1763 3035 1836 3092 ad
1855 3051 1916 3094 se

283 3121 742 3194 pertinentibus,
765 3121 823 3175 iu
846 3121 1008 3176 Marsi
1030 3122 1332 3188 comitatu,
1353 3122 1411 3176 in
1432 3139 1500 3177 eo
1519 3124 1643 3178 loco
1669 3125 1764 3197 qui
1787 3123 1921 3178 dici-

2086 2054 2339 2127 Epistola
2366 2055 2537 2109 vestri
2569 2055 2824 2110 nominis
2865 2056 3000 2110 laeta
3048 2055 3329 2128 principia
3368 2055 3623 2130 pertulit,

2015 2141 2240 2198 monita
2269 2142 2519 2199 salubria
2538 2143 2758 2211 habuit,
2778 2144 2878 2199 sed
2905 2143 3051 2198 tristi
3082 2145 3196 2197 tlne
3227 2144 3496 2198 conclusa
3516 2146 3621 2198 est.

2015 2230 2265 2287 Suavem
2297 2231 2508 2306 quippe
2531 2232 2711 2287 animi
2737 2233 2909 2289 vestri
2928 2232 3199 2292 affectum
3223 2233 3376 2287 circa
3408 2248 3503 2288 me
3533 2249 3625 2288 os-

2012 2320 2302 2388 tendit,ad
2320 2320 2619 2394 propriam
2633 2323 2827 2377 sedem
2847 2321 3099 2377 reditum
3115 2325 3412 2376 maturare
3429 2321 3631 2377 admo-

2015 2410 2159 2464 nuit.
2185 2409 2298 2466 Sed
2322 2411 2460 2484 quid
2482 2410 2587 2468 sibi
2610 2411 2786 2466 voluit
2817 2415 2935 2467 tam
2957 2412 3166 2467 acerba
3185 2411 3517 2467 conclusio?
3547 2412 3632 2466 Ita

2017 2498 2175 2555 enim
2199 2517 2260 2554 se
2293 2500 2469 2556 habet
2501 2517 2515 2555 :
2550 2500 2886 2572 Cognoscite
2923 2500 3059 2575 quia
3087 2500 3133 2556 si
3179 2499 3354 2558 modo
3393 2499 3629 2572 hujusce

2018 2589 2241 2644 monita
2254 2589 2411 2661 parvi
2436 2589 2772 2661 penderitis,
2785 2594 3016 2646 utemur
3039 2593 3372 2646 nostrorum
3389 2593 3445 2645 et
3459 2589 3630 2644 rebus

2018 2681 2077 2732 et
2108 2678 2359 2734 consiliis
2401 2679 2614 2753 absque
2646 2679 2887 2734 crimine
2916 2679 3112 2736 vestri.
3146 2680 3229 2734 Me
3260 2679 3386 2734 urbi
3419 2679 3628 2734 Remo-
3723 2712 3746 2730 ο

2015 2784 2150 2824 rum
2166 2768 2538 2840 praesidente,
2553 2769 2786 2841 quando
2806 2786 2923 2825 non
2947 2769 3130 2837 licuit,
3148 2768 3300 2834 licet,
3321 2768 3406 2822 vel
3434 2766 3629 2822 licebit

2020 2856 2224 2911 vestris
2256 2857 2336 2911 uti
2384 2857 2658 2924 consiliis,
2694 2861 2752 2911 et
2778 2857 2948 2913 rebus
2966 2856 3105 2912 mihi
3133 2856 3499 2913 commissis?
3543 2857 3631 2910 An

2020 2943 2226 2999 melius
2257 2945 2414 2999 licuit
2438 2946 2679 3000 Arnulfo
2705 2963 2835 3001 eam
2862 2945 3164 3001 obtinente
3184 2946 3212 3000 ‘?
3243 2944 3356 3000 Sed
3376 2944 3468 2998 ille
3500 2959 3632 2998 eam

2017 3033 2178 3090 vobis
2209 3034 2342 3094 dolo
2375 3033 2646 3090 etfraude
2674 3035 2925 3101 abstulit,
2948 3051 3057 3105 ego
3085 3037 3287 3088 contra
3312 3034 3630 3088 multorum

2020 3124 2182 3180 dolos
2212 3128 2269 3179 et
2292 3124 2523 3179 fraudes
2545 3125 2702 3180 vobis
2727 3142 2856 3180 eam
2891 3125 3086 3180 multis
3105 3124 3309 3195 vigiliis
3329 3125 3630 3195 multoque

285 3213 385 3265 tur
403 3209 727 3282 Apininici,
745 3225 876 3264 cum
896 3209 1129 3282 reliquis
1149 3210 1319 3265 rebus
1340 3211 1527 3265 sancti
1547 3210 1827 3266 Vincentii
1855 3211 1914 3266 in
1955 3249 2002 3312 Ο
2019 3213 2218 3268 labore
2246 3213 2596 3267 conservavi.
2613 3213 2817 3268 Mirum
2851 3213 3024 3268 nimis
3045 3216 3128 3268 est
3152 3216 3476 3267 vestrorum
3521 3210 3628 3267 ho-

285 3301 506 3356 eodem
529 3299 814 3355 comitatu
841 3300 1058 3371 positis.
1081 3299 1297 3355 Cellam
1323 3317 1554 3372 quoque
1569 3303 1779 3355 sancta:
1804 3302 1917 3356 Ma-

284 3389 392 3444 riae
412 3390 474 3443 in
495 3388 760 3460 partibus
778 3387 1109 3455 Beneventi,
1131 3389 1228 3443 ubi
1265 3389 1474 3443 dicitur
1505 3388 1688 3443 Sanus
1737 3391 1915 3457 locus,

285 3495 425 3533 cum
454 3477 735 3533 omnibus
763 3477 946 3532 sancti
970 3477 1255 3533 Vincentii
1274 3478 1441 3532 rebus
1464 3477 1524 3532 in
1556 3481 1710 3532 terra
1735 3479 1916 3534 Bene-

285 3569 553 3623 ventana
581 3565 726 3620 sitis.
758 3565 920 3621 Unde
967 3567 1071 3622 tibi
1113 3569 1170 3620 et
1213 3567 1618 3621 Beneventano
1674 3567 1919 3640 principi

287 3653 697 3728 praecipimus,
731 3657 815 3720 ut,
843 3653 987 3708 sicut
1015 3671 1106 3709 res
1135 3654 1293 3710 vobis
1321 3654 1519 3710 vicine:
1551 3658 1703 3721 sunt,
1737 3655 1817 3710 ita
1844 3658 1918 3712 ob

287 3747 568 3800 nostram
600 3741 945 3798 fidelitatem
978 3743 1345 3799 Rothfridum
1373 3745 1644 3799 abbatem
1673 3744 1796 3816 ejus
1827 3761 1920 3800 res

287 3836 498 3889 tenere
522 3832 744 3905 juvetis
775 3832 899 3888 sine
929 3835 1043 3889 ulla
1064 3832 1543 3889 contradictione.

826 3922 1160 3978 EPISTULA
1191 3922 1388 3976 CLVII.

553 4027 818 4067 OTTONIS
847 4027 922 4065 AD
963 4027 1294 4066 ADELAIDEM
1329 4025 1666 4066 AUGUSTAM.

363 4100 636 4157 nomium
681 4103 944 4156 Ausum:
994 4100 1133 4174 imp.
1189 4115 1420 4172 semper
1457 4101 1725 4172 Augustae
1776 4097 1921 4156 Orto

296 4192 490 4265 gratia
522 4189 757 4247 Domini
792 4190 1109 4264 imperator
1137 4191 1445 4262 Augustus.

365 4280 517 4345 Quia
543 4279 867 4335 secundum
885 4282 1016 4334 vota
1048 4282 1105 4333 et
1131 4278 1415 4335 desideria
1435 4279 1622 4333 vestra
1653 4277 1918 4334 divinitas

292 4369 462 4426 nobis
489 4370 627 4441 jura
653 4367 886 4439 imperii
921 4367 1162 4423 contulit
1183 4367 1332 4421 felici
1353 4383 1632 4435 successu,
1651 4367 1916 4422 divinita-

295 4461 416 4513 tem
444 4457 688 4530 quidem
711 4457 1043 4524 adoramus,
1062 4456 1221 4512 vobis
1252 4473 1384 4511 vero
1424 4459 1616 4528 grates
1649 4456 1919 4529 rependi-

296 4563 446 4602 mus.
477 4546 708 4601 Scimus
741 4545 898 4600 enim
926 4548 982 4600 et
1011 4545 1387 4618 intelligimus
1414 4548 1745 4600 maternum
1778 4545 1916 4600 affe-

297 4638 476 4702 ctum,
502 4638 561 4690 et
587 4633 781 4688 studia
809 4633 1059 4706 pietatis,
1078 4634 1283 4706 quibus
1303 4635 1475 4689 rebus
1513 4633 1790 4706 obsequia
1825 4650 1917 4690 ve-

295 4727 414 4779 stro
446 4723 648 4779 deesse
677 4739 795 4777 non
823 4739 1144 4795 possumus.
1165 4721 1415 4778 Proinde
1441 4722 1598 4795 quia,
1622 4721 1760 4776 dum
1791 4738 1920 4793 pro-

293 4827 623 4877 movemur,
641 4814 830 4865 vester
847 4811 1038 4865 honor
1059 4809 1361 4878 attollitur,
1386 4810 1796 4882 rempubl.per
1821 4827 1920 4865 vos

288 4899 656 4967 promoveri,
691 4915 756 4953 ac
786 4903 1117 4971 promotam
1149 4898 1397 4955 feliciter
1426 4899 1487 4953 in
1521 4913 1622 4953 suo
1654 4901 1806 4953 statu
1833 4916 1920 4956 re-

288 4989 347 5062 gi
381 4991 638 5046 multum
674 5004 910 5044 oramus
943 4991 1000 5044 et
1018 4992 1308 5059 optamus.
1335 4988 1549 5044 Valete.

822 5077 1158 5133 EPISTOLA
1181 5077 1407 5133 CLVIII.

725 5178 982 5222 OTTONIS
1010 5184 1082 5221 AD
1111 5183 1487 5222 GERBERTUM.

360 5255 854 5315 Reverentissimo
885 5272 1053 5331 papae
1099 5257 1386 5313 Ganaaaro
1420 5256 1569 5312 Orro
1598 5255 1787 5332 gratia
1817 5258 1920 5315 Dei

291 5347 618 5420 imperator
647 5347 961 5418 Augustus.

359 5437 508 5502 Quia
537 5435 828 5509 temporis
857 5434 1191 5494 difﬁcultate
1227 5435 1496 5492 astrictus
1534 5435 1734 5492 vestris
1771 5437 1917 5494 votis

294 5527 625 5582 satisfacere
676 5539 927 5596 nequeo,
980 5525 1311 5582 vehementi
1375 5541 1625 5582 moerere
1671 5525 1915 5591 afﬁcior,

290 5615 521 5672 Hoveor
552 5613 716 5670 enim
747 5613 976 5685 pietatis
1011 5614 1222 5669 atl‘ectu
1251 5615 1402 5670 circa
1431 5631 1544 5685 vos,
1571 5615 1672 5670 sed
1702 5618 1920 5670 naturae

297 5705 609 5760 necessitas
639 5718 746 5760 suo
764 5702 896 5773 jure
930 5703 1130 5758 omnia
1153 5704 1579 5778 constringens,
1618 5702 1923 5776 qualitates

2019 3301 2196 3356 stium
2217 3318 2318 3356 vos
2340 3317 2457 3356 non
2477 3301 2687 3356 sentire
2715 3299 2968 3356 insidias.
3005 3301 3111 3365 Qui
3135 3300 3292 3356 enim
3317 3299 3628 3354 Arnulfum

2019 3389 2092 3445 ad
2113 3389 2286 3444 vestri
2301 3389 2467 3460 regni
2483 3388 2880 3444 confusionem
2897 3407 3010 3444 sua:
3027 3389 3146 3443 sedi
3163 3389 3462 3444 restituere
3480 3403 3632 3460 qua:-

2018 3482 2309 3544 runt,non
2331 3477 2438 3531 sibi
2457 3478 2566 3531 hoc
2599 3481 2784 3530 tutum
2819 3478 2944 3532 fore
2966 3476 3316 3549 putant,nisi
3347 3493 3440 3532 me
3472 3475 3630 3548 prius

2021 3566 2279 3639 qualibet
2293 3565 2592 3620 occasione
2607 3565 2870 3636 perdant.
2882 3565 3045 3628 Quod
3059 3567 3307 3618 multum
3321 3563 3629 3618 verisimile

2020 3671 2142 3711 esse
2159 3653 2373 3725 duplici
2389 3653 2650 3724 capimus
2667 3655 3038 3723 argumento,
3060 3652 3193 3724 quia
3207 3669 3300 3706 me
3318 3650 3512 3705 Remis
3529 3667 3631 3704 nu-

2022 3759 2126 3814 per
2157 3741 2343 3815 posito
2378 3758 2510 3796 eum
2539 3741 2833 3796 absolvere
2866 3738 3192 3794 decrevistis
3226 3756 3238 3792 :
3273 3742 3330 3792 et
3352 3737 3490 3809 quia
3521 3741 3631 3794 Leo

2022 3833 2317 3886 Romanus
2348 3831 2524 3886 abbas
2557 3833 2618 3884 ut
2649 3829 2976 3884 absolvatur
3005 3826 3276 3894 obtinuit,
3314 3827 3388 3881 ob
3419 3827 3631 3881 conﬁr-

2021 3921 2305 3977 mandum
2329 3919 2571 3976 senioris
2585 3918 2716 3974 .mei
2743 3918 2896 3990 regis
2926 3915 3160 3973 Roberti
3192 3931 3408 3971 novum
3425 3915 3628 3987 conju-

2023 4010 2206 4082 gium,
2236 4012 2299 4064 ut
2324 4009 2467 4064 mihi
2490 4027 2523 4064 a
2547 4007 2928 4063 Remensibus
2957 4023 3060 4079 per
3090 4005 3310 4061 litteras
3339 4003 3629 4076 signiﬁca-

2020 4103 2146 4154 tum
2175 4101 2282 4153 est.
2302 4098 2538 4153 Accedit
2569 4099 2641 4153 ad
2669 4098 2780 4152 hoc
2799 4096 3104 4152 discrimen
3123 4095 3266 4151 fides
3282 4112 3315 4149 a
3332 4093 3633 4168 praesenti-

2020 4187 2128 4243 bus
2145 4191 2303 4244 corte
2326 4186 2670 4243 Calmiciaca
2701 4203 2734 4242 a
2763 4186 3008 4242 Gibuino
3026 4184 3253 4241 Gibuini
3277 4186 3488 4258 nepote
3510 4199 3638 4255 per-

2021 4293 2173 4332 vasa.
2195 4275 2480 4343 Infinitus,
2515 4276 2710 4343 credo,
2744 4279 2868 4331 erat
2895 4275 3159 4330 villarum
3202 4290 3498 4341 numerus,
3530 4288 3636 4326 nec

2021 4367 2095 4420 ad
2121 4365 2538 4438 possidendum
2567 4364 2830 4419 sufﬁcere
2862 4367 3134 4436 poterant
3160 4362 3495 4430 Remenses,
3527 4359 3636 4416 nisi

2021 4456 2094 4511 ad
2125 4454 2382 4510 colonias
2405 4453 2749 4508 obtinendas
2774 4452 3154 4508 invitarentur
3168 4453 3632 4507 Catalaunenses.

2023 4545 2172 4610 Quid
2194 4543 2372 4616 ergo?
2398 4543 2443 4598 si
2470 4541 2744 4597 Arnulfus
2767 4542 3151 4596 absolvendus
3181 4544 3287 4609 est,
3307 4542 3395 4596 vel
3418 4540 3464 4594 si
3499 4539 3630 4595 Gui-

2021 4633 2312 4699 binus,vel
2341 4632 2485 4687 alius
2511 4631 2756 4704 quilibet
2786 4631 2845 4685 in
2875 4631 3015 4686 sede
3045 4647 3178 4685 mea
3197 4628 3633 4686 intronizandus

2023 4727 2128 4791 est,
2143 4723 2396 4778 reditum
2412 4739 2609 4778 meum
2632 4721 2755 4778 sine
2777 4722 2979 4797 capitis
2996 4721 3110 4777 mei
3135 4721 3390 4792 periculo
3418 4717 3632 4773 intelli-

2021 4830 2158 4886 gere
2182 4828 2297 4867 non
2322 4815 2426 4867 est.
2443 4811 2609 4876 Quod
2626 4812 2705 4868 ita
2726 4829 2872 4880 esse,
2897 4813 2998 4867 sed
3021 4827 3118 4865 vos
3145 4809 3336 4865 minus
3367 4805 3631 4861 animad-

2019 4905 2264 4970 vertere,
2301 4901 2565 4957 dubitare
2594 4919 2711 4957 non
2745 4901 2948 4957 debeo.
2974 4899 3112 4954 Novi
3137 4899 3298 4954 enim
3332 4895 3520 4951 studia
3544 4912 3634 4950 ve-

2021 4995 2138 5046 stra
2165 4989 2434 5046 omnibus
2468 4989 2812 5046 mortalibus
2840 4985 3231 5063 praedicanda,
3275 4984 3406 5039 novi
3455 4981 3635 5038 animi

2019 5079 2191 5135 vestri
2224 5078 2582 5134 dulcissimos
2611 5078 2846 5133 affectus
2886 5076 3037 5130 circa
3063 5089 3177 5128 me.
3214 5071 3426 5137 Quibus
3456 5070 3502 5127 si
3541 5088 3633 5126 re-

2021 5169 2307 5241 spondere
2338 5184 2564 5241 nequeo
2613 5165 2856 5230 meritis,
2888 5162 3252 5234 respondebo
3281 5159 3442 5218 votis.
3473 5161 3630 5226 Quo-

2019 5257 2171 5313 circa
2196 5261 2259 5311 ut
2273 5273 2404 5312 mea
2415 5255 2572 5311 vobis
2587 5249 3268 5322 minusingeram,deque
3283 5265 3377 5304 me
3390 5250 3632 5305 omnino

2022 5350 2454 5418 taceam,quem
2474 5341 2665 5397 divina
2680 5337 2867 5412 gratia
2884 5355 2917 5393 a
2929 5338 3320 5410 periculorum
3336 5339 3632 5394 immensi-

2021 5438 2140 5491 tate
2168 5433 2394 5498 liberat,
2429 5435 2487 5486 et
2511 5431 2569 5485 in
2589 5432 2871 5502 quantum
2903 5429 2975 5483 ad
2994 5445 3090 5483 me
3112 5429 3298 5485 solum
3321 5429 3550 5496 attinet,
3572 5428 3631 5482 in

2024 5521 2185 5581 omni
2218 5521 2496 5577 felicitate
2524 5516 2778 5589 disponit
2807 5521 2864 5572 et
2894 5522 3214 5585 conservat,
3244 5534 3348 5590 per
3378 5517 3633 5572 terribile

2023 5629 2238 5669 nomen
2255 5628 2351 5667 om
2363 5607 2779 5682 uipotentisDei
2799 5624 2899 5663 oro
2915 5611 2972 5662 et
2985 5603 3634 5679 deprecor,utllemensi

2021 5701 2288 5758 Ecclesiaa
2302 5700 2570 5755 desolata:
2585 5702 2640 5754 et
2653 5696 2935 5765 attritm,si
2954 5697 3210 5770 quolibet
3223 5696 3397 5751 modo
3413 5693 3631 5756 valetis,

375 5802 483 5875 (3t)
510 5802 611 5861 Al.
641 5800 1112 5860 reverentissimo
1142 5817 1306 5876 papae
1339 5800 1615 5859 Gerberto
1644 5801 1774 5858 Otto
1805 5799 1908 5858 Dei
1937 5797 2126 5873 gratia
2150 5797 2295 5871 imp.
2328 5799 2632 5870 Augustus.
