3918 6230
345 464 456 533 ξω

991 461 1344 525 SILVESTRI
1372 466 1420 526 II
1462 465 1663 525 PAPE
1701 465 1856 524 OPP.
1901 463 2079 524 PARS
2117 465 2207 522 III.
2247 493 2319 509 --
2357 463 2571 524 EPIST.
2611 462 2696 522 ET
2732 461 3012 524 DIPLOM.

3557 464 3668 530 244

345 585 715 648 subveniatis.
742 583 880 654 Qua
906 587 1185 660 quoniam
1215 587 1380 660 regni
1408 589 1758 644 Francorum
1781 589 1954 660 caput
1977 595 2033 654 Α
2056 587 2464 660 episcoporum
2489 587 2706 660 judicio
2759 588 3085 662 relinquere
3121 587 3270 647 volo.
3303 588 3416 649 Nec
3469 608 3668 652 rursus

345 683 453 747 est,
473 677 518 734 si
541 677 870 750 deperierit,
889 680 952 731 ut
971 677 1236 732 membra
1255 680 1568 749 sequantur
1589 694 1820 733 nocesse
1846 681 1950 733 est.

347 769 420 824 At
444 767 738 840 quomodo
771 783 888 821 non
914 765 1158 839 deperit,
1176 784 1302 838 qua
1321 767 1423 821 sub
1442 766 1676 820 nomine
1706 767 1953 822 duorum

2056 680 2258 732 contra
2286 677 2684 749 episcoporum
2701 678 3119 749 judicium,ubi
3147 681 3334 753 major
3356 683 3666 740 auctoritas

2057 765 2223 832 adsit,
2267 782 2396 819 eam
2451 766 2609 838 quasi
2650 784 2754 839 per
2801 768 2917 823 vim
2950 769 3201 824 retinere
3232 770 3494 843 dispono.
3526 771 3666 837 Qua

354 856 515 932 quasi
543 856 693 910 inter
723 855 998 910 malleum
1031 858 1088 909 et
1139 855 1428 922 incudem,
1467 855 1760 926 disposita,
1814 856 1953 910 dum
2050 853 2268 925 judicia
2290 854 2428 909 dum
2451 859 2736 928 exspecto,
2762 857 3046 924 exsilium,
3075 860 3228 931 quod
3252 877 3287 915 ει
3311 861 3506 918 multis
3530 862 3667 920 felix

355 962 560 1002 eorum
606 948 877 1001 neutrum
926 948 1212 1000 rectorem
1257 945 1558 1016 approbat,
1603 946 1756 1000 velut
1807 945 1956 1000 inter

351 1035 540 1093 undas
561 1034 738 1090 maris
759 1033 880 1090 sine
913 1034 1133 1106 remige
1155 1034 1430 1090 ﬂuctuat?
1453 1033 1598 1098 Quid
1625 1050 1798 1105 porro
1831 1033 1954 1089 fieri

350 1125 584 1200 putatis,
613 1124 657 1179 si
687 1123 890 1180 tertius
921 1123 1043 1178 sine
1065 1123 1283 1195 judicio
1333 1123 1594 1178 Ecclesia
1634 1123 1706 1178 ad
1747 1139 1954 1178 nume-

351 1231 481 1270 rum
510 1213 846 1270 accesserit?
876 1212 1070 1284 Neque
1101 1229 1234 1268 vero
1267 1213 1388 1267 hac
1418 1213 1646 1284 loquor,
1677 1215 1954 1284 tanquam

351 1319 536 1375 augur
565 1305 663 1356 aut
684 1300 927 1356 divinus.
955 1300 1379 1356 Meminietiam
1413 1316 1574 1354 meos
1603 1299 1955 1372 conspirasse

350 1407 469 1447 non
495 1391 680 1446 solum
710 1389 939 1457 milites,
969 1389 1068 1444 sed
1119 1393 1175 1443 et
1206 1389 1460 1455 clericos,
1495 1391 1558 1442 ut
1605 1404 1776 1442 nemo
1833 1404 1954 1442 me-

351 1497 484 1536 cum
511 1480 864 1546 comederet,
900 1495 1073 1534 nemo
1107 1478 1280 1533 sacris
1310 1478 1633 1532 interesset.
1667 1477 1848 1531 Taceo
1885 1476 1954 1530 de

348 1569 564 1624 vilitate
619 1571 677 1623 et
718 1571 1076 1639 contemptu,
1122 1567 1262 1621 nihil
1313 1566 1438 1621 dico
1493 1565 1563 1620 de
1613 1563 1957 1636 gravissimis

349 1655 576 1728 injuriis
605 1673 756 1728 sape
785 1655 924 1710 mihi
958 1672 991 1710 a
1011 1655 1268 1728 pluribus
1298 1654 1485 1710 illatis.
1519 1653 1604 1708 Ad
1635 1654 1756 1707 hac
1779 1655 1840 1706 ut
1872 1669 1957 1706 re-

352 1747 522 1802 deam
539 1745 880 1819 provocatis,
896 1747 953 1799 et
967 1747 1027 1799 ut
1046 1744 1314 1816 graviora
1334 1742 1542 1814 patiar,
1565 1742 1958 1812 minassuper-

351 1835 512 1890 addit
538 1833 797 1905 epistola.
820 1832 966 1898 Quid
993 1831 1160 1886 est‘?o
1190 1831 1380 1886 divina
1398 1830 1507 1900 maj
1519 1829 1696 1884 cstas!
1731 1829 1955 1884 adeone

2058 946 2310 1015 putatur,
2358 961 2474 999 non
2508 943 2630 999 sine
2663 945 2846 1000 multo
2879 946 3078 1001 dolore
3104 949 3309 1004 tolero.

2591 1032 2925 1089 EPISTOLA
2983 1034 3129 1090 CLX.

2131 1119 2388 1175 Occurrit
2412 1119 2554 1175 mihi
2600 1121 2840 1177 senioris
2877 1123 2990 1178 mei
3022 1124 3176 1196 regis
3206 1125 3466 1182 Rotberti
3509 1129 3666 1186 clara

2057 1208 2249 1276 facies,
2273 1211 2435 1264 latus
2455 1213 2737 1281 aspectus,
2769 1211 2996 1266 visitata
3024 1215 3330 1286 colloquia,
3363 1233 3666 1274 sermones

2058 1299 2228 1353 vestri
2247 1299 2528 1370 sapientia
2551 1303 2608 1353 et
2639 1299 2918 1371 gravitate
2952 1301 3130 1373 pleni,
3177 1307 3300 1357 tum
3333 1305 3665 1377 principum

2059 1392 2116 1442 et
2146 1387 2548 1459 episcoporum
2581 1391 2748 1459 grata
2779 1388 3104 1457 affabilitas,
3153 1408 3282 1463 qua
3324 1393 3469 1448 mihi
3519 1396 3664 1452 dum

2058 1475 2317 1546 eripitur,
2352 1476 2473 1547 ipsa
2504 1476 2936 1549 quodammodo
2968 1479 3082 1533 vita
3120 1496 3366 1536 onerosa
3394 1486 3500 1540 est.
3530 1483 3666 1539 Sola

2059 1565 2200 1619 mihi
2226 1566 2427 1620 solatio
2447 1567 2681 1622 estclari
2715 1567 2950 1622 Casaris
2973 1568 3211 1624 Othonis
3251 1570 3457 1640 pietas,
3497 1572 3664 1628 beni-

2059 1654 2332 1722 volentia,
2355 1655 2687 1723 iiberalitas,
2707 1655 2805 1727 qui
2827 1659 2988 1711 tanto
3015 1674 3214 1713 amore
3235 1675 3334 1713 vos
3358 1664 3665 1734 vestraque

2061 1740 2265 1812 diligit,
2298 1745 2359 1795 ut
2381 1741 2500 1796 dies
2530 1745 2840 1814 noctesque
2870 1759 3094 1798 mecum
3115 1761 3448 1801 sermonem
3473 1748 3667 1803 confe-

2059 1831 2169 1895 rat,
2202 1829 2297 1884 ubi
2330 1833 2387 1884 et
2417 1830 2650 1902 quando
2679 1848 2773 1885 vos
2803 1830 3165 1887 familiariter
3195 1833 3388 1889 videre
3432 1837 3615 1908 possit
3646 1855 3660 1894 :

352 1939 446 1978 me
478 1922 948 1987 infatuatum,vcl
971 1937 1005 1974 a
1031 1924 1084 1975 te
1111 1920 1501 1974 abalienatum
1526 1921 1752 1991 putant,
1779 1921 1841 1972 ut
1869 1919 1956 1973 vel
1979 1924 2030 1982 B
2059 1935 2314 1972 coavum
2337 1917 2441 1972 sibi
2459 1922 2515 1973 et
2545 1918 2742 1973 studiis
2761 1920 3123 1975 consimilem
3148 1921 3437 1978 seniorem
3463 1941 3663 1980 meum

349 2011 572 2084 gladios
590 2010 964 2065 imminentes
980 2026 1094 2064 non
1110 2008 1447 2074 videam,vel
1465 2007 1774 2062 Ecclesiam
1798 2011 1956 2062 tuam

347 2099 654 2155 schismate
675 2097 1060 2153 confundam?
1075 2099 1190 2170 Ego
1203 2113 1336 2152 vero
1358 2097 1756 2168 improborum
1770 2111 1959 2152 versu-

351 2188 459 2243 tias
477 2191 640 2244 acute
659 2187 968 2259 conspicio,
987 2191 1045 2242 et
1065 2191 1266 2242 contra
1287 2185 1485 2242 omnia
1505 2185 1814 2240 schismata
1835 2185 1959 2239 uni-

350 2281 531 2334 tatem
561 2277 844 2345 Ecclesia,
873 2276 917 2330 si
964 2275 1042 2330 sic
1082 2276 1376 2331 decretum
1428 2278 1532 2341 est,
1583 2277 1772 2329 morte
1827 2290 1958 2328 mea

351 2365 622 2424 defendo.
645 2368 783 2421 Peto
806 2382 967 2437 ergo,
983 2382 1015 2420 o
1043 2365 1280 2420 domina
1299 2380 1430 2419 mea
1453 2379 1687 2434 semper
1704 2364 1960 2433 Augusta

352 2454 495 2510 item
527 2453 858 2510 afratribus
898 2453 1043 2508 meis
1091 2451 1460 2525 coepiscopis,
1503 2451 1600 2523 qui
1641 2467 1743 2522 pro
1792 2467 1961 2505 causa

354 2541 651 2597 traditoris
666 2540 972 2612 Arnulpbi,
999 2539 1111 2594 sive
1125 2541 1280 2611 juste
1307 2540 1419 2594 sive
1461 2539 1671 2610 injuste
1693 2539 1795 2593 sub
1825 2555 1961 2594 ana-

357 2630 620 2685 themate
641 2628 811 2702 positi
846 2632 998 2692 sunt,
1028 2631 1090 2683 ut
1119 2645 1211 2683 me
1245 2627 1531 2698 judicium
1574 2627 1834 2682 Ecclesia
1865 2644 1959 2682 ex-

354 2720 713 2790 spectantem
734 2717 1022 2790 patienter
1032 2717 1442 2789 fcrant.Neque
1455 2715 1612 2770 enim
1629 2717 1957 2784 Ecclesiam,

355 2823 532 2880 quam
565 2806 964 2880 episcoporum
989 2805 1210 2890 judicio
1248 2805 1565 2878 regendam
1593 2805 1804 2878 accepi,
1837 2804 1958 2861 sine

2057 2023 2258 2078 regem
2293 2007 2607 2062 Robertum
2640 2009 2852 2079 alloqui
2903 2013 2960 2063 et
2996 2011 3368 2082 eomplexari.
3408 2011 3466 2066 Si
3523 2029 3662 2085 ergo

2058 2097 2388 2150 Romanum
2415 2095 2543 2164 iter,
2573 2097 2728 2169 quod
2754 2114 2918 2152 causa
2961 2099 3275 2170 plurimum
3316 2100 3522 2171 synodi
3570 2119 3664 2156 me

2061 2184 2301 2250 detinet,
2323 2184 2430 2238 hoc
2450 2187 2712 2257 tempore
2727 2185 2969 2240 dilatum
2989 2186 3336 2253 fuerit,circa
3353 2188 3662 2244 Novembr.

2061 2273 2184 2326 Kal.
2203 2289 2293 2327 me
2307 2273 2727 2345 exspectabitis,
2749 2277 2805 2328 et
2827 2275 3032 2328 harum
3053 2292 3244 2330 rerum
3283 2275 3664 2348 interpretem

2062 2360 2421 2430 fidissimum,
2451 2364 2508 2415 et
2539 2378 2643 2433 per
2669 2362 2868 2417 omnia
2894 2362 3051 2417 vobis
3082 2363 3476 2420 obedientem.

2593 2451 2924 2506 EPISTOLA
2956 2451 3126 2506 CLXI.

2335 2555 2410 2593 AD
2435 2555 2889 2596 CONSTANTINUM
2916 2557 3380 2598 SCHOLASTICUM.

2131 2627 2223 2680 Vis
2248 2626 2513 2682 amicitiae
2544 2645 2692 2699 pene
2725 2627 3102 2702 impossibilia
3132 2629 3345 2702 redigit
3375 2630 3450 2685 ad
3481 2631 3664 2703 possi-

2060 2715 2218 2784 bilia,
2252 2719 2359 2772 etc.
2393 2714 2591 2771 Exstat
2621 2734 2802 2789 supra,
2835 2717 3009 2774 libello
3035 2717 3117 2774 De
3147 2735 3496 2775 numerorum
3521 2720 3668 2778 dioi-

2061 2807 2206 2861 sione
2218 2806 2467 2877 pra/51a.

1003 2987 1736 3094 EPISTOLfE
1831 2989 2201 3091 ALUE
2297 2987 3014 3092 GEBBERTI

434 3176 670 3236 Curante
719 3177 942 3236 Andrea
995 3179 1296 3236 Duchesnio
1338 3181 1577 3252 primam
1630 3197 1693 3233 ex
1743 3193 1842 3237 ms.
1898 3179 2185 3250 exemplari
2233 3178 2428 3235 Jacobi
2468 3179 2750 3236 Sirmondz'
2799 3180 3080 3238 Societatis
3120 3181 3248 3238 Jesu
3307 3184 3363 3237 in
3433 3183 3605 3239 lucem

1931 3276 2102 3333 edita.

1387 3438 1556 3512 (Hist.
1588 3437 1790 3494 Franc.
1822 3438 2023 3511 Scrz'pt,
2057 3442 2202 3496 tom.
2232 3439 2298 3502 ll,
2331 3455 2464 3512 pag.
2498 3439 2649 3512 823.)

892 3608 1230 3666 EPISTOLA
1256 3606 1452 3665 CLXII.

475 3712 730 3754 ELECTIO
764 3713 1014 3756 ARNULFI
1045 3716 1336 3757 REMORUM
1361 3710 1800 3754 ARCHIEPISCOPI
1830 3716 1866 3753 Α

899 3805 1210 3845 σειιβειιτο
1237 3805 1434 3842 EDITA.

439 3876 661 3934 Sancta
693 3894 758 3933 ac
790 3877 1096 3933 universali
1124 3877 1384 3932 Ecclesia
1409 3875 1704 3932 catholica
1728 3877 1972 3935 salutem

365 3965 568 4022 dicunt
595 3965 696 4021 filii
730 3967 1043 4021 Remorum
1074 3963 1432 4036 metropolis.

439 4055 593 4112 Diva
619 4055 916 4111 memoria
938 4058 1100 4126 patre
1121 4057 1316 4110 nostro
1344 4055 1409 4108 Α.
1445 4071 1641 4111 sensus
1667 4072 1974 4130 corporeos

369 4143 989 4216 relinquente,clarum
1006 4144 1201 4198 lumen
1224 4143 1466 4215 pastoris
1486 4144 1800 4213 amisimus,
1824 4163 1971 4218 pra-

367 4233 441 4288 da
461 4230 714 4287 hostium
737 4231 870 4286 facti
887 4249 1102 4287 sumus.
1121 4233 1316 4304 Itaque
1335 4233 1471 4288 dum
1494 4233 1789 4301 molimur,
1803 4252 1972 4291 cona-

367 4337 502 4376 mur
531 4319 677 4375 tanti
709 4319 811 4375 viri
857 4319 1132 4376 resarcire
1172 4321 1384 4376 ruinas.
1419 4323 1620 4395 Elapsa
1641 4327 1773 4378 sunt
1803 4341 1971 4380 cano-

367 4409 499 4466 nica
532 4413 819 4482 tempora,
851 4408 1074 4464 violata
1108 4413 1241 4465 sunt
1270 4411 1446 4483 leges,
1491 4412 1696 4484 quibus
1737 4417 1968 4469 cavetur

365 4499 584 4556 nullam
597 4499 792 4555 sedem
807 4499 1054 4572 amplius
1065 4499 1303 4574 triginta
1316 4501 1541 4557 dierum
1560 4502 1744 4574 spatio
1767 4519 1968 4558 vacare

364 4588 845 4662 licere.Nuncque
871 4589 1108 4644 tandem
1141 4591 1501 4663 pulsantibus
1541 4591 1733 4646 divina
1771 4593 1865 4646 lux
1907 4608 1966 4646 se

361 4677 650 4752 apparuit,
669 4682 727 4734 et
747 4695 858 4751 quo
871 4695 1248 4751 sequeremur
1273 4679 1542 4746 ostendit,
1564 4679 1800 4752 depulso
1821 4679 1966 4734 anti-

358 4767 594 4835 christo,
629 4767 958 4824 Simoniaca
978 4766 1182 4824 haresi
1211 4768 1508 4823 damnata.
1543 4767 1675 4836 Nos,
1700 4767 1962 4840 inquam,

357 4857 454 4930 qui
481 4857 728 4914 dicimur
766 4857 1016 4930 episcopi
1043 4857 1350 4913 dioeceseos
1388 4858 1704 4912 Remorum
1746 4862 1961 4914 metro-

1997 3612 2044 3671 C
2073 3608 2326 3680 mysticis
2351 3609 2530 3665 abluit
2555 3610 2936 3666 sacramentis
2961 3628 2974 3680 ;
3005 3611 3180 3675 hunc,
3232 3612 3499 3686 inquam,
3543 3613 3684 3671 dici-

2073 3714 2201 3752 mus
2239 3698 2631 3754 Laudunensis
2651 3701 2915 3756 Ecclesia
2940 3700 3144 3768 filium,
3175 3703 3252 3768 et,
3283 3705 3345 3756 ut
3376 3702 3568 3758 verius
3597 3703 3686 3759 fa-

2071 3787 2319 3854 teamur,
2354 3787 2665 3842 Remensis.
2695 3790 2772 3844 Ea
2793 3789 3006 3861 quippe
3032 3789 3228 3845 civitas
3255 3790 3543 3846 Remense
3574 3796 3688 3848 ter-

2071 3875 2361 3942 ritorium,
2395 3877 2694 3932 Remensis
2723 3877 2996 3950 parochia
3027 3881 3114 3933 est
3146 3895 3158 3932 :
3193 3895 3300 3934 nec
3334 3879 3412 3934 sic
3443 3897 3478 3934 a
3510 3881 3682 3937 beato

2073 3964 2336 4036 Remigio
2369 3964 2566 4031 divisa,
2597 3969 2657 4020 ut
2684 3966 2850 4020 fieret
2875 3966 3082 4022 aliena.
3126 3966 3407 4024 Nimirum
3459 3969 3557 4024 ille
3597 3970 3685 4026 vir

2072 4055 2189 4108 Deo
2221 4055 2445 4126 plenus,
2479 4054 2760 4110 unitatem
2782 4059 3081 4128 appetens,
3107 4074 3223 4112 non
3253 4057 3685 4114 scissionemaf-

2071 4141 2310 4208 fectans,
2344 4142 2423 4196 sic
2449 4143 2615 4198 scidit
2637 4147 2698 4198 ut
2727 4145 3045 4199 cohareret
3076 4147 3228 4201 velut
3259 4163 3390 4218 pars
3419 4146 3477 4201 in
3532 4150 3680 4204 toto.

2070 4231 2138 4285 ΕΙ.
2167 4231 2293 4303 quis
2317 4234 2376 4286 et
2401 4235 2648 4303 quantus
2685 4233 2908 4287 futurus
2939 4237 3085 4288 esset
3111 4234 3457 4308 intelligens,
3483 4238 3680 4292 natale

2068 4321 2257 4376 solum
2289 4319 2482 4376 beavit
2521 4322 2826 4376 sacerdotii
2874 4321 3178 4394 dignitate.
3218 4324 3494 4396 Eligimus
3536 4342 3676 4399 ergo

2066 4409 2219 4463 hunc
2264 4409 2625 4480 Arnulphum
2657 4409 2790 4464 hinc
2836 4414 3052 4479 ortum,
3085 4411 3176 4466 hic
3213 4412 3547 4481 educatum,
3589 4414 3678 4470 Si-

2070 4497 2349 4553 moniaca
2383 4499 2662 4554 haereticis
2687 4503 3003 4570 expertem,
3031 4518 3064 4554 a
3089 4500 3340 4557 factione
3372 4504 3678 4575 tyrannica

2066 4590 2381 4654 remotum,
2410 4604 2508 4642 sua
2543 4588 2745 4660 cuique
2777 4588 2973 4644 debita
2995 4589 3130 4660 jura
3159 4590 3528 4658 reddentem,
3548 4610 3680 4648 san-

2066 4675 2349 4730 ctuarium
2374 4676 2474 4731 Dei
2492 4694 2610 4732 non
2635 4677 3033 4748 dissipantem.
3061 4679 3187 4734 Sint
3209 4681 3406 4751 procul
3457 4681 3530 4736 ab
3557 4682 3675 4738 ele-

2066 4765 2256 4820 ctione
2291 4768 2488 4820 nostra
2519 4765 2681 4819 dolus
2711 4769 2933 4823 et.......
2969 4784 3074 4821 nec
3097 4771 3306 4838 putent
3330 4785 3462 4824 eam
3509 4770 3583 4825 ad
3616 4787 3675 4825 se

2063 4854 2354 4924 pertinere
2385 4854 2486 4908 filii
2513 4854 2708 4919 Belial,
2733 4855 2834 4909 filii
2864 4855 3018 4927 pacis
3043 4860 3101 4911 et
3134 4857 3461 4912 concordia
3500 4858 3677 4914 stabi-

355 4947 520 5019 polis,
553 4963 683 5002 cum
716 4947 878 5002 omni
909 4948 1083 5013 clero,
1118 4945 1324 5001 diversi
1356 4945 1576 5002 crdinis
1608 4949 1820 5020 populo
1867 4963 1960 5004 ac-
1982 4944 2034 5002 D
2061 4944 2178 4998 lem
2211 4945 2268 4996 et
2296 4943 2537 4998 solidam
2573 4943 2988 5016 inperpetuum
3018 4945 3672 5015 faciantconﬁrmando,

353 5035 663 5104 clamante,
692 5035 1028 5092 orthodoxis
1051 5035 1284 5106 regibus
1315 5034 1526 5090 nostris
1547 5035 1962 5091 consentienti-

351 5123 477 5192 bus,
520 5124 789 5197 eligimus
827 5124 994 5180 nobis
1048 5123 1108 5178 in
1149 5125 1455 5196 prasulem
1509 5122 1693 5180 virum
1746 5123 1959 5196 pietate

349 5217 749 5284 prastantem,
780 5213 893 5268 fide
925 5211 1576 5284 insignem,constantia
1607 5212 1954 5281 mirabilem,

348 5301 408 5356 in
439 5301 688 5356 consiliis
704 5299 1030 5373 providum,
1045 5301 1214 5357 rebus
1229 5301 1498 5372 gerendis
1515 5304 1734 5374 aptum.
1752 5303 1812 5354 In
1841 5319 1956 5372 quo

345 5391 437 5444 ha
468 5389 725 5456 virtutes,
757 5406 885 5461 qua
915 5388 992 5444 sic
1037 5391 1187 5446 clare
1239 5392 1518 5457 relucent,
1567 5389 1778 5445 indicio
1823 5393 1956 5445 sunt

345 5480 584 5532 cateras
599 5477 795 5534 abesse
814 5494 929 5533 non
951 5495 1135 5550 posse.
1159 5479 1522 5550 Arnulphum
1545 5478 1786 5533 dicimus
1804 5477 1954 5548 regis

350 5565 824 5620 Lothariifilium.
850 5566 1030 5632 Quem
1052 5567 1156 5622 etsi
1187 5568 1334 5620 altus
1358 5567 1593 5638 sanguis
1635 5567 1770 5621 vitio
1807 5569 1954 5620 tem-

343 5653 506 5727 poris
533 5655 637 5710 sub
658 5655 1029 5711 anathemate
1051 5655 1266 5726 positus
1291 5655 1484 5728 aliquo
1507 5656 1706 5712 infecit
1748 5658 1946 5710 conta-

339 5741 472 5816 gio;
515 5744 614 5800 sed
644 5747 841 5803 tamen
895 5744 1048 5802 hunc
1105 5745 1294 5802 mater
1345 5743 1592 5802 Ecclesia
1635 5741 1943 5818 puriﬁcans

2063 5029 2514 5097 corroborando,
2547 5031 2980 5090 subscribendo.

2559 5119 2893 5176 EPISTULA
2946 5121 3166 5178 CLXIII.

2203 5225 2272 5263 EX
2301 5225 2556 5266 PERSONA
2585 5227 2880 5266 ARNULPHI
2912 5227 3197 5268 REMENSIS
3239 5229 3524 5271 ειηεεοιη.

2131 5297 2244 5352 Etsi
2276 5297 2463 5353 adhuc
2495 5316 2684 5370 neque
2713 5299 2769 5354 in
2796 5300 3314 5374 republica,neque
3341 5301 3398 5356 in
3422 5305 3666 5375 privata,

2059 5386 2214 5440 nulla
2247 5387 2452 5443 merita
2484 5388 2652 5442 nobis
2675 5388 2809 5456 sint,
2841 5389 2928 5442 his
2949 5392 3145 5444 tamen
3170 5390 3398 5445 animus
3421 5392 3666 5448 minime

2056 5475 2235 5556 deest,
2259 5477 2669 5549 specialiusque
2695 5477 3130 5550 quodammodo
3154 5479 3571 5536 inardescimus
3593 5482 3664 5538 ad

2053 5567 2480 5638 comparandos
2502 5585 2564 5623 ac
2595 5567 2933 5622 retinendos
2963 5571 3180 5622 vestros
3201 5568 3456 5625 affectus.
3493 5571 3576 5627 Ob
3603 5571 3661 5626 id

2051 5654 2244 5727 itaque
2271 5656 2588 5711 Gcrardum
2618 5656 2925 5728 antiquum
2959 5656 3205 5711 militem
3238 5660 3491 5713 vestrum
3539 5659 3652 5714 vim

2048 5743 2427 5814 inferentem,
2459 5762 2544 5840 ac.
2546 5743 2891 5801 beneficium
2923 5745 3100 5802 nostri
3134 5745 3316 5801 fidelis
3363 5746 3648 5805 Gucnirici
