3918 6230
179 494 277 569 ὶιδ

1152 504 1393 571 SECTlO
1420 507 1464 568 I.
1495 539 1564 555 -
1593 505 1774 568 ANTE
1801 500 2089 570 senium
2119 509 2641 577 PONTIFICATUM.

3455 518 3562 584 246
3623 531 3626 536 '

210 631 644 712 pervadentem
660 640 1550 715 patientiaferimus,utqueeum
1568 639 1858 713 quiescere
1877 636 1932 696 Α
1961 634 2035 690 lis
2059 652 2260 695 eorum
2291 639 2584 695 beneﬂciis
2613 639 2874 713 quamvis
2898 640 3229 714 ingentibus
3249 641 3454 700 oblatis
3481 645 3568 701 in-

218 727 452 802 jubeatis
491 745 789 786 oramus.
823 733 896 787 Et
919 732 965 787 si
987 731 1135 788 forte
1159 729 1618 795 dissimulaverit,
1642 731 1862 784 utrum-

233 836 329 896 que
353 818 746 876 monitorem
767 820 1188 893 experiatursui
1207 819 1590 891 justissimum
1612 818 1859 873 hostem.

749 937 1093 993 EPISTOLA
1145 935 1360 991 CLXIV.

303 1045 352 1082 ε.
379 1041 690 1082 EPISCOPO
719 1041 1079 1080 TREVERENSI
1116 1041 1187 1079 EX
1222 1038 1483 1078 PERSONA
1513 1039 1786 1078 EIUSDEM.

308 1116 507 1172 Sciens
538 1113 1042 1179 benevolentiam,
1091 1114 1178 1168 vel
1235 1112 1424 1184 potius
1475 1111 1749 1185 pietatem
1776 1127 1864 1166 ve-

245 1209 442 1271 stram,
467 1220 589 1276 qua
619 1220 856 1274 semper
879 1203 963 1257 usi
1005 1203 1138 1257 estis
1176 1201 1326 1256 circa
1371 1201 1554 1255 beatas
1602 1199 1864 1254 recorda-

243 1295 418 1352 tionis
448 1293 951 1365 praedecessorem
996 1307 1216 1357 meum,
1245 1289 1564 1345 feliciorem
1591 1306 1686 1344 me
1703 1289 1863 1360 judi-

241 1401 325 1451 co,
358 1383 406 1438 si
440 1398 581 1437 eam
612 1381 695 1436 sic
721 1380 936 1452 accipio
969 1379 1050 1434 uti
1088 1382 1383 1451 acceptam
1421 1378 1706 1433 terminus
1733 1395 1858 1432 nes-

239 1474 372 1528 ciat.
410 1473 619 1543 Itaque
651 1486 718 1524 ex
752 1468 1068 1523 abundanti
1113 1468 1392 1522 charitate
1432 1484 1465 1521 a
1502 1467 1664 1522 vobis
1709 1467 1858 1520 facto

231 1559 530 1634 principio
559 1557 1017 1629 congaudemus,
1052 1572 1119 1610 ac
1170 1558 1371 1609 mutua
1411 1553 1718 1608 dilectione
1749 1552 1861 1607 frui

232 1646 726 1704 indissolubiliter
757 1647 1043 1716 optamus.
1091 1645 1159 1698 Et
1205 1643 1339 1715 quia
1382 1645 1658 1697 tumultus
1707 1641 1865 1696 dissi-

233 1736 507 1792 dentium
546 1751 890 1807 regnorum,
923 1750 987 1788 ac
1032 1732 1254 1788 novitas
1301 1734 1514 1786 nostras
1547 1729 1862 1786 ordinatio-

233 1827 322 1881 nis
353 1825 686 1880 decernere
713 1840 778 1878 ac
810 1822 1108 1894 perficere,
1136 1820 1233 1894 qui
1252 1820 1515 1876 animose
1538 1820 1865 1891 impediunt

231 1918 476 1969 actuum
504 1915 842 1967 nostrorum
874 1909 1296 1976 moderamina,
1330 1907 1698 1964 consolidataa
1729 1923 1863 1980 pru-

231 2002 452 2058 dentiae
485 2004 701 2055 vestras
733 1999 1068 2070 delegamus
1095 2015 1108 2052 :
1142 1999 1313 2054 simul
1348 2015 1580 2071 quoque
1631 2013 1863 2052 oramus

233 2090 280 2145 si
305 2090 438 2144 ﬁeri
467 2092 666 2161 potest
684 2087 922 2142 definite
940 2085 1250 2158 praescribi,
1277 2085 1371 2140 ubi
1400 2089 1457 2140 et
1486 2085 1716 2158 quando
1735 2088 1865 2156 post

231 2178 503 2233 reditum
560 2179 816 2231 vestrum
862 2193 897 2230 a
943 2174 1153 2247 palatio
1205 2175 1514 2229 convenire
1557 2174 1860 2245 possimus,

228 2265 541 2337 simusque
569 2265 644 2319 ad
668 2280 922 2336 praesens
946 2263 1106 2329 certi,
1125 2262 1170 2317 si
1190 2262 1328 2335 quid
1360 2280 1555 2317 rerum
1579 2278 1858 2318 novarum

231 2353 583 2419 didiceritis,
618 2356 745 2423 post
793 2351 1014 2423 plenius
1065 2351 1388 2406 instruendi
1433 2352 1586 2422 quod
1632 2350 1860 2423 planius

228 2442 622 2516 pernoscetis.
650 2442 920 2513 Magnum
953 2443 1368 2513 argumentum
1400 2443 1485 2495 est
1527 2439 1585 2494 in
1617 2439 1855 2495 sanctis-

230 2531 381 2587 sima
408 2529 694 2590 amicitia.
727 2546 792 2584 ac
825 2530 995 2584 firma
1033 2529 1304 2585 societate
1346 2545 1450 2584 nos
1477 2529 1537 2582 in
1568 2531 1854 2584 internum

230 2636 570 2686 mansuros,
605 2635 739 2673 cum
760 2617 981 2672 eisdem
1013 2621 1244 2672 utamur
1285 2617 1612 2672 auctoribus
1652 2617 1856 2689 quibus

229 2709 388 2778 apud
439 2707 936 2782 praedecessorem
991 2722 1189 2760 meum
1235 2705 1304 2760 'in
1351 2705 1468 2760 otio
1515 2707 1572 2760 et
1619 2705 1852 2778 negotio

229 2813 472 2870 semper
504 2795 591 2852 usi
623 2795 756 2851 estis
787 2793 1219 2864 interpretibus.

765 2909 1100 2966 EPISTOLA
1140 2909 1331 2966 CLXV.

301 3001 634 3057 Plurimum
666 2999 931 3071 intelligo
971 3014 1068 3053 vos
1088 2998 1415 3070 intelligere
1446 3002 1640 3054 motus
1669 2998 1847 3054 animi

226 3091 575 3163 mei,eoque
599 3089 846 3160 amplius
881 3104 979 3142 vos
1009 3092 1272 3142 accurate
1291 3088 1490 3160 diligo,
1512 3091 1568 3143 et
1593 3091 1845 3161 amplec-

225 3181 342 3235 tor.
383 3179 686 3234 Recordor
719 3177 934 3250 quippe
968 3175 1384 3231 honestissimae
1412 3178 1843 3244 admonitionis,

1965 726 2142 782 ﬂexus
2167 745 2314 782 sum.
2349 727 2654 803 Quousque
2679 747 2816 802 ergo
2848 731 2904 786 id
2923 748 3106 803 genus
3131 731 3396 787 amicitia!
3409 749 3571 790 exer-

1963 814 2144 869 cebo?
2166 815 2474 884 Consulite,
2505 834 2570 872 ac
2599 819 2868 874 solatium
2901 819 3241 892 imploranti
3293 822 3571 892 prmbetc,

1964 903 2070 958 etsi
2127 921 2246 960 non
2291 906 2365 961 ob
2421 923 2552 962 mea
2599 907 2826 974 merita,
2863 909 2963 963 sed
3005 913 3202 964 tamen
3245 913 3302 965 et
3333 913 3574 984 propter

1963 996 2152 1048 vestra
2180 1009 2318 1066 erga
2349 1010 2552 1050 omnes
2581 1012 2812 1067 semper
2839 997 3071 1052 laudata
3103 998 3404 1054 beneﬁcia.

2454 1084 2790 1140 EPISTOLA
2838 1086 3078 1140 CLXVII.

2038 1172 2391 1243 Conceptam
2415 1174 2675 1228 laetitiam
2705 1174 2950 1229 Romani
2974 1175 3217 1243 itineris,
3245 1195 3358 1250 quo
3385 1182 3570 1235 vester

1964 1262 2272 1318 comitatus
2301 1280 2367 1317 ac
2387 1263 2640 1319 domine:
2665 1264 3031 1335 Theophane
3049 1283 3279 1338 semper
3297 1269 3567 1340 Augustas

1959 1350 2220 1405 futurum
2270 1351 2585 1422 alloquium
2640 1352 2986 1424 ampliorem
3045 1353 3281 1417 fecerat,
3325 1357 3570 1413 senioris

1961 1439 2077 1494 mei
2102 1439 2412 1510 prohibitio
2460 1441 2785 1495 conturbat.
2831 1440 2991 1496 Vices
3031 1459 3172 1515 ergo
3230 1461 3388 1499 meas
3416 1447 3570 1502 velut

1963 1527 2179 1582 amicus
2229 1528 2399 1582 amici
2434 1528 2715 1584 obtinete.
2766 1530 2836 1584 Et
2869 1533 2930 1586 ut
2975 1531 3212 1604 pallium
3257 1550 3291 1586 a
3328 1534 3567 1590 domino

1963 1632 2112 1688 papa
2141 1633 2246 1687 per
2291 1634 2391 1671 vos
2447 1633 2890 1689 consequamur,
2937 1623 2994 1674 et
3036 1620 3282 1691 gratiam
3315 1622 3569 1679 dominas

1964 1709 2174 1760 nostra:
2203 1721 2306 1775 per
2335 1721 2432 1759 vos
2479 1709 2726 1777 coeptam
2774 1707 3149 1762 retineamus.
3203 1709 3374 1780 Cujus
3403 1711 3568 1766 obse-

1965 1792 2121 1864 quio,
2149 1794 2264 1847 Deo
2295 1796 2612 1861 annuente,
2660 1793 2718 1848 in
2757 1795 2978 1850 Pascha
3010 1797 3245 1864 erimus,
3281 1815 3385 1852 nec
3415 1798 3569 1870 quis-

1965 1893 2140 1949 quam
2171 1880 2280 1934 erit
2309 1881 2406 1952 qui
2437 1898 2534 1936 vos
2565 1883 2636 1937 ab
2676 1883 2798 1952 ejus
2833 1900 2899 1938 ac
2929 1884 3029 1938 ﬁlii
3060 1885 3144 1940 sui
3190 1885 3467 1941 fidelitate
3505 1903 3570 1942 ac

1891 1994 1943 2053 Β
1967 1966 2196 2023 servitio
2228 1969 2535 2041 prohibere
2567 1971 2762 2042 possit.

2441 2058 2777 2113 EPISTOLA
2817 2059 3084 2115 CLXVIII.

2177 2161 2252 2199 AD
2280 2161 2618 2201 RAINARDUM
2650 2164 2981 2203 MONACHUM
3015 2165 3353 2204 Βοειεκειεκ.

2035 2232 2281 2297 Quidam
2315 2235 2639 2302 Tetbaldus,
2673 2239 2736 2289 ut
2784 2235 2902 2308 ipse
2959 2237 3202 2300 ferebat,
3252 2240 3570 2297 monachus

1962 2323 2274 2392 Bobiensis,
2302 2326 2595 2398 praeterita
2615 2329 2832 2394 aestate,
2855 2327 2928 2392 ad
2947 2343 3051 2381 nos
3069 2327 3244 2390 venit,
3267 2344 3372 2399 per
3392 2345 3568 2400 quem

1959 2417 2156 2469 nostra
2176 2415 2388 2487 scripta
2400 2415 2501 2471 tibi
2523 2415 2856 2479 direximus,
2876 2417 3081 2487 quibus
3102 2421 3212 2472 tuas
3231 2419 3434 2473 litterae
3449 2435 3567 2474 non

1961 2503 2095 2558 satis
2125 2505 2498 2576 respondent.
2543 2506 2739 2576 Itaque
2773 2510 2830 2559 et
2875 2508 3174 2578 exemplar
3213 2506 3420 2579 prioris
3452 2507 3570 2579 epi-

1959 2594 2118 2647 stola:
2144 2593 2514 2660 remittimus,
2543 2597 2601 2648 et
2624 2598 2738 2649 tuas
2771 2594 3158 2665 petitionihoc
3173 2596 3348 2651 modo
3362 2612 3566 2652 consu-

1954 2680 2150 2735 limus.
2184 2681 2240 2736 Si
2272 2681 2375 2735 sub
2399 2683 2599 2753 regula
2644 2683 2820 2756 patris
2853 2683 3152 2739 Benedicti
3183 2700 3249 2739 ac
3288 2684 3568 2757 spirituali

1957 2769 2166 2824 abbate
2213 2769 2318 2824 tibi
2365 2770 2614 2826 militare
2648 2772 2896 2828 delectat
2925 2772 2982 2828 in
3033 2771 3145 2828 alio
3186 2775 3565 2842 monasterio,

1956 2874 2089 2912 mea
2112 2858 2345 2912 licentia
2373 2863 2555 2922 utere,
2601 2877 2706 2915 nec
2737 2862 2891 2916 obsit
2938 2861 3039 2916 tibi
3083 2863 3356 2917 transitus
3397 2880 3568 2919 causa

1951 2947 2268 3018 religionis,
2293 2951 2350 3002 et
2381 2949 2626 3019 imperio
2657 2949 2878 3006 abbatis
2909 2951 2990 3004 tui
3033 2951 3238 3005 factus.
3273 2951 3562 3007 Caeterum

1951 3035 2008 3090 in
2041 3035 2232 3091 dando
2261 3039 2320 3091 et
2359 3038 2692 3110 accipiendo
2725 3039 2888 3094 frena
2935 3039 3181 3095 licentiae
3227 3042 3552 3097 relaxamus

1951 3125 2187 3194 partim,
2221 3125 2434 3196 partim
2474 3128 2920 3200 restringimus:
2957 3130 3068 3183 hoc
3106 3130 3281 3184 modo
3329 3133 3553 3185 servata

1949 3213 2316 3281 discretione,
2350 3218 2412 3269 ut
2442 3217 2596 3288 quod
2617 3217 2748 3286 jure
2766 3222 2822 3272 et
2850 3217 2973 3272 sine
2998 3217 3314 3273 offensione
3341 3214 3556 3273 divina-

227 3285 346 3378 (ἷξε
372 3285 470 3322 me
492 3265 1842 3378 5§Ei§_djgf_coT_Eu:ljgljﬁfl‘:°_rgTE§T_p231:
1869 3279 1918 3339 α
1945 3319 2076 3356 rum
2104 3265 2316 3374 legum,
2331 3265 2588 3359 dandum
2615 3265 2683 3359 ac
2711 3305 3108 3378 recipiendum
3131 3307 3351 3373 est,des
3375 3323 3442 3362 ac
3463 3324 3554 3362 re-

226 3355 426 3429 cipum
459 3355 859 3428 suspendistis,
901 3354 1040 3427 quid
1069 3354 1287 3410 velletis
1316 3354 1695 3429 significastis.
1731 3357 1842 3413 Oro

226 3462 371 3518 ergo
389 3462 498 3518 per
525 3443 855 3499 venerabile
876 3459 1096 3498 nomen
1113 3442 1292 3514 patris
1310 3443 1445 3510 mei,
1461 3446 1519 3498 et
1542 3461 1646 3516 per
1662 3443 1840 3502 invio-

222 3535 412 3590 latam
427 3534 630 3600 ﬁdem,
647 3550 762 3606 qua
783 3550 842 3588 se
866 3549 1113 3604 suosque
1125 3549 1245 3587 sem
1255 3549 1356 3605 per
1381 3533 1550 3600 colui,
1568 3551 1640 3589 ne
1665 3551 1841 3606 cogar

221 3641 435 3680 eorum
449 3623 757 3679 hominum
772 3621 1020 3678 oblivisci
1034 3639 1178 3694 quos
1196 3622 1270 3678 ob
1287 3622 1683 3693 ejusamorem
1697 3623 1841 3679 meis

218 3712 564 3769 commodis
582 3711 862 3783 neglectis
880 3710 1168 3782 praecipue
1188 3728 1307 3766 sem
1317 3727 1417 3781 per
1434 3711 1624 3766 dilexi.
1652 3714 1843 3768 Domi-

220 3819 322 3858 na:
341 3817 492 3856 mea:
510 3800 880 3872 Theophane
893 3803 1116 3855 servata
1131 3799 1274 3854 fides
1299 3798 1448 3854 circa
1474 3817 1533 3855 se
1558 3818 1841 3874 suumque

215 3891 439 3957 ﬁlium,
473 3907 548 3945 ne
578 3889 730 3944 sinat
755 3904 851 3944 me
880 3888 1003 3943 fore
1033 3888 1282 3960 gloriam
1302 3905 1538 3944 suorum
1565 3889 1841 3960 hostium,

217 3997 375 4052 quos
400 3980 643 4049 propter
662 3994 743 4044 se,
767 3975 812 4032 si
839 3976 1072 4048 quando
1107 3976 1278 4043 valui,
1308 3976 1516 4032 abduxi
1538 3977 1597 4032 in
1631 3995 1840 4051 eppro-

219 4070 426 4126 brium
459 4071 518 4123 et
562 4071 983 4138 contemptum.
1021 4068 1234 4122 lterum
1259 4066 1321 4121 in
1366 4084 1676 4122 commune
1719 4085 1843 4136 oro,

218 4162 283 4213 et
311 4158 558 4214 obsecro
612 4174 686 4212 ne
736 4157 858 4227 ejus
905 4155 1065 4210 vobis
1116 4155 1415 4226 displiceat
1445 4156 1704 4224 servitus,
1756 4157 1845 4214 cui

216 4249 485 4302 vestrum
520 4244 860 4316 imperium,
891 4245 1101 4310 honor,
1134 4243 1702 4315 potestas,hactenus
1723 4247 1844 4317 pla-

215 4337 494 4390 cuerunt.
525 4333 714 4388 Facite
747 4335 935 4387 vestra
962 4331 1307 4388 liberalitate
1340 4349 1414 4387 ne
1458 4333 1718 4389 absentia
1747 4335 1847 4390 ho-

217 4422 492 4490 nestatis,
523 4420 662 4493 fuga
691 4421 1048 4491 optimarum
1081 4421 1316 4488 artium,
1351 4421 1569 4476 efﬁciar
1597 4426 1848 4478 sectator

1944 3390 2258 3462 cipias.Nec
2269 3395 2433 3462 putes
2445 3393 2518 3447 ad
2533 3408 2726 3447 meam
2741 3393 3028 3449 licentiam
3045 3394 3556 3468 pertinere,siquid

1943 3483 2192 3550 tyranno
2214 3483 2308 3534 aut
2341 3480 2416 3534 im
2425 3481 2518 3553 pio
2541 3484 2745 3552 sponte
2763 3481 3049 3550 tribueris,
3081 3485 3167 3538 vel
3190 3485 3261 3538 ab
3287 3484 3368 3538 eis
3389 3501 3556 3540 acce-

1940 3582 2114 3640 peris.

2455 3656 2790 3712 EPISTOLA
2837 3658 3050 3712 CLXIX.

2123 3750 2197 3788 AD
2229 3751 2519 3791 REMIGIUN
2559 3752 2894 3792 MONACHUM
2927 3753 3363 3793 TREVIRENSEM.

2019 3823 2222 3880 Petitio
2281 3828 2400 3892 tua,
2455 3825 2780 3881 dulcissime
2817 3827 3016 3893 frater,
3065 3826 3234 3882 toties
3278 3827 3550 3899 repetita,

1947 3913 2153 3986 quibus
2173 3915 2466 3986 jactemur
2507 3915 2772 3970 ﬂuctibus
2825 3915 2960 3970 satis
3015 3915 3287 3971 ostendit.
3340 3915 3551 3986 Nescis,

1947 4002 2128 4058 nescis
2159 4021 2286 4075 quas
2321 4004 2623 4075 naufragia
2650 4005 3077 4076 pertulerimus,
3107 4009 3410 4077 postquam
3445 4008 3552 4061 ate

1947 4093 2189 4165 digressi
2219 4111 2434 4149 sumus.
2462 4093 2814 4150 Gravissimis
2840 4095 3053 4168 quippe
3082 4095 3376 4152 laboribus
3400 4097 3551 4152 (esti-
3659 4117 3666 4124 ·

1947 4182 2029 4237 vis
2057 4186 2118 4237 et
2149 4181 2436 4238 continuis
2490 4200 2590 4239 eos
2639 4183 3032 4240 contraximus
3078 4185 3314 4240 morbos
3347 4185 3552 4258 quibus

1949 4271 2222 4343 pestilens
2251 4275 2564 4326 autumnus
2594 4289 2742 4344 pene
2786 4272 2963 4328 vitam
3003 4274 3259 4331 extorsit.
3305 4275 3555 4330 Accessit

1949 4359 2023 4414 ad
2051 4360 2173 4414 hec
2203 4360 2454 4416 violenta
2483 4360 2736 4429 fortuna,
2771 4365 2975 4417 cuncta
3021 4380 3149 4434 quae
3193 4363 3433 4420 dederat
3458 4381 3551 4419 re-

1949 4452 2154 4519 petens
2182 4465 2286 4520 per
2310 4466 2409 4504 eos
2433 4450 2741 4521 prasdones
2771 4451 2869 4522 qui
2887 4452 3092 4507 urbem
3125 4453 3441 4508 Remorum
3459 4454 3555 4508 dc-

217 4511 515 4577 Catilinaa,
567 4510 663 4583 qui
726 4510 784 4564 in
842 4509 960 4564 otio
1011 4512 1070 4564 et
1135 4509 1370 4580 negotio
1419 4515 1871 4585 praeceptorum,

1962 4509 2205 4609 populati
2231 4543 2383 4592 sunt.
2413 4509 2573 4593 i‘iunc
2594 4509 2916 4594 amicorum
2945 4539 3334 4612 captivitatem
3374 4541 3552 4597 deﬂe-

213 4600 396 4656 Marci
416 4599 586 4655 Tullii
614 4598 860 4670 diligens
881 4597 961 4653 fui
989 4601 1306 4654 exsecutor.

744 4705 1081 4759 EPISTULA
1120 4705 1340 4760 CLXVI.

297 4795 426 4849 Non
457 4793 711 4848 alienum
745 4795 833 4847 est
852 4809 886 4846 a
907 4796 1092 4847 vestra
1117 4793 1504 4861 humanitate,
1527 4797 1586 4848 et
1606 4811 1640 4848 a
1658 4811 1845 4850 sacro-

213 4887 427 4939 sancto
438 4881 784 4949 sacerdotio,
801 4882 1192 4953 quaerentibus
1208 4882 1513 4937 consilium
1534 4883 1842 4938 consilium

219 4972 382 5027 dare.
408 4971 556 5026 Nulli
581 4971 916 5026 mortalium
944 4971 1256 5044 aliquando
1275 4972 1687 5044 jusjurandum
1703 4990 1844 5045 prte-

229 5059 341 5129 bui,
377 5061 488 5116 nisi
519 5061 585 5116 D.
615 5061 684 5115 Μ.
719 5059 952 5115 Othoni.
984 5060 1047 5114 Id
1067 5059 1138 5114 ad
1167 5059 1472 5117 dominam
1499 5078 1714 5117 meam.
1737 5062 1838 5117 Th.

230 5165 285 5204 ac
312 5151 502 5205 filium
527 5150 650 5220 eius
679 5148 811 5206 0th.
861 5150 1006 5218 Aug.
1054 5164 1426 5220 permanasse
1476 5153 1634 5205 ratus
1663 5169 1787 5206 sum
1822 5170 1841 5219 ;

231 5239 438 5310 quippe
470 5255 602 5294 cum
632 5237 693 5292 in
723 5237 905 5292 tribus
934 5254 1116 5292 unum
1148 5237 1384 5310 quidem
1403 5240 1839 5312 quodammodo

229 5324 634 5384 intellexerim.
681 5326 991 5398 Quousque
1037 5343 1178 5400 ergo
1206 5327 1355 5382 hanc
1395 5328 1572 5384 ﬁdem
1607 5347 1842 5386 servan-

230 5415 360 5472 dam
393 5417 638 5473 censetis
669 5416 697 5471 ‘?
729 5414 867 5470 Dico
913 5415 1182 5487 equidem
1214 5417 1369 5488 quod
1411 5416 1685 5488 spoliatus
1720 5437 1840 5474 am-

227 5505 492 5574 plissimis
519 5507 695 5562 rebus
740 5503 1030 5576 imperiali
1062 5504 1216 5561 dono
1247 5507 1494 5569 collatis,
1527 5509 1842 5578 apostolica

224 5592 628 5654 benedictione
659 5593 1045 5661 conﬁrmatis,
1071 5611 1174 5648 nec
1196 5612 1312 5650 una
1326 5596 1532 5651 saltem
1562 5597 1753 5652 villula
1770 5599 1867 5653 ob'

224 5684 398 5743 fidem
423 5688 724 5744 retentata
754 5684 842 5739 vel
871 5683 1238 5740 retinendam
1266 5684 1513 5740 donatus
1543 5703 1689 5742 sum.
1712 5686 1846 5742 Dico

222 5774 378 5851 quod
403 5776 560 5837 inter
585 5771 966 5851 gravissimos
990 5773 1182 5830 hostes
1213 5777 1432 5831 vestros
1461 5774 1701 5849 positus,
1730 5776 1851 5834 nul-

1949 4643 2098 4692 mus,
2127 4630 2183 4680 et
2209 4643 2281 4680 an
2304 4626 2467 4681 sedes
2498 4626 2662 4682 nobis
2693 4627 2806 4682 sint
2854 4630 3256 4698 permutandae
3289 4630 3553 4702 pervigili

1947 4732 2084 4770 cura
2109 4715 2515 4771 deliberamus.
2553 4717 2630 4771 Eo
2673 4715 2729 4770 in
2759 4717 2934 4784 luctu,
2977 4734 3161 4790 eoque
3208 4719 3270 4774 in
3300 4735 3552 4774 mmrore

1947 4809 2144 4861 nostra
2172 4806 2358 4878 patria
2386 4809 2490 4860 est.
2516 4805 2712 4861 Timor
2744 4810 2802 4861 et
2833 4811 3054 4862 tremor
3085 4823 3280 4862 muros
3313 4806 3554 4861 circum-

1947 4896 2106 4964 dant,
2136 4895 2332 4966 inopia
2357 4895 2501 4950 cives
2529 4896 2760 4966 premit.
2791 4895 2986 4950 Clerus
3013 4896 3306 4965 utriusque
3333 4893 3553 4948 ordinis

1945 4991 2186 5058 propter
2214 4985 2467 5040 futuram
2507 4985 2831 5039 vastitatem
2878 4983 3146 5055 ingemit.
3193 4983 3342 5052 Ergo
3370 4980 3443 5034 sit
3472 4981 3556 5035 tui

1945 5075 2203 5130 muneris
2232 5091 2441 5130 manus
2469 5075 2660 5128 levare
2693 5073 2765 5128 ad
2803 5072 3275 5140 Omnipotentem
3308 5085 3412 5141 pro
3455 5087 3555 5125 no-

1945 5164 2051 5220 bis.
2083 5163 2218 5218 Etsi
2250 5162 2528 5219 Divinitas
2561 5177 2793 5234 poenam
2825 5157 3174 5213 alleviaverit
3203 5157 3422 5229 peccati
3448 5159 3558 5214 eri-

1949 5270 2075 5308 mus
2105 5268 2222 5308 non
2247 5252 2626 5306 immemores
2654 5247 2736 5301 tui
2767 5263 2870 5318 per
2895 5246 3094 5301 omnia
3120 5246 3410 5303 beneﬁcii.

2469 5335 2804 5392 EPISTOLA
2826 5335 3014 5390 CLXX.

2403 5433 2744 5472 GERBERTUS
2774 5433 2911 5472 RAIM
2921 5433 2996 5472 UN
3006 5433 3102 5475 ΒΟ.

2015 5511 2218 5565 Nostro
2244 5504 2706 5564 reverentissimo
2730 5505 2878 5578 patri
2913 5507 3204 5561 RAiuUNno
3235 5506 3329 5562 du.
3361 5507 3563 5568 Filius.

2020 5599 2143 5663 Quo
2173 5597 2233 5652 in
2264 5600 2433 5669 portu
2463 5610 2635 5666 agam
2665 5594 2858 5649 navim
2899 5595 3292 5667 gubernatore
3323 5596 3560 5660 amisso,

1951 5687 2096 5743 scire
2121 5701 2238 5752 vos,
2272 5683 2597 5740 dulcissime
2624 5687 2815 5751 Pater,
2846 5689 2904 5740 et
2936 5683 3180 5757 quinam
3207 5683 3278 5738 sit
3307 5687 3488 5739 status
3506 5684 3565 5738 in

1960 5776 2310 5835 Francorum
2344 5775 2411 5830 Β.
2445 5788 2501 5848 p.
2527 5773 2890 5848 [republica].
2925 5775 3041 5848 Ego
3075 5790 3206 5830 cum
3243 5771 3567 5830 statuissem
