3918 6230
416 502 524 567 2&7
1059 493 1414 562 SILVESTRI
1447 498 1496 568 II
1531 494 1732 569 ΡΔΡΕ
1769 498 1926 561 OPP.
1964 495 2048 567 PA

2181 500 2275 562 III.
2315 529 2388 554 ς·-
2421 500 2638 565 ΕΡῘὸΤ.
2677 498 2764 564 ΕΓ
2798 499 3078 562 DIPLOM.
3617 496 3734 568 ΜΘ

415 653 537 704 non
594 633 890 694 discedere
941 653 978 694 a
1024 636 1290 694 clientela
1341 638 1398 692 et
1425 634 1659 693 consilio
1679 631 1858 706 patris
1886 628 2004 688 mei
2025 630 2082 694 Α
2124 633 2301 692 etiam
2327 649 2395 691 ex
2424 633 2796 692 anathemate
2819 632 2879 690 in
2903 633 3210 708 praedones
3241 631 3544 693 Remensis
3569 632 3740 695 urbis

417 734 575 796 beati
602 733 735 801 Ad.,
757 733 998 805 repente
1023 729 1100 786 sic
1127 746 1196 786 eo
1226 728 1473 801 privatus
1512 742 1663 792 sum,
1695 727 1759 780 ut
1797 739 1892 778 me
1917 739 2013 778 su-
2118 726 2242 798 jam
2269 726 2661 797 promulgato.
2695 725 2866 797 Cujus
2893 727 3190 799 exemplar
3215 725 3378 782 vobis
3419 725 3737 794 mittimus,

415 841 648 900 peresse
701 836 1156 896 expavescerem.
1217 819 1438 890 Quippe
1494 832 1624 870 cum
1656 817 1802 870 esset
1848 810 2018 867 nobis

2157 819 2270 870 tex
2316 831 2384 870 eo
2421 817 2782 886 pernoscatis
2805 817 2966 888 cujus
2996 815 3180 872 animi
3211 815 3412 883 simus,
3438 815 3741 890 simulque

415 935 518 974 cor
537 931 715 972 unum
749 917 806 970 et
832 913 1030 970 anima
1063 928 1198 978 una,
1229 925 1337 965 nec
1365 909 1557 964 hostes
1587 905 1711 976 ejus
1743 920 1878 959 eum
1909 918 2016 974 pu-
2116 920 2223 960 nos
2248 903 2472 973 majora
2503 920 2893 976 aggressuros,
2918 922 3045 978 quae
3075 921 3177 959 suo
3205 905 3740 976 temporireserva-

420 1009 615 1062 tarent
644 1003 1009 1068 translatum,
1031 1017 1161 1056 cum
1199 1015 1294 1054 me
1315 1011 1613 1069 superesse
1638 993 2019 1058 viderent,me
2119 1010 2267 1049 mus.
2303 993 2512 1049 Omnia
2540 994 2696 1050 enim
2727 997 2956 1068 tempus
2984 994 3222 1049 habent.
3254 992 3510 1050 Dicimus
3531 997 3741 1051 tacen-

435 1097 510 1151 ad
539 1093 815 1149 invidiam
839 1090 1023 1147 Caroli
1055 1093 1312 1144 nostram
1332 1084 1582 1157 patriam
1616 1085 1750 1136 tunc
1784 1083 1840 1134 et
1869 1093 2020 1133 nunc
2122 1083 2214 1150 da,
2243 1086 2500 1140 tacemus
2530 1081 2792 1138 dicenda.
2825 1083 3065 1155 Agimus
3087 1081 3244 1154 quod
3276 1082 3743 1154 nolumus,quod

433 1183 691 1240 vexanti:
747 1180 926 1252 digito
964 1178 1266 1244 notabant,
1310 1174 1407 1246 qui
1459 1188 1623 1244 reges
1665 1170 2022 1241 deponerem
2120 1173 2384 1228 volumus
2404 1171 2732 1242 nequimus.
2767 1175 2849 1226 lta
2874 1170 3417 1242 suntomniaplena
3435 1171 3747 1243 perturba.

435 1286 716 1346 regesque
743 1270 1095 1327 ordinarem.
1128 1267 1197 1320 Et
1223 1264 1320 1337 qui
1347 1264 1411 1318 Β.
1445 1280 1501 1334 p.
1522 1259 2020 1334 permistuseram,
2123 1260 2316 1327 tionis,
2340 1275 2406 1314 ac
2429 1258 2618 1332 potius
2637 1258 2991 1314 confusionis
3021 1273 3038 1317 :
3074 1274 3180 1313 nec
3220 1274 3280 1314 se
3326 1257 3414 1314 sic
3457 1257 3747 1330 ingerunt

431 1345 562 1419 cum
580 1362 647 1416 Β.
665 1377 722 1433 p.
747 1356 1296 1431 periclitabar,velut
1316 1354 1374 1408 in
1391 1351 1777 1424 perditionem
1811 1349 2023 1402 nostra;
2123 1347 2466 1422 expetenda,
2484 1347 2982 1420 quemadmodum
2999 1345 3326 1402 devitanda.
3350 1346 3493 1402 Nam
3517 1346 3565 1400 si
3583 1347 3749 1402 obla-

437 1445 1232 1524 urbisparspraedaamaxima
1249 1443 1351 1498 fui.
1383 1443 1681 1513 anueres
1700 1438 1809 1493 iter
1826 1451 2024 1490 meum
2123 1440 2360 1491 taesset
2408 1435 2770 1490 rationabilis
2805 1435 3064 1501 facultas,
3100 1435 3226 1504 jam
3282 1435 3501 1491 dudum
3550 1437 3749 1490 vestra

428 1540 489 1596 in
517 1523 742 1596 italiam
763 1536 992 1610 penitus
1015 1531 1250 1596 distulit,
1271 1531 1367 1587 ubi
1381 1533 1439 1585 et
1471 1545 1690 1600 organa
1711 1526 1887 1581 etiam
1912 1540 2026 1579 ser-
2124 1524 2409 1597 colloquia
2433 1523 2862 1595 expetissemus.
2877 1523 3123 1596 Regium
3145 1540 3384 1587 nomen,
3407 1523 3566 1596 quod
3585 1523 3748 1595 apud

428 1631 655 1694 ventur,
670 1631 726 1683 et
739 1624 960 1699 optima
977 1622 1165 1695 portio
1180 1637 1324 1676 mea:
1337 1615 1714 1690 supellectilis.
1731 1615 1853 1668 Non
1868 1611 2025 1666 enim
2126 1615 2375 1669 Francos
2400 1628 2548 1683 pene
2579 1616 2915 1668 emortuum
2939 1615 3044 1679 est,
3074 1611 3301 1683 magnis
3327 1611 3748 1679 consiliis,ma-

431 1715 727 1789 potuimus
743 1713 1018 1770 obsistere
1042 1708 1322 1783 precipiti
1336 1707 1608 1766 fortunae,
1627 1719 1732 1758 nec
1753 1700 2028 1757 Divinitas
2125 1701 2256 1776 guis
2289 1700 2503 1757 viribus
2546 1700 3041 1755 resuscitassemus
3077 1717 3089 1754 :
3121 1700 3223 1756 sed
3261 1703 3502 1773 propter
3557 1699 3751 1774 impia

431 1787 742 1861 declaravit
769 1803 956 1858 adhuc
975 1815 1230 1872 quonam
1255 1796 1315 1850 in
1336 1798 1505 1868 portu
1530 1809 1626 1848 me
1647 1792 1844 1846 sistere
1873 1789 2025 1844 velit.
2129 1793 2668 1862 tempora,'propter
2683 1789 3204 1862 perditissimorum
3223 1787 3420 1860 iniqua
3439 1802 3752 1846 conamen-

431 1895 614 1966 Igitur
643 1893 714 1948 de
735 1908 830 1947 me
860 1894 918 1946 et
943 1889 1014 1944 de
1039 1887 1185 1942 meis
1210 1883 1456 1941 fortunis
1497 1880 1766 1955 gavisuri,
1799 1893 2030 1948 exspec-
2129 1883 2208 1947 ta,
2236 1880 2386 1966 clam
2409 1877 2633 1949 agimus
2646 1877 2798 1949 quod
2825 1878 3020 1948 palam
3037 1893 3154 1932 non
3175 1875 3750 1950 possumus._Veniet,

435 1963 567 2038 tant
598 1981 814 2036 exitum
864 1975 1128 2033 instantis
1164 1975 1434 2030 fortunas.
1477 1970 1633 2028 Dabo
1657 1982 1895 2039 operam
1926 1979 2030 2036 pro
2053 1976 2104 2035 Β
2130 1969 2338 2033 veniet,
2372 1965 2636 2038 inquam,
2663 1965 2804 2033 dies,
2833 1967 2892 2023 et
2921 1981 3101 2038 pr0pe
3143 1969 3250 2033 est,
3294 1964 3355 2022 in
3395 1981 3512 2038 qua
3550 1963 3758 2020 unius-

435 2070 672 2131 viribus,
704 2083 812 2122 nec
842 2064 1158 2139 quidquam
1194 2077 1398 2118 eorum
1433 2075 1561 2131 qua:
1596 2054 1721 2110 fieri
1766 2054 2032 2127 oporteat

432 2156 851 2222 intermittam,
899 2155 1085 2210 donec
1114 2149 1324 2223 optatis
1349 2147 1614 2220 perfruar
1637 2143 1884 2209 sedibus,
1906 2140 2033 2194 red-

437 2248 690 2319 damque
715 2247 832 2301 Deo
861 2245 994 2298 vota
1024 2257 1161 2296 mea
1186 2239 1244 2294 iu
1272 2237 1430 2293 Sion.
1461 2236 1618 2304 Vale,
1639 2229 2031 2319 amantissime

434 2316 625 2400 Pater,
656 2333 846 2387 valeat
871 2330 1052 2384 frater
1077 2325 1372 2390 Ariardus,
1398 2323 1583 2378 valeat
1611 2316 2033 2375 sanctissimum

437 2420 752 2492 collegium
781 2417 886 2474 tibi
939 2416 1283 2486 subjectum,
1331 2411 1563 2482 meique
1607 2407 1730 2464 sitis
1748 2420 2036 2460 memores

438 2509 501 2568 in
523 2506 988 2581 contemplativis
1019 2520 1151 2560 cum
1183 2505 1348 2577 patre
1375 2515 1508 2556 meo
1535 2497 1698 2554 Adal.

897 2593 1231 2650 EPISTOLA
1259 2589 1472 2647 CLXXI.

550 2702 892 2743 νεηειυιθιιι
931 2699 1130 2739 Αωιυε
1161 2695 1446 2738 EPISCOPO
1478 2695 1535 2734 Α.
1567 2690 1929 2733 GERBERTUS.

517 2780 682 2834 Itane
699 2773 983 2832 socordiae
1012 2774 1185 2844 atque
1235 2769 1420 2826 dubiis
1465 2767 1686 2824 casibus
1728 2763 2036 2830 credidisti,

449 2867 515 2921 ut
541 2863 765 2937 gladios
793 2860 998 2919 cervici
1027 2858 1400 2915 imminentes
1428 2872 1547 2912 non
1592 2855 1802 2920 videas,
1833 2851 2038 2908 arietes

446 2971 516 3010 ac
543 2953 740 3009 vineas
768 2950 864 3007 ilia
897 2953 994 3006 tua
1011 2949 1302 3021 pulsantes
1331 2963 1448 3002 nou
1476 2944 1725 3001 sentias?
1751 2942 2039 2998 Recorda-

445 3061 531 3112 re,
564 3059 780 3116 queso,
811 3040 949 3113 quid
980 3042 1172 3095 actum
1201 3037 1294 3105 sit,
1323 3053 1354 3091 ο
1378 3035 1509 3091 felix
1529 3033 1822 3107 quondam
1851 3035 1908 3087 et
1923 3031 2042 3087 dul-

447 3132 526 3187 cis
569 3129 778 3197 amice,
815 3128 919 3184 sub
971 3125 1216 3199 imperio
1265 3124 1442 3198 patris
1479 3123 1596 3178 mei
1642 3120 2036 3177 Adalberonis.

452 3220 578 3277 Divi
607 3221 754 3291 Aug.
786 3217 1037 3274 Lotbarii
1069 3231 1383 3287 germanus
1409 3214 1610 3280 frater,
1643 3212 1827 3268 haeres
1854 3209 2040 3279 regni,

446 3325 630 3382 regno
645 3307 910 3380 expulsus
929 3309 1034 3362 est.
1059 3305 1190 3376 Ejus
1207 3303 1423 3370 remuli,
1439 3305 1500 3357 ut
1516 3301 1710 3374 Opinio
1727 3300 2044 3356 multorum

450 3402 558 3466 est,
589 3397 742 3452 inter
780 3411 947 3467 reges
977 3393 1155 3450 creati
1199 3396 1350 3448 sunt.
1409 3391 1533 3456 Quo
1575 3391 1707 3461 jure
1754 3387 2046 3459 legitimus

454 3487 642 3542 haeres
662 3484 1056 3542 exba-redatus
1086 3485 1194 3549 est,
1233 3498 1348 3554 quo
1380 3481 1514 3552 jure
1564 3494 1748 3550 regno
1793 3476 2047 3549 privatus

451 3579 557 3641 est,
582 3578 640 3629 et
668 3589 782 3646 quo
811 3573 871 3628 iu
901 3575 1208 3646 paternam
1241 3571 1481 3626 domum
1528 3567 1702 3622 rediit
1727 3567 1755 3622 ?
1787 3566 1924 3630 Quae
1953 3565 2049 3620 de-

450 3667 615 3721 creta
662 3664 1063 3719 Romanorum
1095 3659 1438 3732 pontificum
1479 3657 1731 3712 infantes
1775 3653 2049 3727 baptizari

457 3755 768 3810 vetuerunt
789 3751 817 3806 1
859 3750 966 3815 Qui
996 3749 1140 3804 sacri
1171 3764 1421 3803 canones
1448 3746 1787 3800 innocentes
1814 3743 2048 3814 presby-

454 3846 612 3899 teros
638 3842 712 3898 ab
731 3839 1010 3896 altaribus
1024 3838 1398 3893 removerunt
1413 3835 1441 3890 ’ἐ
1465 3834 1598 3904 Agit
1615 3832 1906 3887 Abraham
1919 3847 2051 3886 cum

457 3933 576 3988 Deo
624 3945 879 3995 causam,
933 3929 1130 3982 utrum
1177 3924 1238 3980 in
1282 3921 1552 3979 Sodomis
1581 3921 1789 3976 debeat
1811 3919 2053 3992 perdere

446 4020 670 4091 justum
697 4033 830 4072 cum
856 4013 1059 4086 impio,
1088 4016 1146 4067 et
1172 4015 1234 4066 tu
1263 4013 1459 4083 pastor
1487 4025 1604 4064 non
1635 4007 1862 4062 dubitas
1889 4007 2051 4062 addi-

455 4125 586 4163 cere
606 4123 796 4179 pmna
829 4104 1064 4160 noxium
1096 4102 1268 4157 simul
1297 4103 1356 4156 et
1390 4098 1687 4154 innoxium
1717 4098 1744 4154 ?
1776 4097 1888 4153 Sed
1917 4097 2054 4170 quid

459 4213 570 4269 ego
594 4196 721 4251 haec
754 4192 1024 4260 minima,
1057 4207 1187 4245 cum
1238 4189 1413 4244 sciam
1445 4187 1868 4243 accusationem
1890 4191 2053 4242 tuam

459 4308 493 4345 a
521 4283 914 4343 sacerdotibus
937 4281 1038 4336 Dei
1065 4279 1432 4352 descriptam,
1466 4281 1524 4333 et
1550 4279 1784 4353 plenam
1797 4276 2053 4332 crimini-

462 4379 590 4445 bus,
623 4372 921 4448 gravidam
942 4369 1251 4426 sceleribus
1265 4369 1293 4425 ?
1313 4367 1485 4424 Electi
1510 4371 1644 4423 sunt
1653 4367 1895 4439 judices,
1913 4383 2055 4438 quo-

461 4483 592 4522 rum
613 4462 832 4537 judicio
860 4461 903 4516 si
927 4459 1194 4527 defueris,
1224 4458 1295 4513 de
1325 4457 1583 4514 absentia
1621 4457 1764 4512 nihil
1803 4455 2057 4510 lucrabe-

2132 2055 2411 2128 cujusque
2440 2056 2704 2110 nostrum
2729 2053 3049 2126 probentur
3079 2056 3140 2109 et
3193 2051 3469 2125 cogitata,
3501 2056 3560 2112 et
3589 2051 3756 2112 dicta

2132 2148 2190 2201 et
2228 2144 2398 2200 facta.
2453 2142 2691 2200 Interim
2736 2142 3100 2215 praescriptas
3149 2140 3306 2198 vobis
3355 2144 3540 2198 metas
3583 2157 3757 2201 reco-

2131 2231 2414 2305 gnoscite,
2450 2246 2560 2287 nec
2579 2230 2805 2301 majora
2832 2230 2996 2301 regni
3028 2228 3266 2302 negotia
3284 2228 3468 2285 velitis
3494 2227 3755 2284 definire

2131 2321 2254 2377 sine
2285 2319 2718 2393 metropolitani
2743 2318 3123 2386 conscientia,
3152 2334 3259 2373 nec
3296 2317 3654 2375 sententiam
3689 2316 3754 2372 in

2133 2410 2222 2466 his
2250 2409 2605 2482 prmcipitate
2659 2425 2786 2482 quae
2832 2424 2945 2479 quo
2987 2406 3184 2462 animo
3235 2406 3379 2461 fiant
3435 2403 3762 2477 ignoratis.

2138 2498 2513 2556 Prudentiam
2546 2499 2836 2569 roburque
2861 2499 3116 2552 vestrum
3136 2496 3443 2561 reservate,
3473 2498 3611 2550 tunc
3633 2492 3762 2550 for-

2137 2585 2361 2643 tissima
2387 2589 2622 2660 pectora
2649 2585 2908 2642 hostibus
2929 2600 3033 2656 pro
3066 2583 3228 2640 nobis
3257 2580 3592 2654 exposituri,
3611 2597 3759 2638 cum

2141 2674 2397 2731 videritis
2420 2675 2672 2732 victricia
2699 2675 2864 2748 signa
2895 2672 3060 2731 nobis
3091 2670 3420 2730 ductoribus
3441 2669 3756 2730 anteferri.

2587 2798 2925 2854 EPISTULA
2959 2797 3227 2853 CLXXIII.

2211 2890 2361 2946 Mare
2393 2889 2675 2944 fluctuans
2703 2887 2946 2959 ingressi
2976 2885 3393 2958 naufragamur
3412 2888 3470 2940 et
3492 2885 3757 2958 ingemi-

2139 2979 2380 3048 scimus;
2412 2994 2697 3050 nusquam
2729 2981 2852 3032 tuta
2881 2976 3096 3045 littora,
3119 2991 3406 3050 nusquam
3429 2977 3634 3048 portus
3658 2992 3760 3032 oc-

2143 3067 2339 3123 currit.
2373 3070 2435 3122 lu
2466 3066 2625 3122 vobis
2655 3065 2908 3138 quietem
2937 3064 3271 3137 quaerimus.
3309 3066 3375 3122 lu
3400 3063 3562 3120 vobis
3591 3067 3757 3120 certe

2144 3161 2248 3224 est,
2282 3155 2440 3228 quod
2469 3171 2601 3210 cum
2649 3153 2920 3209 dederitis
2951 3170 3068 3208 non
3119 3152 3286 3219 desit,
3329 3150 3641 3222 accipienti
3667 3168 3760 3206 su-

2067 3271 2115 3331 c
2146 3244 2342 3319 persit.
2379 3244 2632 3299 Petimus
2681 3258 2822 3315 ergo
2858 3242 3020 3298 omni
3064 3241 3272 3296 affectu
3317 3239 3616 3298 charitatis
3656 3256 3756 3295 vos

2147 3335 2326 3390 affore
2352 3333 2547 3388 Remis
2568 3350 2605 3388 ιι
2635 3332 2759 3386 Kal.
2789 3331 3023 3403 Aprilis,
3053 3329 3098 3386 si
3122 3330 3256 3402 jure
3281 3327 3555 3388 amicitiai
3582 3327 3757 3401 quid-

2149 3440 2324 3498 quam
2354 3421 2783 3496 promeruimus
2794 3424 2894 3476 aut
2917 3419 3240 3492 promereri
3265 3435 3431 3494 posse
3453 3421 3752 3490 putamus.

2630 3544 2969 3603 EPISTOLA
3014 3544 3274 3598 CLXXIV.

2377 3652 2450 3691 AD
2483 3651 2809 3692 ROMULFUM
2834 3649 3103 3688 ΑΒΒΑΤΕΜ
3128 3645 3534 3687 εεκοκειηεεκ.

2215 3725 2415 3782 Officia
2445 3725 2632 3780 dantis
2659 3728 2719 3778 et
2743 3722 3073 3794 accipientis
3090 3720 3426 3777 muneribus
3446 3719 3654 3776 vestris
3668 3738 3762 3777 ex-

2155 3815 2332 3870 secuti
2353 3814 2507 3870 estis.
2539 3813 2688 3868 Nihil
2715 3811 2871 3868 enim
2903 3810 3069 3866 nobis
3090 3809 3381 3882 antiquius
3399 3807 3459 3864 iu
3489 3809 3766 3864 humanis

2152 3907 2324 3961 rebus
2352 3903 2805 3959 clarissimorum
2843 3900 3149 3957 hominum
3188 3899 3449 3962 scientia,
3495 3916 3629 3971 qua
3660 3899 3767 3953 uti-

2153 4011 2264 4068 que
2287 3990 2696 4064 multiplicibus
2715 3991 2994 4045 librorum
3017 3987 3406 4044 voluminibus
3417 3987 3761 4059 explicatur.

2152 4083 2316 4155 Agite
2343 4098 2483 4154 ergo
2510 4085 2573 4136 ut
2600 4079 2865 4152 cmpistis,
2909 4081 2968 4133 et
3014 4077 3232 4132 ﬂuenta
3260 4077 3328 4132 ll.
3353 4076 3522 4131 Tullii
3547 4075 3765 4131 sitienti

2153 4172 2426 4243 praebete.
2460 4170 2528 4227 Μ.
2559 4169 2770 4223 Tullius
2801 4167 3007 4222 mediis
3034 4182 3093 4220 se
3113 4165 3341 4236 ingerat
3358 4164 3532 4231 curis,
3556 4164 3766 4236 quibus

2156 4262 2288 4332 post
2317 4259 2474 4314 urbis
2505 4261 2716 4314 nostra:
2741 4257 3129 4330 perditionem
3161 4254 3240 4308 sic
3273 4252 3669 4325 implicamur,
3702 4256 3767 4308 ut

2158 4352 2293 4403 ante
2324 4350 2518 4403 oculos
2542 4346 2846 4402 hominum
2877 4345 3090 4412 felices,
3115 4347 3309 4399 nostro
3317 4341 3538 4412 judicio
3557 4342 3768 4397 habea-

2158 4455 2292 4492 mur
2314 4438 2591 4493 infelices.
2617 4437 2754 4501 Quae
2784 4433 2989 4490 mundi
3013 4436 3146 4488 sunt
3171 4431 3505 4504 quaerimus,
3540 4431 3765 4486 inveni-

469 4519 661 4610 ἐι
688 4551 735 4607 si
755 4549 857 4606 adf
860 4551 1030 4619 ueris,
1054 4519 1485 4621 episcOpusesse
1505 4546 1767 4602 cessabis.
1793 4547 2048 4600 Inventus

2161 4544 2310 4594 mus,
2345 4526 2694 4600 perﬁcimus,
2724 4528 2782 4580 et
2809 4528 2872 4578 ut
2897 4523 2975 4578 ita
3004 4523 3190 4577 dicam
3223 4521 3515 4592 principes
3536 4519 3766 4575 sceleris

464 4646 552 4698 est
579 4641 677 4715 qui
709 4644 836 4695 tuas
850 4640 998 4696 vices
1016 4637 1305 4694 sortiatur.
1336 4636 1512 4692 Curre
1527 4652 1666 4708 ergo
1684 4635 1822 4690 dum
1843 4632 2058 4704 aliquid

459 4731 562 4788 otii
590 4733 870 4804 superest,
902 4744 1090 4800 neque
1116 4743 1275 4798 spem
1305 4728 1463 4780 tuam
1491 4741 1673 4796 ponas
1694 4723 1755 4778 in
1786 4720 1972 4793 Ligeri
2001 4724 2059 4774 et

463 4823 751 4895 Sequana,
780 4818 921 4875 nihil
941 4818 1292 4891 profuturus.
1317 4816 1434 4886 Ego
1457 4813 1692 4887 quidem
1712 4810 2053 4877 factionum,

461 4910 978 4983 conspirationum,
1041 4902 1429 4979 jurisconsulti
1498 4918 1564 4958 ac
1633 4899 2051 4981 consulentiqu

455 4999 735 5067 conscius,
761 4998 836 5054 ob
867 4997 1037 5053 fidele
1057 4994 1351 5050 silentium
1380 4993 1504 5047 haec
1531 4990 1634 5046 tibi
1664 5005 1835 5044 causa
1853 4987 2058 5044 veteris

456 5087 724 5144 amicitia
759 5086 933 5142 habui
966 5085 1177 5147 dicere,
1210 5085 1274 5138 ut
1302 5086 1359 5137 te
1397 5081 1661 5152 lethargo
1701 5077 2053 5134 alleviarem.

459 5179 644 5233 Tuum
675 5176 749 5231 sit
775 5174 1000 5247 plenius
1028 5172 1352 5228 remedium
1379 5185 1659 5242 querere,
1686 5167 1784 5240 qui
1808 5165 2056 5222 etiamin

459 5264 817 5323 comitialem
849 5263 1118 5318 morbum
1151 5260 1360 5317 videris
1380 5256 1676 5314 decidisse.
1708 5257 1861 5311 Vale.

955 5350 1287 5406 EPISTOLA
1318 5349 1552 5404 CLXXII.

532 5447 836 5498 Immensae
866 5439 1287 5498 benevolentiae
1316 5454 1382 5492 ac
1411 5436 1601 5511 potius
1630 5434 1831 5509 pietati
1857 5436 2058 5489 vestrm.

407 5575 410 5578 .
453 5533 608 5587 circa
633 5547 738 5587 uos
765 5530 1080 5586 immensas
1096 5525 1469 5601 rependimus
1487 5529 1694 5597 grates.
1724 5523 1933 5588 Quanti
1955 5540 2058 5578 nos

453 5620 1120 5692 habeatiscompassioue
1132 5619 1317 5672 vestra
1330 5615 1462 5686 prof
1461 5631 1524 5668 ec
1531 5617 1588 5669 to
1603 5611 1949 5668 declarastis.
1960 5613 2058 5667 Dc-

455 5710 741 5765 claramus
751 5713 962 5784 ergoet
978 5724 1084 5764 nos
1101 5704 1239 5778 quid
1251 5703 1310 5758 in
1327 5704 1587 5758 futurum
1604 5702 2056 5769 moliamur,uon

461 5799 650 5854 solum
672 5815 740 5855 ex
759 5799 847 5856 his
869 5813 997 5871 qua:
1013 5810 1144 5851 cum
1161 5791 1516 5867 paucissimis
1539 5793 2076 5868 peruoctamus,sed

2159 4616 2294 4671 facti
2326 4633 2548 4672 sumus.
2588 4615 2696 4668 Fer
2735 4629 2928 4686 Opem,
2965 4613 3155 4678 Pater,
3205 4613 3269 4665 ut
3303 4608 3601 4676 Divini-tas,
3638 4625 3766 4682 qua:

2159 4703 2530 4759 multitudine
2560 4703 2929 4774 peccatorum
2975 4699 3316 4761 excluditur,
3354 4696 3468 4752 tuis
3499 4698 3768 4768 precibus

2157 4792 2371 4848 inflexa
2415 4793 2636 4859 redeat,
2692 4807 2798 4845 nos
2834 4788 3041 4856 visitet,
3074 4790 3132 4842 et
3179 4785 3485 4842 nobiscum
3519 4786 3764 4852 habitet,

2156 4884 2370 4952 tuaque
2424 4879 2760 4954 praesentia,
2809 4877 2854 4932 si
2904 4876 3030 4932 ﬁeri
3086 4878 3298 4948 potest,
3350 4876 3645 4942 laetemur,
3669 4873 3766 4947 qui

2157 4970 2311 5025 beati
2340 4969 2522 5026 Patris
2541 4968 2647 5023 Ad.
2678 4965 2938 5022 absentia
2961 4965 3279 5020 tristemur.

2656 5071 2984 5128 EPISTOLA
3017 5069 3259 5126 CLXXV.

2378 5179 2452 5220 ΑΙ)
2489 5181 2542 5218 ε.
2577 5177 3082 5218 Ακςμιεριεεορυιιί
3109 5174 3551 5214 TREVIREHSEM.

2231 5253 2518 5319 Pervenit,
2550 5251 2881 5307 beatissime
2897 5253 3086 5317 Pater,
3113 5247 3337 5322 gladius
3356 5264 3535 5320 usque
3559 5248 3636 5303 ad
3652 5245 3769 5302 aui-

2160 5360 2353 5400 mam:
2379 5341 2586 5415 gladiis
2601 5341 2854 5397 hostium
2870 5339 3122 5410 undique
3137 5336 3607 5409 perstrmgimur.
3628 5335 3766 5391 Hinc

2157 5435 2275 5490 fide
2301 5432 2590 5506 promissa
2622 5431 2856 5502 regibus
2886 5429 3237 5482 Francorum
3281 5441 3582 5497 urgemur.
3627 5423 3766 5478 Hinc

2162 5522 2434 5595 potestati
2467 5519 2739 5592 principis
2759 5517 2947 5573 Caroli
2974 5533 3224 5589 regnum
3257 5513 3329 5569 ad
3367 5531 3428 5569 se
3448 5513 3768 5569 revocantis

2163 5612 2398 5679 addicti,
2433 5612 2762 5681 permutare
2783 5606 3068 5672 dominos,
3088 5608 3187 5659 aut
3205 5605 3425 5659 exsules
3455 5603 3582 5658 fieri
3607 5602 3766 5670 cogi-

2163 5719 2316 5759 mur.
2345 5701 2462 5754 Hoc
2489 5699 2677 5753 solum
2717 5696 2838 5767 spei
2884 5696 3162 5766 superest,
3207 5692 3362 5765 quod
3403 5708 3504 5747 vos
3529 5690 3770 5764 praescia

2161 5789 2427 5848 divinitas
2453 5785 2841 5858 germanitate
2867 5783 3120 5858 quadam
3147 5781 3314 5839 nobis
3335 5781 3611 5852 devinxit,
3630 5784 3690 5837 et
3707 5784 3768 5836 ut
