  <div class='ocr_page' id='page_1' title='image "/cluster/home/n/w/nwhite01/storage/ocr_20150623/139/uva.x000829787/132.png"; bbox 0 0 3918 6230; ppageno 0'>
   <div class='ocr_carea' id='block_1_1' title="bbox 145 497 252 569">
    <p class='ocr_par' dir='ltr' id='par_1_1' title="bbox 145 497 252 569">
     <span class='ocr_line' id='line_1_1' title="bbox 145 497 252 569; baseline -0.056 0"><span class='ocrx_word' id='word_1_1' title='bbox 145 497 252 569; x_wconf 66' lang='grc' dir='ltr'>ὶιιθ</span> 
     </span>
    </p>
   </div>
   <div class='ocr_carea' id='block_1_2' title="bbox 1077 483 2570 558">
    <p class='ocr_par' dir='ltr' id='par_1_2' title="bbox 1077 483 2570 558">
     <span class='ocr_line' id='line_1_2' title="bbox 1077 483 2570 558; baseline -0.007 -3"><span class='ocrx_word' id='word_1_2' title='bbox 1077 491 1320 558; x_wconf 75' lang='grc' dir='ltr'><strong>εεατιο</strong></span> <span class='ocrx_word' id='word_1_3' title='bbox 1346 492 1392 556; x_wconf 89' lang='lat' dir='ltr'><strong>I.</strong></span> <span class='ocrx_word' id='word_1_4' title='bbox 1417 524 1489 542; x_wconf 89' lang='lat'><strong><em>—</em></strong></span> <span class='ocrx_word' id='word_1_5' title='bbox 1514 491 1700 556; x_wconf 71' lang='lat' dir='ltr'><strong>ANTE</strong></span> <span class='ocrx_word' id='word_1_6' title='bbox 1727 489 2017 558; x_wconf 67' lang='lat' dir='ltr'><strong>solum!</strong></span> <span class='ocrx_word' id='word_1_7' title='bbox 2045 483 2570 552; x_wconf 67' lang='lat' dir='ltr'><strong>PON’HFICATUM.</strong></span> 
     </span>
    </p>
   </div>
   <div class='ocr_carea' id='block_1_3' title="bbox 3382 482 3488 545">
    <p class='ocr_par' dir='ltr' id='par_1_3' title="bbox 3382 482 3488 545">
     <span class='ocr_line' id='line_1_3' title="bbox 3382 482 3488 545; baseline -0.019 1"><span class='ocrx_word' id='word_1_8' title='bbox 3382 482 3488 545; x_wconf 69' lang='lat'><strong>230</strong></span> 
     </span>
    </p>
   </div>
   <div class='ocr_carea' id='block_1_4' title="bbox 146 603 3488 696">
    <p class='ocr_par' dir='ltr' id='par_1_4' title="bbox 146 603 3488 696">
     <span class='ocr_line' id='line_1_4' title="bbox 146 603 3488 696; baseline -0.006 -12"><span class='ocrx_word' id='word_1_9' title='bbox 146 622 400 686; x_wconf 79' lang='lat' dir='ltr'><strong>invicem</strong></span> <span class='ocrx_word' id='word_1_10' title='bbox 427 635 616 681; x_wconf 78' lang='lat' dir='ltr'><strong>onera</strong></span> <span class='ocrx_word' id='word_1_11' title='bbox 635 619 942 696; x_wconf 82' lang='lat' dir='ltr'><strong>portemus</strong></span> <span class='ocrx_word' id='word_1_12' title='bbox 956 616 1162 677; x_wconf 79' lang='lat' dir='ltr'><strong>eﬁ‘ecit.</strong></span> <span class='ocrx_word' id='word_1_13' title='bbox 1180 616 1270 676; x_wconf 78' lang='lat' dir='ltr'><strong>Ad</strong></span> <span class='ocrx_word' id='word_1_14' title='bbox 1299 633 1398 674; x_wconf 86' lang='lat' dir='ltr'><strong>vos</strong></span> <span class='ocrx_word' id='word_1_15' title='bbox 1424 614 1620 690; x_wconf 85' lang='lat' dir='ltr'><strong>itaque</strong></span> <span class='ocrx_word' id='word_1_16' title='bbox 1647 630 1781 672; x_wconf 88' lang='lat' dir='ltr'><strong>con-</strong></span> <span class='ocrx_word' id='word_1_17' title='bbox 1802 619 1860 680; x_wconf 78' lang='grc' dir='ltr'><strong>Α</strong></span> <span class='ocrx_word' id='word_1_18' title='bbox 1880 611 1984 670; x_wconf 86' lang='lat' dir='ltr'><strong>tris</strong></span> <span class='ocrx_word' id='word_1_19' title='bbox 2005 610 2122 669; x_wconf 89' lang='lat' dir='ltr'><strong>mei</strong></span> <span class='ocrx_word' id='word_1_20' title='bbox 2150 610 2304 668; x_wconf 79' lang='lat' dir='ltr'><strong>beati</strong></span> <span class='ocrx_word' id='word_1_21' title='bbox 2319 610 2514 668; x_wconf 79' lang='lat' dir='ltr'><strong>Ad.ad</strong></span> <span class='ocrx_word' id='word_1_22' title='bbox 2531 605 2846 668; x_wconf 83' lang='lat' dir='ltr'><strong>Dominum</strong></span> <span class='ocrx_word' id='word_1_23' title='bbox 2869 603 3178 666; x_wconf 75' lang='lat' dir='ltr'><strong>discessum</strong></span> <span class='ocrx_word' id='word_1_24' title='bbox 3203 620 3307 664; x_wconf 82' lang='lat' dir='ltr'><strong>cur</strong></span> <span class='ocrx_word' id='word_1_25' title='bbox 3326 608 3488 666; x_wconf 82' lang='lat' dir='ltr'><strong>tanto</strong></span> 
     </span>
    </p>
   </div>
   <div class='ocr_carea' id='block_1_5' title="bbox 149 706 1778 787">
    <p class='ocr_par' dir='ltr' id='par_1_5' title="bbox 149 706 1778 787">
     <span class='ocr_line' id='line_1_5' title="bbox 149 706 1778 787; baseline -0.008 -15"><span class='ocrx_word' id='word_1_26' title='bbox 149 714 410 787; x_wconf 83' lang='lat' dir='ltr'><strong>fugimus</strong></span> <span class='ocrx_word' id='word_1_27' title='bbox 440 713 730 786; x_wconf 81' lang='lat' dir='ltr'><strong>tanquam</strong></span> <span class='ocrx_word' id='word_1_28' title='bbox 764 711 839 767; x_wconf 87' lang='lat' dir='ltr'><strong>ad</strong></span> <span class='ocrx_word' id='word_1_29' title='bbox 858 712 1080 765; x_wconf 90' lang='lat' dir='ltr'><strong>rectum</strong></span> <span class='ocrx_word' id='word_1_30' title='bbox 1106 706 1465 781; x_wconf 64' lang='lat' dir='ltr'><strong>praesidium,</strong></span> <span class='ocrx_word' id='word_1_31' title='bbox 1499 709 1778 778; x_wconf 77' lang='lat' dir='ltr'><strong>tanquam</strong></span> 
     </span>
    </p>
   </div>
   <div class='ocr_carea' id='block_1_6' title="bbox 152 795 1779 876">
    <p class='ocr_par' dir='ltr' id='par_1_6' title="bbox 152 795 1779 876">
     <span class='ocr_line' id='line_1_6' title="bbox 152 795 1779 876; baseline -0.008 -16"><span class='ocrx_word' id='word_1_32' title='bbox 152 804 227 860; x_wconf 88' lang='lat' dir='ltr'><strong>ad</strong></span> <span class='ocrx_word' id='word_1_33' title='bbox 265 818 434 858; x_wconf 88' lang='lat' dir='ltr'><strong>aram</strong></span> <span class='ocrx_word' id='word_1_34' title='bbox 467 799 822 876; x_wconf 58' lang='lat' dir='ltr'><strong>prudentia),</strong></span> <span class='ocrx_word' id='word_1_35' title='bbox 849 803 1129 872; x_wconf 88' lang='lat' dir='ltr'><strong>tanquam</strong></span> <span class='ocrx_word' id='word_1_36' title='bbox 1160 796 1233 853; x_wconf 89' lang='lat' dir='ltr'><strong>ad</strong></span> <span class='ocrx_word' id='word_1_37' title='bbox 1257 795 1580 852; x_wconf 87' lang='lat' dir='ltr'><strong>divinarum</strong></span> <span class='ocrx_word' id='word_1_38' title='bbox 1607 795 1779 864; x_wconf 90' lang='lat' dir='ltr'><strong>atque</strong></span> 
     </span>
    </p>
   </div>
   <div class='ocr_carea' id='block_1_7' title="bbox 149 881 1782 960">
    <p class='ocr_par' dir='ltr' id='par_1_7' title="bbox 149 881 1782 960">
     <span class='ocr_line' id='line_1_7' title="bbox 149 881 1782 960; baseline -0.008 -11"><span class='ocrx_word' id='word_1_39' title='bbox 149 893 550 950; x_wconf 87' lang='lat' dir='ltr'><strong>humanarum</strong></span> <span class='ocrx_word' id='word_1_40' title='bbox 586 892 791 960; x_wconf 86' lang='lat' dir='ltr'><strong>legum</strong></span> <span class='ocrx_word' id='word_1_41' title='bbox 813 888 1174 959; x_wconf 91' lang='lat' dir='ltr'><strong>interpretes.</strong></span> <span class='ocrx_word' id='word_1_42' title='bbox 1235 886 1531 957; x_wconf 84' lang='lat' dir='ltr'><strong>Eruntque</strong></span> <span class='ocrx_word' id='word_1_43' title='bbox 1559 881 1782 955; x_wconf 83' lang='lat' dir='ltr'><strong>perlata</strong></span> 
     </span>
    </p>
   </div>
   <div class='ocr_carea' id='block_1_8' title="bbox 157 975 1385 1040">
    <p class='ocr_par' dir='ltr' id='par_1_8' title="bbox 157 975 1385 1040">
     <span class='ocr_line' id='line_1_8' title="bbox 157 975 1385 1040; baseline -0.007 -3"><span class='ocrx_word' id='word_1_44' title='bbox 157 983 433 1040; x_wconf 85' lang='lat' dir='ltr'><strong>consulta</strong></span> <span class='ocrx_word' id='word_1_45' title='bbox 460 979 596 1036; x_wconf 83' lang='lat' dir='ltr'><strong>ﬁliis</strong></span> <span class='ocrx_word' id='word_1_46' title='bbox 625 977 827 1036; x_wconf 78' lang='lat' dir='ltr'><strong>vestris</strong></span> <span class='ocrx_word' id='word_1_47' title='bbox 853 975 1103 1034; x_wconf 75' lang='lat' dir='ltr'><strong>coelestia</strong></span> <span class='ocrx_word' id='word_1_48' title='bbox 1133 975 1385 1030; x_wconf 88' lang='lat' dir='ltr'><strong>oracula.</strong></span> 
     </span>
    </p>
   </div>
   <div class='ocr_carea' id='block_1_9' title="bbox 653 1099 1302 1158">
    <p class='ocr_par' dir='ltr' id='par_1_9' title="bbox 653 1099 1302 1158">
     <span class='ocr_line' id='line_1_9' title="bbox 653 1099 1302 1158; baseline -0.008 -1"><span class='ocrx_word' id='word_1_49' title='bbox 653 1102 990 1158; x_wconf 79' lang='lat' dir='ltr'><strong>EPISTO-LA</strong></span> <span class='ocrx_word' id='word_1_50' title='bbox 1035 1099 1302 1155; x_wconf 85' lang='lat' dir='ltr'><strong>CLXXVI.</strong></span> 
     </span>
    </p>
   </div>
   <div class='ocr_carea' id='block_1_10' title="bbox 501 1201 1441 1250">
    <p class='ocr_par' dir='ltr' id='par_1_10' title="bbox 501 1201 1441 1250">
     <span class='ocr_line' id='line_1_10' title="bbox 501 1201 1441 1250; baseline -0.013 0"><span class='ocrx_word' id='word_1_51' title='bbox 501 1210 562 1250; x_wconf 78' lang='grc' dir='ltr'><strong>ϐ.</strong></span> <span class='ocrx_word' id='word_1_52' title='bbox 597 1202 721 1248; x_wconf 79' lang='lat' dir='ltr'><strong>SAL.</strong></span> <span class='ocrx_word' id='word_1_53' title='bbox 756 1208 914 1246; x_wconf 78' lang='lat' dir='ltr'><strong>DICI&#39;I‘</strong></span> <span class='ocrx_word' id='word_1_54' title='bbox 942 1205 1001 1245; x_wconf 71' lang='grc' dir='ltr'><strong>Β.</strong></span> <span class='ocrx_word' id='word_1_55' title='bbox 1026 1206 1135 1246; x_wconf 85' lang='lat' dir='ltr'><strong>SIBI</strong></span> <span class='ocrx_word' id='word_1_56' title='bbox 1166 1201 1441 1243; x_wconf 82' lang='lat' dir='ltr'><strong>DILECTO.</strong></span> 
     </span>
    </p>
   </div>
   <div class='ocr_carea' id='block_1_11' title="bbox 223 1270 1782 1354">
    <p class='ocr_par' dir='ltr' id='par_1_11' title="bbox 223 1270 1782 1354">
     <span class='ocr_line' id='line_1_11' title="bbox 223 1270 1782 1354; baseline -0.01 -13"><span class='ocrx_word' id='word_1_57' title='bbox 223 1283 487 1344; x_wconf 88' lang='lat' dir='ltr'><strong>Grandia</strong></span> <span class='ocrx_word' id='word_1_58' title='bbox 503 1282 740 1354; x_wconf 86' lang='lat' dir='ltr'><strong>quidem</strong></span> <span class='ocrx_word' id='word_1_59' title='bbox 755 1280 960 1352; x_wconf 89' lang='lat' dir='ltr'><strong>poscis,</strong></span> <span class='ocrx_word' id='word_1_60' title='bbox 984 1277 1312 1334; x_wconf 88' lang='lat' dir='ltr'><strong>dulcissime</strong></span> <span class='ocrx_word' id='word_1_61' title='bbox 1343 1273 1652 1340; x_wconf 84' lang='lat' dir='ltr'><strong>frater,sed</strong></span> <span class='ocrx_word' id='word_1_62' title='bbox 1670 1270 1782 1326; x_wconf 84' lang='lat' dir='ltr'><strong>tuis</strong></span> 
     </span>
    </p>
   </div>
   <div class='ocr_carea' id='block_1_12' title="bbox 157 1359 1777 1440">
    <p class='ocr_par' dir='ltr' id='par_1_12' title="bbox 157 1359 1777 1440">
     <span class='ocr_line' id='line_1_12' title="bbox 157 1359 1777 1440; baseline -0.011 -9"><span class='ocrx_word' id='word_1_63' title='bbox 157 1374 383 1431; x_wconf 86' lang='lat' dir='ltr'><strong>meritis</strong></span> <span class='ocrx_word' id='word_1_64' title='bbox 411 1388 532 1426; x_wconf 84' lang='lat' dir='ltr'><strong>non</strong></span> <span class='ocrx_word' id='word_1_65' title='bbox 572 1369 1002 1426; x_wconf 87' lang='lat' dir='ltr'><strong>indebita.Nam</strong></span> <span class='ocrx_word' id='word_1_66' title='bbox 1059 1365 1196 1440; x_wconf 92' lang='lat' dir='ltr'><strong>quid</strong></span> <span class='ocrx_word' id='word_1_67' title='bbox 1226 1369 1314 1420; x_wconf 88' lang='lat' dir='ltr'><strong>est</strong></span> <span class='ocrx_word' id='word_1_68' title='bbox 1342 1367 1462 1418; x_wconf 89' lang='lat' dir='ltr'><strong>tam</strong></span> <span class='ocrx_word' id='word_1_69' title='bbox 1525 1359 1777 1434; x_wconf 82' lang='lat' dir='ltr'><strong>optabile</strong></span> 
     </span>
    </p>
   </div>
   <div class='ocr_carea' id='block_1_13' title="bbox 157 1451 1778 1536">
    <p class='ocr_par' dir='ltr' id='par_1_13' title="bbox 157 1451 1778 1536">
     <span class='ocr_line' id='line_1_13' title="bbox 157 1451 1778 1536; baseline -0.01 -18"><span class='ocrx_word' id='word_1_70' title='bbox 157 1463 315 1536; x_wconf 83' lang='lat' dir='ltr'><strong>quod</strong></span> <span class='ocrx_word' id='word_1_71' title='bbox 343 1459 757 1517; x_wconf 73' lang='lat' dir='ltr'><strong>benevolentia</strong></span> <span class='ocrx_word' id='word_1_72' title='bbox 787 1461 887 1512; x_wconf 91' lang='lat' dir='ltr'><strong>tua</strong></span> <span class='ocrx_word' id='word_1_73' title='bbox 919 1473 1036 1511; x_wconf 87' lang='lat' dir='ltr'><strong>non</strong></span> <span class='ocrx_word' id='word_1_74' title='bbox 1063 1453 1473 1528; x_wconf 86' lang='lat' dir='ltr'><strong>promeretur?</strong></span> <span class='ocrx_word' id='word_1_75' title='bbox 1489 1451 1626 1523; x_wconf 88' lang='lat' dir='ltr'><strong>quid</strong></span> <span class='ocrx_word' id='word_1_76' title='bbox 1656 1452 1778 1503; x_wconf 91' lang='lat' dir='ltr'><strong>tam</strong></span> 
     </span>
    </p>
   </div>
   <div class='ocr_carea' id='block_1_14' title="bbox 154 1537 1783 1620">
    <p class='ocr_par' dir='ltr' id='par_1_14' title="bbox 154 1537 1783 1620">
     <span class='ocr_line' id='line_1_14' title="bbox 154 1537 1783 1620; baseline -0.01 -14"><span class='ocrx_word' id='word_1_77' title='bbox 154 1551 385 1607; x_wconf 82' lang='lat' dir='ltr'><strong>humile</strong></span> <span class='ocrx_word' id='word_1_78' title='bbox 417 1548 577 1620; x_wconf 90' lang='lat' dir='ltr'><strong>quod</strong></span> <span class='ocrx_word' id='word_1_79' title='bbox 607 1545 858 1602; x_wconf 83' lang='lat' dir='ltr'><strong>conferri</strong></span> <span class='ocrx_word' id='word_1_80' title='bbox 873 1543 1074 1600; x_wconf 88' lang='lat' dir='ltr'><strong>amicis</strong></span> <span class='ocrx_word' id='word_1_81' title='bbox 1104 1544 1228 1598; x_wconf 65' lang='lat' dir='ltr'><strong>haec</strong></span> <span class='ocrx_word' id='word_1_82' title='bbox 1247 1545 1516 1613; x_wconf 88' lang='lat' dir='ltr'><strong>tempora</strong></span> <span class='ocrx_word' id='word_1_83' title='bbox 1541 1538 1733 1592; x_wconf 88' lang='lat' dir='ltr'><strong>sinant</strong></span> <span class='ocrx_word' id='word_1_84' title='bbox 1755 1537 1783 1591; x_wconf 79' lang='lat' dir='ltr'><strong>‘I</strong></span> 
     </span>
    </p>
   </div>
   <div class='ocr_carea' id='block_1_15' title="bbox 157 1626 1785 1711">
    <p class='ocr_par' dir='ltr' id='par_1_15' title="bbox 157 1626 1785 1711">
     <span class='ocr_line' id='line_1_15' title="bbox 157 1626 1785 1711; baseline -0.01 -17"><span class='ocrx_word' id='word_1_85' title='bbox 157 1642 361 1711; x_wconf 79' lang='lat' dir='ltr'><strong>Itaque</strong></span> <span class='ocrx_word' id='word_1_86' title='bbox 389 1653 526 1692; x_wconf 86' lang='lat' dir='ltr'><strong>cum</strong></span> <span class='ocrx_word' id='word_1_87' title='bbox 558 1635 662 1690; x_wconf 90' lang='lat' dir='ltr'><strong>tibi</strong></span> <span class='ocrx_word' id='word_1_88' title='bbox 685 1633 831 1689; x_wconf 83' lang='lat' dir='ltr'><strong>desit</strong></span> <span class='ocrx_word' id='word_1_89' title='bbox 861 1633 1063 1688; x_wconf 83' lang='lat' dir='ltr'><strong>artifex</strong></span> <span class='ocrx_word' id='word_1_90' title='bbox 1093 1629 1388 1696; x_wconf 85' lang='lat' dir='ltr'><strong>medendi,</strong></span> <span class='ocrx_word' id='word_1_91' title='bbox 1423 1626 1590 1682; x_wconf 90' lang='lat' dir='ltr'><strong>nobis</strong></span> <span class='ocrx_word' id='word_1_92' title='bbox 1602 1641 1785 1680; x_wconf 89' lang='lat' dir='ltr'><strong>reme-</strong></span> 
     </span>
    </p>
   </div>
   <div class='ocr_carea' id='block_1_16' title="bbox 160 1716 1780 1793">
    <p class='ocr_par' dir='ltr' id='par_1_16' title="bbox 160 1716 1780 1793">
     <span class='ocr_line' id='line_1_16' title="bbox 160 1716 1780 1793; baseline -0.01 -11"><span class='ocrx_word' id='word_1_93' title='bbox 160 1727 399 1782; x_wconf 76' lang='lat' dir='ltr'><strong>diorum</strong></span> <span class='ocrx_word' id='word_1_94' title='bbox 428 1723 700 1789; x_wconf 87' lang='lat' dir='ltr'><strong>materia,</strong></span> <span class='ocrx_word' id='word_1_95' title='bbox 723 1721 1154 1793; x_wconf 78' lang='lat' dir='ltr'><strong>supersedimus</strong></span> <span class='ocrx_word' id='word_1_96' title='bbox 1186 1716 1510 1774; x_wconf 86' lang='lat' dir='ltr'><strong>describere</strong></span> <span class='ocrx_word' id='word_1_97' title='bbox 1539 1731 1608 1769; x_wconf 90' lang='lat' dir='ltr'><strong>ea</strong></span> <span class='ocrx_word' id='word_1_98' title='bbox 1649 1728 1780 1784; x_wconf 66' lang='lat' dir='ltr'><strong>qna:</strong></span> 
     </span>
    </p>
   </div>
   <div class='ocr_carea' id='block_1_17' title="bbox 163 1801 1784 1883">
    <p class='ocr_par' dir='ltr' id='par_1_17' title="bbox 163 1801 1784 1883">
     <span class='ocr_line' id='line_1_17' title="bbox 163 1801 1784 1883; baseline -0.01 -13"><span class='ocrx_word' id='word_1_99' title='bbox 163 1814 539 1870; x_wconf 87' lang='lat' dir='ltr'><strong>medicorum</strong></span> <span class='ocrx_word' id='word_1_100' title='bbox 579 1810 911 1883; x_wconf 87' lang='lat' dir='ltr'><strong>peritissimi</strong></span> <span class='ocrx_word' id='word_1_101' title='bbox 944 1809 1106 1864; x_wconf 82' lang='lat' dir='ltr'><strong>utilia</strong></span> <span class='ocrx_word' id='word_1_102' title='bbox 1155 1804 1541 1878; x_wconf 84' lang='lat' dir='ltr'><strong>judicaverint</strong></span> <span class='ocrx_word' id='word_1_103' title='bbox 1587 1801 1784 1856; x_wconf 85' lang='lat' dir='ltr'><strong>vitiato</strong></span> 
     </span>
    </p>
   </div>
   <div class='ocr_carea' id='block_1_18' title="bbox 156 1887 1787 1975">
    <p class='ocr_par' dir='ltr' id='par_1_18' title="bbox 156 1887 1787 1975">
     <span class='ocr_line' id='line_1_18' title="bbox 156 1887 1787 1975; baseline -0.01 -17"><span class='ocrx_word' id='word_1_104' title='bbox 156 1903 364 1975; x_wconf 85' lang='lat' dir='ltr'><strong>jecori.</strong></span> <span class='ocrx_word' id='word_1_105' title='bbox 393 1901 583 1966; x_wconf 87' lang='lat' dir='ltr'><strong>Quem</strong></span> <span class='ocrx_word' id='word_1_106' title='bbox 614 1899 884 1956; x_wconf 87' lang='lat' dir='ltr'><strong>morbum</strong></span> <span class='ocrx_word' id='word_1_107' title='bbox 906 1901 966 1952; x_wconf 91' lang='lat' dir='ltr'><strong>tu</strong></span> <span class='ocrx_word' id='word_1_108' title='bbox 982 1898 1250 1968; x_wconf 86' lang='lat' dir='ltr'><strong>corrupte</strong></span> <span class='ocrx_word' id='word_1_109' title='bbox 1278 1897 1565 1965; x_wconf 90' lang='lat' dir='ltr'><strong>postuma,</strong></span> <span class='ocrx_word' id='word_1_110' title='bbox 1608 1887 1787 1945; x_wconf 86' lang='lat' dir='ltr'><strong>nostri</strong></span> 
     </span>
    </p>
   </div>
   <div class='ocr_carea' id='block_1_19' title="bbox 162 1976 1784 2062">
    <p class='ocr_par' dir='ltr' id='par_1_19' title="bbox 162 1976 1784 2062">
     <span class='ocr_line' id='line_1_19' title="bbox 162 1976 1784 2062; baseline -0.009 -16"><span class='ocrx_word' id='word_1_111' title='bbox 162 1994 497 2062; x_wconf 86' lang='lat' dir='ltr'><strong>apostema,</strong></span> <span class='ocrx_word' id='word_1_112' title='bbox 526 1988 717 2043; x_wconf 85' lang='lat' dir='ltr'><strong>Celsus</strong></span> <span class='ocrx_word' id='word_1_113' title='bbox 749 1985 1046 2042; x_wconf 88' lang='lat' dir='ltr'><strong>Cornelius</strong></span> <span class='ocrx_word' id='word_1_114' title='bbox 1078 2001 1112 2038; x_wconf 91' lang='lat' dir='ltr'><strong>a</strong></span> <span class='ocrx_word' id='word_1_115' title='bbox 1140 1981 1349 2037; x_wconf 69' lang='lat' dir='ltr'><strong>Grmcis</strong></span> <span class='ocrx_word' id='word_1_116' title='bbox 1368 1981 1610 2049; x_wconf 77' lang='grc' dir='ltr'><strong>ἥπατιχόν</strong></span> <span class='ocrx_word' id='word_1_117' title='bbox 1644 1976 1784 2033; x_wconf 89' lang='lat' dir='ltr'><strong>dicit</strong></span> 
     </span>
    </p>
   </div>
   <div class='ocr_carea' id='block_1_20' title="bbox 167 2077 474 2153">
    <p class='ocr_par' dir='ltr' id='par_1_20' title="bbox 167 2077 474 2153">
     <span class='ocr_line' id='line_1_20' title="bbox 167 2077 474 2153; baseline -0.01 -19"><span class='ocrx_word' id='word_1_118' title='bbox 167 2077 474 2153; x_wconf 83' lang='lat' dir='ltr'><strong>appellari.</strong></span> 
     </span>
    </p>
   </div>
   <div class='ocr_carea' id='block_1_21' title="bbox 651 2178 1311 2236">
    <p class='ocr_par' dir='ltr' id='par_1_21' title="bbox 651 2178 1311 2236">
     <span class='ocr_line' id='line_1_21' title="bbox 651 2178 1311 2236; baseline -0.006 1"><span class='ocrx_word' id='word_1_119' title='bbox 651 2179 989 2236; x_wconf 76' lang='lat' dir='ltr'><strong>EPISTOLA</strong></span> <span class='ocrx_word' id='word_1_120' title='bbox 1029 2178 1311 2233; x_wconf 81' lang='lat' dir='ltr'><strong>CLXXVII.</strong></span> 
     </span>
    </p>
   </div>
   <div class='ocr_carea' id='block_1_22' title="bbox 393 2278 1558 2328">
    <p class='ocr_par' dir='ltr' id='par_1_22' title="bbox 393 2278 1558 2328">
     <span class='ocr_line' id='line_1_22' title="bbox 393 2278 1558 2328; baseline -0.008 -1"><span class='ocrx_word' id='word_1_121' title='bbox 393 2289 478 2328; x_wconf 72' lang='lat' dir='ltr'><strong>AD</strong></span> <span class='ocrx_word' id='word_1_122' title='bbox 507 2286 837 2326; x_wconf 67' lang='grc' dir='ltr'><strong>κοκυιι-ὊΜ</strong></span> <span class='ocrx_word' id='word_1_123' title='bbox 869 2283 1135 2322; x_wconf 77' lang='grc' dir='ltr'><strong>ΑΒΒΑἸῈΜ</strong></span> <span class='ocrx_word' id='word_1_124' title='bbox 1161 2278 1558 2321; x_wconf 60' lang='grc' dir='ltr'><strong>εεποκεκεεκ.</strong></span> 
     </span>
    </p>
   </div>
   <div class='ocr_carea' id='block_1_23' title="bbox 240 2347 1795 2435">
    <p class='ocr_par' dir='ltr' id='par_1_23' title="bbox 240 2347 1795 2435">
     <span class='ocr_line' id='line_1_23' title="bbox 240 2347 1795 2435; baseline -0.01 -17"><span class='ocrx_word' id='word_1_125' title='bbox 240 2362 454 2435; x_wconf 71' lang='lat' dir='ltr'><strong>lagno</strong></span> <span class='ocrx_word' id='word_1_126' title='bbox 479 2376 752 2415; x_wconf 85' lang='lat' dir='ltr'><strong>curarum</strong></span> <span class='ocrx_word' id='word_1_127' title='bbox 780 2357 1036 2429; x_wconf 90' lang='lat' dir='ltr'><strong>pondere</strong></span> <span class='ocrx_word' id='word_1_128' title='bbox 1060 2355 1118 2410; x_wconf 92' lang='lat' dir='ltr'><strong>in</strong></span> <span class='ocrx_word' id='word_1_129' title='bbox 1151 2356 1453 2410; x_wconf 91' lang='lat' dir='ltr'><strong>momento</strong></span> <span class='ocrx_word' id='word_1_130' title='bbox 1514 2347 1795 2421; x_wconf 87' lang='lat' dir='ltr'><strong>temporis</strong></span> 
     </span>
    </p>
   </div>
   <div class='ocr_carea' id='block_1_24' title="bbox 177 2435 1797 2507">
    <p class='ocr_par' dir='ltr' id='par_1_24' title="bbox 177 2435 1797 2507">
     <span class='ocr_line' id='line_1_24' title="bbox 177 2435 1797 2507; baseline -0.011 0"><span class='ocrx_word' id='word_1_131' title='bbox 177 2451 512 2507; x_wconf 83' lang='lat' dir='ltr'><strong>alteviatum</strong></span> <span class='ocrx_word' id='word_1_132' title='bbox 544 2448 616 2503; x_wconf 91' lang='lat' dir='ltr'><strong>iri</strong></span> <span class='ocrx_word' id='word_1_133' title='bbox 636 2446 1035 2503; x_wconf 85' lang='lat' dir='ltr'><strong>existimamus</strong></span> <span class='ocrx_word' id='word_1_134' title='bbox 1054 2441 1571 2499; x_wconf 79' lang='lat' dir='ltr'><strong>deliberationibus</strong></span> <span class='ocrx_word' id='word_1_135' title='bbox 1586 2435 1797 2493; x_wconf 89' lang='lat' dir='ltr'><strong>nostris</strong></span> 
     </span>
    </p>
   </div>
   <div class='ocr_carea' id='block_1_25' title="bbox 182 2525 1798 2605">
    <p class='ocr_par' dir='ltr' id='par_1_25' title="bbox 182 2525 1798 2605">
     <span class='ocr_line' id='line_1_25' title="bbox 182 2525 1798 2605; baseline -0.011 -11"><span class='ocrx_word' id='word_1_136' title='bbox 182 2540 256 2594; x_wconf 85' lang='lat' dir='ltr'><strong>ad</strong></span> <span class='ocrx_word' id='word_1_137' title='bbox 290 2538 436 2594; x_wconf 84' lang='lat' dir='ltr'><strong>utile</strong></span> <span class='ocrx_word' id='word_1_138' title='bbox 463 2540 522 2592; x_wconf 88' lang='lat' dir='ltr'><strong>et</strong></span> <span class='ocrx_word' id='word_1_139' title='bbox 570 2536 885 2591; x_wconf 88' lang='lat' dir='ltr'><strong>honestum</strong></span> <span class='ocrx_word' id='word_1_140' title='bbox 917 2549 1080 2605; x_wconf 66' lang='lat' dir='ltr'><strong>aeque</strong></span> <span class='ocrx_word' id='word_1_141' title='bbox 1109 2529 1353 2586; x_wconf 85' lang='lat' dir='ltr'><strong>inﬂexis.</strong></span> <span class='ocrx_word' id='word_1_142' title='bbox 1406 2528 1571 2593; x_wconf 84' lang='lat' dir='ltr'><strong>Quod</strong></span> <span class='ocrx_word' id='word_1_143' title='bbox 1600 2525 1798 2595; x_wconf 86' lang='lat' dir='ltr'><strong>utique</strong></span> 
     </span>
    </p>
   </div>
   <div class='ocr_carea' id='block_1_26' title="bbox 182 2614 1802 2702">
    <p class='ocr_par' dir='ltr' id='par_1_26' title="bbox 182 2614 1802 2702">
     <span class='ocr_line' id='line_1_26' title="bbox 182 2614 1802 2702; baseline -0.011 -19"><span class='ocrx_word' id='word_1_144' title='bbox 182 2627 347 2702; x_wconf 87' lang='lat' dir='ltr'><strong>puris</strong></span> <span class='ocrx_word' id='word_1_145' title='bbox 395 2625 694 2681; x_wconf 71' lang='lat' dir='ltr'><strong>affectibus</strong></span> <span class='ocrx_word' id='word_1_146' title='bbox 749 2622 948 2678; x_wconf 87' lang='lat' dir='ltr'><strong>vestris</strong></span> <span class='ocrx_word' id='word_1_147' title='bbox 986 2621 1046 2676; x_wconf 91' lang='lat' dir='ltr'><strong>in</strong></span> <span class='ocrx_word' id='word_1_148' title='bbox 1097 2620 1292 2676; x_wconf 87' lang='lat' dir='ltr'><strong>divina</strong></span> <span class='ocrx_word' id='word_1_149' title='bbox 1327 2616 1715 2690; x_wconf 83' lang='lat' dir='ltr'><strong>speculatione</strong></span> <span class='ocrx_word' id='word_1_150' title='bbox 1740 2614 1802 2665; x_wconf 92' lang='lat' dir='ltr'><strong>ut</strong></span> 
     </span>
    </p>
   </div>
   <div class='ocr_carea' id='block_1_27' title="bbox 182 2698 1801 2787">
    <p class='ocr_par' dir='ltr' id='par_1_27' title="bbox 182 2698 1801 2787">
     <span class='ocr_line' id='line_1_27' title="bbox 182 2698 1801 2787; baseline -0.011 -15"><span class='ocrx_word' id='word_1_151' title='bbox 182 2698 468 2787; x_wconf 63' lang='lat' dir='ltr'><strong>coeptum,</strong></span> <span class='ocrx_word' id='word_1_152' title='bbox 506 2713 589 2768; x_wconf 87' lang='lat' dir='ltr'><strong>ita</strong></span> <span class='ocrx_word' id='word_1_153' title='bbox 617 2710 1146 2767; x_wconf 88' lang='lat' dir='ltr'><strong>consummandum</strong></span> <span class='ocrx_word' id='word_1_154' title='bbox 1189 2712 1294 2764; x_wconf 90' lang='lat' dir='ltr'><strong>est.</strong></span> <span class='ocrx_word' id='word_1_155' title='bbox 1330 2706 1538 2779; x_wconf 88' lang='lat' dir='ltr'><strong>Sicque</strong></span> <span class='ocrx_word' id='word_1_156' title='bbox 1591 2698 1801 2774; x_wconf 88' lang='lat' dir='ltr'><strong>aptiori</strong></span> 
     </span>
    </p>
   </div>
   <div class='ocr_carea' id='block_1_28' title="bbox 182 2797 1336 2874">
    <p class='ocr_par' dir='ltr' id='par_1_28' title="bbox 182 2797 1336 2874">
     <span class='ocr_line' id='line_1_28' title="bbox 182 2797 1336 2874; baseline -0.006 -13"><span class='ocrx_word' id='word_1_157' title='bbox 182 2806 312 2861; x_wconf 84' lang='lat' dir='ltr'><strong>loco</strong></span> <span class='ocrx_word' id='word_1_158' title='bbox 349 2806 554 2859; x_wconf 89' lang='lat' dir='ltr'><strong>mutua</strong></span> <span class='ocrx_word' id='word_1_159' title='bbox 584 2799 1006 2874; x_wconf 69' lang='lat' dir='ltr'><strong>perimendum</strong></span> <span class='ocrx_word' id='word_1_160' title='bbox 1039 2797 1336 2854; x_wconf 86' lang='lat' dir='ltr'><strong>charitate.</strong></span> 
     </span>
    </p>
   </div>
   <div class='ocr_carea' id='block_1_29' title="bbox 649 2922 1339 2980">
    <p class='ocr_par' dir='ltr' id='par_1_29' title="bbox 649 2922 1339 2980">
     <span class='ocr_line' id='line_1_29' title="bbox 649 2922 1339 2980; baseline -0.007 0"><span class='ocrx_word' id='word_1_161' title='bbox 649 2923 986 2980; x_wconf 81' lang='lat' dir='ltr'><strong>EPISTOLA</strong></span> <span class='ocrx_word' id='word_1_162' title='bbox 1030 2922 1339 2978; x_wconf 86' lang='lat' dir='ltr'><strong>CLXXVIII.</strong></span> 
     </span>
    </p>
   </div>
   <div class='ocr_carea' id='block_1_30' title="bbox 366 3025 1626 3072">
    <p class='ocr_par' dir='ltr' id='par_1_30' title="bbox 366 3025 1626 3072">
     <span class='ocr_line' id='line_1_30' title="bbox 366 3025 1626 3072; baseline -0.003 -2"><span class='ocrx_word' id='word_1_163' title='bbox 366 3031 446 3072; x_wconf 76' lang='lat' dir='ltr'><strong>AD</strong></span> <span class='ocrx_word' id='word_1_164' title='bbox 492 3029 812 3070; x_wconf 75' lang='lat' dir='ltr'><strong>BRUNONEM</strong></span> <span class='ocrx_word' id='word_1_165' title='bbox 842 3027 1165 3070; x_wconf 72' lang='lat' dir='ltr'><strong>EPISCOPUM</strong></span> <span class='ocrx_word' id='word_1_166' title='bbox 1195 3025 1626 3066; x_wconf 75' lang='lat' dir='ltr'><strong>LINGONENSEM.</strong></span> 
     </span>
    </p>
   </div>
   <div class='ocr_carea' id='block_1_31' title="bbox 258 3095 1800 3172">
    <p class='ocr_par' dir='ltr' id='par_1_31' title="bbox 258 3095 1800 3172">
     <span class='ocr_line' id='line_1_31' title="bbox 258 3095 1800 3172; baseline -0.008 -10"><span class='ocrx_word' id='word_1_167' title='bbox 258 3101 628 3162; x_wconf 87' lang='lat' dir='ltr'><strong>Serenissimi</strong></span> <span class='ocrx_word' id='word_1_168' title='bbox 653 3100 896 3172; x_wconf 81' lang='lat' dir='ltr'><strong>Augusti</strong></span> <span class='ocrx_word' id='word_1_169' title='bbox 919 3099 1138 3155; x_wconf 90' lang='lat' dir='ltr'><strong>domini</strong></span> <span class='ocrx_word' id='word_1_170' title='bbox 1153 3098 1334 3156; x_wconf 89' lang='lat' dir='ltr'><strong>nostri</strong></span> <span class='ocrx_word' id='word_1_171' title='bbox 1357 3095 1800 3154; x_wconf 83' lang='lat' dir='ltr'><strong>desiderabilem</strong></span> 
     </span>
    </p>
   </div>
   <div class='ocr_carea' id='block_1_32' title="bbox 190 3185 1792 3271">
    <p class='ocr_par' dir='ltr' id='par_1_32' title="bbox 190 3185 1792 3271">
     <span class='ocr_line' id='line_1_32' title="bbox 190 3185 1792 3271; baseline -0.007 -18"><span class='ocrx_word' id='word_1_172' title='bbox 190 3194 569 3271; x_wconf 64' lang='lat' dir='ltr'><strong>praesentiam</strong></span> <span class='ocrx_word' id='word_1_173' title='bbox 597 3194 848 3247; x_wconf 82' lang='lat' dir='ltr'><strong>vestram</strong></span> <span class='ocrx_word' id='word_1_174' title='bbox 870 3205 1039 3244; x_wconf 89' lang='lat' dir='ltr'><strong>causa</strong></span> <span class='ocrx_word' id='word_1_175' title='bbox 1067 3187 1428 3244; x_wconf 85' lang='lat' dir='ltr'><strong>consultandi</strong></span> <span class='ocrx_word' id='word_1_176' title='bbox 1443 3185 1792 3257; x_wconf 84' lang='lat' dir='ltr'><strong>jamdudum</strong></span> 
     </span>
    </p>
   </div>
   <div class='ocr_carea' id='block_1_33' title="bbox 189 3271 1810 3358">
    <p class='ocr_par' dir='ltr' id='par_1_33' title="bbox 189 3271 1810 3358">
     <span class='ocr_line' id='line_1_33' title="bbox 189 3271 1810 3358; baseline -0.01 -16"><span class='ocrx_word' id='word_1_177' title='bbox 189 3284 493 3358; x_wconf 80' lang='lat' dir='ltr'><strong>exoptant.</strong></span> <span class='ocrx_word' id='word_1_178' title='bbox 520 3281 726 3338; x_wconf 75' lang='lat' dir='ltr'><strong>Moneo</strong></span> <span class='ocrx_word' id='word_1_179' title='bbox 749 3295 889 3351; x_wconf 86' lang='lat' dir='ltr'><strong>ergo</strong></span> <span class='ocrx_word' id='word_1_180' title='bbox 921 3294 1020 3333; x_wconf 89' lang='lat' dir='ltr'><strong>vos</strong></span> <span class='ocrx_word' id='word_1_181' title='bbox 1045 3281 1218 3350; x_wconf 88' lang='lat' dir='ltr'><strong>atque</strong></span> <span class='ocrx_word' id='word_1_182' title='bbox 1251 3293 1393 3349; x_wconf 90' lang='lat' dir='ltr'><strong>rogo</strong></span> <span class='ocrx_word' id='word_1_183' title='bbox 1416 3291 1585 3332; x_wconf 88' lang='lat' dir='ltr'><strong>causa</strong></span> <span class='ocrx_word' id='word_1_184' title='bbox 1613 3271 1810 3328; x_wconf 85' lang='lat' dir='ltr'><strong>salutis</strong></span> 
     </span>
    </p>
   </div>
   <div class='ocr_carea' id='block_1_34' title="bbox 193 3363 1813 3446">
    <p class='ocr_par' dir='ltr' id='par_1_34' title="bbox 193 3363 1813 3446">
     <span class='ocr_line' id='line_1_34' title="bbox 193 3363 1813 3446; baseline -0.008 -17"><span class='ocrx_word' id='word_1_185' title='bbox 193 3374 370 3430; x_wconf 84' lang='lat' dir='ltr'><strong>totius</strong></span> <span class='ocrx_word' id='word_1_186' title='bbox 397 3370 757 3446; x_wconf 61' lang='lat' dir='ltr'><strong>reipublicm,</strong></span> <span class='ocrx_word' id='word_1_187' title='bbox 789 3365 1224 3440; x_wconf 85' lang='lat' dir='ltr'><strong>quamprimum</strong></span> <span class='ocrx_word' id='word_1_188' title='bbox 1254 3368 1547 3420; x_wconf 86' lang='lat' dir='ltr'><strong>maturare</strong></span> <span class='ocrx_word' id='word_1_189' title='bbox 1578 3363 1708 3418; x_wconf 87' lang='lat' dir='ltr'><strong>iter.</strong></span> <span class='ocrx_word' id='word_1_190' title='bbox 1743 3363 1813 3418; x_wconf 88' lang='lat' dir='ltr'><strong>Et</strong></span> 
     </span>
    </p>
   </div>
   <div class='ocr_carea' id='block_1_35' title="bbox 189 3454 1811 3537">
    <p class='ocr_par' dir='ltr' id='par_1_35' title="bbox 189 3454 1811 3537">
     <span class='ocr_line' id='line_1_35' title="bbox 189 3454 1811 3537; baseline -0.007 -18"><span class='ocrx_word' id='word_1_191' title='bbox 189 3463 329 3537; x_wconf 87' lang='lat' dir='ltr'><strong>quia</strong></span> <span class='ocrx_word' id='word_1_192' title='bbox 358 3478 458 3518; x_wconf 90' lang='lat' dir='ltr'><strong>vos</strong></span> <span class='ocrx_word' id='word_1_193' title='bbox 488 3459 645 3533; x_wconf 89' lang='lat' dir='ltr'><strong>apud</strong></span> <span class='ocrx_word' id='word_1_194' title='bbox 667 3456 945 3516; x_wconf 82' lang='lat' dir='ltr'><strong>Roceium</strong></span> <span class='ocrx_word' id='word_1_195' title='bbox 979 3455 1171 3512; x_wconf 87' lang='lat' dir='ltr'><strong>audivi</strong></span> <span class='ocrx_word' id='word_1_196' title='bbox 1194 3471 1297 3530; x_wconf 89' lang='lat' dir='ltr'><strong>pro</strong></span> <span class='ocrx_word' id='word_1_197' title='bbox 1321 3471 1455 3511; x_wconf 89' lang='lat' dir='ltr'><strong>mea</strong></span> <span class='ocrx_word' id='word_1_198' title='bbox 1484 3454 1811 3521; x_wconf 88' lang='lat' dir='ltr'><strong>salute,me-</strong></span> 
     </span>
    </p>
   </div>
   <div class='ocr_carea' id='block_1_36' title="bbox 188 3544 1808 3619">
    <p class='ocr_par' dir='ltr' id='par_1_36' title="bbox 188 3544 1808 3619">
     <span class='ocr_line' id='line_1_36' title="bbox 188 3544 1808 3619; baseline -0.007 -9"><span class='ocrx_word' id='word_1_199' title='bbox 188 3569 322 3610; x_wconf 86' lang='lat' dir='ltr'><strong>rear</strong></span> <span class='ocrx_word' id='word_1_200' title='bbox 341 3568 499 3608; x_wconf 89' lang='lat' dir='ltr'><strong>nunc</strong></span> <span class='ocrx_word' id='word_1_201' title='bbox 530 3549 865 3606; x_wconf 88' lang='lat' dir='ltr'><strong>Silvanectis</strong></span> <span class='ocrx_word' id='word_1_202' title='bbox 889 3546 1073 3605; x_wconf 89' lang='lat' dir='ltr'><strong>audiri</strong></span> <span class='ocrx_word' id='word_1_203' title='bbox 1093 3562 1199 3619; x_wconf 84' lang='lat' dir='ltr'><strong>pro</strong></span> <span class='ocrx_word' id='word_1_204' title='bbox 1227 3544 1491 3602; x_wconf 89' lang='lat' dir='ltr'><strong>omnium</strong></span> <span class='ocrx_word' id='word_1_205' title='bbox 1518 3544 1808 3601; x_wconf 85' lang='lat' dir='ltr'><strong>bonorum</strong></span> 
     </span>
    </p>
   </div>
   <div class='ocr_carea' id='block_1_37' title="bbox 189 3641 558 3702">
    <p class='ocr_par' dir='ltr' id='par_1_37' title="bbox 189 3641 558 3702">
     <span class='ocr_line' id='line_1_37' title="bbox 189 3641 558 3702; baseline -0.024 1"><span class='ocrx_word' id='word_1_206' title='bbox 189 3641 558 3702; x_wconf 76' lang='lat' dir='ltr'><strong>liberatione.</strong></span> 
     </span>
    </p>
   </div>
   <div class='ocr_carea' id='block_1_38' title="bbox 685 3761 1324 3818">
    <p class='ocr_par' dir='ltr' id='par_1_38' title="bbox 685 3761 1324 3818">
     <span class='ocr_line' id='line_1_38' title="bbox 685 3761 1324 3818; baseline -0.006 0"><span class='ocrx_word' id='word_1_207' title='bbox 685 3763 1020 3818; x_wconf 80' lang='lat' dir='ltr'><strong>EPISTOLA</strong></span> <span class='ocrx_word' id='word_1_208' title='bbox 1066 3761 1324 3816; x_wconf 86' lang='lat' dir='ltr'><strong>CLXXIX.</strong></span> 
     </span>
    </p>
   </div>
   <div class='ocr_carea' id='block_1_39' title="bbox 278 3865 1719 3911">
    <p class='ocr_par' dir='ltr' id='par_1_39' title="bbox 278 3865 1719 3911">
     <span class='ocr_line' id='line_1_39' title="bbox 278 3865 1719 3911; baseline -0.006 0"><span class='ocrx_word' id='word_1_209' title='bbox 278 3873 352 3911; x_wconf 76' lang='grc' dir='ltr'><strong>ΑΒ</strong></span> <span class='ocrx_word' id='word_1_210' title='bbox 383 3869 710 3910; x_wconf 65' lang='grc' dir='ltr'><strong>εςεειιτυκ</strong></span> <span class='ocrx_word' id='word_1_211' title='bbox 742 3867 1258 3907; x_wconf 65' lang='grc' dir='ltr'><strong>Λιεωιειηεεοιιυω</strong></span> <span class='ocrx_word' id='word_1_212' title='bbox 1286 3865 1719 3904; x_wconf 59' lang='grc' dir='ltr'><strong>τηενιῐιεκεελί.</strong></span> 
     </span>
    </p>
   </div>
   <div class='ocr_carea' id='block_1_40' title="bbox 258 3936 1806 4016">
    <p class='ocr_par' dir='ltr' id='par_1_40' title="bbox 258 3936 1806 4016">
     <span class='ocr_line' id='line_1_40' title="bbox 258 3936 1806 4016; baseline -0.006 -16"><span class='ocrx_word' id='word_1_213' title='bbox 258 3944 374 4000; x_wconf 85' lang='lat' dir='ltr'><strong>Etsi</strong></span> <span class='ocrx_word' id='word_1_214' title='bbox 402 3941 783 4016; x_wconf 87' lang='lat' dir='ltr'><strong>prudentiam</strong></span> <span class='ocrx_word' id='word_1_215' title='bbox 809 3944 1060 3996; x_wconf 88' lang='lat' dir='ltr'><strong>vestram</strong></span> <span class='ocrx_word' id='word_1_216' title='bbox 1093 3940 1151 3993; x_wconf 92' lang='lat' dir='ltr'><strong>in</strong></span> <span class='ocrx_word' id='word_1_217' title='bbox 1179 3938 1372 3994; x_wconf 90' lang='lat' dir='ltr'><strong>multis</strong></span> <span class='ocrx_word' id='word_1_218' title='bbox 1387 3940 1657 4009; x_wconf 84' lang='lat' dir='ltr'><strong>expertus</strong></span> <span class='ocrx_word' id='word_1_219' title='bbox 1671 3936 1806 4005; x_wconf 88' lang='lat' dir='ltr'><strong>sim,</strong></span> 
     </span>
    </p>
   </div>
   <div class='ocr_carea' id='block_1_41' title="bbox 190 4024 1810 4108">
    <p class='ocr_par' dir='ltr' id='par_1_41' title="bbox 190 4024 1810 4108">
     <span class='ocr_line' id='line_1_41' title="bbox 190 4024 1810 4108; baseline -0.007 -17"><span class='ocrx_word' id='word_1_220' title='bbox 190 4051 376 4108; x_wconf 78' lang='lat' dir='ltr'><strong>nuper</strong></span> <span class='ocrx_word' id='word_1_221' title='bbox 391 4038 590 4088; x_wconf 88' lang='lat' dir='ltr'><strong>tamen</strong></span> <span class='ocrx_word' id='word_1_222' title='bbox 615 4031 937 4104; x_wconf 82' lang='lat' dir='ltr'><strong>plurimum</strong></span> <span class='ocrx_word' id='word_1_223' title='bbox 952 4027 1361 4094; x_wconf 88' lang='lat' dir='ltr'><strong>intellexi,cum</strong></span> <span class='ocrx_word' id='word_1_224' title='bbox 1383 4024 1810 4098; x_wconf 89' lang='lat' dir='ltr'><strong>querimoniam</strong></span> 
     </span>
    </p>
   </div>
   <div class='ocr_carea' id='block_1_42' title="bbox 191 4114 1808 4197">
    <p class='ocr_par' dir='ltr' id='par_1_42' title="bbox 191 4114 1808 4197">
     <span class='ocr_line' id='line_1_42' title="bbox 191 4114 1808 4197; baseline -0.007 -19"><span class='ocrx_word' id='word_1_225' title='bbox 191 4139 365 4197; x_wconf 81' lang='lat' dir='ltr'><strong>quam</strong></span> <span class='ocrx_word' id='word_1_226' title='bbox 397 4139 467 4177; x_wconf 85' lang='lat' dir='ltr'><strong>ex</strong></span> <span class='ocrx_word' id='word_1_227' title='bbox 500 4136 752 4194; x_wconf 87' lang='lat' dir='ltr'><strong>persona</strong></span> <span class='ocrx_word' id='word_1_228' title='bbox 771 4121 869 4173; x_wconf 83' lang='lat' dir='ltr'><strong>Ar.</strong></span> <span class='ocrx_word' id='word_1_229' title='bbox 889 4114 1306 4187; x_wconf 87' lang='lat' dir='ltr'><strong>archiepiscopi</strong></span> <span class='ocrx_word' id='word_1_230' title='bbox 1333 4116 1808 4181; x_wconf 84' lang='lat' dir='ltr'><strong>subornaveram,</strong></span> 
     </span>
    </p>
   </div>
   <div class='ocr_carea' id='block_1_43' title="bbox 189 4204 1807 4282">
    <p class='ocr_par' dir='ltr' id='par_1_43' title="bbox 189 4204 1807 4282">
     <span class='ocr_line' id='line_1_43' title="bbox 189 4204 1807 4282; baseline -0.007 -13"><span class='ocrx_word' id='word_1_231' title='bbox 189 4213 382 4270; x_wconf 84' lang='lat' dir='ltr'><strong>subtili</strong></span> <span class='ocrx_word' id='word_1_232' title='bbox 413 4225 700 4282; x_wconf 86' lang='lat' dir='ltr'><strong>responso</strong></span> <span class='ocrx_word' id='word_1_233' title='bbox 727 4205 1160 4280; x_wconf 85' lang='lat' dir='ltr'><strong>perstrinxistis.</strong></span> <span class='ocrx_word' id='word_1_234' title='bbox 1185 4204 1408 4259; x_wconf 87' lang='lat' dir='ltr'><strong>Veritus</strong></span> <span class='ocrx_word' id='word_1_235' title='bbox 1438 4205 1630 4276; x_wconf 82' lang='lat' dir='ltr'><strong>itaque</strong></span> <span class='ocrx_word' id='word_1_236' title='bbox 1658 4219 1807 4270; x_wconf 89' lang='lat' dir='ltr'><strong>sum,</strong></span> 
     </span>
    </p>
   </div>
   <div class='ocr_carea' id='block_1_44' title="bbox 190 4292 1812 4363">
    <p class='ocr_par' dir='ltr' id='par_1_44' title="bbox 190 4292 1812 4363">
     <span class='ocr_line' id='line_1_44' title="bbox 190 4292 1812 4363; baseline -0.007 -6"><span class='ocrx_word' id='word_1_237' title='bbox 190 4302 515 4357; x_wconf 82' lang='lat' dir='ltr'><strong>famulante</strong></span> <span class='ocrx_word' id='word_1_238' title='bbox 538 4295 916 4362; x_wconf 87' lang='lat' dir='ltr'><strong>conscientia,</strong></span> <span class='ocrx_word' id='word_1_239' title='bbox 953 4312 1025 4349; x_wconf 90' lang='lat' dir='ltr'><strong>ne</strong></span> <span class='ocrx_word' id='word_1_240' title='bbox 1046 4293 1102 4348; x_wconf 92' lang='lat' dir='ltr'><strong>in</strong></span> <span class='ocrx_word' id='word_1_241' title='bbox 1133 4293 1313 4348; x_wconf 91' lang='lat' dir='ltr'><strong>oculis</strong></span> <span class='ocrx_word' id='word_1_242' title='bbox 1334 4293 1534 4348; x_wconf 88' lang='lat' dir='ltr'><strong>vestris</strong></span> <span class='ocrx_word' id='word_1_243' title='bbox 1555 4292 1812 4363; x_wconf 89' lang='lat' dir='ltr'><strong>displice-</strong></span> 
     </span>
    </p>
   </div>
   <div class='ocr_carea' id='block_1_45' title="bbox 189 4383 1807 4462">
    <p class='ocr_par' dir='ltr' id='par_1_45' title="bbox 189 4383 1807 4462">
     <span class='ocr_line' id='line_1_45' title="bbox 189 4383 1807 4462; baseline -0.007 -15"><span class='ocrx_word' id='word_1_244' title='bbox 189 4407 336 4459; x_wconf 86' lang='lat' dir='ltr'><strong>rem,</strong></span> <span class='ocrx_word' id='word_1_245' title='bbox 365 4389 465 4462; x_wconf 86' lang='lat' dir='ltr'><strong>qui</strong></span> <span class='ocrx_word' id='word_1_246' title='bbox 500 4384 886 4455; x_wconf 90' lang='lat' dir='ltr'><strong>mihimetipsi</strong></span> <span class='ocrx_word' id='word_1_247' title='bbox 920 4383 1221 4456; x_wconf 85' lang='lat' dir='ltr'><strong>displicere</strong></span> <span class='ocrx_word' id='word_1_248' title='bbox 1245 4383 1370 4453; x_wconf 85' lang='lat' dir='ltr'><strong>jam</strong></span> <span class='ocrx_word' id='word_1_249' title='bbox 1403 4398 1713 4452; x_wconf 85' lang='lat' dir='ltr'><strong>coeperam,</strong></span> <span class='ocrx_word' id='word_1_250' title='bbox 1739 4397 1807 4435; x_wconf 90' lang='lat' dir='ltr'><strong>eo</strong></span> 
     </span>
    </p>
   </div>
   <div class='ocr_carea' id='block_1_46' title="bbox 191 4468 1812 4551">
    <p class='ocr_par' dir='ltr' id='par_1_46' title="bbox 191 4468 1812 4551">
     <span class='ocr_line' id='line_1_46' title="bbox 191 4468 1812 4551; baseline -0.007 -17"><span class='ocrx_word' id='word_1_251' title='bbox 191 4478 343 4551; x_wconf 89' lang='lat' dir='ltr'><strong>quod</strong></span> <span class='ocrx_word' id='word_1_252' title='bbox 361 4494 484 4532; x_wconf 90' lang='lat' dir='ltr'><strong>non</strong></span> <span class='ocrx_word' id='word_1_253' title='bbox 498 4475 692 4530; x_wconf 89' lang='lat' dir='ltr'><strong>socius</strong></span> <span class='ocrx_word' id='word_1_254' title='bbox 715 4472 1014 4538; x_wconf 85' lang='lat' dir='ltr'><strong>vitiorum,</strong></span> <span class='ocrx_word' id='word_1_255' title='bbox 1046 4470 1145 4525; x_wconf 89' lang='lat' dir='ltr'><strong>sed</strong></span> <span class='ocrx_word' id='word_1_256' title='bbox 1169 4469 1440 4541; x_wconf 88' lang='lat' dir='ltr'><strong>princeps</strong></span> <span class='ocrx_word' id='word_1_257' title='bbox 1466 4468 1812 4539; x_wconf 85' lang='lat' dir='ltr'><strong>dijudicarer</strong></span> 
     </span>
    </p>
   </div>
   <div class='ocr_carea' id='block_1_47' title="bbox 191 4557 1810 4632">
    <p class='ocr_par' dir='ltr' id='par_1_47' title="bbox 191 4557 1810 4632">
     <span class='ocr_line' id='line_1_47' title="bbox 191 4557 1810 4632; baseline -0.008 -8"><span class='ocrx_word' id='word_1_258' title='bbox 191 4568 584 4624; x_wconf 84' lang='lat' dir='ltr'><strong>maximorum</strong></span> <span class='ocrx_word' id='word_1_259' title='bbox 636 4564 949 4618; x_wconf 89' lang='lat' dir='ltr'><strong>scelerum.</strong></span> <span class='ocrx_word' id='word_1_260' title='bbox 1001 4561 1097 4615; x_wconf 88' lang='lat' dir='ltr'><strong>Ille</strong></span> <span class='ocrx_word' id='word_1_261' title='bbox 1128 4577 1260 4632; x_wconf 89' lang='lat' dir='ltr'><strong>ego,</strong></span> <span class='ocrx_word' id='word_1_262' title='bbox 1295 4559 1390 4630; x_wconf 89' lang='lat' dir='ltr'><strong>qui</strong></span> <span class='ocrx_word' id='word_1_263' title='bbox 1414 4559 1516 4613; x_wconf 91' lang='lat' dir='ltr'><strong>sub</strong></span> <span class='ocrx_word' id='word_1_264' title='bbox 1563 4557 1810 4630; x_wconf 64' lang='lat' dir='ltr'><strong>imperio</strong></span> 
     </span>
    </p>
   </div>
   <div class='ocr_carea' id='block_1_48' title="bbox 191 4646 1811 4724">
    <p class='ocr_par' dir='ltr' id='par_1_48' title="bbox 191 4646 1811 4724">
     <span class='ocr_line' id='line_1_48' title="bbox 191 4646 1811 4724; baseline -0.009 -11"><span class='ocrx_word' id='word_1_265' title='bbox 191 4657 371 4713; x_wconf 65' lang='lat' dir='ltr'><strong>beatw</strong></span> <span class='ocrx_word' id='word_1_266' title='bbox 388 4653 700 4711; x_wconf 68' lang='lat' dir='ltr'><strong>memoriae</strong></span> <span class='ocrx_word' id='word_1_267' title='bbox 721 4650 900 4724; x_wconf 87' lang='lat' dir='ltr'><strong>patris</strong></span> <span class='ocrx_word' id='word_1_268' title='bbox 920 4649 1033 4704; x_wconf 91' lang='lat' dir='ltr'><strong>mei</strong></span> <span class='ocrx_word' id='word_1_269' title='bbox 1055 4649 1160 4703; x_wconf 78' lang='lat' dir='ltr'><strong>Ad.</strong></span> <span class='ocrx_word' id='word_1_270' title='bbox 1175 4647 1554 4702; x_wconf 84' lang='lat' dir='ltr'><strong>militaveram</strong></span> <span class='ocrx_word' id='word_1_271' title='bbox 1574 4646 1631 4700; x_wconf 90' lang='lat' dir='ltr'><strong>in</strong></span> <span class='ocrx_word' id='word_1_272' title='bbox 1648 4646 1811 4700; x_wconf 88' lang='lat' dir='ltr'><strong>scho-</strong></span> 
     </span>
    </p>
   </div>
   <div class='ocr_carea' id='block_1_49' title="bbox 187 4736 1811 4810">
    <p class='ocr_par' dir='ltr' id='par_1_49' title="bbox 187 4736 1811 4810">
     <span class='ocr_line' id='line_1_49' title="bbox 187 4736 1811 4810; baseline -0.008 -7"><span class='ocrx_word' id='word_1_273' title='bbox 187 4750 243 4803; x_wconf 88' lang='lat' dir='ltr'><strong>la</strong></span> <span class='ocrx_word' id='word_1_274' title='bbox 257 4745 524 4802; x_wconf 90' lang='lat' dir='ltr'><strong>omnium</strong></span> <span class='ocrx_word' id='word_1_275' title='bbox 545 4744 1014 4806; x_wconf 87' lang='lat' dir='ltr'><strong>virtutum,nunc</strong></span> <span class='ocrx_word' id='word_1_276' title='bbox 1036 4755 1144 4810; x_wconf 86' lang='lat' dir='ltr'><strong>ego</strong></span> <span class='ocrx_word' id='word_1_277' title='bbox 1163 4736 1386 4809; x_wconf 83' lang='lat' dir='ltr'><strong>regiam</strong></span> <span class='ocrx_word' id='word_1_278' title='bbox 1406 4736 1594 4790; x_wconf 91' lang='lat' dir='ltr'><strong>incolo</strong></span> <span class='ocrx_word' id='word_1_279' title='bbox 1619 4736 1811 4790; x_wconf 86' lang='lat' dir='ltr'><strong>aulam</strong></span> 
     </span>
    </p>
   </div>
   <div class='ocr_carea' id='block_1_50' title="bbox 189 4825 1812 4893">
    <p class='ocr_par' dir='ltr' id='par_1_50' title="bbox 189 4825 1812 4893">
     <span class='ocr_line' id='line_1_50' title="bbox 189 4825 1812 4893; baseline -0.009 -1"><span class='ocrx_word' id='word_1_280' title='bbox 189 4852 320 4893; x_wconf 90' lang='lat' dir='ltr'><strong>cum</strong></span> <span class='ocrx_word' id='word_1_281' title='bbox 357 4831 763 4890; x_wconf 84' lang='lat' dir='ltr'><strong>sacerdotibus</strong></span> <span class='ocrx_word' id='word_1_282' title='bbox 783 4829 884 4884; x_wconf 89' lang='lat' dir='ltr'><strong>Dei</strong></span> <span class='ocrx_word' id='word_1_283' title='bbox 911 4829 1085 4882; x_wconf 88' lang='lat' dir='ltr'><strong>verba</strong></span> <span class='ocrx_word' id='word_1_284' title='bbox 1113 4827 1241 4882; x_wconf 82' lang='lat' dir='ltr'><strong>vitae</strong></span> <span class='ocrx_word' id='word_1_285' title='bbox 1274 4825 1720 4881; x_wconf 83' lang='lat' dir='ltr'><strong>conferens.Nec</strong></span> <span class='ocrx_word' id='word_1_286' title='bbox 1739 4825 1812 4879; x_wconf 90' lang='lat' dir='ltr'><strong>ob</strong></span> 
     </span>
    </p>
   </div>
   <div class='ocr_carea' id='block_1_51' title="bbox 190 4912 1814 4988">
    <p class='ocr_par' dir='ltr' id='par_1_51' title="bbox 190 4912 1814 4988">
     <span class='ocr_line' id='line_1_51' title="bbox 190 4912 1814 4988; baseline -0.01 -6"><span class='ocrx_word' id='word_1_287' title='bbox 190 4939 453 4981; x_wconf 88' lang='lat' dir='ltr'><strong>amorem</strong></span> <span class='ocrx_word' id='word_1_288' title='bbox 474 4920 669 4977; x_wconf 80' lang='lat' dir='ltr'><strong>Caroli</strong></span> <span class='ocrx_word' id='word_1_289' title='bbox 702 4919 789 4972; x_wconf 89' lang='lat' dir='ltr'><strong>vel</strong></span> <span class='ocrx_word' id='word_1_290' title='bbox 818 4916 1038 4971; x_wconf 81' lang='lat' dir='ltr'><strong>Amulli</strong></span> <span class='ocrx_word' id='word_1_291' title='bbox 1065 4933 1264 4988; x_wconf 87' lang='lat' dir='ltr'><strong>passus</strong></span> <span class='ocrx_word' id='word_1_292' title='bbox 1289 4931 1417 4969; x_wconf 91' lang='lat' dir='ltr'><strong>sum</strong></span> <span class='ocrx_word' id='word_1_293' title='bbox 1448 4913 1658 4968; x_wconf 86' lang='lat' dir='ltr'><strong>diutius</strong></span> <span class='ocrx_word' id='word_1_294' title='bbox 1689 4912 1814 4966; x_wconf 84' lang='lat' dir='ltr'><strong>fieri</strong></span> 
     </span>
    </p>
   </div>
   <div class='ocr_carea' id='block_1_52' title="bbox 192 5002 1816 5085">
    <p class='ocr_par' dir='ltr' id='par_1_52' title="bbox 192 5002 1816 5085">
     <span class='ocr_line' id='line_1_52' title="bbox 192 5002 1816 5085; baseline -0.009 -15"><span class='ocrx_word' id='word_1_295' title='bbox 192 5028 478 5085; x_wconf 82' lang='lat' dir='ltr'><strong>organum</strong></span> <span class='ocrx_word' id='word_1_296' title='bbox 510 5006 756 5075; x_wconf 89' lang='lat' dir='ltr'><strong>diaboli,</strong></span> <span class='ocrx_word' id='word_1_297' title='bbox 790 5022 897 5078; x_wconf 90' lang='lat' dir='ltr'><strong>pro</strong></span> <span class='ocrx_word' id='word_1_298' title='bbox 927 5005 1231 5060; x_wconf 86' lang='lat' dir='ltr'><strong>mendacio</strong></span> <span class='ocrx_word' id='word_1_299' title='bbox 1263 5007 1466 5058; x_wconf 88' lang='lat' dir='ltr'><strong>contra</strong></span> <span class='ocrx_word' id='word_1_300' title='bbox 1512 5002 1816 5056; x_wconf 82' lang='lat' dir='ltr'><strong>veritatem</strong></span> 
     </span>
    </p>
   </div>
   <div class='ocr_carea' id='block_1_53' title="bbox 192 5092 1819 5168">
    <p class='ocr_par' dir='ltr' id='par_1_53' title="bbox 192 5092 1819 5168">
     <span class='ocr_line' id='line_1_53' title="bbox 192 5092 1819 5168; baseline -0.009 -9"><span class='ocrx_word' id='word_1_301' title='bbox 192 5097 722 5158; x_wconf 87' lang='lat' dir='ltr'><strong>declamando.0ro</strong></span> <span class='ocrx_word' id='word_1_302' title='bbox 746 5096 940 5168; x_wconf 87' lang='lat' dir='ltr'><strong>itaque</strong></span> <span class='ocrx_word' id='word_1_303' title='bbox 959 5094 1198 5166; x_wconf 89' lang='lat' dir='ltr'><strong>antiqua</strong></span> <span class='ocrx_word' id='word_1_304' title='bbox 1213 5092 1614 5147; x_wconf 86' lang='lat' dir='ltr'><strong>benevolentia</strong></span> <span class='ocrx_word' id='word_1_305' title='bbox 1631 5094 1819 5145; x_wconf 86' lang='lat' dir='ltr'><strong>vestra</strong></span> 
     </span>
    </p>
   </div>
   <div class='ocr_carea' id='block_1_54' title="bbox 193 5183 1816 5264">
    <p class='ocr_par' dir='ltr' id='par_1_54' title="bbox 193 5183 1816 5264">
     <span class='ocr_line' id='line_1_54' title="bbox 193 5183 1816 5264; baseline -0.008 -18"><span class='ocrx_word' id='word_1_306' title='bbox 193 5191 398 5264; x_wconf 80' lang='lat' dir='ltr'><strong>dignus</strong></span> <span class='ocrx_word' id='word_1_307' title='bbox 437 5187 713 5246; x_wconf 81' lang='lat' dir='ltr'><strong>inveniri.</strong></span> <span class='ocrx_word' id='word_1_308' title='bbox 736 5185 960 5256; x_wconf 83' lang='lat' dir='ltr'><strong>Quippe</strong></span> <span class='ocrx_word' id='word_1_309' title='bbox 1007 5183 1432 5238; x_wconf 84' lang='lat' dir='ltr'><strong>existimatione</strong></span> <span class='ocrx_word' id='word_1_310' title='bbox 1465 5184 1650 5236; x_wconf 88' lang='lat' dir='ltr'><strong>vestra</strong></span> <span class='ocrx_word' id='word_1_311' title='bbox 1678 5196 1816 5235; x_wconf 91' lang='lat' dir='ltr'><strong>con-</strong></span> 
     </span>
    </p>
   </div>
   <div class='ocr_carea' id='block_1_55' title="bbox 191 5267 1818 5352">
    <p class='ocr_par' dir='ltr' id='par_1_55' title="bbox 191 5267 1818 5352">
     <span class='ocr_line' id='line_1_55' title="bbox 191 5267 1818 5352; baseline -0.008 -18"><span class='ocrx_word' id='word_1_312' title='bbox 191 5279 488 5352; x_wconf 84' lang='lat' dir='ltr'><strong>scientiam</strong></span> <span class='ocrx_word' id='word_1_313' title='bbox 523 5292 731 5333; x_wconf 86' lang='lat' dir='ltr'><strong>meam</strong></span> <span class='ocrx_word' id='word_1_314' title='bbox 767 5272 974 5340; x_wconf 57' lang='lat' dir='ltr'><strong>detexi,</strong></span> <span class='ocrx_word' id='word_1_315' title='bbox 1011 5275 1073 5327; x_wconf 91' lang='lat' dir='ltr'><strong>ut</strong></span> <span class='ocrx_word' id='word_1_316' title='bbox 1101 5289 1167 5326; x_wconf 88' lang='lat' dir='ltr'><strong>cx</strong></span> <span class='ocrx_word' id='word_1_317' title='bbox 1191 5289 1284 5326; x_wconf 89' lang='lat' dir='ltr'><strong>me</strong></span> <span class='ocrx_word' id='word_1_318' title='bbox 1305 5267 1660 5344; x_wconf 87' lang='lat' dir='ltr'><strong>pernoscatis</strong></span> <span class='ocrx_word' id='word_1_319' title='bbox 1680 5267 1818 5341; x_wconf 92' lang='lat' dir='ltr'><strong>quid</strong></span> 
     </span>
    </p>
   </div>
   <div class='ocr_carea' id='block_1_56' title="bbox 195 5357 1636 5444">
    <p class='ocr_par' dir='ltr' id='par_1_56' title="bbox 195 5357 1636 5444">
     <span class='ocr_line' id='line_1_56' title="bbox 195 5357 1636 5444; baseline -0.008 -18"><span class='ocrx_word' id='word_1_320' title='bbox 195 5369 263 5424; x_wconf 84' lang='lat' dir='ltr'><strong>de</strong></span> <span class='ocrx_word' id='word_1_321' title='bbox 291 5366 627 5444; x_wconf 78' lang='lat' dir='ltr'><strong>perditione</strong></span> <span class='ocrx_word' id='word_1_322' title='bbox 653 5366 973 5419; x_wconf 76' lang='lat' dir='ltr'><strong>Remorum</strong></span> <span class='ocrx_word' id='word_1_323' title='bbox 1007 5360 1330 5432; x_wconf 85' lang='lat' dir='ltr'><strong>intelligere</strong></span> <span class='ocrx_word' id='word_1_324' title='bbox 1358 5357 1636 5414; x_wconf 88' lang='lat' dir='ltr'><strong>debeatis.</strong></span> 
     </span>
    </p>
   </div>
   <div class='ocr_carea' id='block_1_57' title="bbox 699 5487 1315 5544">
    <p class='ocr_par' dir='ltr' id='par_1_57' title="bbox 699 5487 1315 5544">
     <span class='ocr_line' id='line_1_57' title="bbox 699 5487 1315 5544; baseline -0.006 -1"><span class='ocrx_word' id='word_1_325' title='bbox 699 5487 1040 5544; x_wconf 76' lang='lat' dir='ltr'><strong>EPISTOLA</strong></span> <span class='ocrx_word' id='word_1_326' title='bbox 1080 5487 1315 5542; x_wconf 81' lang='lat' dir='ltr'><strong>CLXXX.</strong></span> 
     </span>
    </p>
   </div>
   <div class='ocr_carea' id='block_1_58' title="bbox 317 5588 1694 5640">
    <p class='ocr_par' dir='ltr' id='par_1_58' title="bbox 317 5588 1694 5640">
     <span class='ocr_line' id='line_1_58' title="bbox 317 5588 1694 5640; baseline -0.012 0"><span class='ocrx_word' id='word_1_327' title='bbox 317 5601 394 5640; x_wconf 77' lang='lat' dir='ltr'><strong>AD</strong></span> <span class='ocrx_word' id='word_1_328' title='bbox 418 5593 875 5638; x_wconf 70' lang='lat' dir='ltr'><strong>ADALBERONEM</strong></span> <span class='ocrx_word' id='word_1_329' title='bbox 904 5591 1225 5630; x_wconf 83' lang='lat' dir='ltr'><strong>EPISCOPUM</strong></span> <span class='ocrx_word' id='word_1_330' title='bbox 1254 5588 1694 5630; x_wconf 77' lang='lat' dir='ltr'><strong>VIRDUNENSEM.</strong></span> 
     </span>
    </p>
   </div>
   <div class='ocr_carea' id='block_1_59' title="bbox 258 5656 1820 5731">
    <p class='ocr_par' dir='ltr' id='par_1_59' title="bbox 258 5656 1820 5731">
     <span class='ocr_line' id='line_1_59' title="bbox 258 5656 1820 5731; baseline -0.012 -1"><span class='ocrx_word' id='word_1_331' title='bbox 258 5672 537 5728; x_wconf 90' lang='lat' dir='ltr'><strong>Omnium</strong></span> <span class='ocrx_word' id='word_1_332' title='bbox 553 5664 940 5724; x_wconf 88' lang='lat' dir='ltr'><strong>consiliorum</strong></span> <span class='ocrx_word' id='word_1_333' title='bbox 959 5678 1224 5717; x_wconf 88' lang='lat' dir='ltr'><strong>meorum</strong></span> <span class='ocrx_word' id='word_1_334' title='bbox 1238 5659 1501 5731; x_wconf 89' lang='lat' dir='ltr'><strong>participi</strong></span> <span class='ocrx_word' id='word_1_335' title='bbox 1516 5676 1581 5718; x_wconf 86' lang='lat' dir='ltr'><strong>ac</strong></span> <span class='ocrx_word' id='word_1_336' title='bbox 1592 5656 1820 5713; x_wconf 86' lang='lat' dir='ltr'><strong>conscio</strong></span> 
     </span>
    </p>
   </div>
   <div class='ocr_carea' id='block_1_60' title="bbox 189 5748 1809 5821">
    <p class='ocr_par' dir='ltr' id='par_1_60' title="bbox 189 5748 1809 5821">
     <span class='ocr_line' id='line_1_60' title="bbox 189 5748 1809 5821; baseline -0.012 -2"><span class='ocrx_word' id='word_1_337' title='bbox 189 5779 304 5819; x_wconf 89' lang='lat' dir='ltr'><strong>non</strong></span> <span class='ocrx_word' id='word_1_338' title='bbox 338 5764 526 5819; x_wconf 88' lang='lat' dir='ltr'><strong>multa</strong></span> <span class='ocrx_word' id='word_1_339' title='bbox 549 5757 737 5816; x_wconf 91' lang='lat' dir='ltr'><strong>verba</strong></span> <span class='ocrx_word' id='word_1_340' title='bbox 761 5755 1013 5808; x_wconf 80' lang='lat' dir='ltr'><strong>facturus</strong></span> <span class='ocrx_word' id='word_1_341' title='bbox 1033 5769 1182 5807; x_wconf 90' lang='lat' dir='ltr'><strong>sum.</strong></span> <span class='ocrx_word' id='word_1_342' title='bbox 1209 5750 1356 5806; x_wconf 89' lang='lat' dir='ltr'><strong>Satis</strong></span> <span class='ocrx_word' id='word_1_343' title='bbox 1373 5749 1529 5806; x_wconf 89' lang='lat' dir='ltr'><strong>enim</strong></span> <span class='ocrx_word' id='word_1_344' title='bbox 1553 5749 1679 5821; x_wconf 88' lang='lat' dir='ltr'><strong>post</strong></span> <span class='ocrx_word' id='word_1_345' title='bbox 1710 5748 1809 5800; x_wconf 88' lang='lat' dir='ltr'><strong>Pa-</strong></span> 
     </span>
    </p>
   </div>
   <div class='ocr_carea' id='block_1_61' title="bbox 1882 696 3496 774">
    <p class='ocr_par' dir='ltr' id='par_1_61' title="bbox 1882 696 3496 774">
     <span class='ocr_line' id='line_1_61' title="bbox 1882 696 3496 774; baseline -0.002 -18"><span class='ocrx_word' id='word_1_346' title='bbox 1882 705 2148 774; x_wconf 88' lang='lat' dir='ltr'><strong>tempore</strong></span> <span class='ocrx_word' id='word_1_347' title='bbox 2175 699 2368 758; x_wconf 69' lang='lat' dir='ltr'><strong>Remis</strong></span> <span class='ocrx_word' id='word_1_348' title='bbox 2393 701 2792 757; x_wconf 83' lang='lat' dir='ltr'><strong>commoratus</strong></span> <span class='ocrx_word' id='word_1_349' title='bbox 2827 713 2979 764; x_wconf 89' lang='lat' dir='ltr'><strong>sum,</strong></span> <span class='ocrx_word' id='word_1_350' title='bbox 3009 712 3124 769; x_wconf 90' lang='lat' dir='ltr'><strong>quo</strong></span> <span class='ocrx_word' id='word_1_351' title='bbox 3152 699 3286 756; x_wconf 77' lang='lat' dir='ltr'><strong>ante</strong></span> <span class='ocrx_word' id='word_1_352' title='bbox 3307 696 3496 768; x_wconf 65' lang='lat' dir='ltr'><strong>perdio</strong></span> 
     </span>
    </p>
   </div>
   <div class='ocr_carea' id='block_1_62' title="bbox 1883 785 3492 863">
    <p class='ocr_par' dir='ltr' id='par_1_62' title="bbox 1883 785 3492 863">
     <span class='ocr_line' id='line_1_62' title="bbox 1883 785 3492 863; baseline -0.001 -17"><span class='ocrx_word' id='word_1_353' title='bbox 1883 791 2106 850; x_wconf 87' lang='lat' dir='ltr'><strong>tionem</strong></span> <span class='ocrx_word' id='word_1_354' title='bbox 2121 791 2275 848; x_wconf 90' lang='lat' dir='ltr'><strong>urbis</strong></span> <span class='ocrx_word' id='word_1_355' title='bbox 2291 793 2349 846; x_wconf 90' lang='lat' dir='ltr'><strong>et</strong></span> <span class='ocrx_word' id='word_1_356' title='bbox 2362 794 2490 863; x_wconf 87' lang='lat' dir='ltr'><strong>post</strong></span> <span class='ocrx_word' id='word_1_357' title='bbox 2509 788 2896 862; x_wconf 88' lang='lat' dir='ltr'><strong>perditionem</strong></span> <span class='ocrx_word' id='word_1_358' title='bbox 2913 786 3073 843; x_wconf 87' lang='lat' dir='ltr'><strong>abire</strong></span> <span class='ocrx_word' id='word_1_359' title='bbox 3090 785 3492 844; x_wconf 70' lang='lat' dir='ltr'><strong>contenderim</strong></span> 
     </span>
    </p>
   </div>
   <div class='ocr_carea' id='block_1_63' title="bbox 1885 874 3496 954">
    <p class='ocr_par' dir='ltr' id='par_1_63' title="bbox 1885 874 3496 954">
     <span class='ocr_line' id='line_1_63' title="bbox 1885 874 3496 954; baseline -0.005 -16"><span class='ocrx_word' id='word_1_360' title='bbox 1885 880 2105 954; x_wconf 72' lang='lat' dir='ltr'><strong>Saepius</strong></span> <span class='ocrx_word' id='word_1_361' title='bbox 2161 896 2392 952; x_wconf 87' lang='lat' dir='ltr'><strong>quoque</strong></span> <span class='ocrx_word' id='word_1_362' title='bbox 2442 878 2582 934; x_wconf 91' lang='lat' dir='ltr'><strong>illud</strong></span> <span class='ocrx_word' id='word_1_363' title='bbox 2608 876 3026 934; x_wconf 76' lang='lat' dir='ltr'><strong>Terentianum</strong></span> <span class='ocrx_word' id='word_1_364' title='bbox 3080 874 3496 946; x_wconf 85' lang='lat' dir='ltr'><strong>recepistis:Si</strong></span> 
     </span>
    </p>
   </div>
   <div class='ocr_carea' id='block_1_64' title="bbox 1885 963 3494 1042">
    <p class='ocr_par' dir='ltr' id='par_1_64' title="bbox 1885 963 3494 1042">
     <span class='ocr_line' id='line_1_64' title="bbox 1885 963 3494 1042; baseline -0.004 -17"><span class='ocrx_word' id='word_1_365' title='bbox 1885 985 2004 1025; x_wconf 91' lang='lat' dir='ltr'><strong>non</strong></span> <span class='ocrx_word' id='word_1_366' title='bbox 2027 971 2217 1042; x_wconf 87' lang='lat' dir='ltr'><strong>potest</strong></span> <span class='ocrx_word' id='word_1_367' title='bbox 2246 967 2368 1024; x_wconf 79' lang='lat' dir='ltr'><strong>fieri</strong></span> <span class='ocrx_word' id='word_1_368' title='bbox 2401 967 2558 1040; x_wconf 85' lang='lat' dir='ltr'><strong>quod</strong></span> <span class='ocrx_word' id='word_1_369' title='bbox 2584 967 2686 1034; x_wconf 88' lang='lat' dir='ltr'><strong>vis,</strong></span> <span class='ocrx_word' id='word_1_370' title='bbox 2730 965 2790 1021; x_wconf 91' lang='lat' dir='ltr'><strong>id</strong></span> <span class='ocrx_word' id='word_1_371' title='bbox 2821 965 2960 1020; x_wconf 89' lang='lat' dir='ltr'><strong>velis</strong></span> <span class='ocrx_word' id='word_1_372' title='bbox 2989 965 3146 1037; x_wconf 88' lang='lat' dir='ltr'><strong>quod</strong></span> <span class='ocrx_word' id='word_1_373' title='bbox 3195 963 3395 1035; x_wconf 78' lang='lat' dir='ltr'><strong>possis.</strong></span> <span class='ocrx_word' id='word_1_374' title='bbox 3424 965 3494 1020; x_wconf 83' lang='lat' dir='ltr'><strong>Et</strong></span> 
     </span>
    </p>
   </div>
   <div class='ocr_carea' id='block_1_65' title="bbox 1888 1052 3498 1130">
    <p class='ocr_par' dir='ltr' id='par_1_65' title="bbox 1888 1052 3498 1130">
     <span class='ocr_line' id='line_1_65' title="bbox 1888 1052 3498 1130; baseline -0.003 -18"><span class='ocrx_word' id='word_1_375' title='bbox 1888 1075 2042 1112; x_wconf 91' lang='lat' dir='ltr'><strong>nunc</strong></span> <span class='ocrx_word' id='word_1_376' title='bbox 2083 1057 2315 1130; x_wconf 88' lang='lat' dir='ltr'><strong>quidem</strong></span> <span class='ocrx_word' id='word_1_377' title='bbox 2336 1056 2752 1111; x_wconf 81' lang='lat' dir='ltr'><strong>beneficiorum</strong></span> <span class='ocrx_word' id='word_1_378' title='bbox 2784 1071 2850 1110; x_wconf 90' lang='lat' dir='ltr'><strong>ac</strong></span> <span class='ocrx_word' id='word_1_379' title='bbox 2879 1053 3108 1126; x_wconf 86' lang='lat' dir='ltr'><strong>pietatis</strong></span> <span class='ocrx_word' id='word_1_380' title='bbox 3129 1057 3328 1110; x_wconf 74' lang='lat' dir='ltr'><strong>vestrae</strong></span> <span class='ocrx_word' id='word_1_381' title='bbox 3345 1052 3498 1108; x_wconf 88' lang='lat' dir='ltr'><strong>circa</strong></span> 
     </span>
    </p>
   </div>
   <div class='ocr_carea' id='block_1_66' title="bbox 1885 1143 3500 1215">
    <p class='ocr_par' dir='ltr' id='par_1_66' title="bbox 1885 1143 3500 1215">
     <span class='ocr_line' id='line_1_66' title="bbox 1885 1143 3500 1215; baseline -0.004 -16"><span class='ocrx_word' id='word_1_382' title='bbox 1885 1161 1981 1199; x_wconf 89' lang='lat' dir='ltr'><strong>me</strong></span> <span class='ocrx_word' id='word_1_383' title='bbox 2013 1160 2130 1198; x_wconf 91' lang='lat' dir='ltr'><strong>non</strong></span> <span class='ocrx_word' id='word_1_384' title='bbox 2163 1143 2496 1209; x_wconf 88' lang='lat' dir='ltr'><strong>immemor,</strong></span> <span class='ocrx_word' id='word_1_385' title='bbox 2521 1145 2866 1215; x_wconf 89' lang='lat' dir='ltr'><strong>conceptum</strong></span> <span class='ocrx_word' id='word_1_386' title='bbox 2921 1157 3184 1196; x_wconf 87' lang='lat' dir='ltr'><strong>amorem</strong></span> <span class='ocrx_word' id='word_1_387' title='bbox 3215 1156 3355 1211; x_wconf 88' lang='lat' dir='ltr'><strong>erga</strong></span> <span class='ocrx_word' id='word_1_388' title='bbox 3399 1155 3500 1193; x_wconf 90' lang='lat' dir='ltr'><strong>vos</strong></span> 
     </span>
    </p>
   </div>
   <div class='ocr_carea' id='block_1_67' title="bbox 1888 1225 3496 1304">
    <p class='ocr_par' dir='ltr' id='par_1_67' title="bbox 1888 1225 3496 1304">
     <span class='ocr_line' id='line_1_67' title="bbox 1888 1225 3496 1304; baseline -0.002 -18"><span class='ocrx_word' id='word_1_389' title='bbox 1888 1235 2223 1304; x_wconf 86' lang='lat' dir='ltr'><strong>vestrosque</strong></span> <span class='ocrx_word' id='word_1_390' title='bbox 2275 1247 2573 1297; x_wconf 88' lang='lat' dir='ltr'><strong>conservo,</strong></span> <span class='ocrx_word' id='word_1_391' title='bbox 2636 1247 2822 1302; x_wconf 90' lang='lat' dir='ltr'><strong>eoque</strong></span> <span class='ocrx_word' id='word_1_392' title='bbox 2876 1247 2971 1284; x_wconf 90' lang='lat' dir='ltr'><strong>me</strong></span> <span class='ocrx_word' id='word_1_393' title='bbox 3002 1228 3324 1284; x_wconf 88' lang='lat' dir='ltr'><strong>beatiorem</strong></span> <span class='ocrx_word' id='word_1_394' title='bbox 3369 1225 3496 1282; x_wconf 77' lang='lat' dir='ltr'><strong>ﬁeri</strong></span> 
     </span>
    </p>
   </div>
   <div class='ocr_carea' id='block_1_68' title="bbox 1878 1317 3496 1393">
    <p class='ocr_par' dir='ltr' id='par_1_68' title="bbox 1878 1317 3496 1393">
     <span class='ocr_line' id='line_1_68' title="bbox 1878 1317 3496 1393; baseline -0.003 -18"><span class='ocrx_word' id='word_1_395' title='bbox 1878 1321 2095 1393; x_wconf 90' lang='lat' dir='ltr'><strong>judico.</strong></span> <span class='ocrx_word' id='word_1_396' title='bbox 2123 1320 2427 1384; x_wconf 89' lang='lat' dir='ltr'><strong>Quomodo</strong></span> <span class='ocrx_word' id='word_1_397' title='bbox 2453 1320 2612 1374; x_wconf 90' lang='lat' dir='ltr'><strong>enim</strong></span> <span class='ocrx_word' id='word_1_398' title='bbox 2645 1336 2762 1374; x_wconf 92' lang='lat' dir='ltr'><strong>non</strong></span> <span class='ocrx_word' id='word_1_399' title='bbox 2791 1319 3030 1390; x_wconf 85' lang='lat' dir='ltr'><strong>diligam</strong></span> <span class='ocrx_word' id='word_1_400' title='bbox 3055 1317 3359 1388; x_wconf 84' lang='lat' dir='ltr'><strong>diligentes</strong></span> <span class='ocrx_word' id='word_1_401' title='bbox 3377 1332 3496 1372; x_wconf 89' lang='lat' dir='ltr'><strong>me.</strong></span> 
     </span>
    </p>
   </div>
   <div class='ocr_carea' id='block_1_69' title="bbox 1886 1407 3494 1481">
    <p class='ocr_par' dir='ltr' id='par_1_69' title="bbox 1886 1407 3494 1481">
     <span class='ocr_line' id='line_1_69' title="bbox 1886 1407 3494 1481; baseline -0.004 -16"><span class='ocrx_word' id='word_1_402' title='bbox 1886 1410 2084 1465; x_wconf 91' lang='lat' dir='ltr'><strong>Sentio</strong></span> <span class='ocrx_word' id='word_1_403' title='bbox 2112 1409 2325 1481; x_wconf 91' lang='lat' dir='ltr'><strong>quippe</strong></span> <span class='ocrx_word' id='word_1_404' title='bbox 2349 1425 2450 1463; x_wconf 87' lang='lat' dir='ltr'><strong>vos</strong></span> <span class='ocrx_word' id='word_1_405' title='bbox 2481 1407 2868 1464; x_wconf 87' lang='lat' dir='ltr'><strong>condelectari</strong></span> <span class='ocrx_word' id='word_1_406' title='bbox 2897 1407 3052 1480; x_wconf 87' lang='lat' dir='ltr'><strong>quod</strong></span> <span class='ocrx_word' id='word_1_407' title='bbox 3083 1407 3494 1460; x_wconf 86' lang='lat' dir='ltr'><strong>sceleratorum</strong></span> 
     </span>
    </p>
   </div>
   <div class='ocr_carea' id='block_1_70' title="bbox 1882 1491 3498 1568">
    <p class='ocr_par' dir='ltr' id='par_1_70' title="bbox 1882 1491 3498 1568">
     <span class='ocr_line' id='line_1_70' title="bbox 1882 1491 3498 1568; baseline -0.004 -14"><span class='ocrx_word' id='word_1_408' title='bbox 1882 1499 2188 1554; x_wconf 89' lang='lat' dir='ltr'><strong>hominum</strong></span> <span class='ocrx_word' id='word_1_409' title='bbox 2205 1497 2894 1568; x_wconf 80' lang='lat' dir='ltr'><strong>conciliabulaeﬂ‘ugerim</strong></span> <span class='ocrx_word' id='word_1_410' title='bbox 2906 1495 3082 1567; x_wconf 88' lang='lat' dir='ltr'><strong>,quod</strong></span> <span class='ocrx_word' id='word_1_411' title='bbox 3098 1491 3498 1549; x_wconf 87' lang='lat' dir='ltr'><strong>communioni</strong></span> 
     </span>
    </p>
   </div>
   <div class='ocr_carea' id='block_1_71' title="bbox 1886 1585 3501 1656">
    <p class='ocr_par' dir='ltr' id='par_1_71' title="bbox 1886 1585 3501 1656">
     <span class='ocr_line' id='line_1_71' title="bbox 1886 1585 3501 1656; baseline -0.005 -13"><span class='ocrx_word' id='word_1_412' title='bbox 1886 1586 2281 1644; x_wconf 73' lang='lat' dir='ltr'><strong>ecclesiasticae</strong></span> <span class='ocrx_word' id='word_1_413' title='bbox 2307 1587 2604 1641; x_wconf 88' lang='lat' dir='ltr'><strong>restitutus</strong></span> <span class='ocrx_word' id='word_1_414' title='bbox 2659 1586 2788 1641; x_wconf 89' lang='lat' dir='ltr'><strong>sim.</strong></span> <span class='ocrx_word' id='word_1_415' title='bbox 2870 1585 3035 1656; x_wconf 78' lang='lat' dir='ltr'><strong>Agite</strong></span> <span class='ocrx_word' id='word_1_416' title='bbox 3095 1599 3232 1655; x_wconf 85' lang='lat' dir='ltr'><strong>ergo</strong></span> <span class='ocrx_word' id='word_1_417' title='bbox 3269 1597 3501 1636; x_wconf 83' lang='lat' dir='ltr'><strong>causam</strong></span> 
     </span>
    </p>
   </div>
   <div class='ocr_carea' id='block_1_72' title="bbox 1889 1670 3500 1740">
    <p class='ocr_par' dir='ltr' id='par_1_72' title="bbox 1889 1670 3500 1740">
     <span class='ocr_line' id='line_1_72' title="bbox 1889 1670 3500 1740; baseline -0.005 -8"><span class='ocrx_word' id='word_1_418' title='bbox 1889 1677 2060 1732; x_wconf 87' lang='lat' dir='ltr'><strong>amici</strong></span> <span class='ocrx_word' id='word_1_419' title='bbox 2090 1677 2258 1730; x_wconf 89' lang='lat' dir='ltr'><strong>solito</strong></span> <span class='ocrx_word' id='word_1_420' title='bbox 2292 1693 2477 1740; x_wconf 89' lang='lat' dir='ltr'><strong>more,</strong></span> <span class='ocrx_word' id='word_1_421' title='bbox 2510 1676 2568 1730; x_wconf 92' lang='lat' dir='ltr'><strong>id</strong></span> <span class='ocrx_word' id='word_1_422' title='bbox 2591 1679 2675 1730; x_wconf 90' lang='lat' dir='ltr'><strong>est</strong></span> <span class='ocrx_word' id='word_1_423' title='bbox 2709 1680 2770 1730; x_wconf 92' lang='lat' dir='ltr'><strong>ut</strong></span> <span class='ocrx_word' id='word_1_424' title='bbox 2797 1675 2983 1730; x_wconf 86' lang='lat' dir='ltr'><strong>Lelius</strong></span> <span class='ocrx_word' id='word_1_425' title='bbox 3013 1673 3084 1727; x_wconf 84' lang='lat' dir='ltr'><strong>ab</strong></span> <span class='ocrx_word' id='word_1_426' title='bbox 3116 1671 3382 1727; x_wconf 81' lang='lat' dir='ltr'><strong>Helvetiis</strong></span> <span class='ocrx_word' id='word_1_427' title='bbox 3411 1670 3500 1725; x_wconf 82' lang='lat' dir='ltr'><strong>vel</strong></span> 
     </span>
    </p>
   </div>
   <div class='ocr_carea' id='block_1_73' title="bbox 1891 1759 3500 1835">
    <p class='ocr_par' dir='ltr' id='par_1_73' title="bbox 1891 1759 3500 1835">
     <span class='ocr_line' id='line_1_73' title="bbox 1891 1759 3500 1835; baseline -0.004 -15"><span class='ocrx_word' id='word_1_428' title='bbox 1891 1764 2088 1820; x_wconf 89' lang='lat' dir='ltr'><strong>Suevis</strong></span> <span class='ocrx_word' id='word_1_429' title='bbox 2110 1764 2330 1830; x_wconf 89' lang='lat' dir='ltr'><strong>redeat,</strong></span> <span class='ocrx_word' id='word_1_430' title='bbox 2362 1765 2583 1835; x_wconf 68' lang='lat' dir='ltr'><strong>Aquilae</strong></span> <span class='ocrx_word' id='word_1_431' title='bbox 2608 1765 2816 1819; x_wconf 87' lang='lat' dir='ltr'><strong>dilecto</strong></span> <span class='ocrx_word' id='word_1_432' title='bbox 2841 1761 3168 1832; x_wconf 89' lang='lat' dir='ltr'><strong>diligendus</strong></span> <span class='ocrx_word' id='word_1_433' title='bbox 3198 1759 3500 1832; x_wconf 87' lang='lat' dir='ltr'><strong>conquira-</strong></span> 
     </span>
    </p>
   </div>
   <div class='ocr_carea' id='block_1_74' title="bbox 1889 1850 3504 1925">
    <p class='ocr_par' dir='ltr' id='par_1_74' title="bbox 1889 1850 3504 1925">
     <span class='ocr_line' id='line_1_74' title="bbox 1889 1850 3504 1925; baseline -0.001 -19"><span class='ocrx_word' id='word_1_434' title='bbox 1889 1856 1984 1907; x_wconf 90' lang='lat' dir='ltr'><strong>tnr</strong></span> <span class='ocrx_word' id='word_1_435' title='bbox 2009 1868 2132 1925; x_wconf 91' lang='lat' dir='ltr'><strong>par,</strong></span> <span class='ocrx_word' id='word_1_436' title='bbox 2154 1856 2216 1906; x_wconf 93' lang='lat' dir='ltr'><strong>ut</strong></span> <span class='ocrx_word' id='word_1_437' title='bbox 2244 1867 2485 1924; x_wconf 90' lang='lat' dir='ltr'><strong>operum</strong></span> <span class='ocrx_word' id='word_1_438' title='bbox 2511 1855 2846 1909; x_wconf 87' lang='lat' dir='ltr'><strong>nostrorum</strong></span> <span class='ocrx_word' id='word_1_439' title='bbox 2874 1852 2947 1907; x_wconf 83' lang='lat' dir='ltr'><strong>sit</strong></span> <span class='ocrx_word' id='word_1_440' title='bbox 2964 1850 3504 1907; x_wconf 79' lang='lat' dir='ltr'><strong>Itnisconsummata</strong></span> 
     </span>
    </p>
   </div>
   <div class='ocr_carea' id='block_1_75' title="bbox 1814 1941 2158 2026">
    <p class='ocr_par' dir='ltr' id='par_1_75' title="bbox 1814 1941 2158 2026">
     <span class='ocr_line' id='line_1_75' title="bbox 1814 1941 2158 2026; baseline -0.009 -29"><span class='ocrx_word' id='word_1_441' title='bbox 1814 1962 1867 2026; x_wconf 82' lang='grc' dir='ltr'>Β</span> <span class='ocrx_word' id='word_1_442' title='bbox 1889 1941 2158 1996; x_wconf 89' lang='lat' dir='ltr'><strong>charitas.</strong></span> 
     </span>
    </p>
   </div>
   <div class='ocr_carea' id='block_1_76' title="bbox 2393 2047 3016 2105">
    <p class='ocr_par' dir='ltr' id='par_1_76' title="bbox 2393 2047 3016 2105">
     <span class='ocr_line' id='line_1_76' title="bbox 2393 2047 3016 2105; baseline -0.006 0"><span class='ocrx_word' id='word_1_443' title='bbox 2393 2048 2729 2105; x_wconf 77' lang='lat' dir='ltr'><strong>EPISTOLA</strong></span> <span class='ocrx_word' id='word_1_444' title='bbox 2761 2047 3016 2102; x_wconf 86' lang='lat' dir='ltr'><strong>CLXXXI.</strong></span> 
     </span>
    </p>
   </div>
   <div class='ocr_carea' id='block_1_77' title="bbox 1963 2151 3502 2234">
    <p class='ocr_par' dir='ltr' id='par_1_77' title="bbox 1963 2151 3502 2234">
     <span class='ocr_line' id='line_1_77' title="bbox 1963 2151 3502 2234; baseline -0.006 -15"><span class='ocrx_word' id='word_1_445' title='bbox 1963 2162 2390 2234; x_wconf 71' lang='lat' dir='ltr'><strong>Prmcipuamac</strong></span> <span class='ocrx_word' id='word_1_446' title='bbox 2408 2157 2759 2230; x_wconf 86' lang='lat' dir='ltr'><strong>singularem</strong></span> <span class='ocrx_word' id='word_1_447' title='bbox 2777 2153 3345 2210; x_wconf 83' lang='lat' dir='ltr'><strong>amicitiamvestram</strong></span> <span class='ocrx_word' id='word_1_448' title='bbox 3362 2151 3502 2210; x_wconf 82' lang='lat' dir='ltr'><strong>dum</strong></span> 
     </span>
    </p>
   </div>
   <div class='ocr_carea' id='block_1_78' title="bbox 1893 2239 3508 2323">
    <p class='ocr_par' dir='ltr' id='par_1_78' title="bbox 1893 2239 3508 2323">
     <span class='ocr_line' id='line_1_78' title="bbox 1893 2239 3508 2323; baseline -0.007 -16"><span class='ocrx_word' id='word_1_449' title='bbox 1893 2251 2104 2307; x_wconf 90' lang='lat' dir='ltr'><strong>arctius</strong></span> <span class='ocrx_word' id='word_1_450' title='bbox 2123 2245 2873 2323; x_wconf 88' lang='lat' dir='ltr'><strong>amplectimur,multorum</strong></span> <span class='ocrx_word' id='word_1_451' title='bbox 2905 2241 3213 2298; x_wconf 86' lang='lat' dir='ltr'><strong>hominum</strong></span> <span class='ocrx_word' id='word_1_452' title='bbox 3227 2239 3508 2296; x_wconf 88' lang='lat' dir='ltr'><strong>invidiam</strong></span> 
     </span>
    </p>
   </div>
   <div class='ocr_carea' id='block_1_79' title="bbox 1895 2327 3503 2406">
    <p class='ocr_par' dir='ltr' id='par_1_79' title="bbox 1895 2327 3503 2406">
     <span class='ocr_line' id='line_1_79' title="bbox 1895 2327 3503 2406; baseline -0.007 -12"><span class='ocrx_word' id='word_1_453' title='bbox 1895 2341 2237 2406; x_wconf 90' lang='lat' dir='ltr'><strong>toleramus,</strong></span> <span class='ocrx_word' id='word_1_454' title='bbox 2290 2336 2654 2406; x_wconf 83' lang='lat' dir='ltr'><strong>maximeque</strong></span> <span class='ocrx_word' id='word_1_455' title='bbox 2693 2349 2893 2390; x_wconf 89' lang='lat' dir='ltr'><strong>eorum</strong></span> <span class='ocrx_word' id='word_1_456' title='bbox 2916 2330 3014 2404; x_wconf 88' lang='lat' dir='ltr'><strong>qui</strong></span> <span class='ocrx_word' id='word_1_457' title='bbox 3046 2329 3288 2386; x_wconf 89' lang='lat' dir='ltr'><strong>senioris</strong></span> <span class='ocrx_word' id='word_1_458' title='bbox 3330 2327 3503 2384; x_wconf 88' lang='lat' dir='ltr'><strong>vestri</strong></span> 
     </span>
    </p>
   </div>
   <div class='ocr_carea' id='block_1_80' title="bbox 1897 2415 3507 2483">
    <p class='ocr_par' dir='ltr' id='par_1_80' title="bbox 1897 2415 3507 2483">
     <span class='ocr_line' id='line_1_80' title="bbox 1897 2415 3507 2483; baseline -0.008 0"><span class='ocrx_word' id='word_1_459' title='bbox 1897 2432 2099 2483; x_wconf 89' lang='lat' dir='ltr'><strong>contra</strong></span> <span class='ocrx_word' id='word_1_460' title='bbox 2130 2443 2235 2482; x_wconf 92' lang='lat' dir='ltr'><strong>nos</strong></span> <span class='ocrx_word' id='word_1_461' title='bbox 2258 2423 2496 2481; x_wconf 90' lang='lat' dir='ltr'><strong>consilia</strong></span> <span class='ocrx_word' id='word_1_462' title='bbox 2536 2421 2906 2477; x_wconf 89' lang='lat' dir='ltr'><strong>conturbant.</strong></span> <span class='ocrx_word' id='word_1_463' title='bbox 2942 2419 3155 2476; x_wconf 91' lang='lat' dir='ltr'><strong>Crescit</strong></span> <span class='ocrx_word' id='word_1_464' title='bbox 3196 2418 3416 2474; x_wconf 85' lang='lat' dir='ltr'><strong>malum</strong></span> <span class='ocrx_word' id='word_1_465' title='bbox 3445 2415 3507 2472; x_wconf 90' lang='lat' dir='ltr'><strong>in</strong></span> 
     </span>
    </p>
   </div>
   <div class='ocr_carea' id='block_1_81' title="bbox 1899 2508 3511 2586">
    <p class='ocr_par' dir='ltr' id='par_1_81' title="bbox 1899 2508 3511 2586">
     <span class='ocr_line' id='line_1_81' title="bbox 1899 2508 3511 2586; baseline -0.006 -14"><span class='ocrx_word' id='word_1_466' title='bbox 1899 2517 2039 2572; x_wconf 92' lang='lat' dir='ltr'><strong>dies.</strong></span> <span class='ocrx_word' id='word_1_467' title='bbox 2071 2509 2755 2586; x_wconf 77' lang='lat' dir='ltr'><strong>Multiplicenturinimici</strong></span> <span class='ocrx_word' id='word_1_468' title='bbox 2789 2508 3400 2580; x_wconf 86' lang='lat' dir='ltr'><strong>nostri,ma,joremque</strong></span> <span class='ocrx_word' id='word_1_469' title='bbox 3419 2522 3511 2562; x_wconf 81' lang='lat' dir='ltr'><strong>su-</strong></span> 
     </span>
    </p>
   </div>
   <div class='ocr_carea' id='block_1_82' title="bbox 1902 2594 3509 2673">
    <p class='ocr_par' dir='ltr' id='par_1_82' title="bbox 1902 2594 3509 2673">
     <span class='ocr_line' id='line_1_82' title="bbox 1902 2594 3509 2673; baseline -0.007 -13"><span class='ocrx_word' id='word_1_470' title='bbox 1902 2608 2069 2660; x_wconf 89' lang='lat' dir='ltr'><strong>munt</strong></span> <span class='ocrx_word' id='word_1_471' title='bbox 2086 2603 2386 2658; x_wconf 88' lang='lat' dir='ltr'><strong>audaciam</strong></span> <span class='ocrx_word' id='word_1_472' title='bbox 2407 2617 2506 2673; x_wconf 88' lang='lat' dir='ltr'><strong>spe</strong></span> <span class='ocrx_word' id='word_1_473' title='bbox 2525 2596 2926 2656; x_wconf 89' lang='lat' dir='ltr'><strong>dissidentium</strong></span> <span class='ocrx_word' id='word_1_474' title='bbox 2945 2594 3347 2669; x_wconf 88' lang='lat' dir='ltr'><strong>regnorum.Si</strong></span> <span class='ocrx_word' id='word_1_475' title='bbox 3367 2609 3509 2665; x_wconf 90' lang='lat' dir='ltr'><strong>ergo</strong></span> 
     </span>
    </p>
   </div>
   <div class='ocr_carea' id='block_1_83' title="bbox 1905 2684 3510 2758">
    <p class='ocr_par' dir='ltr' id='par_1_83' title="bbox 1905 2684 3510 2758">
     <span class='ocr_line' id='line_1_83' title="bbox 1905 2684 3510 2758; baseline -0.008 -10"><span class='ocrx_word' id='word_1_476' title='bbox 1905 2710 1973 2749; x_wconf 90' lang='lat' dir='ltr'><strong>ea</strong></span> <span class='ocrx_word' id='word_1_477' title='bbox 2002 2693 2061 2747; x_wconf 90' lang='lat' dir='ltr'><strong>in</strong></span> <span class='ocrx_word' id='word_1_478' title='bbox 2087 2691 2250 2747; x_wconf 91' lang='lat' dir='ltr'><strong>vobis</strong></span> <span class='ocrx_word' id='word_1_479' title='bbox 2279 2693 2366 2746; x_wconf 89' lang='lat' dir='ltr'><strong>est</strong></span> <span class='ocrx_word' id='word_1_480' title='bbox 2392 2689 2569 2744; x_wconf 89' lang='lat' dir='ltr'><strong>virtus</strong></span> <span class='ocrx_word' id='word_1_481' title='bbox 2612 2703 2787 2758; x_wconf 90' lang='lat' dir='ltr'><strong>quam</strong></span> <span class='ocrx_word' id='word_1_482' title='bbox 2815 2684 3102 2742; x_wconf 88' lang='lat' dir='ltr'><strong>credimus</strong></span> <span class='ocrx_word' id='word_1_483' title='bbox 3128 2687 3186 2739; x_wconf 93' lang='lat' dir='ltr'><strong>et</strong></span> <span class='ocrx_word' id='word_1_484' title='bbox 3221 2685 3510 2754; x_wconf 85' lang='lat' dir='ltr'><strong>optamus,</strong></span> 
     </span>
    </p>
   </div>
   <div class='ocr_carea' id='block_1_84' title="bbox 1903 2773 3511 2846">
    <p class='ocr_par' dir='ltr' id='par_1_84' title="bbox 1903 2773 3511 2846">
     <span class='ocr_line' id='line_1_84' title="bbox 1903 2773 3511 2846; baseline -0.007 -9"><span class='ocrx_word' id='word_1_485' title='bbox 1903 2783 2219 2837; x_wconf 86' lang='lat' dir='ltr'><strong>sentiamus</strong></span> <span class='ocrx_word' id='word_1_486' title='bbox 2247 2796 2366 2834; x_wconf 84' lang='lat' dir='ltr'><strong>non</strong></span> <span class='ocrx_word' id='word_1_487' title='bbox 2381 2776 2546 2833; x_wconf 90' lang='lat' dir='ltr'><strong>nobis</strong></span> <span class='ocrx_word' id='word_1_488' title='bbox 2572 2776 2774 2830; x_wconf 88' lang='lat' dir='ltr'><strong>obesse</strong></span> <span class='ocrx_word' id='word_1_489' title='bbox 2803 2773 2958 2846; x_wconf 91' lang='lat' dir='ltr'><strong>quod</strong></span> <span class='ocrx_word' id='word_1_490' title='bbox 2975 2776 3226 2831; x_wconf 86' lang='lat' dir='ltr'><strong>vestrum</strong></span> <span class='ocrx_word' id='word_1_491' title='bbox 3242 2785 3511 2828; x_wconf 80' lang='lat' dir='ltr'><strong>amorem</strong></span> 
     </span>
    </p>
   </div>
   <div class='ocr_carea' id='block_1_85' title="bbox 1905 2855 3516 2941">
    <p class='ocr_par' dir='ltr' id='par_1_85' title="bbox 1905 2855 3516 2941">
     <span class='ocr_line' id='line_1_85' title="bbox 1905 2855 3516 2941; baseline -0.009 -13"><span class='ocrx_word' id='word_1_492' title='bbox 1905 2869 2093 2928; x_wconf 87' lang='lat' dir='ltr'><strong>amori</strong></span> <span class='ocrx_word' id='word_1_493' title='bbox 2111 2868 2262 2941; x_wconf 89' lang='lat' dir='ltr'><strong>regis</strong></span> <span class='ocrx_word' id='word_1_494' title='bbox 2296 2859 3312 2940; x_wconf 70' lang='lat' dir='ltr'><strong>0.praaposuimusSentiantinimici</strong></span> <span class='ocrx_word' id='word_1_495' title='bbox 3329 2855 3516 2918; x_wconf 75' lang='lat' dir='ltr'><strong>nostri</strong></span> 
     </span>
    </p>
   </div>
   <div class='ocr_carea' id='block_1_86' title="bbox 1905 2949 3514 3032">
    <p class='ocr_par' dir='ltr' id='par_1_86' title="bbox 1905 2949 3514 3032">
     <span class='ocr_line' id='line_1_86' title="bbox 1905 2949 3514 3032; baseline -0.005 -18"><span class='ocrx_word' id='word_1_496' title='bbox 1905 2975 2009 3032; x_wconf 87' lang='lat' dir='ltr'><strong>per</strong></span> <span class='ocrx_word' id='word_1_497' title='bbox 2037 2975 2134 3014; x_wconf 90' lang='lat' dir='ltr'><strong>vos</strong></span> <span class='ocrx_word' id='word_1_498' title='bbox 2159 2955 2425 3014; x_wconf 83' lang='lat' dir='ltr'><strong>stabilem</strong></span> <span class='ocrx_word' id='word_1_499' title='bbox 2448 2970 2569 3010; x_wconf 88' lang='lat' dir='ltr'><strong>esse</strong></span> <span class='ocrx_word' id='word_1_500' title='bbox 2600 2967 2918 3023; x_wconf 88' lang='lat' dir='ltr'><strong>regnorum</strong></span> <span class='ocrx_word' id='word_1_501' title='bbox 2939 2949 3514 3020; x_wconf 54' lang='lat' dir='ltr'><strong>concordiamquam</strong></span> 
     </span>
    </p>
   </div>
   <div class='ocr_carea' id='block_1_87' title="bbox 1906 3035 3518 3116">
    <p class='ocr_par' dir='ltr' id='par_1_87' title="bbox 1906 3035 3518 3116">
     <span class='ocr_line' id='line_1_87' title="bbox 1906 3035 3518 3116; baseline -0.007 -14"><span class='ocrx_word' id='word_1_502' title='bbox 1906 3048 2031 3102; x_wconf 88' lang='lat' dir='ltr'><strong>sine</strong></span> <span class='ocrx_word' id='word_1_503' title='bbox 2061 3063 2162 3101; x_wconf 91' lang='lat' dir='ltr'><strong>suo</strong></span> <span class='ocrx_word' id='word_1_504' title='bbox 2191 3046 2452 3102; x_wconf 88' lang='lat' dir='ltr'><strong>consulto</strong></span> <span class='ocrx_word' id='word_1_505' title='bbox 2480 3059 2645 3116; x_wconf 87' lang='lat' dir='ltr'><strong>posse</strong></span> <span class='ocrx_word' id='word_1_506' title='bbox 2677 3040 2802 3099; x_wconf 84' lang='lat' dir='ltr'><strong>ﬁeri</strong></span> <span class='ocrx_word' id='word_1_507' title='bbox 2831 3040 3142 3111; x_wconf 82' lang='lat' dir='ltr'><strong>negant.Et</strong></span> <span class='ocrx_word' id='word_1_508' title='bbox 3171 3037 3308 3111; x_wconf 79' lang='lat' dir='ltr'><strong>quia</strong></span> <span class='ocrx_word' id='word_1_509' title='bbox 3333 3035 3518 3092; x_wconf 83' lang='lat' dir='ltr'><strong>credi-</strong></span> 
     </span>
    </p>
   </div>
   <div class='ocr_carea' id='block_1_88' title="bbox 1909 3123 3521 3206">
    <p class='ocr_par' dir='ltr' id='par_1_88' title="bbox 1909 3123 3521 3206">
     <span class='ocr_line' id='line_1_88' title="bbox 1909 3123 3521 3206; baseline -0.01 -12"><span class='ocrx_word' id='word_1_510' title='bbox 1909 3136 2118 3194; x_wconf 85' lang='lat' dir='ltr'><strong>bilibus</strong></span> <span class='ocrx_word' id='word_1_511' title='bbox 2143 3134 2348 3206; x_wconf 83' lang='lat' dir='ltr'><strong>legatis</strong></span> <span class='ocrx_word' id='word_1_512' title='bbox 2371 3133 2524 3188; x_wconf 89' lang='lat' dir='ltr'><strong>inter</strong></span> <span class='ocrx_word' id='word_1_513' title='bbox 2538 3133 2734 3188; x_wconf 88' lang='lat' dir='ltr'><strong>hostes</strong></span> <span class='ocrx_word' id='word_1_514' title='bbox 2756 3127 3001 3184; x_wconf 83' lang='lat' dir='ltr'><strong>difﬁcilis</strong></span> <span class='ocrx_word' id='word_1_515' title='bbox 3029 3130 3115 3182; x_wconf 87' lang='lat' dir='ltr'><strong>est</strong></span> <span class='ocrx_word' id='word_1_516' title='bbox 3129 3125 3342 3193; x_wconf 80' lang='lat' dir='ltr'><strong>via,vos</strong></span> <span class='ocrx_word' id='word_1_517' title='bbox 3366 3123 3521 3196; x_wconf 85' lang='lat' dir='ltr'><strong>lega-</strong></span> 
     </span>
    </p>
   </div>
   <div class='ocr_carea' id='block_1_89' title="bbox 1838 3215 3516 3300">
    <p class='ocr_par' dir='ltr' id='par_1_89' title="bbox 1838 3215 3516 3300">
     <span class='ocr_line' id='line_1_89' title="bbox 1838 3215 3516 3300; baseline -0.007 -21"><span class='ocrx_word' id='word_1_518' title='bbox 1838 3238 1887 3300; x_wconf 74' lang='grc' dir='ltr'>ο</span> <span class='ocrx_word' id='word_1_519' title='bbox 1911 3229 2109 3282; x_wconf 89' lang='lat' dir='ltr'><strong>torum</strong></span> <span class='ocrx_word' id='word_1_520' title='bbox 2167 3226 2500 3279; x_wconf 87' lang='lat' dir='ltr'><strong>nostrorum</strong></span> <span class='ocrx_word' id='word_1_521' title='bbox 2540 3220 2687 3276; x_wconf 88' lang='lat' dir='ltr'><strong>vices</strong></span> <span class='ocrx_word' id='word_1_522' title='bbox 2717 3218 2964 3290; x_wconf 82' lang='lat' dir='ltr'><strong>explete,</strong></span> <span class='ocrx_word' id='word_1_523' title='bbox 2999 3215 3157 3288; x_wconf 90' lang='lat' dir='ltr'><strong>quod</strong></span> <span class='ocrx_word' id='word_1_524' title='bbox 3204 3215 3516 3270; x_wconf 85' lang='lat' dir='ltr'><strong>honestum</strong></span> 
     </span>
    </p>
   </div>
   <div class='ocr_carea' id='block_1_90' title="bbox 1902 3301 3524 3385">
    <p class='ocr_par' dir='ltr' id='par_1_90' title="bbox 1902 3301 3524 3385">
     <span class='ocr_line' id='line_1_90' title="bbox 1902 3301 3524 3385; baseline -0.008 -14"><span class='ocrx_word' id='word_1_525' title='bbox 1902 3311 2241 3385; x_wconf 86' lang='lat' dir='ltr'><strong>judicabitis</strong></span> <span class='ocrx_word' id='word_1_526' title='bbox 2275 3327 2381 3384; x_wconf 90' lang='lat' dir='ltr'><strong>pro</strong></span> <span class='ocrx_word' id='word_1_527' title='bbox 2405 3308 2570 3365; x_wconf 89' lang='lat' dir='ltr'><strong>nobis</strong></span> <span class='ocrx_word' id='word_1_528' title='bbox 2587 3306 2888 3380; x_wconf 84' lang='lat' dir='ltr'><strong>spondete.</strong></span> <span class='ocrx_word' id='word_1_529' title='bbox 2921 3304 3013 3360; x_wconf 87' lang='lat' dir='ltr'><strong>Sic</strong></span> <span class='ocrx_word' id='word_1_530' title='bbox 3035 3303 3106 3360; x_wconf 90' lang='lat' dir='ltr'><strong>de</strong></span> <span class='ocrx_word' id='word_1_531' title='bbox 3136 3302 3304 3358; x_wconf 86' lang='lat' dir='ltr'><strong>nobis</strong></span> <span class='ocrx_word' id='word_1_532' title='bbox 3317 3301 3524 3358; x_wconf 79' lang='lat' dir='ltr'><strong>absen-</strong></span> 
     </span>
    </p>
   </div>
   <div class='ocr_carea' id='block_1_91' title="bbox 1910 3388 3524 3473">
    <p class='ocr_par' dir='ltr' id='par_1_91' title="bbox 1910 3388 3524 3473">
     <span class='ocr_line' id='line_1_91' title="bbox 1910 3388 3524 3473; baseline -0.007 -17"><span class='ocrx_word' id='word_1_533' title='bbox 1910 3402 2065 3458; x_wconf 88' lang='lat' dir='ltr'><strong>tibus</strong></span> <span class='ocrx_word' id='word_1_534' title='bbox 2091 3398 2426 3473; x_wconf 68' lang='lat' dir='ltr'><strong>praasumite</strong></span> <span class='ocrx_word' id='word_1_535' title='bbox 2483 3400 2765 3468; x_wconf 86' lang='lat' dir='ltr'><strong>tanquam</strong></span> <span class='ocrx_word' id='word_1_536' title='bbox 2818 3393 2890 3448; x_wconf 89' lang='lat' dir='ltr'><strong>de</strong></span> <span class='ocrx_word' id='word_1_537' title='bbox 2934 3391 3347 3464; x_wconf 61' lang='lat' dir='ltr'><strong>praesentibus;</strong></span> <span class='ocrx_word' id='word_1_538' title='bbox 3381 3392 3439 3445; x_wconf 88' lang='lat' dir='ltr'><strong>et</strong></span> <span class='ocrx_word' id='word_1_539' title='bbox 3469 3388 3524 3445; x_wconf 89' lang='lat' dir='ltr'><strong>si</strong></span> 
     </span>
    </p>
   </div>
   <div class='ocr_carea' id='block_1_92' title="bbox 1913 3477 3520 3563">
    <p class='ocr_par' dir='ltr' id='par_1_92' title="bbox 1913 3477 3520 3563">
     <span class='ocr_line' id='line_1_92' title="bbox 1913 3477 3520 3563; baseline -0.007 -19"><span class='ocrx_word' id='word_1_540' title='bbox 1913 3490 2056 3563; x_wconf 88' lang='lat' dir='ltr'><strong>quid</strong></span> <span class='ocrx_word' id='word_1_541' title='bbox 2085 3490 2340 3544; x_wconf 88' lang='lat' dir='ltr'><strong>salutare</strong></span> <span class='ocrx_word' id='word_1_542' title='bbox 2370 3483 2689 3558; x_wconf 79' lang='lat' dir='ltr'><strong>reperietis,</strong></span> <span class='ocrx_word' id='word_1_543' title='bbox 2717 3495 3154 3553; x_wconf 79' lang='lat' dir='ltr'><strong>quamprimum</strong></span> <span class='ocrx_word' id='word_1_544' title='bbox 3183 3477 3390 3536; x_wconf 84' lang='lat' dir='ltr'><strong>litteris</strong></span> <span class='ocrx_word' id='word_1_545' title='bbox 3431 3478 3520 3532; x_wconf 90' lang='lat' dir='ltr'><strong>vel</strong></span> 
     </span>
    </p>
   </div>
   <div class='ocr_carea' id='block_1_93' title="bbox 1910 3565 3523 3647">
    <p class='ocr_par' dir='ltr' id='par_1_93' title="bbox 1910 3565 3523 3647">
     <span class='ocr_line' id='line_1_93' title="bbox 1910 3565 3523 3647; baseline -0.008 -12"><span class='ocrx_word' id='word_1_546' title='bbox 1910 3577 2130 3636; x_wconf 89' lang='lat' dir='ltr'><strong>nuntiis</strong></span> <span class='ocrx_word' id='word_1_547' title='bbox 2163 3575 2502 3647; x_wconf 80' lang='lat' dir='ltr'><strong>signiﬁcate,</strong></span> <span class='ocrx_word' id='word_1_548' title='bbox 2535 3575 2598 3627; x_wconf 91' lang='lat' dir='ltr'><strong>ut</strong></span> <span class='ocrx_word' id='word_1_549' title='bbox 2624 3568 3028 3642; x_wconf 87' lang='lat' dir='ltr'><strong>ignorantibus</strong></span> <span class='ocrx_word' id='word_1_550' title='bbox 3049 3566 3258 3624; x_wconf 90' lang='lat' dir='ltr'><strong>nostris</strong></span> <span class='ocrx_word' id='word_1_551' title='bbox 3298 3565 3523 3622; x_wconf 64' lang='lat' dir='ltr'><strong>aemulis</strong></span> 
     </span>
    </p>
   </div>
   <div class='ocr_carea' id='block_1_94' title="bbox 1910 3653 3525 3739">
    <p class='ocr_par' dir='ltr' id='par_1_94' title="bbox 1910 3653 3525 3739">
     <span class='ocr_line' id='line_1_94' title="bbox 1910 3653 3525 3739; baseline -0.011 -16"><span class='ocrx_word' id='word_1_552' title='bbox 1910 3683 2016 3739; x_wconf 84' lang='lat' dir='ltr'><strong>per</strong></span> <span class='ocrx_word' id='word_1_553' title='bbox 2047 3664 2354 3721; x_wconf 86' lang='lat' dir='ltr'><strong>ﬁdissimos</strong></span> <span class='ocrx_word' id='word_1_554' title='bbox 2383 3658 2774 3717; x_wconf 86' lang='lat' dir='ltr'><strong>internuntios</strong></span> <span class='ocrx_word' id='word_1_555' title='bbox 2799 3655 3092 3726; x_wconf 88' lang='lat' dir='ltr'><strong>utriusque</strong></span> <span class='ocrx_word' id='word_1_556' title='bbox 3121 3653 3302 3726; x_wconf 87' lang='lat' dir='ltr'><strong>partis</strong></span> <span class='ocrx_word' id='word_1_557' title='bbox 3338 3655 3525 3725; x_wconf 75' lang='lat' dir='ltr'><strong>cmpta</strong></span> 
     </span>
    </p>
   </div>
   <div class='ocr_carea' id='block_1_95' title="bbox 1912 3739 3527 3815">
    <p class='ocr_par' dir='ltr' id='par_1_95' title="bbox 1912 3739 3527 3815">
     <span class='ocr_line' id='line_1_95' title="bbox 1912 3739 3527 3815; baseline -0.009 -4"><span class='ocrx_word' id='word_1_558' title='bbox 1912 3754 2171 3812; x_wconf 86' lang='lat' dir='ltr'><strong>amicitia</strong></span> <span class='ocrx_word' id='word_1_559' title='bbox 2200 3752 2632 3808; x_wconf 88' lang='lat' dir='ltr'><strong>corroboretur.</strong></span> <span class='ocrx_word' id='word_1_560' title='bbox 2668 3748 2786 3803; x_wconf 82' lang='lat' dir='ltr'><strong>Hoc</strong></span> <span class='ocrx_word' id='word_1_561' title='bbox 2809 3744 2940 3802; x_wconf 89' lang='lat' dir='ltr'><strong>ideo</strong></span> <span class='ocrx_word' id='word_1_562' title='bbox 2963 3742 3230 3808; x_wconf 86' lang='lat' dir='ltr'><strong>dicimus,</strong></span> <span class='ocrx_word' id='word_1_563' title='bbox 3250 3739 3388 3815; x_wconf 89' lang='lat' dir='ltr'><strong>quia</strong></span> <span class='ocrx_word' id='word_1_564' title='bbox 3405 3757 3527 3798; x_wconf 84' lang='lat' dir='ltr'><strong>ma-</strong></span> 
     </span>
    </p>
   </div>
   <div class='ocr_carea' id='block_1_96' title="bbox 1905 3829 3524 3917">
    <p class='ocr_par' dir='ltr' id='par_1_96' title="bbox 1905 3829 3524 3917">
     <span class='ocr_line' id='line_1_96' title="bbox 1905 3829 3524 3917; baseline -0.009 -17"><span class='ocrx_word' id='word_1_565' title='bbox 1905 3844 2052 3917; x_wconf 89' lang='lat' dir='ltr'><strong>joris</strong></span> <span class='ocrx_word' id='word_1_566' title='bbox 2084 3840 2440 3900; x_wconf 86' lang='lat' dir='ltr'><strong>auctoritatis</strong></span> <span class='ocrx_word' id='word_1_567' title='bbox 2485 3840 2708 3911; x_wconf 86' lang='lat' dir='ltr'><strong>legatos</strong></span> <span class='ocrx_word' id='word_1_568' title='bbox 2735 3851 2868 3891; x_wconf 91' lang='lat' dir='ltr'><strong>cum</strong></span> <span class='ocrx_word' id='word_1_569' title='bbox 2898 3832 2984 3889; x_wconf 90' lang='lat' dir='ltr'><strong>sui</strong></span> <span class='ocrx_word' id='word_1_570' title='bbox 3015 3848 3231 3903; x_wconf 87' lang='lat' dir='ltr'><strong>magno</strong></span> <span class='ocrx_word' id='word_1_571' title='bbox 3270 3829 3524 3903; x_wconf 86' lang='lat' dir='ltr'><strong>periculo</strong></span> 
     </span>
    </p>
   </div>
   <div class='ocr_carea' id='block_1_97' title="bbox 1911 3923 3521 3995">
    <p class='ocr_par' dir='ltr' id='par_1_97' title="bbox 1911 3923 3521 3995">
     <span class='ocr_line' id='line_1_97' title="bbox 1911 3923 3521 3995; baseline -0.008 -4"><span class='ocrx_word' id='word_1_572' title='bbox 1911 3936 2035 3991; x_wconf 88' lang='lat' dir='ltr'><strong>sine</strong></span> <span class='ocrx_word' id='word_1_573' title='bbox 2069 3937 2226 3990; x_wconf 89' lang='lat' dir='ltr'><strong>certa</strong></span> <span class='ocrx_word' id='word_1_574' title='bbox 2253 3949 2422 3987; x_wconf 87' lang='lat' dir='ltr'><strong>causa</strong></span> <span class='ocrx_word' id='word_1_575' title='bbox 2451 3929 2682 3985; x_wconf 89' lang='lat' dir='ltr'><strong>mittere</strong></span> <span class='ocrx_word' id='word_1_576' title='bbox 2711 3927 2999 3992; x_wconf 88' lang='lat' dir='ltr'><strong>nolumus,</strong></span> <span class='ocrx_word' id='word_1_577' title='bbox 3028 3926 3088 3978; x_wconf 92' lang='lat' dir='ltr'><strong>et</strong></span> <span class='ocrx_word' id='word_1_578' title='bbox 3112 3923 3248 3995; x_wconf 86' lang='lat' dir='ltr'><strong>quia</strong></span> <span class='ocrx_word' id='word_1_579' title='bbox 3267 3936 3521 3978; x_wconf 86' lang='lat' dir='ltr'><strong>conven-</strong></span> 
     </span>
    </p>
   </div>
   <div class='ocr_carea' id='block_1_98' title="bbox 1913 4009 3529 4095">
    <p class='ocr_par' dir='ltr' id='par_1_98' title="bbox 1913 4009 3529 4095">
     <span class='ocr_line' id='line_1_98' title="bbox 1913 4009 3529 4095; baseline -0.011 -15"><span class='ocrx_word' id='word_1_580' title='bbox 1913 4029 2005 4079; x_wconf 91' lang='lat' dir='ltr'><strong>tus</strong></span> <span class='ocrx_word' id='word_1_581' title='bbox 2029 4040 2234 4095; x_wconf 88' lang='lat' dir='ltr'><strong>regum</strong></span> <span class='ocrx_word' id='word_1_582' title='bbox 2254 4018 2575 4076; x_wconf 84' lang='lat' dir='ltr'><strong>laboriosus</strong></span> <span class='ocrx_word' id='word_1_583' title='bbox 2591 4020 2696 4084; x_wconf 90' lang='lat' dir='ltr'><strong>est,</strong></span> <span class='ocrx_word' id='word_1_584' title='bbox 2715 4019 2774 4070; x_wconf 86' lang='lat' dir='ltr'><strong>et</strong></span> <span class='ocrx_word' id='word_1_585' title='bbox 2792 4016 2901 4072; x_wconf 90' lang='lat' dir='ltr'><strong>hoc</strong></span> <span class='ocrx_word' id='word_1_586' title='bbox 2916 4017 3181 4084; x_wconf 84' lang='lat' dir='ltr'><strong>tempore</strong></span> <span class='ocrx_word' id='word_1_587' title='bbox 3208 4027 3311 4085; x_wconf 93' lang='lat' dir='ltr'><strong>per</strong></span> <span class='ocrx_word' id='word_1_588' title='bbox 3328 4009 3529 4065; x_wconf 89' lang='lat' dir='ltr'><strong>omnia</strong></span> 
     </span>
    </p>
   </div>
   <div class='ocr_carea' id='block_1_99' title="bbox 1887 4097 3529 4183">
    <p class='ocr_par' dir='ltr' id='par_1_99' title="bbox 1887 4097 3529 4183">
     <span class='ocr_line' id='line_1_99' title="bbox 1887 4097 3529 4183; baseline -0.009 -14"><span class='ocrx_word' id='word_1_589' title='bbox 1887 4151 1890 4160; x_wconf 86' lang='grc'><strong><em>-</em></strong></span> <span class='ocrx_word' id='word_1_590' title='bbox 1915 4112 2133 4169; x_wconf 89' lang='lat' dir='ltr'><strong>inutilis</strong></span> <span class='ocrx_word' id='word_1_591' title='bbox 2165 4113 2403 4183; x_wconf 83' lang='lat' dir='ltr'><strong>prepter</strong></span> <span class='ocrx_word' id='word_1_592' title='bbox 2431 4107 2732 4162; x_wconf 88' lang='lat' dir='ltr'><strong>malivolos</strong></span> <span class='ocrx_word' id='word_1_593' title='bbox 2763 4103 3058 4176; x_wconf 86' lang='lat' dir='ltr'><strong>utriusque</strong></span> <span class='ocrx_word' id='word_1_594' title='bbox 3088 4097 3457 4175; x_wconf 83' lang='lat' dir='ltr'><strong>partis.Quod</strong></span> <span class='ocrx_word' id='word_1_595' title='bbox 3475 4097 3529 4154; x_wconf 86' lang='lat' dir='ltr'><strong>si</strong></span> 
     </span>
    </p>
   </div>
   <div class='ocr_carea' id='block_1_100' title="bbox 1913 4187 3527 4275">
    <p class='ocr_par' dir='ltr' id='par_1_100' title="bbox 1913 4187 3527 4275">
     <span class='ocr_line' id='line_1_100' title="bbox 1913 4187 3527 4275; baseline -0.011 -18"><span class='ocrx_word' id='word_1_596' title='bbox 1913 4217 2225 4275; x_wconf 89' lang='lat' dir='ltr'><strong>pravorum</strong></span> <span class='ocrx_word' id='word_1_597' title='bbox 2244 4198 2550 4252; x_wconf 89' lang='lat' dir='ltr'><strong>hominum</strong></span> <span class='ocrx_word' id='word_1_598' title='bbox 2581 4194 2825 4250; x_wconf 87' lang='lat' dir='ltr'><strong>consilia</strong></span> <span class='ocrx_word' id='word_1_599' title='bbox 2839 4190 3192 4248; x_wconf 87' lang='lat' dir='ltr'><strong>convaluisse</strong></span> <span class='ocrx_word' id='word_1_600' title='bbox 3214 4187 3527 4254; x_wconf 85' lang='lat' dir='ltr'><strong>senseritis,</strong></span> 
     </span>
    </p>
   </div>
   <div class='ocr_carea' id='block_1_101' title="bbox 1914 4275 3533 4354">
    <p class='ocr_par' dir='ltr' id='par_1_101' title="bbox 1914 4275 3533 4354">
     <span class='ocr_line' id='line_1_101' title="bbox 1914 4275 3533 4354; baseline -0.009 -9"><span class='ocrx_word' id='word_1_601' title='bbox 1914 4306 2021 4345; x_wconf 90' lang='lat' dir='ltr'><strong>nec</strong></span> <span class='ocrx_word' id='word_1_602' title='bbox 2051 4290 2357 4344; x_wconf 87' lang='lat' dir='ltr'><strong>honestam</strong></span> <span class='ocrx_word' id='word_1_603' title='bbox 2390 4288 2448 4339; x_wconf 92' lang='lat' dir='ltr'><strong>et</strong></span> <span class='ocrx_word' id='word_1_604' title='bbox 2478 4283 2681 4338; x_wconf 89' lang='lat' dir='ltr'><strong>utilem</strong></span> <span class='ocrx_word' id='word_1_605' title='bbox 2709 4297 2874 4354; x_wconf 89' lang='lat' dir='ltr'><strong>posse</strong></span> <span class='ocrx_word' id='word_1_606' title='bbox 2927 4278 3052 4335; x_wconf 87' lang='lat' dir='ltr'><strong>ﬂeri</strong></span> <span class='ocrx_word' id='word_1_607' title='bbox 3083 4276 3421 4344; x_wconf 86' lang='lat' dir='ltr'><strong>amicitiam,</strong></span> <span class='ocrx_word' id='word_1_608' title='bbox 3447 4275 3533 4331; x_wconf 90' lang='lat' dir='ltr'><strong>in-</strong></span> 
     </span>
    </p>
   </div>
   <div class='ocr_carea' id='block_1_102' title="bbox 1912 4363 3534 4451">
    <p class='ocr_par' dir='ltr' id='par_1_102' title="bbox 1912 4363 3534 4451">
     <span class='ocr_line' id='line_1_102' title="bbox 1912 4363 3534 4451; baseline -0.009 -19"><span class='ocrx_word' id='word_1_609' title='bbox 1912 4376 2116 4451; x_wconf 87' lang='lat' dir='ltr'><strong>primis</strong></span> <span class='ocrx_word' id='word_1_610' title='bbox 2142 4375 2299 4447; x_wconf 90' lang='lat' dir='ltr'><strong>quod</strong></span> <span class='ocrx_word' id='word_1_611' title='bbox 2323 4372 2643 4428; x_wconf 83' lang='lat' dir='ltr'><strong>maximum</strong></span> <span class='ocrx_word' id='word_1_612' title='bbox 2677 4373 2762 4425; x_wconf 90' lang='lat' dir='ltr'><strong>est</strong></span> <span class='ocrx_word' id='word_1_613' title='bbox 2779 4367 3086 4424; x_wconf 86' lang='lat' dir='ltr'><strong>consilium</strong></span> <span class='ocrx_word' id='word_1_614' title='bbox 3113 4367 3285 4422; x_wconf 87' lang='lat' dir='ltr'><strong>simul</strong></span> <span class='ocrx_word' id='word_1_615' title='bbox 3302 4368 3362 4420; x_wconf 90' lang='lat' dir='ltr'><strong>et</strong></span> <span class='ocrx_word' id='word_1_616' title='bbox 3378 4363 3534 4419; x_wconf 76' lang='lat' dir='ltr'><strong>auxi-</strong></span> 
     </span>
    </p>
   </div>
   <div class='ocr_carea' id='block_1_103' title="bbox 1915 4454 3532 4533">
    <p class='ocr_par' dir='ltr' id='par_1_103' title="bbox 1915 4454 3532 4533">
     <span class='ocr_line' id='line_1_103' title="bbox 1915 4454 3532 4533; baseline -0.008 -11"><span class='ocrx_word' id='word_1_617' title='bbox 1915 4468 2057 4522; x_wconf 91' lang='lat' dir='ltr'><strong>lium</strong></span> <span class='ocrx_word' id='word_1_618' title='bbox 2093 4483 2126 4521; x_wconf 89' lang='lat' dir='ltr'><strong>a</strong></span> <span class='ocrx_word' id='word_1_619' title='bbox 2148 4463 2309 4519; x_wconf 92' lang='lat' dir='ltr'><strong>vobis</strong></span> <span class='ocrx_word' id='word_1_620' title='bbox 2340 4463 2740 4533; x_wconf 88' lang='lat' dir='ltr'><strong>imploramus.</strong></span> <span class='ocrx_word' id='word_1_621' title='bbox 2768 4461 2965 4531; x_wconf 84' lang='lat' dir='ltr'><strong>Neque</strong></span> <span class='ocrx_word' id='word_1_622' title='bbox 2992 4473 3098 4512; x_wconf 88' lang='lat' dir='ltr'><strong>nos</strong></span> <span class='ocrx_word' id='word_1_623' title='bbox 3142 4454 3337 4511; x_wconf 88' lang='lat' dir='ltr'><strong>deludi</strong></span> <span class='ocrx_word' id='word_1_624' title='bbox 3381 4470 3532 4509; x_wconf 79' lang='lat' dir='ltr'><strong>vana</strong></span> 
     </span>
    </p>
   </div>
   <div class='ocr_carea' id='block_1_104' title="bbox 1920 4542 3530 4627">
    <p class='ocr_par' dir='ltr' id='par_1_104' title="bbox 1920 4542 3530 4627">
     <span class='ocr_line' id='line_1_104' title="bbox 1920 4542 3530 4627; baseline -0.009 -16"><span class='ocrx_word' id='word_1_625' title='bbox 1920 4553 2347 4627; x_wconf 86' lang='lat' dir='ltr'><strong>exspectatione</strong></span> <span class='ocrx_word' id='word_1_626' title='bbox 2381 4550 2752 4621; x_wconf 83' lang='lat' dir='ltr'><strong>sinatis,quos</strong></span> <span class='ocrx_word' id='word_1_627' title='bbox 2791 4546 2955 4603; x_wconf 90' lang='lat' dir='ltr'><strong>omni</strong></span> <span class='ocrx_word' id='word_1_628' title='bbox 3000 4561 3215 4617; x_wconf 75' lang='lat' dir='ltr'><strong>genere</strong></span> <span class='ocrx_word' id='word_1_629' title='bbox 3251 4542 3530 4600; x_wconf 83' lang='lat' dir='ltr'><strong>amicitia-</strong></span> 
     </span>
    </p>
   </div>
   <div class='ocr_carea' id='block_1_105' title="bbox 1917 4635 3278 4712">
    <p class='ocr_par' dir='ltr' id='par_1_105' title="bbox 1917 4635 3278 4712">
     <span class='ocr_line' id='line_1_105' title="bbox 1917 4635 3278 4712; baseline -0.008 -13"><span class='ocrx_word' id='word_1_630' title='bbox 1917 4661 2048 4700; x_wconf 90' lang='lat' dir='ltr'><strong>rum</strong></span> <span class='ocrx_word' id='word_1_631' title='bbox 2084 4647 2141 4698; x_wconf 92' lang='lat' dir='ltr'><strong>et</strong></span> <span class='ocrx_word' id='word_1_632' title='bbox 2165 4640 2470 4697; x_wconf 81' lang='lat' dir='ltr'><strong>afﬁnitatis</strong></span> <span class='ocrx_word' id='word_1_633' title='bbox 2499 4640 2706 4712; x_wconf 88' lang='lat' dir='ltr'><strong>dignos</strong></span> <span class='ocrx_word' id='word_1_634' title='bbox 2723 4638 2999 4693; x_wconf 83' lang='lat' dir='ltr'><strong>hactenus</strong></span> <span class='ocrx_word' id='word_1_635' title='bbox 3027 4635 3278 4692; x_wconf 83' lang='lat' dir='ltr'><strong>duxistis.</strong></span> 
     </span>
    </p>
   </div>
   <div class='ocr_carea' id='block_1_106' title="bbox 2400 4761 3054 4822">
    <p class='ocr_par' dir='ltr' id='par_1_106' title="bbox 2400 4761 3054 4822">
     <span class='ocr_line' id='line_1_106' title="bbox 2400 4761 3054 4822; baseline -0.009 -2"><span class='ocrx_word' id='word_1_636' title='bbox 2400 4764 2735 4821; x_wconf 82' lang='lat' dir='ltr'><strong>EPISTOLA</strong></span> <span class='ocrx_word' id='word_1_637' title='bbox 2775 4761 3054 4822; x_wconf 83' lang='lat' dir='ltr'><strong>CLXXXII,</strong></span> 
     </span>
    </p>
   </div>
   <div class='ocr_carea' id='block_1_107' title="bbox 1987 4844 3537 4925">
    <p class='ocr_par' dir='ltr' id='par_1_107' title="bbox 1987 4844 3537 4925">
     <span class='ocr_line' id='line_1_107' title="bbox 1987 4844 3537 4925; baseline -0.01 -12"><span class='ocrx_word' id='word_1_638' title='bbox 1987 4856 2254 4913; x_wconf 83' lang='lat' dir='ltr'><strong>Felicitas</strong></span> <span class='ocrx_word' id='word_1_639' title='bbox 2283 4858 2471 4910; x_wconf 89' lang='lat' dir='ltr'><strong>vestra</strong></span> <span class='ocrx_word' id='word_1_640' title='bbox 2499 4853 2745 4925; x_wconf 86' lang='lat' dir='ltr'><strong>gloriam</strong></span> <span class='ocrx_word' id='word_1_641' title='bbox 2761 4851 2926 4906; x_wconf 89' lang='lat' dir='ltr'><strong>simul</strong></span> <span class='ocrx_word' id='word_1_642' title='bbox 2966 4847 3135 4903; x_wconf 90' lang='lat' dir='ltr'><strong>nobis</strong></span> <span class='ocrx_word' id='word_1_643' title='bbox 3151 4844 3303 4919; x_wconf 90' lang='lat' dir='ltr'><strong>parit</strong></span> <span class='ocrx_word' id='word_1_644' title='bbox 3319 4846 3376 4902; x_wconf 88' lang='lat' dir='ltr'><strong>et</strong></span> <span class='ocrx_word' id='word_1_645' title='bbox 3392 4844 3537 4898; x_wconf 88' lang='lat' dir='ltr'><strong>sola-</strong></span> 
     </span>
    </p>
   </div>
   <div class='ocr_carea' id='block_1_108' title="bbox 1916 4929 3537 5006">
    <p class='ocr_par' dir='ltr' id='par_1_108' title="bbox 1916 4929 3537 5006">
     <span class='ocr_line' id='line_1_108' title="bbox 1916 4929 3537 5006; baseline -0.011 -4"><span class='ocrx_word' id='word_1_646' title='bbox 1916 4947 2087 5002; x_wconf 89' lang='lat' dir='ltr'><strong>tium.</strong></span> <span class='ocrx_word' id='word_1_647' title='bbox 2122 4944 2227 5000; x_wconf 87' lang='lat' dir='ltr'><strong>Ubi</strong></span> <span class='ocrx_word' id='word_1_648' title='bbox 2256 4943 2415 4999; x_wconf 91' lang='lat' dir='ltr'><strong>enim</strong></span> <span class='ocrx_word' id='word_1_649' title='bbox 2443 4945 2527 4996; x_wconf 90' lang='lat' dir='ltr'><strong>est</strong></span> <span class='ocrx_word' id='word_1_650' title='bbox 2558 4958 2672 4996; x_wconf 89' lang='lat' dir='ltr'><strong>una</strong></span> <span class='ocrx_word' id='word_1_651' title='bbox 2703 4942 2926 5006; x_wconf 86' lang='lat' dir='ltr'><strong>caro,et</strong></span> <span class='ocrx_word' id='word_1_652' title='bbox 2950 4954 3095 4991; x_wconf 91' lang='lat' dir='ltr'><strong>unus</strong></span> <span class='ocrx_word' id='word_1_653' title='bbox 3111 4929 3447 5005; x_wconf 87' lang='lat' dir='ltr'><strong>sanguis,ibi</strong></span> <span class='ocrx_word' id='word_1_654' title='bbox 3477 4934 3537 4986; x_wconf 92' lang='lat' dir='ltr'><strong>et</strong></span> 
     </span>
    </p>
   </div>
   <div class='ocr_carea' id='block_1_109' title="bbox 1919 5023 3532 5094">
    <p class='ocr_par' dir='ltr' id='par_1_109' title="bbox 1919 5023 3532 5094">
     <span class='ocr_line' id='line_1_109' title="bbox 1919 5023 3532 5094; baseline -0.012 -4"><span class='ocrx_word' id='word_1_655' title='bbox 1919 5053 2066 5090; x_wconf 90' lang='lat' dir='ltr'><strong>unus</strong></span> <span class='ocrx_word' id='word_1_656' title='bbox 2094 5033 2351 5089; x_wconf 70' lang='lat' dir='ltr'><strong>affectus.</strong></span> <span class='ocrx_word' id='word_1_657' title='bbox 2385 5030 2539 5085; x_wconf 85' lang='lat' dir='ltr'><strong>Abiit</strong></span> <span class='ocrx_word' id='word_1_658' title='bbox 2567 5030 2661 5084; x_wconf 89' lang='lat' dir='ltr'><strong>illa</strong></span> <span class='ocrx_word' id='word_1_659' title='bbox 2695 5029 2835 5094; x_wconf 90' lang='lat' dir='ltr'><strong>dies,</strong></span> <span class='ocrx_word' id='word_1_660' title='bbox 2870 5042 2978 5080; x_wconf 89' lang='lat' dir='ltr'><strong>nec</strong></span> <span class='ocrx_word' id='word_1_661' title='bbox 3023 5023 3224 5078; x_wconf 89' lang='lat' dir='ltr'><strong>redeat</strong></span> <span class='ocrx_word' id='word_1_662' title='bbox 3254 5035 3532 5092; x_wconf 86' lang='lat' dir='ltr'><strong>unquam,</strong></span> 
     </span>
    </p>
   </div>
   <div class='ocr_carea' id='block_1_110' title="bbox 1919 5107 3537 5196">
    <p class='ocr_par' dir='ltr' id='par_1_110' title="bbox 1919 5107 3537 5196">
     <span class='ocr_line' id='line_1_110' title="bbox 1919 5107 3537 5196; baseline -0.012 -16"><span class='ocrx_word' id='word_1_663' title='bbox 1919 5124 1980 5180; x_wconf 89' lang='lat' dir='ltr'><strong>in</strong></span> <span class='ocrx_word' id='word_1_664' title='bbox 2005 5141 2118 5196; x_wconf 91' lang='lat' dir='ltr'><strong>qua</strong></span> <span class='ocrx_word' id='word_1_665' title='bbox 2143 5124 2330 5177; x_wconf 90' lang='lat' dir='ltr'><strong>vester</strong></span> <span class='ocrx_word' id='word_1_666' title='bbox 2353 5136 2567 5176; x_wconf 83' lang='lat' dir='ltr'><strong>maeror</strong></span> <span class='ocrx_word' id='word_1_667' title='bbox 2585 5114 3014 5172; x_wconf 87' lang='lat' dir='ltr'><strong>ineluctabilem</strong></span> <span class='ocrx_word' id='word_1_668' title='bbox 3032 5109 3197 5167; x_wconf 91' lang='lat' dir='ltr'><strong>nobis</strong></span> <span class='ocrx_word' id='word_1_669' title='bbox 3217 5107 3537 5183; x_wconf 89' lang='lat' dir='ltr'><strong>paritdolo-</strong></span> 
     </span>
    </p>
   </div>
   <div class='ocr_carea' id='block_1_111' title="bbox 1920 5195 3534 5280">
    <p class='ocr_par' dir='ltr' id='par_1_111' title="bbox 1920 5195 3534 5280">
     <span class='ocr_line' id='line_1_111' title="bbox 1920 5195 3534 5280; baseline -0.011 -12"><span class='ocrx_word' id='word_1_670' title='bbox 1920 5195 2070 5270; x_wconf 86' lang='lat' dir='ltr'><strong>rem.</strong></span> <span class='ocrx_word' id='word_1_671' title='bbox 2105 5212 2174 5266; x_wconf 88' lang='lat' dir='ltr'><strong>Et</strong></span> <span class='ocrx_word' id='word_1_672' title='bbox 2194 5227 2348 5264; x_wconf 90' lang='lat' dir='ltr'><strong>nunc</strong></span> <span class='ocrx_word' id='word_1_673' title='bbox 2380 5207 2619 5280; x_wconf 88' lang='lat' dir='ltr'><strong>quidem</strong></span> <span class='ocrx_word' id='word_1_674' title='bbox 2637 5204 2694 5257; x_wconf 89' lang='lat' dir='ltr'><strong>in</strong></span> <span class='ocrx_word' id='word_1_675' title='bbox 2719 5218 2880 5274; x_wconf 88' lang='lat' dir='ltr'><strong>pace,</strong></span> <span class='ocrx_word' id='word_1_676' title='bbox 2909 5199 3056 5255; x_wconf 90' lang='lat' dir='ltr'><strong>sicut</strong></span> <span class='ocrx_word' id='word_1_677' title='bbox 3077 5202 3134 5253; x_wconf 91' lang='lat' dir='ltr'><strong>et</strong></span> <span class='ocrx_word' id='word_1_678' title='bbox 3160 5200 3295 5253; x_wconf 88' lang='lat' dir='ltr'><strong>tunc</strong></span> <span class='ocrx_word' id='word_1_679' title='bbox 3344 5195 3402 5251; x_wconf 92' lang='lat' dir='ltr'><strong>in</strong></span> <span class='ocrx_word' id='word_1_680' title='bbox 3429 5213 3534 5252; x_wconf 83' lang='lat' dir='ltr'><strong>an-</strong></span> 
     </span>
    </p>
   </div>
   <div class='ocr_carea' id='block_1_112' title="bbox 1920 5285 3535 5374">
    <p class='ocr_par' dir='ltr' id='par_1_112' title="bbox 1920 5285 3535 5374">
     <span class='ocr_line' id='line_1_112' title="bbox 1920 5285 3535 5374; baseline -0.01 -18"><span class='ocrx_word' id='word_1_681' title='bbox 1920 5301 2243 5374; x_wconf 88' lang='lat' dir='ltr'><strong>gustia,nos</strong></span> <span class='ocrx_word' id='word_1_682' title='bbox 2259 5300 2569 5367; x_wconf 84' lang='lat' dir='ltr'><strong>nostraque</strong></span> <span class='ocrx_word' id='word_1_683' title='bbox 2594 5295 2779 5345; x_wconf 87' lang='lat' dir='ltr'><strong>vestro</strong></span> <span class='ocrx_word' id='word_1_684' title='bbox 2804 5288 3209 5344; x_wconf 90' lang='lat' dir='ltr'><strong>condonamus</strong></span> <span class='ocrx_word' id='word_1_685' title='bbox 3228 5285 3499 5358; x_wconf 82' lang='lat' dir='ltr'><strong>obsequio</strong></span> <span class='ocrx_word' id='word_1_686' title='bbox 3521 5301 3535 5340; x_wconf 87' lang='lat'><strong>:</strong></span> 
     </span>
    </p>
   </div>
   <div class='ocr_carea' id='block_1_113' title="bbox 1921 5373 3535 5460">
    <p class='ocr_par' dir='ltr' id='par_1_113' title="bbox 1921 5373 3535 5460">
     <span class='ocr_line' id='line_1_113' title="bbox 1921 5373 3535 5460; baseline -0.011 -15"><span class='ocrx_word' id='word_1_687' title='bbox 1921 5373 1984 5444; x_wconf 80' lang='lat' dir='ltr'><strong>ut</strong></span> <span class='ocrx_word' id='word_1_688' title='bbox 2013 5389 2057 5443; x_wconf 90' lang='lat' dir='ltr'><strong>si</strong></span> <span class='ocrx_word' id='word_1_689' title='bbox 2082 5388 2220 5460; x_wconf 90' lang='lat' dir='ltr'><strong>quld</strong></span> <span class='ocrx_word' id='word_1_690' title='bbox 2240 5399 2524 5455; x_wconf 86' lang='lat' dir='ltr'><strong>magnum</strong></span> <span class='ocrx_word' id='word_1_691' title='bbox 2544 5382 2846 5452; x_wconf 85' lang='lat' dir='ltr'><strong>vestraque</strong></span> <span class='ocrx_word' id='word_1_692' title='bbox 2875 5377 3118 5450; x_wconf 88' lang='lat' dir='ltr'><strong>dignum</strong></span> <span class='ocrx_word' id='word_1_693' title='bbox 3138 5373 3425 5432; x_wconf 86' lang='lat' dir='ltr'><strong>memoria</strong></span> <span class='ocrx_word' id='word_1_694' title='bbox 3448 5373 3535 5430; x_wconf 88' lang='lat' dir='ltr'><strong>vel</strong></span> 
     </span>
    </p>
   </div>
   <div class='ocr_carea' id='block_1_114' title="bbox 1919 5463 3540 5547">
    <p class='ocr_par' dir='ltr' id='par_1_114' title="bbox 1919 5463 3540 5547">
     <span class='ocr_line' id='line_1_114' title="bbox 1919 5463 3540 5547; baseline -0.008 -15"><span class='ocrx_word' id='word_1_695' title='bbox 1919 5477 1977 5533; x_wconf 85' lang='lat' dir='ltr'><strong>vi</strong></span> <span class='ocrx_word' id='word_1_696' title='bbox 1998 5478 2084 5533; x_wconf 88' lang='lat' dir='ltr'><strong>vel</strong></span> <span class='ocrx_word' id='word_1_697' title='bbox 2103 5473 2338 5547; x_wconf 88' lang='lat' dir='ltr'><strong>ingenio</strong></span> <span class='ocrx_word' id='word_1_698' title='bbox 2357 5469 2596 5543; x_wconf 87' lang='lat' dir='ltr'><strong>aggredi</strong></span> <span class='ocrx_word' id='word_1_699' title='bbox 2611 5467 3131 5535; x_wconf 88' lang='lat' dir='ltr'><strong>conamini,nostra</strong></span> <span class='ocrx_word' id='word_1_700' title='bbox 3143 5463 3388 5522; x_wconf 89' lang='lat' dir='ltr'><strong>utamini</strong></span> <span class='ocrx_word' id='word_1_701' title='bbox 3407 5479 3540 5536; x_wconf 91' lang='lat' dir='ltr'><strong>ope-</strong></span> 
     </span>
    </p>
   </div>
   <div class='ocr_carea' id='block_1_115' title="bbox 1925 5547 3538 5636">
    <p class='ocr_par' dir='ltr' id='par_1_115' title="bbox 1925 5547 3538 5636">
     <span class='ocr_line' id='line_1_115' title="bbox 1925 5547 3538 5636; baseline -0.013 -13"><span class='ocrx_word' id='word_1_702' title='bbox 1925 5583 2011 5632; x_wconf 86' lang='lat' dir='ltr'><strong>ra,</strong></span> <span class='ocrx_word' id='word_1_703' title='bbox 2050 5561 2374 5636; x_wconf 84' lang='lat' dir='ltr'><strong>diligentia,</strong></span> <span class='ocrx_word' id='word_1_704' title='bbox 2432 5556 2695 5622; x_wconf 86' lang='lat' dir='ltr'><strong>consilio,</strong></span> <span class='ocrx_word' id='word_1_705' title='bbox 2754 5556 3010 5629; x_wconf 88' lang='lat' dir='ltr'><strong>ingenio,</strong></span> <span class='ocrx_word' id='word_1_706' title='bbox 3033 5555 3264 5610; x_wconf 89' lang='lat' dir='ltr'><strong>viribus.</strong></span> <span class='ocrx_word' id='word_1_707' title='bbox 3299 5551 3463 5618; x_wconf 90' lang='lat' dir='ltr'><strong>Quod</strong></span> <span class='ocrx_word' id='word_1_708' title='bbox 3493 5547 3538 5603; x_wconf 92' lang='lat' dir='ltr'><strong>si</strong></span> 
     </span>
    </p>
   </div>
   <div class='ocr_carea' id='block_1_116' title="bbox 1931 5641 3538 5726">
    <p class='ocr_par' dir='ltr' id='par_1_116' title="bbox 1931 5641 3538 5726">
     <span class='ocr_line' id='line_1_116' title="bbox 1931 5641 3538 5726; baseline -0.011 -18"><span class='ocrx_word' id='word_1_709' title='bbox 1931 5653 2111 5726; x_wconf 88' lang='lat' dir='ltr'><strong>quieti</strong></span> <span class='ocrx_word' id='word_1_710' title='bbox 2137 5656 2194 5706; x_wconf 90' lang='lat' dir='ltr'><strong>et</strong></span> <span class='ocrx_word' id='word_1_711' title='bbox 2213 5649 2439 5706; x_wconf 90' lang='lat' dir='ltr'><strong>silentio</strong></span> <span class='ocrx_word' id='word_1_712' title='bbox 2471 5646 2728 5702; x_wconf 89' lang='lat' dir='ltr'><strong>studetis.</strong></span> <span class='ocrx_word' id='word_1_713' title='bbox 2763 5649 2821 5700; x_wconf 90' lang='lat' dir='ltr'><strong>et</strong></span> <span class='ocrx_word' id='word_1_714' title='bbox 2850 5645 2921 5699; x_wconf 92' lang='lat' dir='ltr'><strong>ad</strong></span> <span class='ocrx_word' id='word_1_715' title='bbox 2949 5660 3201 5717; x_wconf 74' lang='lat' dir='ltr'><strong>prmsens</strong></span> <span class='ocrx_word' id='word_1_716' title='bbox 3230 5645 3288 5697; x_wconf 92' lang='lat' dir='ltr'><strong>et</strong></span> <span class='ocrx_word' id='word_1_717' title='bbox 3307 5641 3364 5695; x_wconf 88' lang='lat' dir='ltr'><strong>in</strong></span> <span class='ocrx_word' id='word_1_718' title='bbox 3377 5641 3538 5695; x_wconf 67' lang='lat' dir='ltr'><strong>aster-</strong></span> 
     </span>
    </p>
   </div>
   <div class='ocr_carea' id='block_1_117' title="bbox 1929 5727 3534 5811">
    <p class='ocr_par' dir='ltr' id='par_1_117' title="bbox 1929 5727 3534 5811">
     <span class='ocr_line' id='line_1_117' title="bbox 1929 5727 3534 5811; baseline -0.012 -14"><span class='ocrx_word' id='word_1_719' title='bbox 1929 5757 2070 5797; x_wconf 89' lang='lat' dir='ltr'><strong>num</strong></span> <span class='ocrx_word' id='word_1_720' title='bbox 2106 5740 2274 5795; x_wconf 89' lang='lat' dir='ltr'><strong>liceat</strong></span> <span class='ocrx_word' id='word_1_721' title='bbox 2299 5737 2465 5795; x_wconf 88' lang='lat' dir='ltr'><strong>nobis</strong></span> <span class='ocrx_word' id='word_1_722' title='bbox 2481 5736 2733 5811; x_wconf 88' lang='lat' dir='ltr'><strong>gaudere</strong></span> <span class='ocrx_word' id='word_1_723' title='bbox 2758 5733 2914 5791; x_wconf 90' lang='lat' dir='ltr'><strong>vobis</strong></span> <span class='ocrx_word' id='word_1_724' title='bbox 2933 5749 3062 5789; x_wconf 86' lang='lat' dir='ltr'><strong>cum</strong></span> <span class='ocrx_word' id='word_1_725' title='bbox 3079 5748 3220 5808; x_wconf 88' lang='lat' dir='ltr'><strong>pace</strong></span> <span class='ocrx_word' id='word_1_726' title='bbox 3251 5733 3307 5788; x_wconf 87' lang='lat' dir='ltr'><strong>et</strong></span> <span class='ocrx_word' id='word_1_727' title='bbox 3323 5727 3534 5805; x_wconf 89' lang='lat' dir='ltr'><strong>quiete,</strong></span> 
     </span>
    </p>
   </div>
  </div>
