3918 6230
435 515 534 576 251

1075 515 1431 578 SILVESTRI
1467 520 1513 578 ΙΙ
1554 521 1753 580 ΡᾹΡΕ
1793 521 1947 580 ΟΡΡ.
1989 517 2166 578 PARS
2204 521 2295 581 Ill.
2332 551 2406 566 --
2442 519 2654 580 EPIST.
2695 519 2778 579 ΕΤ
2812 520 3089 583 DIPLOM.

3640 521 3747 588 252

439 649 552 703 Nec
575 647 898 722 glorientur
923 666 1030 706 tem
1042 649 1565 707 ulivestrinominis
1595 652 1721 723 plus
1741 668 1860 708 sese
1877 651 2039 709 obes-
2063 678 2117 737 Α
2141 651 2378 725 proprio
2426 650 2623 708 labore
2657 650 2851 707 multis
2883 650 3205 723 sumptibus
3234 644 3743 722 exaediﬁcavimus,

433 757 493 796 se
523 757 698 814 quam
721 758 818 797 vos
854 741 1144 813 prodesse.
1179 742 1280 808 Sit,
1313 743 1356 797 si
1389 743 1510 797 fieri
1540 743 1905 815 potest,inter
1930 761 2035 799 nos

437 847 502 886 ac
525 830 814 886 seniorem
833 834 1079 885 vestrum
1098 832 1369 886 honestus
1386 832 1614 886 habitus
1628 832 2030 888 amicitiarum.

442 919 797 975 Praescribite
815 921 1111 991 sequenda
1127 922 1183 973 et
1196 919 1560 986 vitanda,nec
1573 920 1874 992 patiamini
1889 921 2036 976 dolis

437 1011 496 1064 et
523 1009 821 1064 fraudibus
844 1026 948 1064 nos
970 1008 1379 1075 circumscribi,
1399 1009 1492 1080 qui
1521 1011 1810 1065 nullorum
1842 1010 2033 1066 homi-

440 1114 582 1152 num
601 1097 919 1153 amicitiam
951 1103 1151 1154 contra
1173 1116 1270 1154 vos
1293 1099 1645 1155 decrevimus
1675 1099 1854 1172 sequi.

908 1187 1244 1243 EPISTULA
1284 1189 1586 1244 CLXXXIII.

510 1274 766 1316 EPISCOPI
784 1276 1071 1314 REMORUM
1103 1275 1434 1316 DICECESEOS
1452 1274 1720 1315 SALUTEM
1746 1275 1969 1316 DICUNT

838 1347 1344 1386 REVERENTISSIMO
1379 1348 1549 1387 PATRI
1578 1349 1635 1388 Β..

515 1418 800 1485 Quoniam
850 1419 1032 1475 frater
1058 1423 1115 1474 et
1144 1420 1496 1492 ccepiscopus
1521 1423 1716 1476 noster
1763 1422 1829 1475 A.
1891 1419 2042 1476 infra

443 1524 607 1564 suam
641 1507 949 1564 Ecclesiam
982 1511 1200 1580 captus,
1230 1511 1469 1579 propter
1512 1508 1628 1563 vim
1661 1507 1934 1576 hostium,
1980 1513 2043 1564 ut

435 1595 639 1663 fertur,
670 1613 786 1653 non
813 1596 943 1654 satis
968 1614 1096 1669 quae
1127 1597 1211 1651 sui
1256 1597 1404 1667 juris
1434 1601 1566 1653 sunt
1593 1598 1826 1669 exsequi
1871 1599 2039 1665 valet,

431 1702 536 1740 nos
549 1685 730 1740 nostri
749 1685 920 1742 officii
940 1704 1055 1740 non
1072 1687 1617 1758 immemores,quod
1639 1686 1772 1742 olim
1789 1686 1847 1742 in
1862 1687 2044 1742 famo-

438 1773 691 1830 sissimas
711 1776 1014 1846 priedones
1037 1793 1138 1831 suo
1163 1775 1398 1830 consilio
1430 1776 2044 1848 feceramus,repetivi-

440 1879 588 1919 mus.
623 1864 736 1918 Hoc
763 1864 979 1930 addito,
1004 1865 1158 1935 quod
1180 1864 1237 1918 in
1265 1864 1394 1919 cibo
1424 1867 1482 1919 et
1505 1867 1645 1935 potu
1673 1867 1874 1919 contra
1898 1864 2039 1918 divi-

435 1970 571 2007 num
585 1970 649 2008 ac
665 1954 983 2008 humanum
995 1955 1088 2024 jus
1104 1955 1260 2008 nulla
1271 1953 1664 2008 misericordia
1676 1954 1835 2008 abusi
1852 1971 2044 2011 sumus

435 2045 498 2096 ut
529 2041 684 2112 ipse;
715 2043 812 2096 sed
849 2043 1083 2115 insuper
1140 2043 1311 2097 duces
1339 2047 1397 2097 et
1417 2041 1674 2107 comites,
1702 2047 1758 2097 et
1785 2045 2043 2099 conscios

440 2130 618 2185 totius
648 2130 913 2185 factionis
951 2131 1323 2186 anathemate
1355 2130 2045 2204 damnavimus,eamque

430 2217 738 2273 Ecclesiam
757 2235 789 2272 a
803 2217 996 2273 divino
1015 2219 1876 2292 officiosuspendimus.Caateris
1895 2221 2046 2276 Chri-

432 2306 631 2362 stianis
662 2307 926 2362 ﬁdelibus
978 2308 1242 2362 sufﬁcere
1282 2325 1446 2379 posse
1469 2309 1824 2380 judicantes.
1851 2311 2046 2382 Itaque

439 2395 654 2450 decreti
682 2399 853 2468 atque
871 2397 1257 2452 anathematis
1274 2399 1569 2470 exemplar
1581 2399 1738 2453 vobis
1759 2397 2044 2453 mittimus

435 2488 764 2556 nostrasque
794 2486 1096 2541 sententiae
1126 2503 1222 2541 vos
1254 2487 1654 2558 favere,atque
1679 2486 1835 2541 idem
1852 2487 2040 2542 facere

433 2572 758 2643 hortamur,
793 2591 1119 2639 monemus,
1153 2592 1406 2633 oramus.

893 2663 1234 2718 EPISTOLA
1273 2664 1569 2719 CLXXXIV.

817 2749 890 2789 AD
916 2751 1334 2790 GARINBERTUM
1363 2751 1654 2789 ΑΒΒΑΤΕΜ.

509 2823 673 2888 Quod
705 2822 887 2878 nostri
915 2840 1112 2878 curam
1138 2823 1354 2894 geritis,
1383 2823 1710 2896 nostrisque
1758 2825 2037 2881 lzetamini

435 2911 778 2979 commodis,
803 2912 1022 2967 debitas
1043 2912 1419 2981 rependimus
1436 2918 1647 2984 grates.
1667 2915 1778 2969 Nec
1805 2915 1881 2969 sic
1902 2916 2038 2970 locis

435 2998 800 3070 disparamur
827 3001 1085 3068 remotis,
1105 3018 1210 3056 nec
1236 3002 1395 3056 eauti
1409 3020 1536 3057 mur
1561 3003 2032 3068 fortuna,divini-

430 3091 548 3143 tate
577 3089 847 3159 propitia,
905 3093 967 3144 ut
990 3091 1256 3162 antiquas
1305 3107 1421 3146 non
1452 3093 1743 3147 valeamus
1773 3110 2036 3149 exercere

435 3176 734 3232 amicitias.
766 3179 1090 3233 Procurabo
1118 3179 1294 3250 igitur
1323 3181 1477 3251 quod
1490 3180 1818 3252 jussistis,et
1847 3183 2039 3253 quoad

436 3267 641 3337 potero
674 3267 1044 3340 persuasione
1096 3269 1185 3323 vel
1215 3269 1403 3340 gratia
1447 3271 1836 3343 Augustorum
1871 3272 1973 3339 uti,
2006 3290 2040 3328 a
2062 3287 2109 3346 ί]

433 3355 639 3410 vicinia
652 3357 967 3412 Remorum
983 3359 1180 3429 procul
1197 3358 1499 3413 dimovebo
1515 3359 2042 3425 exercitum,donec

434 3441 494 3498 in
535 3444 674 3500 urbe
701 3446 1097 3509 recondatis,si
1127 3446 1264 3518 quid
1293 3447 1505 3502 residui
1526 3448 1749 3503 habetis
1785 3448 1841 3503 in
1867 3449 2038 3522 agris.

436 3533 745 3590 Procurate
759 3534 952 3607 itaque
970 3538 1028 3590 et
1038 3552 1134 3590 vos
1147 3536 1326 3591 filium
1349 3553 1545 3591 meum
1564 3537 2043 3608 Aquilam,donec

432 3639 537 3695 per
555 3622 1341 3680 fidissimosmihiremittatis
1357 3625 1671 3680 amicos.Et
1702 3642 1774 3679 ne
1807 3625 2042 3697 ignore-

432 3711 504 3767 tis
529 3729 656 3784 quas
680 3713 928 3785 synodus
951 3713 1354 3785 episcoporum
1374 3716 1586 3768 nostra:
1611 3713 1918 3769 dioeceseos
1942 3714 2040 3770 de-

433 3801 696 3865 creverit,
727 3804 1024 3874 exemplar
1052 3818 1249 3856 rerum
1283 3803 1577 3873 gestarum
1627 3800 1786 3855 vobis
1815 3803 2045 3857 nostris-

432 3905 541 3960 que
569 3889 737 3944 mitto
763 3889 949 3955 sociis,
992 3893 1055 3944 ut
1085 3889 1288 3944 exinde
1319 3888 1675 3961 pernoscatis
1698 3888 1834 3960 quid
1860 3890 2039 3962 sequi,

434 3977 574 4050 quid
606 3977 786 4032 vitare
814 3977 1090 4032 debeatis.

912 4064 1249 4119 EPISTULA
1289 4063 1561 4118 CLXXXV.

436 4149 720 4189 LIBBLLUS
752 4148 988 4189 REPUDII
1030 4151 1322 4189 GERBERTI
1350 4150 1668 4191 ARNULPHO

1159 4223 1328 4262 COPO.

507 4294 612 4350 Diu
635 4295 998 4366 multumque
1025 4295 1168 4350 mihi
1210 4295 1267 4350 in
1291 4296 1487 4352 animo
1529 4297 1830 4370 replicanti
1853 4294 2040 4352 infeli-

433 4399 561 4440 cem
583 4384 796 4437 statum
821 4386 1030 4438 nostrae
1055 4384 1229 4452 urbis,
1272 4401 1378 4440 nec
1399 4385 1617 4441 exitum
1653 4387 1944 4440 malorum
1965 4384 2039 4439 si-

433 4473 727 4542 nestrage
753 4471 1041 4526 bonorum
1072 4474 1406 4545 reperienti,
1443 4491 1512 4529 ea
1541 4475 1780 4529 tandem
1803 4477 2037 4529 senten-

1713 4152 2041 4192 ARCHIEPIS-

2139 741 2279 797 mihi
2312 740 2569 812 meisque
2590 757 2721 796 cum
2752 757 2852 796 sua
2868 740 3201 813 supellectili
3233 743 3750 798 reservate.Eccle-

2136 829 2244 884 sias
2267 847 2516 902 quoque,
2551 847 2691 902 quas
2713 830 3065 885 solemnibus
3091 846 3157 884 ac
3183 830 3460 902 legitimis
3483 830 3748 886 donatio-

2135 919 2326 990 nibusj
2339 923 2470 974 uxta
2495 936 2721 974 morem
2736 919 3045 992 provinciae
3079 917 3368 974 consecuti
3390 921 3748 985 sumus,nul-

2134 1008 2202 1062 lis
2231 1007 2576 1079 praejudiciis
2593 1007 2798 1079 attingi
2826 1023 3081 1073 oramus,
3116 1007 3188 1061 de
3221 1006 3443 1078 reliquo
3466 1023 3587 1062 non
3605 1008 3750 1063 mul-

2136 1100 2258 1151 tum
2287 1095 2952 1167 deprecaturi.Hocfacto
2977 1113 3072 1150 me
3097 1093 3236 1151 olim
3269 1094 3453 1150 libera
3483 1096 3632 1151 colla
3651 1113 3750 1167 ge-

2138 1189 2362 1240 rentem
2392 1185 2465 1240 ad
2487 1185 2761 1257 obsequia
2789 1188 2975 1240 vestra
3004 1184 3245 1240 honeste
3274 1183 3610 1238 invitabitis.
3639 1184 3750 1240 Nec

2139 1274 2379 1328 dubium
2393 1273 2519 1337 erit,
2538 1273 2582 1327 si
2609 1275 2712 1329 hos
2725 1274 3007 1328 terminos
3019 1272 3747 1344 praetergrediemini,quin

2141 1361 2339 1418 omnia
2369 1379 2496 1434 quae
2528 1362 2961 1433 possidebamus
2993 1363 3056 1415 ut
3087 1377 3121 1414 a
3153 1361 3350 1415 multis
3400 1361 3746 1433 accepimus.

2141 1452 2362 1506 aemulis
2391 1451 2603 1510 nostris
2631 1454 2992 1506 sacramento
3026 1448 3405 1516 contuleritis,
3437 1453 3578 1504 tunc
3619 1466 3750 1506 cum

2141 1539 2459 1594 secundum
2492 1540 2758 1594 atfectum
2783 1541 3038 1593 vestrum
3064 1537 3422 1592 acutisssima
3450 1553 3560 1608 pro
3593 1538 3752 1593 vobis

2143 1629 2488 1685 dictaremus
2529 1628 2784 1683 consilia.
2840 1628 2954 1682 Nec
2983 1627 3413 1697 praeteritorum
3459 1627 3750 1684 malorum

2145 1718 2463 1788 poterimus
2496 1716 2768 1783 oblivisci,
2804 1732 2935 1774 cum
2979 1715 3358 1791 praesentibus
3405 1713 3752 1772 admonebi-

2143 1821 2276 1861 mur
2296 1805 2552 1877 judiciis.

2613 1947 2950 2004 EPISTOLA
2988 1946 3288 2002 CLXXXVI.

2253 2053 2503 2092 ELECTIO
2529 2053 2816 2093 GERBERTI
2869 2053 3154 2091 REMORUM
3177 2049 3643 2091 ARCHIEPISCOPI.

2219 2163 2462 2234 Semper
2491 2161 2748 2235 quidem,
2781 2159 3130 2216 dilectissimi
3166 2157 3614 2229 fratres,judicia
3650 2155 3751 2214 Dei

2141 2251 2298 2322 justa
2347 2255 2500 2317 sunt,
2533 2251 2633 2306 sed
2665 2250 2958 2305 interdum
2982 2249 3221 2303 occulta.
3249 2248 3388 2300 Ecce
3439 2245 3600 2301 enim
3627 2248 3758 2316 post

2146 2339 2590 2395 dissolutionem
2611 2339 2795 2393 beatas
2814 2335 3112 2392 memoriae
3137 2334 3316 2390 Patris
3341 2336 3408 2388 Α.
3437 2333 3756 2407 quemdam

2143 2445 2209 2482 ex
2242 2429 2403 2499 regio
2424 2428 2642 2482 semine
2659 2427 3044 2498 prodeuntem
3069 2425 3235 2480 nobis
3251 2423 3628 2495 Ecclesiaaque
3648 2423 3756 2479 Re-

2143 2518 2330 2574 mensi
2358 2518 2804 2591 praefecimus,et
2824 2518 3078 2572 clamore
3095 2512 3751 2585 multitudinisimpulsi,

2141 2609 2436 2681 Scriptura
2469 2607 2716 2675 dicente,
2748 2607 2864 2661 Vox
2879 2605 3068 2678 populi
3089 2623 3192 2660 vox
3207 2605 3393 2672 Dei,et
3412 2606 3751 2658 sanctorum

2141 2713 2431 2753 canonum
2463 2696 2732 2751 institutis
2763 2695 3112 2750 desiderium
3136 2710 3202 2749 ac
3231 2696 3363 2748 vota
3386 2691 3524 2746 cleri
3556 2708 3625 2746 ac
3655 2706 3756 2762 po-

2142 2787 2259 2857 puli
2291 2787 2350 2841 in
2375 2786 2654 2840 electione
2683 2784 2934 2855 episcopi
2966 2782 3429 2854 perquirentium
3453 2780 3756 2852 :caligavit

2140 2874 2289 2928 acies
2313 2873 2524 2928 mentis
2543 2876 2754 2928 nostra:
2770 2873 3021 2926 litteram
3043 2870 3269 2925 incaute
3291 2867 3753 2940 sequendo,con—

2137 2962 2369 3016 cordem
2397 2961 2738 3017 sententiam
2757 2960 3078 3015 divinarum
3098 2959 3524 3030 Scripturarum
3540 2971 3750 3027 parum

2138 3050 2687 3122 investigando.Non
2709 3053 2833 3104 erat
2854 3049 3068 3120 quippe
3100 3064 3206 3102 vox
3263 3046 3364 3101 Dei
3392 3063 3500 3101 vox
3549 3044 3750 3117 populi

2139 3138 2440 3192 clamantis
2465 3155 2477 3192 :
2498 3137 2788 3208 Cruci/Ege,
2821 3137 3086 3206 cruciﬁge.
3124 3137 3271 3208 Ergo
3295 3150 3413 3189 non
3433 3133 3633 3187 amnis
3646 3148 3752 3186 vox

2141 3227 2336 3300 populi
2355 3243 2459 3282 vox
2488 3226 2585 3282 Dei
2602 3230 2708 3292 est;
2738 3243 2843 3280 nec
2861 3225 3051 3281 omnis
3077 3224 3214 3278 cleri
3241 3225 3298 3277 et
3324 3221 3521 3295 populi
3545 3223 3679 3275 vota
3696 3221 3753 3274 et

2143 3315 2426 3370 desideria
2455 3315 2511 3368 in
2531 3315 2810 3370 electione
2866 3312 3116 3386 episcopi
3167 3308 3555 3384 perquirenda
3596 3311 3749 3375 sunt,

2141 3406 2241 3460 sed
2263 3409 2489 3460 tantum
2520 3404 2864 3475 simpliciset
2883 3402 3220 3474 incorrupti,
3255 3401 3311 3455 id
3345 3402 3430 3454 est
3458 3414 3560 3470 spe
3588 3413 3745 3470 quie-

2143 3498 2259 3548 stus
2287 3494 2526 3548 minime
2557 3493 2741 3548 electi.
2767 3491 3083 3547 Sententiae
3105 3492 3341 3545 Patrum
3360 3485 3748 3558 exponenda.

2141 3583 2266 3636 Non
2288 3583 2475 3644 liceat,
2509 3580 2717 3652 inquit,
2745 3580 2927 3635 turbis
2952 3579 3298 3634 electionem
3330 3576 3520 3630 facere
3543 3589 3752 3629 eorum

2141 3671 2238 3743 qui
2268 3670 2340 3724 ad
2370 3669 2756 3725 sacerdotium
2785 3671 3193 3740 provocantur,
3240 3664 3342 3719 sed
3363 3662 3651 3735 judicium
3683 3661 3754 3716 sit

2143 3758 2565 3830 episcoporum,
2599 3761 2661 3812 ut
2697 3774 2831 3812 eum
2863 3756 2968 3822 igsi
2993 3755 3090 3828 qui
3121 3753 3478 3810 ordinandus
3508 3755 3596 3805 est
3619 3765 3751 3822 pro-

2142 3849 2304 3914 bent,
2336 3847 2381 3901 si
2409 3846 2466 3900 in
2497 3846 2610 3901 fide
2641 3849 2699 3901 et
2748 3845 2804 3900 in
2839 3843 3144 3916 episcopali
3173 3842 3286 3897 vita
3350 3840 3590 3896 edoctus
3647 3840 3750 3892 est.

2143 3935 2254 3991 Nos
2283 3935 2459 4006 igitur
2487 3934 2737 4007 episcopi
2759 3936 3073 3990 Remorum
3104 3932 3414 3988 dioeceseos
3431 3928 3752 3984 secundum

2141 4024 2245 4078 has
2270 4024 2705 4080 constitutiones
2736 4026 2993 4089 Patrum,
3053 4022 3251 4076 favore
3299 4022 3357 4074 et
3385 4015 3755 4074 conniventia

2143 4113 2440 4185 utriusque
2467 4112 2740 4186 principis
2767 4111 2944 4167 nostri
2973 4111 3172 4167 domui
3198 4107 3412 4181 Ugonis
3426 4105 3753 4178 Augusti,et

2143 4193 2600 4249 excellentissimi
2624 4193 2776 4264 regis
2792 4192 3536 4261 Roberti,assensu:quoque
3551 4203 3751 4243 eorum

2142 4282 2239 4354 qui
2267 4282 2367 4336 Dei
2392 4286 2526 4337 sunt
2556 4283 2613 4336 in
2647 4284 2800 4337 clero
2827 4285 2884 4336 et
2914 4282 3146 4353 populo,
3183 4279 3450 4350 eligimus
3477 4277 3652 4332 nobis
3672 4292 3754 4330 ar-

2143 4371 2568 4443 chiepiscopum
2599 4372 2868 4426 abbatem
2892 4370 3228 4424 Gerhertum
3240 4370 3410 4423 (etate
3430 4369 3750 4432 maturum,

2143 4463 2349 4514 natura
2379 4458 3086 4531 prudentem,docibilem,
3103 4454 3750 4521 aﬂ'abilem,misericor-

435 4559 517 4616 tia
542 4559 918 4632 placuit,quae
939 4565 997 4616 et
1015 4544 1390 4633 praesentibus
1437 4564 1771 4618 mederetur
1813 4563 2038 4617 incom-
2066 4573 2117 4631 D
2142 4549 2298 4615 dem,
2331 4566 2436 4603 nec
2454 4548 2817 4620 Ρτεεῖθΐίῐηιιδ
2836 4547 2914 4601 ίΠὶ
2930 4563 3136 4619 vagam
3155 4544 3754 4633 ὃάοιθδοϐηιξειφβω·

435 4648 648 4711 modis,
670 4653 728 4704 et
749 4649 805 4704 in
831 4650 1090 4705 futurum
1116 4655 1466 4722 praecaveret
1495 4651 1712 4706 amicis.
1745 4654 2041 4706 Permuta-

436 4753 565 4792 mus
595 4737 785 4810 itaque
818 4739 1005 4794 solum
1044 4740 1187 4805 solo,
1249 4738 1574 4794 dominium
1609 4739 1890 4806 dominio,
1921 4755 2040 4792 ves-

433 4828 635 4898 traque
651 4827 930 4882 beneficia
942 4828 1334 4899 emancipanti
1351 4827 1508 4882 vobis
1534 4828 1856 4900 nostrisque
1869 4845 2043 4882 temu-

433 4913 499 4970 Iis
529 4914 600 4969 ad
633 4913 912 4970 invidiam
933 4915 1337 4989 relinquimus,
1369 4933 1441 4971 ne
1473 4915 1764 4971 ftdelitatis
1790 4915 2040 4986 promis-

431 5020 507 5059 see
536 5004 672 5060 hinc
703 5021 1038 5076 arguamur,
1082 5005 1218 5062 inde
1242 5023 1456 5076 genere
1521 5005 1908 5060 amicitiarum
1967 5004 2039 5059 ad

432 5095 703 5165 patruum
730 5096 982 5149 vestrum
1003 5095 1157 5166 quod
1179 5111 1268 5149 am
1279 5095 1452 5149 modo
1473 5111 1532 5148 se
1548 5093 1887 5148 habentium
1909 5109 2039 5165 per-

395 5176 398 5178 ’
432 5179 960 5250 stringamur.Nihil
991 5181 1149 5237 enim
1184 5183 1350 5236 alteri
1381 5181 1626 5236 debetur
1656 5197 1723 5236 eo
1757 5198 1871 5253 quo
1902 5180 2037 5234 vivi-

433 5283 562 5322 mus
591 5271 780 5339 pacto,
810 5269 921 5324 fide
951 5269 1009 5324 in
1032 5271 1275 5325 alteram
1300 5274 1524 5341 partem
1555 5273 1860 5341 prwtenta.
1897 5269 2039 5323 Nam

431 5354 476 5409 si
506 5371 604 5410 vos
657 5357 844 5411 salvos
895 5375 1015 5414 esse
1047 5361 1327 5426 volumus,
1358 5359 1652 5430 quomodo
1683 5361 1890 5430 patruo
1917 5373 2038 5411 ves-

432 5445 522 5499 tro
555 5461 873 5516 priesumus
901 5447 930 5502 ?
959 5449 1103 5503 Item
1131 5447 1175 5502 si
1234 5450 1440 5519 patruo
1464 5450 1650 5502 vestro
1697 5462 2037 5519 praesumus,

432 5533 728 5604 quomodo
761 5551 856 5590 vos
905 5553 1025 5591 esse
1082 5538 1269 5591 salvos
1323 5536 1584 5590 volumus
1617 5537 1645 5588 ?
1675 5535 1830 5589 Hanc
1876 5533 2041 5588 litem

430 5621 508 5676 sic
558 5621 903 5690 dirimimus,
950 5625 1025 5680 ad
1073 5625 1214 5680 alios
1267 5623 1670 5695 demigrando,
1728 5639 1832 5676 nec
1885 5621 2043 5677 vobis

425 5726 532 5765 nec
560 5709 638 5765 illi
698 5711 1015 5784 quidquam
1048 5717 1257 5784 praeter
1301 5712 1763 5766 benevolentiam
1825 5709 2041 5764 debea-

429 5815 559 5857 mus
583 5800 923 5872 gratuitam.
945 5801 1086 5855 Eam
1113 5800 1158 5855 si
1188 5798 1631 5872 amplectimini,
1656 5799 1884 5866 domos,
1906 5815 2045 5871 quas

2140 4637 2422 4692 bitionem
2455 4655 2513 4692 se
2544 4637 2935 4702 extollentem,
2955 4635 3154 4690 omnia
3183 4638 3402 4688 temere
3421 4631 3752 4687 ministran-

2143 4729 2299 4791 tem;
2328 4726 2445 4781 imo
2477 4743 2583 4780 nec
2628 4725 2835 4780 talibus
2860 4723 3154 4796 subjugari
3202 4721 3496 4794 patienter
3555 4720 3751 4776 auditu

2142 4816 2507 4888 perferimus,
2540 4831 2786 4886 quorum
2823 4813 3105 4886 sapientia
3122 4815 3181 4868 et
3209 4810 3447 4866 consilio
3479 4809 3750 4864 Ecclesia-

2143 4906 2283 4962 stica
2307 4921 2371 4960 ac
2392 4903 2575 4959 civilia
2597 4904 2730 4973 jura
2751 4900 3144 4958 administrari
3165 4917 3283 4955 non
3313 4915 3480 4970 posse
3520 4898 3747 4954 scimus.

2145 4993 2403 5066 Cumque
2434 4993 2493 5047 in
2526 5008 2873 5063 unoquoque
2903 4991 3168 5062 episcopo
3196 4989 3268 5042 sit
3311 4989 3419 5043 hoc
3451 4987 3748 5059 speculan-

2143 5081 2304 5148 dum,
2340 5080 2592 5135 maxime
2615 5083 2812 5134 tamen
2835 5078 2892 5133 in
2925 5095 2993 5133 eo
3025 5075 3365 5150 quicaeteris
3390 5083 3606 5147 praeest
3636 5089 3749 5130 me-

2141 5169 2522 5240 tropolitano.
2538 5169 2815 5240 Eligimus
2831 5170 3024 5239 itaque
3038 5167 3190 5222 hunc
3207 5163 3746 5236 Gerbertum,qui“'

2141 5257 2267 5312 fuit.
2301 5258 2476 5329 Hujus
2503 5258 2675 5312 vitam
2719 5273 2784 5312 ac
2815 5272 3008 5312 mores
3037 5272 3072 5310 a
3100 5271 3279 5328 puero
3323 5252 3616 5320 novimus,
3647 5253 3748 5306 stu-

2144 5346 2305 5401 dium
2335 5347 2393 5400 in
2433 5346 2638 5401 divinis
2667 5363 2731 5401 ac
2762 5345 3034 5400 humanis
3057 5345 3227 5399 rebus
3260 5341 3481 5415 experti
3535 5356 3743 5396 sumus.

2142 5434 2317 5505 Hujus
2346 5435 2594 5490 consiliis
2619 5451 2684 5490 ac
2714 5433 3050 5506 magisterio
3079 5431 3385 5487 informari
3413 5429 3743 5503 quaerimus.

2141 5524 2271 5594 Ejus
2302 5524 2647 5579 electionem
2661 5521 3071 5578 subscribendo
3093 5516 3748 5586 conﬁrmamus,stabili—

2143 5630 2290 5680 mus,
2323 5613 2767 5668 corroboramus
2802 5611 3098 5668 communi
3144 5611 3411 5665 omnium
3463 5609 3744 5664 bonorum

2143 5702 2424 5757 consultu.
