3918 6230
90 476 183 550 233

589 623 946 683 EPISTOLA
969 621 1290 681 CLXXXVII.

110 723 332 766 Ριιοηες
345 727 411 769 ιο
450 727 630 769 FIDE!
655 731 958 770 GERBERTI
986 731 1267 770 REMORUM
1288 728 1746 770 ARCHIEPISCOPI.

176 801 285 873 Ego
300 801 649 858 Gerbertus
675 805 869 877 gratia
890 803 986 859 Dei
1020 804 1405 874 praeveniente
1435 820 1567 859 mox
1596 803 1748 857 futu-

127 907 208 948 rus
233 891 729 965 archiepiscopus
742 894 1077 958 Remorum,
1106 896 1240 948 ante
1271 892 1468 947 omnia
1495 891 1628 946 fidei
1647 891 1748 946 do-

130 984 382 1038 cumenta
411 982 624 1037 verbis
676 981 1030 1054 simplicibus
1061 997 1274 1048 assero,
1309 981 1367 1035 id
1412 984 1498 1035 est
1519 983 1748 1035 Patrem

133 1074 181 1126 et
200 1070 424 1137 Filium,
461 1074 526 1126 et
553 1070 843 1141 Spiritum
873 1073 1154 1136 sanctum,
1207 1087 1388 1125 unum
1421 1071 1602 1125 Deum
1630 1085 1750 1124 esse

130 1159 425 1226 conﬁrmo,
476 1162 794 1231 totamque
820 1159 876 1214 in
907 1159 1181 1213 Trinitate
1213 1158 1486 1213 deitatem
1509 1175 1749 1213 ccrssen-

128 1248 313 1303 tialem
336 1252 399 1303 et
414 1247 981 1303 consubstantialem
1001 1251 1057 1302 et
1075 1249 1479 1303 coaaternalem
1493 1250 1546 1301 et
1561 1245 1750 1302 omni-

123 1341 426 1409 potentem
463 1336 1048 1409 praedico.Singulam
1073 1354 1365 1408 quamque
1394 1336 1450 1390 in
1474 1335 1750 1390 Trinitate

121 1441 438 1500 personam
454 1441 662 1478 verum
682 1425 953 1489 Deum,et
966 1426 1114 1478 totas
1139 1428 1252 1478 tres
1275 1425 1554 1477 Personas
1568 1439 1749 1478 unum

122 1514 307 1569 Deum
337 1513 648 1583 profiteor.
669 1510 1133 1566 Incarnationem
1155 1511 1407 1565 divinam
1441 1527 1557 1566 non
1579 1511 1635 1564 in
1652 1512 1751 1564 Pa-

122 1606 228 1668 tre,
258 1619 461 1674 neque
492 1601 551 1654 in
569 1600 787 1672 Spiritu
811 1600 1133 1665 sancto,sed
1159 1599 1218 1654 in
1235 1599 1372 1654 Filio
1390 1601 1615 1654 tantum
1636 1615 1752 1654 cre-

123 1691 218 1757 do,
247 1694 310 1744 ut
345 1689 451 1761 qui
481 1691 608 1743 erat
635 1688 692 1741 in
727 1686 1024 1742 divinitate
1058 1687 1156 1742 Dei
1187 1687 1372 1742 Patris
1419 1687 1608 1753 Filius,
1633 1685 1751 1758 ipse

122 1779 290 1834 ﬁeret
313 1777 375 1831 in
409 1777 657 1831 homine
679 1775 884 1830 matris
910 1775 1078 1843 ﬁlius,
1101 1777 1252 1831 Deus
1281 1791 1447 1830 verus
1477 1792 1542 1830 ex
1563 1777 1750 1842 Patre,

123 1868 309 1922 homo
345 1882 522 1920 verus
553 1881 621 1918 ex
638 1863 1099 1918 matre.Carnem
1123 1881 1189 1919 ex
1220 1864 1425 1919 matris
1446 1863 1754 1918 visceribus

131 1955 489 2018 habentem,
523 1955 583 2006 et
609 1951 868 2006 animam
883 1952 1201 2006 humanam
1221 1951 1566 2007 rationalem
1586 1951 1752 2005 simul

123 2044 183 2099 in
215 2060 288 2098 eo
323 2042 635 2112 utriusque
679 2043 924 2108 naturae,
959 2041 1015 2096 id
1039 2043 1123 2095 est
1149 2040 1451 2096 hominem
1475 2044 1531 2095 et
1547 2043 1751 2107 Deum,

121 2149 303 2187 unam
340 2147 688 2204 personam,
747 2146 927 2184 unum
963 2129 1164 2197 tilium,
1198 2147 1381 2185 unum
1438 2129 1750 2196 Christum,

120 2237 307 2276 unum
340 2218 1094 2286 Dominum,creaturarum
1110 2217 1377 2274 omnium
1401 2236 1528 2290 quia
1544 2220 1677 2273 sunt
1695 2220 1754 2272 et

123 2308 344 2381 Spiritu
373 2311 605 2374 sancto,
634 2306 932 2362 confiteor.
969 2308 1204 2362 Passum
1232 2321 1354 2362 esse
1378 2324 1510 2362 vera
1565 2306 1754 2362 carnis

121 2399 421 2469 passione,
445 2399 750 2451 mortuum
773 2411 905 2450 vera
935 2395 1190 2467 corporis
1218 2395 1304 2450 sui
1339 2399 1741 2461 morte,resur-

119 2485 339 2540 rexisse
371 2501 515 2539 vera
541 2484 728 2538 carnis
759 2501 872 2537 sua:
903 2483 1346 2550 resurrectione,
1381 2487 1439 2537 et
1469 2500 1601 2537 vera
1628 2481 1746 2536 ani-

121 2578 263 2629 maz"
292 2572 752 2638 resurrectione,
785 2571 844 2625 in
873 2589 984 2643 qua
1016 2571 1204 2627 veniet
1227 2572 1493 2642 judicare
1511 2571 1663 2626 vivos
1693 2575 1750 2627 et

129 2667 422 2730 mortuos,
451 2678 666 2718 assero.
691 2660 828 2714 Novi
860 2663 917 2714 et
945 2660 1161 2715 Veteris
1188 2659 1538 2715 Testamenti
1570 2676 1751 2714 unum

129 2752 536 2823 eumdemque
561 2749 735 2804 credo
763 2751 1054 2804 auctorem
1070 2753 1126 2804 et
1148 2748 1451 2804 dominum
1467 2752 1525 2803 et
1545 2749 1750 2803 Deum.

126 2840 444 2896 Diabolum
471 2855 591 2893 nou
622 2854 728 2910 per
757 2837 1169 2906 conditionem,
1200 2838 1298 2892 sed
1321 2855 1424 2910 per
1454 2837 1756 2892 arbitrium

139 2929 352 2985 factum
402 2928 796 2982 esse'malum.
833 2927 1014 2981 Credo
1044 2927 1411 2998 hujus,quam
1443 2928 1755 2998 gestamus,

143 3022 183 3073 et
212 3036 338 3074 non
369 3016 639 3083 alterius,
671 3015 860 3070 carnis
887 3015 1578 3070 resurrectionem.Credo
1600 3015 1761 3086 judi-

142 3108 284 3163 cium
317 3107 620 3172 futurum,
651 3107 708 3158 et
733 3107 1064 3174 recepturos
1095 3103 1348 3174 singulos
1378 3119 1482 3173 pro
1509 3103 1597 3156 his
1630 3120 1758 3175 quas

141 3194 549 3268 gesseruntvel
575 3209 772 3264 pmnas
797 3192 883 3245 vel
901 3190 1404 3264 praemiaNuptias
1425 3207 1539 3244 non
1568 3190 1759 3264 prohi-

138 3282 537 3351 beo,secunda
552 3279 927 3336 matrimonia
944 3297 1059 3334 non
1085 3278 1602 3333 damno.Carnium
1617 3295 1760 3349 pree-

138 3373 474 3446 ceptionem
510 3386 632 3424 non
667 3370 854 3439 culpo.
912 3367 1326 3423 Poenitentibus
1381 3367 1759 3424 reconciliatis

138 3458 566 3516 communicari
602 3456 814 3511 debere
836 3455 1134 3510 confiteor.
1166 3457 1227 3509 In
1247 3455 1536 3526 baptismo
1559 3455 1759 3511 omnia

141 3547 469 3620 peccata,id
489 3551 577 3600 est
592 3549 712 3599 tam
733 3544 876 3598 illud
891 3543 1167 3615 originale
1184 3547 1542 3599 contractum
1555 3562 1751 3616 ,quam

136 3653 194 3692 ea
228 3654 365 3709 quae
416 3633 744 3690 voluntarie
778 3632 1026 3687 admissa
1054 3633 1426 3700 sunt,dimitti
1470 3634 1664 3696 credo,
1697 3635 1763 3687 Et

133 3729 292 3780 extra
307 3722 633 3780 Ecclesiam
646 3721 988 3776 catholicam
1008 3723 1226 3776 nullum
1243 3721 1446 3776 salvari
1459 3722 1756 3776 confiteor.

129 3813 372 3869 Sanctas
395 3811 656 3885 synodos
705 3815 975 3884 quatuor,
1025 3827 1166 3883 quas
1216 3811 1544 3866 universalis
1576 3814 1762 3866 mater

126 3902 385 3958 Ecclesia
412 3900 750 3967 conﬁrmat,
797 3900 1100 3954 confirmo.

590 3988 929 4044 EPISTOLA
964 3988 1046 4044 CL
1057 3989 1316 4043 XXXVIII.

525 4095 868 4134 GERBERTUS
898 4095 1118 4132 OTTONI
1150 4092 1388 4133 CAESARI.

199 4169 466 4225 Domino
502 4168 754 4240 glorioso
783 4167 996 4221 Orrom
1029 4167 1232 4221 Caesari
1258 4183 1490 4238 semper
1504 4167 1759 4238 Augusto

127 4258 543 4314 Romanorum
563 4256 1234 4328 imperatoriGaaaaarus
1265 4255 1760 4329 episcopusdebile

142 4347 448 4402 servitutis
476 4346 815 4418 obsequium
827 4389 839 4400 .

206 4437 560 4491 Absentiam
577 4438 832 4490 vestram
848 4434 1208 4506 longitudine
1237 4437 1523 4490 terrarum
1543 4434 1758 4504 disjun-

1064 489 1305 554 SEC’I‘IO
1335 494 1378 554 I.
1412 525 1480 540 —
1504 494 1686 554 ANTE
1715 494 2002 554 SUMMUM
2031 494 2554 556 PONTIFICATUM.

3359 491 3464 555 255

1771 624 2184 696 Aspirantem.
2247 625 2496 682 reddite.
2561 625 2771 680 Eorum
2825 621 3186 681 conditiones
3234 624 3463 680 tantum

1857 717 2216 770 mementote
2249 715 2344 787 qui
2364 714 2601 786 capiunt
2615 717 2672 768 et
2703 713 3030 786 capiuntur,
3059 729 3134 768 ne
3159 713 3310 784 capti
3337 715 3469 786 post

1855 803 2182 859 libertatem
2214 807 2312 858 aut
2342 821 2446 875 per
2487 820 2546 858 se
2572 806 2671 858 aut
2699 819 2801 873 per
2853 819 2984 857 suos
3015 801 3327 874 capientes,
3375 800 3465 855 vel

1855 893 2070 948 amicos
2092 893 2446 964 capientium
2473 909 2576 965 pro
2622 907 2791 946 causa
2812 890 3096 963 captionis
3125 890 3336 946 ledere
3365 906 3461 945 va-

1855 982 2029 1036 leant
2323 1052 2662 1108 EPISTOLA
2703 1052 3001 1108 CLXXXlX.

2350 1141 2691 1180 GERBERTUS
2718 1141 2962 1180 OTTONI.

1925 1193 2168 1250 Domino
2198 1196 2674 1250 excellentissimo
2707 1196 2936 1250 Orrom
2995 1191 3201 1248 Caesari
3233 1207 3463 1264 semper

1849 1285 2123 1355 Augusto,
2155 1300 2389 1338 suorum
2424 1285 2825 1357 episcoporum
2856 1283 3129 1339 minimus
3159 1298 3388 1355 semper
3405 1283 3464 1336 et

1850 1373 2058 1444 ubique
2087 1373 2294 1428 debitae
2317 1374 2602 1428 servitutis
2633 1373 2927 1446 obsequia.

1921 1462 2060 1517 Cum
2084 1463 2532 1518 interhumanas
2558 1481 2648 1518 res
2680 1463 2822 1517 nihil
2857 1461 3074 1516 dulcius
3103 1463 3292 1516 vestro
3309 1460 3461 1532 aspi-

1848 1549 2065 1604 ciamus
2082 1551 2715 1622 imperio,sollicitispro
2734 1551 2892 1606 vobis
2909 1550 3050 1606 nihil
3064 1549 3283 1608 dulcius
3297 1549 3468 1622 signi-

1852 1639 2022 1693 ficare
2043 1640 2502 1712 potuistis,quam
2521 1641 2692 1695 vestri
2711 1639 2938 1712 imperii
2959 1656 3251 1695 summam
3283 1639 3461 1711 glori-

1854 1745 1947 1782 am
1963 1745 2245 1782 summam
2266 1745 2396 1782 cum
2411 1729 2689 1800 dignitate
2703 1729 3183 1791 constantiam,Et
3195 1744 3464 1800 quaenam

1855 1819 2007 1868 certe
2037 1816 2297 1885 majorin
2330 1817 2587 1887 principe
2619 1817 2846 1888 gloria?
2869 1833 2995 1888 quas
3027 1815 3374 1871 laudabilior
3405 1814 3463 1868 in

1853 1920 2080 1957 summo
2115 1903 2256 1958 duce
2283 1905 2628 1971 constantia,
2667 1921 2840 1977 quam
2873 1904 3129 1974 legiones
3158 1902 3466 1975 cogere,in

1780 1977 1828 2036 Β
1853 1990 2122 2046 hostilem
2144 1995 2357 2046 terram
2377 1992 2722 2064 irrumpere,
2760 1993 3018 2047 hostium
3049 1991 3340 2063 impetum
3359 2007 3465 2045 sua

1855 2080 2162 2152 praesentia
2191 2080 2490 2147 sustinere,
2543 2081 2792 2152 seipsum
2827 2097 2933 2152 pro
2963 2080 3168 2150 patria,
3199 2096 3302 2152 pro
3334 2078 3467 2134 reliv

1855 2169 2050 2240 gione,
2081 2185 2185 2240 pro
2212 2186 2448 2224 suorum
2480 2170 2681 2242 reique
2711 2169 2954 2241 publica:
2983 2171 3163 2224 salute
3196 2166 3469 2223 maximis

1854 2257 2123 2330 periculis
2153 2274 2452 2329 opponere
2482 2259 2510 2314 ?
2537 2258 2673 2323 Qua:
2702 2259 2852 2313 facta
2866 2275 3041 2330 quam
3068 2257 3265 2314 felices
3282 2255 3471 2311 exitus

1854 2347 2203 2401 habuerunt.
2245 2347 2446 2402 Minori
2473 2365 2670 2402 sumus
2719 2347 2906 2402 affecti
2947 2363 3085 2401 cura
3116 2346 3190 2401 ob
3223 2343 3466 2417 legatio-

1855 2454 1990 2492 nem
2028 2437 2233 2491 Leonis
2267 2433 2490 2491 abbatis
2522 2436 2682 2492 vobis
2735 2436 3012 2491 directam
3041 2451 3215 2507 super
3235 2433 3332 2488 illo
3363 2435 3469 2487 Ar-

1853 2525 2037 2590 nulfo,
2067 2526 2168 2579 sed
2186 2543 2371 2597 neque
2390 2525 2588 2580 animo
2620 2525 2832 2580 insedit
2855 2542 2924 2578 ea
2949 2523 3184 2596 legatio,
3203 2539 3328 2594 quae
3347 2538 3476 2578 om-

1853 2614 1991 2669 nino
2014 2614 2155 2668 falsa
2186 2617 2292 2680 est,
2321 2614 2420 2668 sed
2439 2631 2566 2686 qua:
2582 2614 2691 2669 Leo
2714 2613 2889 2668 abbas
2922 2631 2954 2668 a
2975 2611 3121 2667 meis
3145 2611 3315 2666 Gallis
3332 2627 3468 2683 pro-

1857 2701 2029 2756 missa
2059 2701 2252 2773 exigit,
2287 2719 2421 2756 vera
2440 2702 2564 2757 fore
2595 2701 2829 2772 putavit.
2863 2703 2977 2756 Aut
3020 2700 3065 2755 si
3091 2699 3170 2755 ita
3195 2702 3299 2765 est,
3334 2701 3468 2758 novi

1857 2790 2184 2862 ingenitam
2238 2790 2398 2845 vobis
2456 2790 2942 2857 benevolentiam,
2973 2789 3184 2844 talibus
3241 2786 3389 2842 ausis
3413 2789 3472 2842 et

1855 2879 1996 2932 velle
2027 2881 2084 2932 et
2105 2893 2268 2948 posse
2302 2877 2598 2933 obsistere.
2634 2879 2699 2932 Et
2725 2877 2961 2950 quoiam
2994 2878 3191 2932 noster
3217 2875 3326 2931 Leo
3361 2874 3469 2930 iter

1857 2981 2022 3021 suum
2056 2965 2128 3020 ad
2151 2983 2249 3020 vos
2292 2965 2609 3021 intenderit
2661 2967 2931 3032 volando,
2965 2967 3027 3019 ut
3057 2963 3177 3037 ipse
3219 2962 3467 3036 scripsit,

1856 3071 1909 3108 v1
1944 3054 2026 3108 Id.
2061 3053 2218 3126 Sept.
2254 3055 2486 3126 quando
2519 3055 2776 3126 primum
2819 3054 2993 3108 allata
3021 3051 3176 3107 venit
3205 3051 3467 3123 epistola,

1857 3141 2091 3213 iniquis,
2125 3146 2186 3196 ut
2215 3143 2407 3213 credo,
2444 3141 2986 3208 memorataventis,
3020 3139 3160 3195 nihil
3179 3139 3470 3212 superAr-

1785 3261 1833 3321 C
1861 3231 2018 3330 nulfo
2052 3232 2377 3330 consultum
2395 3235 2498 3287 est.
2535 3232 2647 3287 Sed
2673 3233 2785 3286 fert
2805 3247 3000 3330 secum
3032 3229 3138 3330 alia
3153 3231 3216 3283 ut
3241 3227 3470 3330 magnis

1859 3319 2094 3374 inventa
2151 3318 2422 3391 ingeniis,
2483 3321 2563 3375 ita
2595 3320 2822 3392 magnis
2876 3318 3134 3374 ﬁnienda
3193 3316 3468 3372 consiliis.

1857 3409 2157 3462 Aiternum
2185 3409 2310 3462 vale
2337 3407 2495 3463 vobis
2526 3410 2710 3462 vester
2756 3408 2817 3461 G.
2849 3408 2916 3461 Et
2945 3407 3079 3479 quia
3108 3409 3170 3461 ut
3199 3403 3468 3476 magnifi-

1861 3514 1950 3552 ces
1972 3497 2279 3569 magnifice
2300 3497 2677 3568 magnificum
2700 3495 2949 3550 Sasbach
2961 3493 3470 3559 contulistis,teter-

1860 3605 1936 3644 uo
1965 3585 2209 3659 imperio
2245 3588 2432 3639 vestro
2462 3586 2747 3638 azternum
2777 3600 2834 3637 se
2867 3582 3095 3637 dedicat
3125 3585 3311 3637 vester
3336 3581 3468 3635 Ger-

1861 3679 2075 3732 bertus.
2103 3677 2169 3729 Et
2199 3673 2335 3746 quia
2365 3673 2428 3726 R.
2455 3672 2511 3726 S.
2545 3673 2608 3728 V.
2643 3673 2706 3726 D.
2737 3674 2956 3727 aeterno
2980 3669 3254 3741 obsequio
3277 3672 3466 3726 vestro

1861 3782 1918 3820 se
1950 3764 2244 3836 mancipat
2265 3763 2327 3817 (ἶ.
2356 3765 2561 3817 vester.
2594 3761 2736 3815 Hinc
2766 3777 2795 3816 a
2826 3759 2986 3815 vobis
3010 3758 3326 3814 liberaliter
3351 3757 3467 3812 col-

1861 3855 1999 3919 lata,
2028 3852 2128 3907 sed
2161 3870 2194 3907 a
2226 3852 2477 3924 quodam
2512 3849 2702 3906 nescio
2737 3866 2836 3905 cur
2865 3849 3076 3916 ablata,
3110 3846 3332 3902 restitui
3360 3844 3471 3902 sibi

1861 3941 2026 4014 petiit
2077 3943 2264 3994 vester
2292 3941 2354 3995 (ἱ.
2392 3941 2691 3994 Extremus
2738 3953 3117 3994 numerorum
3165 3934 3328 3991 abaci
3348 3951 3470 3992 ves-

1861 4034 2016 4086 trum
2051 4029 2305 4084 definiat.

2407 4099 2741 4157 EPISTOLA
2785 4099 2930 4154 CXC.

1937 4174 2188 4229 Domino
2217 4175 2274 4226 ct
2292 4172 2760 4228 reverentissimo
2791 4169 2938 4244 patri
2964 4169 3045 4224 ill.
3077 4171 3138 4224 G.
3174 4167 3342 4223 filius.

1938 4261 2336 4318 Sanctissimas
2363 4258 2642 4316 amicitias
2674 4260 3148 4332 ﬁrmissimasque
3172 4257 3470 4314 societates

1859 4351 2149 4406 luculenta
2159 4351 2422 4406 oratione
2439 4367 2613 4423 quam
2632 4351 3096 4422 dulces,quamve
3109 4349 3274 4404 utiles
3285 4351 3474 4404 essent

1879 4440 2253 4512 expressistis,
2283 4456 2491 4511 meque
2521 4441 2681 4494 tanto
2712 4440 2902 4494 fructu
2933 4437 3244 4494 divinitatis
3289 4436 3470 4508 parti-

128 4524 210 4578 cti
235 4524 489 4578 omnino
510 4525 749 4579 moleste
773 4523 1032 4578 ferimus.
1064 4525 1130 4578 Et
1152 4524 1304 4595 quod
1339 4524 1492 4578 fama
1514 4524 1759 4578 nimium
1787 4551 1838 4610 Ι)
1863 4530 2046 4601 cipem
2100 4529 2433 4600 sociumque
2465 4545 2586 4610 esse
2631 4531 2689 4582 et
2714 4528 2837 4582 fore
2869 4527 3088 4599 dignati
3122 4526 3272 4582 estis.
3323 4525 3466 4591 Quid

126 4613 304 4668 devia
329 4631 530 4668 rerum
563 4615 842 4686 przeclare
883 4613 1112 4685 quidem
1149 4631 1181 4667 a
1201 4614 1356 4669 vobis
1379 4619 1763 4685 gestarum,ut

119 4720 402 4775 semper,
437 4720 542 4758 nec
569 4705 747 4757 ullam
776 4702 940 4756 vobis
970 4702 1280 4756 scintillam
1312 4703 1521 4757 attulit.
1547 4704 1625 4757 De
1649 4706 1762 4758 vita

120 4796 185 4846 et
218 4793 494 4848 moribus
523 4791 844 4847 Ilarmandi
901 4791 1125 4846 comitis
1168 4792 1276 4846 hoc
1325 4795 1589 4861 tempore
1611 4808 1644 4846 a
1667 4808 1759 4845 me

123 4881 398 4936 alienum
432 4885 535 4948 est,
570 4882 649 4936 ita
687 4880 941 4953 gemitus
991 4883 1048 4933 et
1099 4879 1341 4951 suspiria
1379 4880 1571 4934 fratris
1597 4884 1653 4934 et
1683 4880 1757 4934 si-

131 4970 424 5041 gnificare
445 4989 575 5026 mea
605 4970 771 5026 vobis
804 4969 1121 5041 plurimum
1153 4970 1351 5026 refert.
1379 4969 1760 5042 Conqueritur

126 5059 351 5134 quippe
378 5061 470 5116 ille
493 5060 706 5116 nobilis
737 5059 825 5112 vir
860 5059 1102 5115 fratrem
1137 5076 1301 5114 suum
1327 5059 1478 5131 apud
1493 5059 1754 5115 Gorziam

122 5147 286 5203 fame
317 5149 508 5203 necari
529 5150 741 5204 contra
772 5164 934 5202 suam
957 5165 1310 5219 suorumque
1345 5148 1622 5202 natalium
1669 5149 1756 5204 di-

130 5236 436 5305 gnitatem,
497 5235 966 5309 ignominiaeque
992 5236 1148 5291 ducit
1195 5237 1302 5291 hoc
1359 5237 1748 5308 sempiternzc.

138 5320 288 5384 Quod
323 5327 369 5380 si
399 5343 598 5381 verum
625 5327 738 5390 est,
769 5325 906 5396 quid
940 5325 1044 5379 sibi
1080 5327 1277 5379 volunt
1306 5327 1428 5380 tam
1463 5326 1589 5380 dira
1618 5343 1750 5397 sup-

141 5412 293 5478 plicia
315 5416 345 5470 '?
375 5417 529 5488 quod
551 5432 745 5488 genus
771 5415 971 5468 mortis
1010 5415 1272 5469 acerbius
1301 5415 1456 5469 fame
1485 5416 1512 5469 ?
1544 5416 1751 5471 Omnia

139 5511 427 5565 Poznarum
472 5521 699 5576 genera
748 5503 870 5556 sola
923 5503 1107 5557 fames
1133 5508 1455 5576 exsuperat,
1498 5508 1749 5559 mortem

137 5583 304 5656 ipsam
338 5591 692 5656 contemnit,
750 5606 817 5642 ac
849 5606 975 5644 eam
1027 5594 1232 5645 contra
1303 5596 1525 5647 natura:
1585 5609 1749 5646 usum

136 5674 265 5738 iuse
296 5686 595 5758 provocat.
635 5681 988 5745 Removcre,
1042 5697 1259 5751 quaeso,
1308 5684 1430 5734 tam
1491 5680 1749 5734 immane

136 5771 301 5842 nefas,
327 5777 384 5829 et
421 5769 656 5847 petenti
704 5766 872 5824 fratri
919 5767 1161 5826 fratrem
1207 5769 1415 5835 adhuc,
1469 5772 1529 5823 ut
1587 5766 1745 5834 dicit,

1862 4618 2020 4672 enim
2055 4622 2142 4673 est
2171 4618 2326 4672 aliud
2352 4634 2486 4672 vera
2512 4603 2784 4683 amicitia,
2807 4617 2912 4671 nisi
2942 4615 3253 4671 divinitatis
3273 4615 3473 4687 praeci-

1860 4724 2038 4780 puum
2070 4725 2281 4762 munus
2309 4708 2336 4762 ‘I
2369 4708 2482 4761 Hac
2509 4706 2683 4779 igitur
2713 4705 2968 4761 amicitia
3018 4708 3204 4761 vestra
3263 4705 3466 4770 fretus,

1861 4795 2047 4868 deque
2079 4813 2146 4851 ea
2176 4796 2323 4850 bene
2350 4812 2728 4867 praesumens,
2761 4799 2933 4866 atque
2957 4794 3014 4849 in
3037 4797 3331 4865 posterum
3352 4809 3471 4846 me-

1858 4884 2003 4939 liora
2021 4901 2280 4956 sperans,
2299 4883 2520 4939 Aruulﬁ
2552 4884 2804 4940 reditum
2823 4884 2896 4939 ad
2914 4885 3120 4939 urbem
3148 4883 3466 4935 Remorum

1857 4990 1975 5027 non
2004 4990 2338 5046 expavesco,
2373 4974 2472 5028 sed
2493 4973 2537 5028 si
2571 4973 2649 5027 ita
2681 4971 3028 5044 pervenerit,
3061 4973 3123 5023 ut
3143 4967 3464 5038 Hungerius

1855 5061 1952 5134 qui
1981 5062 2159 5118 voluit
2186 5062 2416 5130 retulit;
2453 5063 2524 5117 ob
2565 5077 2741 5133 quam
2770 5075 3001 5114 causam
3031 5058 3102 5112 de
3135 5056 3251 5110 Hur
3301 5055 3466 5111 Chal-

1856 5151 2114 5206 dteorum
2144 5150 2372 5206 liberari
2407 5149 2658 5215 confido,
2690 5147 3002 5217 vestrisque
3029 5143 3317 5215 obsequiis
3345 5159 3464 5199 non

1853 5238 2069 5294 deesse.
2106 5238 2383 5311 Quodque
2413 5254 2646 5310 semper
2665 5235 2838 5298 volui,
2862 5250 3093 5306 semper
3123 5232 3462 5304 optavi,hmc

1851 5344 2021 5382 causa
2050 5328 2324 5384 comitem
2354 5327 2715 5382 individuum
2749 5323 3152 5394 efﬁciet,eique
3204 5323 3462 5379 solemne

1850 5415 2166 5486 imperium
2196 5416 2579 5488 appellamus.
2609 5415 2798 5479 Quare
2829 5412 2968 5486 quid
3015 5411 3256 5479 dulcius,
3314 5410 3454 5484 quid

1850 5503 2214 5575 praestantius
2227 5503 2253 5555 ?
2271 5503 2392 5556 Non
2413 5518 2552 5571 ergo
2570 5502 2973 5574 suspirandum
2991 5516 3092 5572 pro
3110 5515 3279 5556 causa
3290 5499 3459 5555 amici

1860 5591 2019 5645 vobis
2050 5591 2175 5656 fuit,
2211 5591 2296 5644 vel
2331 5589 2460 5653 erit,
2492 5606 2622 5643 cum
2655 5606 2721 5644 ex
2754 5594 3034 5659 toto,cum
3068 5607 3132 5645 ex
3166 5590 3462 5646 communi

1849 5681 1980 5732 voto
2012 5681 2070 5731 et
2099 5677 2512 5733 deliberatione
2550 5681 2756 5732 cuucta
2787 5679 3184 5749 provenerint,
3233 5679 3459 5750 sintque

1849 5769 2198 5839 proventura
2214 5765 2510 5822 divinitate
2535 5765 2806 5840 propitia,
2830 5766 2987 5824 vobis
3007 5766 3456 5839 consulentibus,
