3918 6230
479 495 584 556 238

483 713 829 783 exsequente
857 715 918 767 et
944 718 1310 786 procurante.
1347 715 1558 778 Valete,
1585 720 1644 772 et
1683 719 1756 772 ob
1784 735 1874 773 res
1905 717 2087 773 nostri

489 799 728 855 Caesaris
744 801 894 856 bene
917 805 1124 874 gestas,
1153 803 1300 858 bene
1318 821 1375 858 se
1393 805 1692 872 habentes,
1707 822 1935 861 mecum
1957 823 2089 878 gau-

484 887 635 947 dete.
663 891 880 947 Iterum
906 894 968 946 et
994 892 1356 947 numerosius
1385 892 1587 949 valete.

1017 1035 1260 1092 EPISTO
1269 1035 1354 1090 LA
1384 1035 1554 1092 CXCI.

487 1138 710 1183 OTTONI
752 1140 969 1180 ειεεΑκι
1009 1140 1090 1178 ΕΤ
1133 1141 1403 1180 AUGUSTO
1435 1141 1800 1182 IMPERATORI
1823 1143 2086 1195 QUOQUE.

971 1231 1216 1270 ROMANO
1254 1230 1596 1271 GERBERTUS

558 1302 806 1360 Domino
837 1306 895 1360 et
924 1303 1172 1376 glorioso
1192 1321 1425 1377 semper
1449 1306 1703 1380 Augusto
1737 1305 1956 1362 ΟττοΝι
1978 1305 2094 1361 (ἰω-

484 1391 596 1447 sari
627 1393 992 1449 Gsaaaa'rus.

562 1482 690 1538 Scio
714 1500 810 1538 me
863 1483 1237 1539 Divinitatem
1292 1483 1350 1538 in
1415 1483 1613 1539 multis
1663 1483 1985 1551 offendisse,
2037 1486 2096 1538 et

484 1573 812 1640 ‘oﬁ‘endere,
842 1573 942 1628 sed
970 1590 1070 1629 vos
1087 1576 1175 1629 vel
1204 1577 1419 1629 vestros
1448 1575 1506 1629 in
1540 1591 1654 1646 quo
1685 1559 2090 1629 oifendisse're-

487 1664 741 1738 darguor
764 1664 976 1732 nescio,
1006 1667 1064 1719 et
1093 1663 1173 1718 uti
1205 1681 1338 1719 mea
1365 1663 1600 1718 servitus
1614 1662 1690 1718 sic
1719 1665 1958 1732 repente
1978 1659 2090 1714 dis-

491 1751 783 1823 plicuerit.
815 1755 1046 1809 Utinam
1070 1771 1103 1808 a
1130 1756 1315 1808 vestra
1335 1751 1730 1807 muniﬁcentia
1750 1767 1880 1806 cum
1903 1749 2088 1821 gloria

489 1843 657 1897 tanta
675 1843 880 1898 collata
897 1846 993 1897 aut
1007 1858 1123 1898 non
1141 1842 1387 1896 licuisset
1403 1841 1813 1912 suscipere,aut
1832 1843 2093 1910 suscepta

488 1945 619 1985 cum
630 1933 794 1986 tanta
815 1931 1151 1986 confusione
1171 1931 1414 2003 perdere
1436 1928 1448 1982 l
1473 1929 1620 1994 Quid
1633 1929 1740 1984 hoc
1753 1946 1873 1984 esse
1891 1930 2090 2001 putem
2113 1951 2164 2012 Β

485 2020 639 2090 quod
663 2019 858 2090 utique
872 2020 1236 2088 dedistis,aut
1259 2020 1397 2075 dare
1416 2019 1698 2092 potuistis,
1735 2021 1833 2073 aut
1859 2035 1974 2072 non
1995 2033 2093 2090 po-

483 2106 712 2163 tuistis?
739 2107 798 2163 Si
851 2126 969 2164 non
1001 2108 1286 2180 potuistis,
1317 2124 1417 2162 cur
1449 2125 1613 2180 posse
1654 2105 2001 2162 simulastis?
2033 2105 2090 2160 Si

483 2199 680 2252 autem
712 2197 995 2270 potuistis,
1029 2198 1154 2270 quis
1171 2198 1401 2269 ignotus
1426 2201 1484 2252 et
1503 2199 1628 2252 sine
1658 2196 1894 2251 nomine
1918 2195 2096 2266 impe-

480 2288 642 2342 rator
670 2286 1008 2358 imperatori
1056 2291 1254 2342 nostro
1305 2286 1627 2353 notissimo,
1667 2289 1726 2340 et
1751 2303 1857 2357 per
1889 2287 2090 2340 orbem

485 2379 773 2430 terrarum
789 2375 1197 2442 famosissimo,
1217 2375 1467 2446 imperat
1487 2374 1515 2428 ?
1537 2377 1598 2428 In
1617 2373 1826 2448 quibus
1837 2375 2095 2430 tenebris

485 2463 580 2518 ille
610 2463 844 2519 furcifer
861 2464 1090 2518 latitat?
1119 2467 1180 2519 In
1198 2465 1385 2518 lucem
1406 2463 1683 2529 veniat,et
1704 2462 2097 2535 cruciﬁgatur,

487 2553 552 2605 ut
582 2553 779 2606 nostro
809 2551 1016 2606 Caesari
1059 2553 1239 2607 libere
1288 2551 1576 2623 imperare
1618 2550 1805 2606 liceat.
1829 2551 1875 2604 Α
1905 2553 2099 2606 multis

491 2639 776 2694 creditum
810 2643 894 2695 est
925 2657 1022 2695 me
1039 2641 1190 2712 apud
1208 2643 1454 2696 vestram
1489 2639 1764 2712 pietatem
1788 2656 1950 2711 posse
1975 2640 2096 2713 Opi-

489 2726 664 2782 tulari
697 2727 910 2782 multis.
943 2727 1104 2782 Nunc
1131 2744 1322 2798 operae
1355 2727 1603 2799 pretium
1641 2731 1726 2782 est
1751 2729 1964 2783 habere
1996 2745 2097 2800 pa-

486 2818 689 2871 tronos
715 2833 856 2888 quos
887 2815 1026 2872 olim
1075 2817 1472 2872 defendendos
1500 2817 1739 2888 suscepi,
1800 2819 2099 2892 majorque

495 2902 639 2958 ﬁdes
669 2904 928 2959 hostibus
960 2904 1104 2960 meis
1132 2905 1401 2960 habenda
1437 2921 1611 2977 quam
1663 2905 1882 2960 amicis.
1916 2906 2100 2960 Amici

494 2991 711 3066 quippe
738 2992 988 3048 salubria
1003 2996 1228 3060 cuncta,
1244 3010 1519 3067 prospera
1540 2994 1742 3049 omnia
1757 2994 2098 3049 docuerunt.

493 3081 694 3136 Hostes
723 3097 830 3136 nec
857 3085 1166 3154 praecepta,
1184 3099 1287 3137 nec
1310 3082 1593 3138 beneﬁcia
1612 3083 1753 3137 mihi
1773 3083 2098 3156 profutura,

495 3169 684 3224 dulcia
713 3169 996 3243 principia
1031 3187 1258 3226 amaros
1286 3171 1468 3226 exitus
1515 3171 1804 3238 habitura,
1837 3188 1937 3225 seu
1967 3187 2100 3242 pro-

495 3257 749 3328 phetico,
783 3275 879 3314 seu
929 3260 1177 3315 fanatico
1240 3259 1441 3332 spiritu
1495 3260 1905 3332 praedixerunt.
1965 3260 2101 3324 Quae

496 3346 732 3418 quidem
755 3347 894 3403 mihi
908 3349 1034 3420 plus
1065 3365 1239 3423 quam
1256 3349 1427 3404 velim
1448 3349 1656 3417 tristia,
1683 3349 1784 3404 sed
1810 3347 2102 3422 imperiali

497 3449 759 3505 personae
789 3436 980 3492 minus
1001 3437 1421 3494 convenientia.
1447 3436 1668 3504 Tribus,
1697 3441 1759 3492 ut
1782 3437 1862 3492 ita
1887 3437 2100 3505 dicam,

489 3524 681 3579 saeculi
729 3525 1011 3594 aetatibus,
1061 3527 1242 3594 vobis,
1275 3526 1448 3598 patri,
1483 3543 1608 3594 avo,
1641 3525 1794 3581 inter
1822 3526 2016 3581 hostes
2046 3529 2103 3580 et

490 3615 606 3670 tela
635 3613 811 3671 ﬁdem
840 3615 1204 3688 purissimam
1235 3614 1487 3683 exhibui,
1509 3632 1702 3670 meam
1731 3616 2101 3687 quantulam-

491 3719 782 3778 quamque
796 3721 1106 3777 personam
1121 3705 1352 3776 regibus
1365 3703 1942 3776 furentibus,populis
1958 3703 2106 3758 insa-

491 3790 780 3848 nientibus
800 3809 906 3864 pro
952 3797 1135 3848 vestra
1164 3794 1344 3847 salute
1407 3791 1670 3863 opposui.
1711 3793 1820 3846 Per
1868 3792 2018 3846 invia
2050 3796 2107 3847 et

493 3881 850 3950 solitudines,
903 3898 1006 3955 per
1061 3883 1320 3937 incursus
1349 3885 1407 3936 et
1440 3897 1708 3936 occursus
1741 3882 2104 3953 prmdonum,

491 3970 648 4024 fame
682 3972 741 4024 et
768 3970 882 4037 siti,
917 3970 967 4025 vi
1015 3970 1248 4041 frigoris
1296 3974 1353 4025 et
1395 3973 1566 4024 restas
1597 3969 1973 4037 excruciatus,
2019 3971 2104 4025 in-

488 4058 706 4112 fractus
733 4057 886 4112 inter
915 4060 1383 4130 tottempestates
1398 4058 1605 4124 exstiti,
1641 4063 1704 4115 ut
1731 4063 1980 4115 mortem
2003 4076 2104 4131 po-

489 4145 602 4199 tius
619 4148 1010 4218 prasoptarem
1024 4163 1199 4218 quam
1214 4147 1396 4202 ﬁlium
1418 4147 1652 4204 Cmsaris
1667 4153 1806 4204 tunc
1816 4148 2103 4220 captivum

489 4233 882 4306 imperantem
915 4251 1033 4290 non
1073 4234 1350 4290 viderem.
1381 4237 1504 4292 Vidi
1534 4241 1591 4292 et
1619 4237 1848 4310 gavisus
1876 4255 2026 4303 sum,
2047 4239 2106 4292 et

487 4321 717 4378 utinam
745 4322 916 4379 liceat
937 4341 1115 4396 usque
1140 4326 1198 4380 in
1223 4325 1398 4380 ﬁnem
1423 4327 1698 4398 gaudere,
1723 4330 1780 4382 et
1809 4326 2100 4382 vobiscum

492 4409 614 4467 dies
642 4426 806 4467 meos
833 4411 891 4468 in
911 4428 1058 4486 pace
1087 4413 1254 4470 ﬁnire
1281 4413 1292 4470 l

1010 4539 1347 4595 EPISTOLA
1391 4539 1585 4595 CXCII.

483 4641 829 4682 ADALBERTO
860 4643 1348 4694 ARCHIEPISCOPO,
1386 4645 1590 4684 ΑΒΒΑἸΊ
1641 4643 2103 4684 Μλιοιιιεωοκλε-

1208 4734 1387 4772 TER“.

555 4806 755 4861 Servat
780 4809 989 4862 natura
1013 4806 1180 4874 vices,
1211 4811 1490 4878 terraque
1524 4807 1698 4870 bona,
1733 4823 1849 4861 non
1877 4822 1979 4860 suo
2005 4806 2101 4877 ju-

485 4893 636 4950 dicio
663 4894 764 4950 diu
781 4895 1416 4960 infecunda,mirandos
1432 4896 1606 4950 ﬂores
1633 4895 1963 4966 fructusque
1977 4911 2105 4967 par-

485 4985 645 5040 turit.
679 4986 819 5040 Ecce
837 4986 998 5041 enim
1028 4985 1180 5040 beati
1205 4985 1428 5040 Martini
1451 4985 1655 5039 cellula
1681 4985 2101 5039 monachorum

487 5073 724 5145 agmina
764 5073 892 5145 jam
922 5074 1140 5129 dudum
1173 5077 1442 5129 emortua
1502 5072 1819 5127 resuscitat.
1875 5072 2100 5128 Martini

483 5163 662 5217 virtus
685 5163 748 5218 in
777 5164 890 5217 suis
921 5163 1208 5236 discipulis
1229 5161 1606 5236 dignoscitur.
1632 5163 1673 5216 E
1695 5163 1900 5235 quibus
1917 5163 2100 5218 beata:

483 5251 1247 5308 conversationisalumnam
1267 5256 1551 5324 tanquam
1580 5253 1879 5324 exemplar
1903 5251 2029 5306 vita:
2043 5257 2105 5308 et

487 5356 720 5396 morum
751 5343 1032 5415 accepisse
1065 5343 1381 5413 Osulphum
1400 5341 1738 5414 gaudemus.
1774 5341 1950 5411 Hujus
1969 5358 2104 5395 san-

486 5428 767 5486 ctissimos
815 5431 1048 5487 affectus
1076 5431 1279 5485 vestris
1331 5430 1635 5486 atfectibus
1687 5429 2102 5486 consociandos

489 5517 804 5587 offerimus,
838 5523 900 5574 ut
939 5519 1033 5590 qui
1064 5536 1123 5574 se
1158 5519 1435 5591 singulari
1480 5519 1799 5574 certamine
1859 5519 2096 5592 antiquo

486 5607 634 5661 hosti
666 5608 954 5680 opposuit,
1000 5623 1241 5677 precum
1300 5611 1620 5662 vestrarum
1667 5608 1867 5678 clypeo
1922 5608 2098 5665 victor

487 5696 712 5753 evadat.
745 5695 1094 5750 Alleviemur
1145 5713 1288 5768 ergo
1313 5713 1417 5752 nos
1466 5696 1667 5752 vestris
1700 5693 1940 5761 meritis,
2000 5698 2094 5770 qui

488 5785 702 5842 nostris
726 5799 1164 5857 praegravamur
1193 5786 1442 5842 oti'ensis.

1123 495 1474 556 SILVESTRI
1508 498 1556 556 II
1593 498 1800 558 ΡΔΡΕ
1841 498 1997 558 OPP.
2038 498 2218 558 PARS
2258 502 2349 560 IlI.
2391 531 2458 548 --
2495 505 2708 564 EPIST.
2751 504 2836 566 ΕΤ
2871 507 3152 570 DIPLOM.

482 619 682 678 amicis
711 620 1063 693 juvan-tibus,
1107 622 1354 698 imperio
1380 628 1570 683 vestro
1619 628 1819 685 omnia
1841 628 2084 684 feliciter
2104 626 2162 690 Δ.

2122 4519 2175 4579 D

3700 516 3808 581 250

2695 631 3040 690 EPISROLA
3074 633 3296 694 CXCIII.

2258 741 2605 785 GERBERTUS
2633 746 2946 790 ARNULPHO
2966 750 3390 792 AURELIANENSX
3417 749 3729 792 EPISCOPO.

2259 816 2496 872 Multum
2529 822 2866 878 mortalibus
2914 823 3179 879 divinitas
3223 825 3432 898 largita
3459 828 3568 892 est,
3602 841 3637 880 ο
3687 821 3806 881 mei

2189 905 2370 960 animi
2403 912 2608 976 custos,
2643 912 2847 983 quibus
2893 913 3073 968 ﬁdem
3104 914 3364 985 contulit,
3394 919 3450 970 et
3497 915 3805 970 scientiam

2190 1011 2311 1050 non
2370 999 2618 1070 negavit.
2683 1003 2822 1057 Hinc
2874 1006 3073 1060 Petrus
3119 1005 3407 1061 Christum
3435 1006 3539 1061 Dei
3596 1004 3802 1061 Filium

2189 1087 2465 1155 agnoscit,
2519 1091 2577 1143 et
2606 1091 2869 1161 agnitum
2900 1093 3147 1149 ﬁdeliter
3185 1095 3511 1150 conﬁtetur.
3544 1095 3693 1150 Hinc
3720 1095 3807 1148 est

2190 1175 2346 1244 quod
2373 1177 2560 1244 justus
2591 1196 2656 1233 ex
2681 1180 2795 1235 fide
2810 1182 2965 1236 vivit.
2997 1183 3134 1238 Huic
3155 1183 3288 1239 ﬁdei
3327 1184 3456 1239 ideo
3497 1182 3804 1238 scientiam

2190 1277 2257 1317 co
2269 1266 2558 1335 pulamus,
2584 1269 2718 1340 quia
2742 1271 2895 1325 stulti
2927 1272 3104 1326 ﬁdem
3127 1289 3246 1328 non
3277 1274 3491 1328 habere
3509 1273 3802 1328 dicuntur.

2192 1352 2349 1407 Hanc
2364 1371 2465 1409 vos
2490 1357 2705 1412 habere
2721 1358 2896 1415 ﬁdem
2920 1360 3016 1415 illa
3033 1363 3296 1432 generosi
3328 1364 3510 1419 animi
3527 1364 3809 1436 prmelara

2192 1442 2431 1499 scientia
2457 1446 2672 1502 indicat
2693 1465 2704 1502 :
2725 1449 2833 1503 hoc
2860 1452 3064 1505 vestrm
3100 1453 3380 1509 orationis
3409 1457 3586 1511 series
3617 1460 3807 1516 mani-

2190 1528 2380 1616 festat,
2411 1552 2526 1607 qua
2555 1554 2685 1591 eam
2713 1536 2866 1593 inter
2895 1555 3000 1592 nos
3039 1542 3308 1597 mternari
3333 1543 3557 1616 cupitis.
3611 1547 3806 1606 Habeo

2191 1615 2370 1710 igitur
2402 1627 2459 1678 et
2491 1629 2748 1696 rependo
2764 1629 2978 1699 gratias
3001 1634 3294 1688 tantorum
3313 1615 3812 1710 munerumlargi~

2191 1707 2324 1779 tori,
2359 1716 2416 1767 et
2442 1714 2595 1785 quod
2626 1716 2765 1770 mihi
2785 1717 2842 1772 in
2870 1719 3026 1773 nullo
3044 1737 3077 1774 a
3098 1719 3641 1779 me'dissentientem
3669 1707 3815 1782 ami-

2194 1819 2324 1858 cum
2355 1805 2819 1873 reservaverit,et
2831 1807 2986 1878 quod
3000 1808 3222 1863 aemulis
3245 1811 3455 1866 nostris
3473 1811 3813 1870 verisimilia

2193 1909 2311 1946 non
2342 1896 2543 1947 tamen
2565 1910 2706 1948 vera
2737 1895 3105 1953 narrantibus
3151 1897 3343 1954 minus
3373 1899 3638 1955 credidit.
3692 1901 3811 1958 Hoc

2190 1981 2272 2035 tui
2298 1981 2555 2036 muneris
2582 1999 2723 2050 esse,
2755 1984 2907 2038 bone
2955 1986 3107 2054 Jesu,
3173 1987 3272 2060 qui
3329 1988 3467 2043 facis
3499 1989 3811 2047 unanimes

2190 2070 2452 2126 habitare
2474 2071 2532 2127 in
2562 2072 2738 2127 domo
2760 2090 2772 2127 :
2793 2074 2900 2129 hoc
2927 2091 3033 2146 ego
3057 2077 3321 2132 sacerdos
3348 2081 3478 2133 tuus
3531 2095 3734 2135 coram
3754 2084 3811 2136 te

2191 2159 2473 2214 conﬁteor
2483 2160 2872 2218 venerabilem
2901 2165 3379 2220 artiﬁcem'tuum
3393 2168 3456 2222 Α.
3479 2184 3574 2226 me
3590 2168 3808 2238 colere,

2193 2248 2454 2320 diligere,
2483 2267 2701 2317 amare,
2721 2252 3051 2326 cunctisque
3071 2253 3186 2311 mei
3215 2255 3434 2311 ordinis
3459 2274 3604 2331 quos
3628 2258 3810 2316 hodie

2197 2337 2461 2392 noverim
2495 2338 2666 2394 corde
2702 2343 2759 2394 et
2785 2358 2884 2396 ore
2933 2342 3216 2413 proferre.
3271 2345 3474 2400 Procul
3513 2363 3657 2418 ergo
3691 2351 3813 2403 esto

2197 2425 2386 2480 omnis
2414 2427 2571 2481 fraus
2592 2432 2651 2482 et
2679 2428 2862 2498 dolus,
2885 2447 2995 2502 pax
3026 2435 3084 2485 et
3102 2431 3432 2488 fraternitas
3460 2433 3553 2488 hic
3585 2433 3814 2504 adesto,

2197 2518 2260 2568 ut
2285 2515 2380 2586 qui
2405 2517 2653 2572 alterum
2687 2518 2843 2573 laedit
2871 2523 3180 2591 utrumque
3225 2521 3455 2578 laeserit.
3483 2523 3572 2577 Me
3606 2522 3817 2580 Christi

2196 2603 2458 2672 potentia
2483 2607 2824 2678 protegente
2854 2625 2972 2664 non
3002 2607 3085 2662 vis
3101 2609 3402 2681 tyrannica
3418 2610 3614 2666 abhoc
3627 2611 3818 2667 deter-

2197 2691 2348 2746 rebit
2378 2692 2660 2766 incoepta;
2693 2713 2809 2750 non
2845 2697 3018 2751 minae
3050 2713 3278 2768 regum,
3307 2715 3448 2771 quas
3477 2697 3536 2753 in
3569 2699 3684 2756 hoc
3711 2701 3812 2755 Pa-

2199 2781 2372 2835 schali
2393 2782 2534 2836 festo
2553 2784 2894 2854 pertulimus
2910 2801 3130 2857 graves.
3143 2787 3572 2842 Accusabamur
3595 2788 3815 2861 quippe

2201 2871 2518 2925 monachos
2529 2872 2710 2926 sancti
2730 2873 2983 2946 Dionysii
3007 2874 3214 2946 injuste
3228 2876 3816 2949 damnasse.Urgeba—

2202 2974 2335 3012 mur
2359 2975 2554 3014 coram
2587 2961 2874 3016 damnatis
2891 2961 3083 3017 divina
3105 2964 3383 3037 obsequia
3397 2965 3696 3022 celebrare
3711 2983 3816 3022 nec

2206 3047 2519 3120 privilegiis
2541 3051 2818 3106 Romanas
2838 3051 3097 3106 Ecclesiae
3125 3053 3481 3109 monasterio
3513 3053 3668 3110 beati
3687 3053 3820 3108 Dio-

2201 3135 2346 3205 nysii
2379 3136 2543 3191 factis
2569 3139 2854 3193 contraire
2879 3139 3109 3198 debere.
3144 3141 3232 3195 Ad
3262 3142 3369 3196 hoc
3400 3141 3814 3214 opponebatur

2125 3234 2175 3296 ρ
2202 3223 2390 3290 nobis,
2425 3225 2733 3297 privilegiis
2753 3243 3040 3282 canonum
3063 3229 3408 3284 auctoritate
3433 3230 3820 3302 promulgatis

2202 3329 2309 3370 nos
2335 3330 2630 3368 assensum
2662 3315 3034 3388 praebituros:
3058 3335 3160 3372 nec
3192 3317 3236 3374 si
3261 3317 3397 3390 quid
3418 3321 3625 3373 contra
3661 3320 3818 3390 leges

2204 3400 2618 3458 ecclesiasticas
2639 3403 2934 3459 decretum
2966 3405 3036 3460 sit
3067 3421 3172 3476 pro
3195 3406 3322 3478 lege
3343 3406 3822 3478 recepturos.Sed

2202 3506 2334 3544 cum
2368 3489 2424 3544 in
2456 3509 2547 3545 me
2561 3491 2887 3564 specialiter
2908 3494 3134 3564 pondus
3147 3511 3330 3549 causa:
3352 3498 3816 3567 relorqucretur,

2203 3579 2474 3650 meijuris
2501 3580 2663 3636 illum
2688 3598 2804 3636 non
2823 3599 2941 3636 esse
2958 3582 3206 3648 aiebam,
3240 3600 3344 3640 nec
3363 3601 3457 3640 me
3474 3584 3532 3638 in
3550 3600 3824 3639 meorum

2204 3667 2581 3724 dominorum
2605 3669 2865 3740 prosilire
2882 3670 3150 3741 injuriam
3165 3671 3821 3746 ,utinsimulabar,ipso-

2206 3774 2336 3811 rum
2373 3757 2650 3813 interesse
2681 3759 2841 3828 cujus
2871 3760 3037 3830 culpa
3061 3761 3264 3816 eadem
3284 3762 3608 3834 proferant,
3627 3760 3824 3817 videre

2208 3846 2348 3901 Cum
2366 3846 2654 3902 sententia
2665 3846 3024 3902 saecularium
3040 3849 3458 3905 monachorum
3479 3848 3827 3906 obtinuisset

2202 3936 2470 4008 parti.....
2506 3937 2622 3991 Hoc
2652 3935 2844 4007 itaque
2866 3954 2924 3991 se
2942 3937 3158 3993 habere
3174 3937 3322 3992 ﬁlius
3336 3942 3538 3993 vestras
3565 3938 3821 3994 beatitu-

2208 4025 2360 4080 dinis
2389 4025 2550 4080 testis
2568 4028 2654 4080 est
2674 4026 2865 4093 Fulco,
2886 4025 2983 4100 qui
3017 4027 3132 4082 mei
3165 4026 3342 4082 animi
3366 4027 3825 4084 amaritudinem

2210 4131 2328 4168 non
2363 4113 2483 4168 sine
2512 4114 2899 4185 lacrymarum
2932 4114 3208 4171 effusione
3225 4116 3515 4188 cognovit.
3538 4117 3826 4173 Dolebam

2206 4201 2446 4275 quippe,
2477 4219 2541 4256 ac
2573 4205 2820 4258 multum
2854 4203 3138 4259 doleo.....
3169 4221 3270 4260 vos
3299 4204 3535 4276 insuper
3564 4205 3760 4261 nescio
3789 4224 3822 4262 a

2206 4309 2319 4363 quo
2349 4292 2605 4347 delatore
2636 4291 3036 4348 insimulatum
3068 4311 3190 4349 esse
3222 4293 3380 4366 quasi
3403 4294 3548 4366 regii
3579 4296 3826 4351 honoris

2206 4381 2628 4447 insidiatorem,
2651 4385 2710 4435 et
2740 4382 2956 4454 qui.....
2989 4383 3109 4442 Non
3131 4386 3365 4456 ergo,ut
3389 4385 3548 4439 vobis
3565 4386 3816 4442 relatum

2202 4473 2307 4538 est,
2340 4487 2474 4526 mea
2503 4470 2751 4525 valentia
2783 4471 2841 4524 in
2875 4488 2973 4526 vos
3020 4471 3197 4539 saevit,
3230 4489 3334 4527 nec
3373 4474 3624 4529 elocutio
3683 4475 3827 4530 dura

2203 4561 2423 4615 absenti
2443 4561 2627 4616 amico
2653 4561 2918 4616 detraxit.
2951 4559 3063 4616 Sed
3084 4561 3225 4618 dum
3251 4579 3349 4617 vos
3372 4579 3645 4619 excusare
3673 4566 3826 4620 nisus

2199 4666 2348 4717 sum,
2382 4667 2475 4704 me
2504 4666 2650 4722 pene
2679 4652 3006 4704 accusatum
3031 4649 3300 4720 palatinis
3333 4652 3576 4708 canibus
3605 4655 3819 4726 objeci.

2203 4738 2289 4794 Sit
2314 4739 2506 4811 itaque
2533 4738 2686 4793 inter
2713 4741 2906 4804 nos,ut
2922 4739 3197 4806 vultis,est
3227 4743 3605 4809 tantum,non
3626 4748 3820 4800 autem

2202 4829 2288 4882 est
2317 4830 2376 4881 et
2404 4844 2522 4882 non
2543 4844 2553 4881 :
2578 4827 2650 4881 sit
2681 4827 2953 4882 auxilium
2977 4827 3034 4882 in
3067 4845 3379 4885 commune
3411 4833 3469 4885 et
3483 4832 3816 4888 consilium.

2205 4915 2370 4981 Quod
2399 4916 2635 4970 etiamin
2659 4915 2833 4970 sacris
2859 4932 2964 4987 per
2987 4917 3120 4972 data
3147 4919 3341 4986 verba,
3397 4919 3440 4973 si
3472 4924 3683 4976 vestras
3732 4940 3820 4976 su-

2201 5003 2469 5060 blimitati
2485 5003 3163 5077 placet,conﬁrmandum
3176 5005 3298 5061 fore
3313 5011 3636 5075 censeo,ut,
3661 5025 3818 5063 amo-

2201 5095 2262 5146 to
2292 5095 2456 5147 motu
2482 5091 2743 5147 omnium
2770 5092 3182 5167 suspicionum,
3218 5093 3289 5150 sit
3316 5095 3485 5151 nobis
3511 5113 3616 5152 cor
3644 5112 3814 5152 unum

2203 5182 2260 5234 et
2293 5180 2489 5235 anima
2517 5198 2652 5236 una.

2718 5271 3053 5327 EPISTOLA
3093 5271 3312 5327 CXCIV.

2293 5358 2642 5398 GERBERTUS
2680 5359 3096 5398 CONSTANTINO
3127 5359 3463 5398 MICIACENSI
3501 5360 3735 5401 ΑΒΒΑΊῚ.

2277 5432 2428 5487 Satis
2457 5449 2635 5504 super
2651 5431 3000 5486 venerabilis
3015 5432 3081 5485 A.
3098 5431 3390 5504 legatione
3411 5431 3816 5490 miratussum.

2200 5520 2508 5575 Referebat
2534 5519 2793 5591 quippe'.
2816 5520 2946 5574 Haec
2984 5523 3179 5575 autem
3225 5520 3423 5575 omnia
3443 5539 3564 5577 non
3594 5523 3816 5578 dolores

2202 5610 2304 5664 sed
2334 5609 2496 5664 initia
2518 5609 2787 5662 dolorum
2816 5609 3153 5680 suntﬂajus
3167 5613 3252 5664 est
3280 5609 3435 5680 quod
3457 5611 3818 5682 quaeritur,“

2203 5697 2358 5770 quod
2387 5696 2701 5768 appetitur,
2735 5713 2912 5767 quam
2943 5716 3054 5769 ego
3085 5697 3321 5753 humilis
3371 5701 3431 5752 et
3460 5717 3696 5772 parvus,
3730 5715 3816 5754 ve-

2194 5803 2439 5859 rumque
2464 5784 2837 5858 proverbium
2859 5790 2972 5842 est:
2992 5787 3110 5843 Tua
3139 5804 3231 5843 res
3251 5785 3444 5860 agitur
3468 5789 3663 5862 paries
3684 5803 3817 5844 cum
