3918 6230
107 365 208 433 287

1045 370 1289 434 εκσηο
1317 368 1361 434 l.
1395 405 1470 422 —
1493 375 1676 437 ANTE
1703 363 1990 439 SUIIUH
2016 377 2546 445 PONTIFICATUH.

3352 384 3459 456 238

118 494 429 591 proximus
461 492 660 591 ardet.
699 493 780 591 Et
818 493 1054 591 divinus.
1083 515 1314 591 sermo:
1349 499 1399 554 Α
1444 501 1908 591 saneluariert
1942 503 2228 574 superbia,
2257 509 2445 562 vestra
2462 509 2903 582 vestrorumque
2921 524 3054 568 usus
3083 512 3458 591 amicitia,qui

117 603 228 640 uico
256 585 504 655 incipile,
536 585 600 640 id
625 589 718 642 est
745 604 779 642 a
809 587 979 659 regni
1029 587 1419 644 fundamento
1467 590 1623 644 etab
1656 607 1750 645 ar-

116 690 198 728 ce.
227 673 346 728 Hoc
378 673 604 728 factum
631 675 732 747 qui
769 674 886 731 doli
921 675 1294 742 comitentur,
1324 676 1383 731 in
1413 682 1613 748 aperto
1641 682 1746 733 est.

113 763 231 816 Hoc
250 761 413 816 enim
433 775 742 826 concesso,
767 763 1019 835 dignitas
1036 766 1121 819 vel
1140 765 1327 837 potius
1343 766 1592 837 gravitas
1612 783 1750 821 con-

110 851 798 921 funditursacerdotalis,
821 853 1172 925 statusregni
1203 853 1750 926 periclitatur.Quod

105 939 153 994 si
209 941 325 994 hoc
383 940 740 996 inconsultis
782 942 1064 1013 episcopis
1093 943 1308 1014 agitur,
1342 943 1748 1016 episcoporum

103 1031 408 1100 potestas,
442 1029 726 1100 gravitas,
748 1029 1000 1102 dignitas
1015 1031 1367 1085 annullatur.
1403 1032 1510 1096 Qui
1537 1031 1751 1104 episco-

101 1133 253 1190 pum
287 1118 568 1190 quamvis
588 1121 930 1173 sceleratum
950 1120 1271 1175 sacerdotio
1285 1121 1512 1192 privare
1527 1136 1632 1176 nec
1645 1138 1747 1193 po-

103 1211 382 1275 tuerunt,
413 1221 526 1261 nec
546 1207 896 1262 debuerunt.
928 1208 984 1262 Si
1014 1224 1147 1263 vero
1175 1209 1472 1275 consultis,
1502 1209 1606 1280 ipsi
1633 1225 1748 1264 suae

103 1294 530 1350 damnationis
561 1298 736 1350 testes
765 1301 920 1358 sunt,
952 1297 1049 1368 qui
1079 1312 1113 1350 a
1137 1313 1195 1350 se
1220 1312 1337 1350 non
1365 1296 1746 1367 judicandum

93 1384 558 1454 judicaverunt.
592 1385 661 1439 Et
694 1387 792 1457 qui
818 1389 1018 1440 contra
1051 1385 1471 1457 professionem
1497 1401 1658 1440 suam
1692 1389 1749 1440 et

101 1473 621 1544 subscriptionem
643 1490 807 1528 suam
834 1474 892 1528 in
925 1474 1118 1528 libello
1136 1473 1516 1529 abdicationis
1542 1491 1576 1528 a
1605 1474 1747 1545 seip-

98 1560 182 1618 sis
228 1561 464 1616 factam
501 1561 701 1618 venire
745 1567 1256 1634 praesumpserunt.
1305 1563 1628 1617 Reducetur
1674 1562 1748 1616 ad

103 1649 486 1705 memoriam
513 1651 636 1721 ejus
665 1651 874 1722 captio,
905 1666 1100 1705 carcer
1124 1650 1397 1724 prolixus,
1426 1650 1659 1705 alterius
1686 1649 1743 1704 in

105 1739 244 1809 ejus
271 1739 488 1794 sedem
514 1739 827 1807 ordinatio,
853 1739 1746 1811 ordinatores,ordinatus,atque

1854 609 1971 647 non
1993 610 2125 648 meo
2156 593 2291 650 vitio
2324 597 2612 668 perditam
2644 615 2674 653 a
2717 603 2907 655 vestra
2931 602 3138 658 virtute
3173 621 3411 676 reposco
3444 624 3459 662 :

1856 696 1925 734 ea
1955 684 2166 752 negata
2197 684 2447 741 multum
2473 685 2778 757 doliturus,
2796 689 3050 763 itemque
3073 697 3466 766 receptamul-

1851 771 1977 825 tum
2008 769 2322 842 gavisurus.

2364 897 2703 954 EPISTOLA
2732 900 2946 957 CXCVI.

2082 999 2141 1038 G.
2163 1001 2370 1042 ΛΒΒΑἸἸ
2406 1005 2451 1045 S.
2474 1006 2746 1055 GERALDI,
2777 1010 2852 1047 ET
2872 1011 3213 1052 FRATRIBUS.

1892 1071 2000 1126 Pro
2027 1072 2142 1126 mei
2159 1074 2268 1129 loci
2284 1079 2456 1148 atque
2473 1079 2691 1134 ordinis
2705 1083 2766 1136 of
2767 1081 2894 1138 ficio
2917 1101 3269 1156 magnorum
3287 1103 3462 1159 nego-

1848 1158 2064 1215 tiorum
2081 1164 2555 1235 occupationibus
2567 1169 2639 1222 ad
2659 1171 2909 1240 plurima
2929 1158 3457 1242 distractus,neclo-

1847 1248 2016 1318 gatis,
2039 1268 2146 1306 nec
2179 1252 2389 1309 litteris
2419 1274 2547 1327 quas
2582 1258 2735 1313 circa
2761 1277 2854 1315 me
2882 1266 3165 1332 geruntur
3182 1265 3458 1320 hactenus

1849 1337 2006 1392 vobis
2027 1339 2355 1411 signillcare
2372 1345 2540 1400 volui.
2563 1347 2722 1402 Nunc
2754 1350 3029 1420 quoniam
3050 1351 3369 1408 frater......
3391 1354 3463 1409 si-

1847 1428 1942 1479 cut
1958 1443 2062 1498 per
2075 1430 2535 1502 antiquiorem...
2553 1438 2818 1506 gerulum
2835 1439 3196 1512 scripseram,
3213 1442 3351 1497 dum
3371 1460 3460 1497 ur-

1846 1514 1983 1569 bem
2016 1518 2326 1577 Remorum
2372 1539 2545 1579 causa
2589 1525 2687 1580 Dei
2729 1527 2910 1600 fugio,
2965 1530 3096 1584 urbi
3143 1533 3459 1588 Remorum

1845 1605 2154 1700 gratia-Dei
2186 1612 2459 1700 prmiatus
2480 1630 2629 1669 sum.
2649 1615 2785 1680 Quae
2807 1633 2898 1672 res
2915 1622 3116 1688 gentes
3142 1624 3200 1675 et
3219 1621 3460 1692 populos

1845 1694 1904 1781 in
1937 1694 2052 1781 mei
2079 1695 2346 1753 excitavit
2367 1699 2662 1757 invidiam.
2688 1704 3460 1781 thuiaviribusnequeunt,

111 1779 188 1882 εὶ
217 1843 296 1883 σο
329 1826 592 1918 minati
619 1781 924 1918 ωυωίιίεε
962 1782 1358 1900 summarium.
1387 1829 1496 1900 ιρεί
1519 1779 1746 1900 ειάοὲυε
1771 1853 1821 1918 Β
1844 1779 3463 1918 ζῗξῖἰῖἒῗᾷἒῗι¹⁵ξῖἓ¹ῗῗῗᾝῖἓίἓέῗὲἶὶῖῗῗέ¹¹¹ῗξ⁸ῗῗέῗῗξῗέ

112 1932 298 1988 reges
328 1915 392 1971 in
435 1916 690 1988 peccatis
718 1917 956 1990 singulis
987 1921 1319 1989 peccatores
1368 1918 1746 1989 apparebunt.

115 2005 236 2060 Nec
251 2005 369 2060 sibi
389 2005 703 2078 quisquam
727 2006 1750 2078 hlandiatur,quolibetconquassato,

115 2110 181 2148 se
195 2094 519 2161 incolumi,
551 2109 626 2149 ne
638 2093 780 2150 falso
793 2094 1030 2150 nomine
1051 2093 1374 2165 sponsionis
1413 2093 1751 2165 decipiatur,

117 2198 260 2238 cum
285 2198 388 2238 res
407 2186 470 2236 et
496 2183 652 2237 facta
698 2197 818 2238 non
863 2199 928 2238 ex
958 2182 1325 2254 indulgentia
1343 2181 1628 2254 judicum,
1654 2181 1754 2237 sed

121 2285 191 2326 ex
221 2271 551 2326 stabilitate
572 2271 871 2342 pendeant
899 2286 1222 2326 causarum.

677 2447 1013 2504 EPISTOLA
1039 2447 1232 2504 CXCV.

437 2588 785 2629 LEODICENSI
821 2590 1099 2630 EPiSCOPO
1126 2590 1282 2629 NOCH
1294 2589 1448 2631 ERiO.

187 2715 352 2773 Licet
389 2733 512 2772 non
544 2714 884 2788 ignoremus
912 2734 976 2772 ex
1007 2734 1133 2792 quo.
1149 2717 1311 2771 fonte
1338 2719 1529 2770 motus
1570 2712 1751 2768 animi

118 2806 291 2861 vestri
325 2806 388 2859 in
428 2821 536 2859 nos
565 2804 965 2876 proﬂuxerint,
997 2808 1194 2858 tamen
1222 2821 1289 2858 ex
1323 2803 1512 2858 ofﬁcio
1551 2805 1748 2856 nostro

122 2898 412 2967 praestare
445 2894 753 2961 debemus,
786 2893 907 2947 sine
929 2893 1084 2964 gravi
1119 2893 1239 2959 lite,
1262 2895 1546 2965 quantum
1566 2892 1752 2944 vestra

119 2984 391 3050 interest,
417 2987 480 3037 ut
498 2982 592 3036 hic
608 2981 738 3037 fons
765 2985 1002 3050 arescat,
1036 2986 1088 3036 et
1122 2981 1215 3035 hic
1261 2983 1452 3034 motus
1482 2979 1752 3050 conquie-

111 3071 457 3144 scathitur
473 3071 551 3126 ad
575 3071 917 3141 petitionem
932 3069 1274 3125 venerabilis
1297 3066 1749 3138 VV.Argentinae

113 3160 374 3216 civitatis
396 3161 657 3232 episcopi
692 3159 1106 3215 nudiustertius
1137 3158 1409 3229 descripsi
1437 3157 1749 3212 materiam

117 3250 422 3304 malorum
458 3248 643 3304 nostri
665 3247 944 3319 temporis
965 3266 978 3317 ;
997 3251 1055 3302 et
1070 3247 1206 3319 quid
1232 3247 1385 3302 inter
1413 3248 1605 3318 partes
1619 3261 1751 3300 con-

115 3336 351 3392 veniret
394 3337 485 3391 vel
532 3336 961 3391 disconveniret
995 3335 1228 3408 aperui;
1261 3333 1421 3390 vobis
1462 3338 1746 3405 tanquam

116 3424 702 3499 probatisjudicihus
733 3423 934 3479 direxi.
965 3425 1033 3478 Et
1065 3440 1220 3478 nunc
1258 3423 1331 3478 ad
1362 3426 1560 3477 votum
1586 3438 1747 3477 meo-

115 3530 252 3570 rum
264 3513 552 3580 hostium,
571 3513 706 3584 quia
731 3529 796 3567 ex
824 3516 947 3568 toto
967 3513 1105 3568 orbe
1119 3510 1242 3567 ﬂeri
1264 3529 1379 3567 non
1402 3514 1613 3583 potest,
1639 3512 1749 3566 sal-

117 3603 245 3657 tem
264 3619 337 3656 ex
369 3603 497 3656 toto
528 3604 860 3656 nostrorum
883 3601 1209 3672 principum
1227 3599 1604 3672 regimine,ut
1629 3597 1753 3654 uni-

118 3691 348 3746 versale
377 3691 622 3761 cogatur
641 3689 971 3753 concilium,
1007 3689 1198 3744 modis
1218 3689 1423 3760 quibus
1446 3690 1609 3743 valeo
1631 3689 1748 3744 ela-

122 3778 294 3835 boro.
323 3780 406 3834 Eo
423 3778 808 3834 conveniendi
834 3781 893 3833 et
907 3778 1415 3850 disceptandi,non
1441 3779 1630 3832 solum
1651 3793 1746 3832 cu-

122 3868 317 3937 riosis,
336 3869 440 3924 sed
455 3868 633 3923 etiam
643 3867 793 3923 hosti
803 3868 1118 3935 bus,libera
1130 3867 1299 3922 datur
1310 3866 1550 3923 facultas
1560 3909 1572 3921 .
1596 3867 1746 3920 Tan-

124 3959 254 4012 tum
280 3957 503 4030 quippe
532 3973 567 4012 a
587 3956 754 4012 nobis
769 3955 1664 4027 abestmaleficium,tantumque
1688 3955 1746 4008 in

126 4045 472 4101 innocentia
501 4045 874 4108 conﬁdimus,
905 4049 969 4100 ut
1004 4045 1269 4116 regulare
1301 4043 1592 4116 judicium
1629 4059 1747 4097 non

127 4136 324 4188 solum
341 4133 830 4201 nondevitemus,
854 4134 955 4188 sed
988 4134 1168 4189 etiam
1190 4134 1350 4205 quasi
1367 4136 1489 4188 toto
1508 4132 1647 4187 orbe
1667 4131 1749 4186 fu-

126 4225 296 4295 giens
320 4223 912 4295 prosequamur.Eece
937 4239 1088 4277 nunc
1116 4223 1284 4278 tertio
1312 4221 1586 4277 monitisi
1605 4237 1750 4292 prae-

129 4313 384 4366 sentiam
411 4328 575 4366 suam
603 4311 876 4366 exhibere
908 4311 1223 4380 noluerint,
1259 4315 1318 4366 et
1347 4310 1660 4384 appellatio
1692 4311 1752 4364 et

1849 1870 2175 1926 colluctatio
2216 1891 2393 1946 quam
2434 1878 2632 1949 legum
2675 1879 3036 1952 disceptatio.
3098 1885 3167 1938 Et
3203 1887 3464 1958 quamvis

1853 1959 2075 2013 mmulis
2105 1962 2249 2017 meis
2279 1963 2506 2019 dicendi
2534 1969 2679 2034 arte,
2721 1972 2780 2022 et
2807 1969 3001 2040 legum
3029 1971 3252 2041 prolixa
3281 1973 3460 2029 inter-

1854 2050 2200 2118 pretatione,
2249 2056 2534 2123 quantum
2576 2070 2711 2111 mea
2750 2055 3012 2125 interest,
3060 2059 3463 2125 satisfecerim,

1857 2139 2191 2193 nontamen
2223 2140 2410 2195 adhuc
2438 2144 2618 2198 semel
2649 2148 2837 2215 ccepta
2873 2145 3267 2218 deposuerunt
3307 2148 3460 2204 odia.

1854 2224 2060 2280 Ateste
2085 2243 2250 2298 ergo,
2270 2231 2574 2286 reverendi
2610 2233 2831 2301 Patres,
2879 2239 3184 2307 vestroque
3225 2239 3462 2294 alumno

1855 2312 1991 2367 fusis
2016 2314 2089 2368 ad
2121 2316 2305 2371 Deum
2336 2318 2602 2388 precibus
2646 2337 2818 2393 opem
2859 2322 3032 2378 ferte.
3063 2324 3332 2397 Discipuli
3360 2325 3466 2381 vic-

1853 2402 2022 2470 toria,
2048 2405 2308 2475 magistri
2329 2410 2415 2462 est
2443 2408 2647 2478 gloria.
2668 2412 2730 2464 In
2748 2427 3061 2467 commune
3088 2414 3322 2484 quidem
3336 2430 3462 2470 om-

1853 2493 2020 2548 nibus
2047 2493 2205 2548 vobis
2245 2511 2351 2565 pro
2402 2497 2517 2552 mei
2564 2497 2927 2555 institutione
2955 2505 3147 2572 grates
3180 2503 3463 2574 rependo,

1852 2581 1952 2636 sed
1981 2582 2281 2653 specialius
2305 2585 2454 2655 patri
2489 2586 2554 2641 R.
2591 2586 2716 2654 Cui,
2748 2588 2792 2642 si
2815 2587 2955 2660 quid
2986 2589 3238 2645 scientiae
3271 2590 3328 2645 in
3367 2608 3463 2647 me

1853 2672 1956 2736 est,
1988 2675 2117 2740 post
2151 2671 2331 2726 Deum
2366 2672 2518 2728 inter
2547 2692 2754 2730 omnes
2801 2678 3082 2732 mortales
3110 2679 3326 2750 gratias
3371 2697 3461 2735 re-

1848 2759 2038 2830 pendo
2128 2761 2407 2817 Nunc.....
2456 2766 2642 2820 valeat
2692 2771 2957 2822 sanctum
3011 2768 3316 2838 collegium
3351 2787 3466 2823 ves-

1853 2849 2147 2904 trum......
2178 2851 2407 2904 valeant
2437 2854 2734 2922 quondam
2768 2855 2880 2908 mei
2915 2855 3037 2909 noti
3067 2857 3152 2910 vel
3184 2857 3465 2912 affinitate

1852 2937 2166 3007 conjuncti,
2213 2939 2257 2992 si
2310 2939 2406 3010 qui
2447 2947 2774 3012 supersunt,
2805 2960 3054 3015 quorum
3086 2948 3310 3000 tantum
3338 2963 3466 3019 spe-

1851 3024 1998 3080 ciem
2023 3043 2128 3082 nec
2161 3028 2360 3083 omnia
2381 3030 2661 3086 satisnovi
2689 3048 2702 3086 :
2734 3049 2852 3088 non
2876 3049 3079 3089 eorum
3106 3035 3299 3108 aliquo
3315 3035 3467 3090 fastu

1771 3134 1818 3193 α
1851 3115 2080 3186 oblitus,
2114 3118 2214 3172 sed
2236 3119 2624 3176 barbarorum
2657 3122 2888 3177 feritate
2921 3128 3262 3193 maceratus,
3286 3127 3468 3180 totus—

1850 3219 1982 3276 que,
2017 3209 2080 3260 ut
2105 3205 2186 3261 ita
2200 3207 2412 3280 dicam,
2442 3211 2734 3265 alteratus.
2758 3210 2894 3276 Quae
2917 3213 3252 3268 adolescens
3271 3213 3466 3284 didici,

1845 3293 2074 3364 juvenis
2103 3295 2305 3352 amisi:
2359 3299 2418 3352 et
2467 3315 2594 3369 quas
2625 3299 2856 3370 juvenis
2909 3301 3231 3374 concupivi,
3289 3317 3470 3358 senex

1852 3383 2201 3455 contempsi.
2230 3385 2393 3440 Tales
2425 3384 2647 3441 fructus
2678 3387 2858 3444 aﬂ'ero
2890 3389 3054 3444 mihi.
3096 3389 3140 3445 Ο
3172 3389 3463 3462 voluptas!

1851 3471 1991 3526 talia
2013 3472 2217 3527 mundi
2248 3472 2504 3529 honores
2547 3475 2786 3545 pariunt
2820 3477 3052 3548 gaudia.
3083 3477 3312 3532 Credite
3329 3495 3469 3550 ergo

1851 3559 1996 3615 mihi
2011 3563 2272 3632 experto.
2292 3562 2352 3615 In
2369 3565 2653 3633 quantum
2672 3563 2854 3634 princi
2862 3580 2962 3636 pes
2978 3566 3226 3621 exterius
3257 3566 3473 3621 attollit

1851 3651 2060 3723 glorta,
2095 3650 2155 3704 in
2196 3652 2426 3705 tantum
2459 3651 2744 3706 cruciatus
2773 3652 2935 3724 angit
2962 3652 3219 3708 interius.

2337 3775 2675 3833 EPISTOLA
2707 3776 2982 3832 CXCVIII.

1921 3864 2299 3922 Consuluistis
2329 3859 2527 3922 utrum
2559 3866 2603 3922 is
2636 3867 2732 3939 qui
2773 3883 3036 3924 sororem
3067 3882 3182 3921 suae
3212 3866 3474 3942 conjugis

1849 3954 2132 4009 adulterio
2177 3954 2400 4028 polluit,
2447 3957 2579 4028 post
2626 3958 2926 4028 peractam
2974 3954 3375 4028 paenitentiam
3403 3959 3476 4014 ad

1849 4058 2104 4116 priorem
2138 4043 2406 4114 copulam
2436 4043 2624 4099 redire
2644 4043 2871 4111 debeat,
2895 4059 2967 4099 an
2989 4046 3232 4100 alteram
3255 4045 3470 4102 sortiri.

1851 4130 1918 4184 Et
1947 4131 2194 4185 alterum
2226 4131 2462 4202 quidem
2513 4131 2890 4203 permittitur,
2942 4134 3192 4189 alterum
3239 4135 3472 4208 penitus

1848 4218 2228 4274 inhibetur.ln
2249 4220 2502 4274 conciliis
2523 4220 2826 4290 Africanis,
2850 4223 3019 4278 titulo
3036 4224 3125 4290 49,
3158 4223 3372 4294 placuit
3406 4227 3473 4278 ut

1850 4308 2166 4363 secundum
2191 4309 2585 4380 evangelicam
2610 4315 2666 4365 et
2682 4311 3060 4384 apostolicam
3080 4311 3466 4384 disciplinam,

132 4397 248 4454 litis
285 4403 621 4456 retractatio
679 4401 810 4472 lege
867 4401 1266 4472 peremptoria
1319 4401 1646 4473 sopientur.
1684 4401 1747 4452 In
1774 4423 1826 4482 D
1851 4415 2039 4470 neque
2067 4397 2336 4452 dimissus
2359 4397 2429 4452 ab
2470 4415 2668 4468 uxore,
2695 4418 2883 4472 neque
2901 4401 3139 4456 dimissa
3173 4418 3206 4456 a
3231 4402 3469 4471 marito,

134 4503 253 4560 qua
281 4505 345 4544 re
384 4494 639 4544 vestrum
696 4494 782 4545 est
834 4490 1318 4558 animadvertere,
1381 4489 1471 4543 cui
1521 4490 1608 4544 ira
1637 4489 1750 4543 Do-

137 4578 286 4633 mini
341 4579 734 4633 comminatur
807 4579 1091 4634 dicentis:
1153 4576 1246 4632 Va:
1327 4576 1408 4632 illi
1437 4594 1537 4648 per
1598 4594 1754 4649 quem

135 4667 448 4722 scandalum
467 4669 614 4722 venit
639 4666 651 4720 Ι
685 4667 829 4721 Cum
847 4667 1008 4722 enim
1026 4668 1230 4722 Paulus
1252 4668 1545 4738 apostolus
1562 4666 1712 4720 dicat
1737 4682 1749 4720 :

139 4754 253 4811 Nos
279 4756 491 4829 quidem
505 4757 870 4829 pradicamus
891 4754 1166 4811 Christum
1177 4756 1390 4812 Jes-um.
1412 4755 1617 4809 Juda’is
1637 4756 1754 4826 qui-

142 4845 258 4900 dem
285 4846 623 4915 scandalum,
658 4844 856 4900 Graecis
885 4853 1062 4901 autem
1091 4846 1394 4900 stultitiam.
1423 4845 1757 4917 Nonitaque

144 4933 314 4992 Paulo
340 4939 429 4991 est
457 4952 568 4999 vae,
602 4934 705 4989 sed
737 4933 842 5002 his,
886 4939 948 4989 ut
977 4935 1056 4990 ait
1085 4935 1393 5006 propheta,
1429 4932 1525 5006 qui
1559 4933 1760 4988 dicunt

144 5019 355 5080 bonum
390 5025 643 5092 malum,
678 5024 736 5077 et
767 5024 986 5078 malum
1016 5023 1257 5078 bonum.
1291 5022 1460 5078 Novit
1483 5022 1758 5078 Dominus

150 5112 236 5186 qui
263 5116 399 5171 sunt
425 5114 575 5186 ejus,
626 5110 788 5166 novit
836 5113 931 5184 qui
976 5112 1061 5167 sui
1117 5114 1572 5185 permoveantur
1613 5111 1754 5167 zelo.

150 5201 246 5260 Sed
273 5203 320 5260 si
358 5203 517 5259 Deus
551 5216 665 5274 pro
703 5199 886 5268 nobis,
919 5201 1044 5274 quis
1076 5205 1280 5256 contra
1309 5201 1456 5256 nos?
1481 5201 1587 5255 Oro
1615 5217 1754 5273 ergo

146 5295 194 5348 et
215 5292 503 5366 deprecor
531 5305 644 5362 per
667 5305 818 5357 eam,
851 5288 896 5343 si
943 5307 1057 5362 qua
1083 5293 1170 5344 est
1192 5289 1250 5344 in
1276 5289 1435 5344 vobis
1459 5289 1663 5362 pietas,
1693 5293 1757 5344 ut

139 5400 244 5440 non
270 5384 404 5457 plus
458 5377 616 5434 meis
672 5377 927 5432 hostibus
957 5394 1138 5450 quam
1185 5377 1348 5432 vobis
1394 5377 1465 5432 de
1495 5395 1592 5434 me
1637 5395 1756 5433 cre-

137 5474 292 5531 datis.
313 5464 698 5545 Experimini
730 5482 803 5520 an
837 5467 944 5522 sim
974 5467 1071 5540 qui
1118 5467 1330 5522 fuerim
1356 5465 1572 5521 scilicet
1595 5466 1754 5522 vobis

127 5581 225 5643 per
278 5557 501 5621 omnia
545 5554 790 5611 devotus
836 5557 894 5610 et
929 5556 1276 5630 obsequens,
1330 5554 1390 5610 in
1442 5569 1753 5611 commune

125 5641 263 5731 ticius
287 5647 539 5716 amicis,
575 5641 731 5723 εερυί
753 5645 810 5704 et
836 5643 953 5713 veri
977 5643 1432 5718 amantissimus,
1461 5643 1586 5704 sine
1616 5642 1749 5704 dolo

1854 4487 2016 4542 alteri
2050 4486 2500 4558 conjungantur,
2530 4487 2631 4544 sed
2658 4488 2737 4543 ita
2759 4493 3037 4544 maneant
3059 4493 3120 4544 ut
3132 4490 3364 4546 sibimet
3383 4505 3472 4546 re-

1853 4574 2252 4630 concilientur.
2293 4573 2460 4639 Quod
2491 4575 2535 4629 si
2569 4578 3049 4649 contempserint,
3080 4578 3152 4634 ad
3179 4581 3467 4650 poeniten-

1855 4664 1998 4719 tiam
2026 4663 2388 4736 redigantur.
2418 4664 2582 4729 Quod
2614 4665 2659 4720 si
2691 4666 2904 4722 mulier
2939 4667 3166 4723 duxerit
3196 4669 3466 4736 alterum,

1859 4769 1977 4808 non
2009 4753 2166 4824 prius
2194 4753 2439 4825 accipiat
2465 4756 2964 4825 communionem,
2999 4773 3175 4829 quam
3217 4756 3263 4811 is
3291 4771 3464 4829 quem

1857 4841 2089 4914 reliquit
2119 4842 2189 4898 de
2212 4845 2419 4919 saeculo
2442 4845 2679 4900 exierit:
2717 4845 2824 4900 nisi
2855 4846 3006 4901 forte
3039 4843 3350 4900 necessitas
3374 4842 3465 4898 in-

1859 4930 2150 4986 firmitatis
2199 4930 2337 4986 dare
2369 4932 2733 5006 compulerit.
2765 4935 2914 5005 Agat
2945 4947 3082 5004 ergo
3113 4932 3205 4986 hic
3231 4931 3304 4986 ad
3335 4929 3466 4986 ulti-

1861 5038 2026 5077 mum
2055 5021 2455 5093 paenitentiam
2469 5024 2595 5094 lege
2615 5038 2814 5078 eorum
2834 5022 2930 5093 qui
2944 5039 3002 5075 se
3023 5021 3240 5075 incesto
3253 5020 3471 5092 pollue-

1857 5114 2014 5174 runt,
2043 5110 2143 5166 sed
2169 5112 2384 5167 scilicet
2421 5112 2819 5166 decennalem.
2854 5110 3092 5164 Femina
3121 5124 3348 5182 quoque
3376 5107 3463 5165 ni.

1855 5199 2172 5256 hilominus
2193 5205 2460 5274 cognata,
2489 5203 2567 5273 et,
2586 5201 2630 5254 si
2646 5200 2768 5254 ﬂeri
2783 5198 3320 5272 potest,castitatem
3336 5215 3467 5272 pro-

1853 5287 2024 5356 fessa,
2059 5289 2214 5360 quod
2248 5290 2434 5344 calore
2458 5288 2775 5359 juventutis
2807 5291 3073 5360 urgetur:
3107 5287 3465 5346 timendum-

1854 5393 1966 5450 que
1997 5393 2071 5430 ne
2105 5393 2139 5430 α
2168 5376 2384 5432 Satana
2414 5380 2694 5433 tentetur.
2725 5376 2875 5432 Nihil
2901 5377 3036 5432 inde
3068 5377 3272 5434 melius
3312 5379 3469 5434 novi-

1853 5481 2003 5531 mus,
2037 5479 2214 5536 quam
2245 5463 2400 5536 quod
2424 5464 2535 5518 Leo
2551 5481 2700 5537 papa
2733 5466 2802 5521 de
2833 5465 3116 5522 similibus
3141 5467 3298 5522 dicit.
3320 5467 3470 5526 Ado-

1852 5552 2095 5620 lescens,
2114 5551 2319 5624 inquit,
2354 5550 2400 5607 si
2435 5551 2872 5610 continensesse
2894 5572 3010 5611 non
3047 5558 3257 5628 potest,
3274 5556 3468 5615 uxoris

1857 5639 2118 5700 remedio
2140 5643 2331 5719 potest
2352 5635 2642 5700 sustineri.
2663 5640 2750 5698 Ad
2769 5642 2923 5702 hunc
2951 5645 3194 5706 modum
3231 5644 3343 5706 dici
3361 5663 3466 5728 po-
