3918 6230
522 362 595 429 ΒΘ
1136 363 1491 430 SILVESTRI
1523 365 1572 430 ῘῙ
1608 372 1813 432 ΡᾹΡᾹΞ
1850 373 2009 432 DPP.
2051 375 2231 436 PARS
2265 378 2360 435 ΠΙ.
2399 384 2470 421 -'—
2506 376 2717 437 EPIST.
2755 378 2839 436 ET
2873 378 3157 440 DIPLOM.

3714 389 3827 445 260

487 494 617 555 test,
643 491 902 548 utsihac
927 491 1192 549 adultera
1213 512 1272 549 se
1307 495 1606 551 continere
1635 513 1750 550 non
1775 499 2098 567 potest,nu-
2126 503 2179 560 A
2207 499 2263 555 in
2297 501 2438 555 facie
2469 502 3004 572 anteponimus,cur
3030 504 3724 579 sanctarumlegumjura
3744 510 3810 565 il-

493 581 613 646 bat,
648 584 711 636 ut
739 580 821 635 ait
856 583 1186 653 Apostolus,
1219 588 1452 638 tantum
1483 585 1543 638 in
1571 585 1845 639 Domino.

973 689 1306 744 EPISTOLA
1341 691 1609 745 CXCVIII.

842 811 1176 850 GERBERTUS
1212 813 1358 852 LEON
1368 812 1388 852 Ι
1431 814 1604 851 ΡΟΝΤΙ
1614 813 1740 851 FlCI.

557 899 752 955 Sciens
769 916 1045 971 magnam
1059 902 1527 957 benevolentiam
1547 906 1796 957 vestram
1822 920 1960 974 erga
1983 920 2097 970 me,

482 989 633 1044 tanti
675 989 780 1044 viri
819 989 1075 1045 amicitia
1104 991 1333 1045 felicem
1384 1009 1477 1045 me
1522 992 1742 1062 judico.
1793 991 2099 1047 Enimvero

483 1078 619 1150 quia
647 1081 846 1134 nostra
891 1079 1130 1133 servitus
1170 1079 1361 1133 minus
1390 1079 1549 1134 vobis
1598 1080 1986 1134 obsecundata
2017 1082 2102 1133 est

483 1167 971 1240 quaZoportuerit,
997 1185 1114 1222 non
1131 1168 1550 1224 malevolentia
1573 1169 1978 1223 ascribendum
1991 1171 2095 1235 est,

476 1255 576 1309 sed
605 1256 952 1311 necessitati.
986 1258 1141 1310 Inter
1171 1256 1357 1312 varios
1383 1256 1600 1328 quippe
1637 1258 1940 1324 tumultus,
1978 1256 2098 1328 qui-

478 1342 587 1398 bus
617 1344 841 1398 assidue
869 1343 1184 1416 quatimur,
1200 1344 1290 1398 vix
1307 1344 1772 1416 aliquisidoneus
1792 1345 2094 1417 reperitur,

481 1429 572 1485 cui
604 1433 727 1486 tuto
759 1435 982 1487 secreta
1012 1432 1260 1504 pectoris
1290 1434 1731 1487 reserentur.lta
1747 1433 1851 1487 sibi
1869 1433 2096 1487 virtutis

480 1535 674 1574 arcem
707 1520 870 1575 dolus
898 1523 954 1574 et
982 1520 1160 1583 fraus,
1191 1521 1480 1576 simulatio
1511 1524 1567 1575 et
1588 1521 1988 1588 dissimulatio,
2015 1522 2092 1575 vi-

479 1607 668 1663 cissim
693 1614 1136 1680 occupaverunt.
1157 1610 1298 1664 Hinc
1315 1613 1399 1664 est
1423 1611 1576 1681 quod
1600 1613 1908 1681 postquam
1941 1627 1974 1664 a
1997 1627 2091 1664 me

481 1696 720 1769 digressi
757 1697 912 1764 estis,
946 1699 1439 1753 nullalitterarum
1461 1702 1662 1753 mutua
1692 1697 2091 1768 perfunctione

481 1784 567 1839 usi
594 1802 810 1852 sumus,
841 1786 947 1840 nisi
976 1803 1044 1840 ea
1074 1803 1201 1856 qua
1231 1786 1390 1841 vobis
1425 1787 1528 1841 sub
1564 1786 1866 1857 triplicata
1911 1787 2092 1841 crucis

477 1873 644 1945 signo
675 1874 1007 1929 direximus.
1037 1876 1234 1946 Itaque
1265 1891 1372 1929 nos
1401 1878 1458 1929 et
1501 1879 1699 1930 nostra
1754 1877 1856 1929 sub
1905 1879 2090 1930 vestra

475 1961 846 2033 dispositione
902 1963 982 2018 ita
1012 1963 1433 2032 constituimus,
1464 1967 1525 2018 ut
1550 1965 1646 2036 qui
1675 1966 1824 2019 forte
1855 1981 1958 2019 nos
1986 1965 2083 2018 la-

473 2052 630 2117 serit,
665 2051 882 2106 domno
906 2052 1082 2106 Leoni
1113 2052 1368 2124 pontiﬁci
1399 2052 1673 2123 injuriam
1701 2055 1983 2125 irrogasse
2005 2053 2085 2107 vi-

473 2156 567 2194 sus
591 2139 683 2194 sit.
713 2141 823 2194 Nec
846 2141 956 2194 erit
986 2141 1255 2212 deinceps
1300 2141 1480 2196 nostri
1519 2141 1670 2212 juris
1712 2142 1870 2213 quid,
1901 2159 2083 2213 quan-

472 2232 621 2295 tum,
656 2228 883 2300 quibus,
936 2233 994 2283 et
1045 2229 1276 2301 quando
1326 2229 1605 2300 placitura
1643 2230 2086 2301 parenturzsed

473 2317 714 2373 dommo
743 2318 920 2373 Leoni
954 2319 1200 2389 diligens
1220 2319 1410 2373 aderit
1440 2319 1780 2391 obsequium
1809 2320 2079 2377 ministri.

473 2405 671 2460 Saluto
686 2404 968 2460 domnum
990 2406 1324 2476 episcopum
1339 2406 1590 2460 amicum
1605 2407 2084 2478 per'omniareve-

472 2492 756 2548 rendum:
798 2494 1046 2548 multum
1079 2494 1150 2548 de
1194 2495 1316 2565 ejus
1354 2495 1640 2567 sapientia
1662 2500 1720 2549 et
1750 2496 2083 2568 eloquentia

472 2596 848 2652 praesumens,
881 2584 939 2634 et
969 2580 1244 2651 singulari
1276 2598 1508 2636 morum
1541 2583 1847 2654 probitate,
1889 2601 1953 2640 ac
1980 2600 2082 2655 per

473 2668 583 2724 hoc
609 2668 880 2741 obsequio
909 2669 1032 2740 ejus
1064 2686 1158 2724 me
1197 2670 1510 2724 obnoxium
1532 2671 1802 2727 reddens.

989 2775 1324 2831 EPISTOLA
1356 2777 1571 2833 CXCIX.

971 2899 1046 2938 AD
1086 2897 1356 2938 JOANNEM
1406 2902 1622 2941 PAPAM.

507 2987 879 3046 Sanctissimo
896 2993 1081 3046 vestro
1106 2993 1449 3062 apostolatui
1469 2993 1719 3065 potuisse
1741 2993 1959 3068 subripi
1982 3012 2079 3050 me

472 3075 558 3151 cui
571 3077 792 3152 uspiam
808 3079 1159 3152 pervasionis
1174 3097 1338 3135 reum
1357 3082 1764 3150 videri,dolore
1781 3086 2088 3139 vehemen-

2203 590 2356 644 licita
2369 593 2678 661 cupiditate
2697 593 3019 648 calcamus?
3034 597 3100 649 Et
3116 596 3237 650 hac
3250 596 3488 667 quidem
3506 598 3818 668 Dominus,

2203 683 2260 732 et
2287 680 2568 735 clamores
2599 698 2740 752 quos
2771 682 2991 737 assidue
3019 684 3429 754 patimur,non
3455 688 3812 760 sicuttyran-

2203 785 2308 821 nus
2335 773 2716 839 tyrannorum
2741 772 3101 841 prajudicio,
3132 774 3230 828 sed
3253 775 3398 829 sicut
3428 776 3701 831 sacerdos
3723 795 3811 832 sa-

2203 849 2500 902 cerdotum
2517 849 2754 919 judicio,
2781 852 3050 920 pensetis,
3078 853 3434 921 discernatis,
3465 856 3816 926 dijudicetis.

2203 935 2314 989 Hos
2346 939 2538 991 motus
2563 938 3046 1009 compescite,has
3071 943 3332 1012 querelas
3362 943 3811 1014 sopite,morum

2202 1024 2500 1093 gravitate,
2534 1043 2820 1080 annorum
2863 1029 3251 1084 teneritudine
3293 1037 3583 1102 superate.
3617 1034 3810 1090 Lectio

2199 1113 2496 1180 continua,
2519 1118 2578 1168 et
2614 1115 2989 1187 interrogatio
3019 1118 3245 1174 assidua
3268 1124 3528 1176 mentem
3560 1125 3811 1178 vestram

2199 1204 2454 1256 exacuat.
2497 1202 2608 1257 Cur
2638 1203 3062 1274 judicium......
3093 1224 3197 1262 nos
3227 1208 3419 1264 latuit?
3439 1211 3551 1264 Cur
3574 1211 3651 1266 ad
3688 1229 3809 1266 ma-

2190 1289 2386 1359 jorem
2418 1291 2774 1346 audientiam
2827 1309 3146 1363 provocans
3185 1296 3296 1351 suis
3331 1299 3514 1372 rebus
3547 1299 3802 1371 privatus

2199 1379 2322 1432 est?
2346 1378 2510 1442 Quod
2542 1379 2586 1433 si
2619 1397 2734 1436 non
2761 1398 3096 1453 provocans,
3129 1385 3229 1438 sed
3268 1389 3463 1441 tacens
3508 1388 3809 1458 spoliatus,

2197 1483 2374 1538 quare
2407 1467 2463 1522 in
2482 1485 2617 1522 eum
2631 1472 2921 1541 prolatum
2952 1472 3228 1536 iudicium
3248 1475 3317 1529 ad
3336 1493 3441 1531 nos
3465 1493 3586 1531 non
3608 1482 3698 1532 est
3726 1495 3810 1533 re-

2193 1555 2418 1610 latum?
2445 1555 2501 1610 Si
2541 1558 2660 1613 hac
2702 1558 2896 1631 itaque
2940 1560 3189 1616 scienter
3217 1562 3410 1633 egistis
3458 1564 3639 1618 lexin
3671 1581 3805 1619 con-

2193 1646 2452 1698 tumaces
2471 1649 2555 1700 est
2579 1663 2590 1700 :
2621 1646 3043 1718 siignoranter,
3070 1650 3268 1722 utique
3292 1652 3459 1706 venia
3488 1652 3807 1708 dandahoc

2192 1736 2380 1802 pacto,
2431 1736 2491 1787 ut
2531 1734 2835 1805 illegaliter
2867 1737 3057 1791 ablata
3073 1740 3406 1810 presbytero
3430 1741 3808 1796 restituantur

2117 1840 2167 1898 Β
2192 1820 2456 1891 legaliter
2482 1839 2495 1876 :
2525 1826 2852 1895 postquam,
2883 1824 2926 1878 si
2954 1825 3033 1880 ita
3062 1825 3366 1894 videbitur,
3397 1826 3691 1898 judicium
3712 1829 3795 1882 le-

2188 1909 2353 1979 gibus
2379 1910 2699 1978 innovetur,
2734 1929 2806 1966 ne
2835 1912 2880 1966 si
2905 1913 3237 1969 existimetis
3265 1915 3446 1970 filium
3487 1932 3692 1970 meum
3726 1916 3788 1968 Β.

2187 2013 2302 2051 sua
2333 1999 2596 2054 difﬁdere
2626 2017 2830 2068 causa,
2854 2002 2987 2073 quia
3009 2020 3162 2057 nunc
3193 2020 3259 2058 ex
3275 2004 3544 2059 condicto
3564 2022 3685 2059 non
3709 2020 3798 2059 oc-

2187 2087 2381 2141 currit.
2415 2089 2674 2144 Pluribus
2704 2091 2863 2145 enim
2895 2092 3154 2162 occupati
3201 2093 3468 2164 negotiis,
3503 2110 3644 2148 eum
3677 2111 3801 2150 exa-

2186 2175 2330 2229 mini
2368 2180 2553 2232 vestro
2605 2178 2854 2250 dirigere
2911 2199 3090 2252 usque
3121 2181 3178 2236 in
3210 2199 3276 2236 xv
3301 2183 3424 2236 Kal.
3457 2182 3797 2255 nequimus.

2186 2262 2335 2327 Quas
2358 2281 2548 2319 moras
2577 2266 2680 2321 sibi
2705 2285 2823 2323 non
2850 2269 3144 2324 obfuturas
3172 2288 3280 2342 pro
3303 2287 3538 2325 summa
3567 2271 3814 2326 benevo-

2184 2353 2557 2408 lentiavestra
2570 2354 2718 2410 circa
2739 2373 2842 2410 nos
2857 2357 3210 2413 omnimodis
3230 2358 3812 2430 deprecamur.Quod

2183 2439 2228 2494 si
2253 2441 2374 2495 hac
2401 2447 2700 2498 mansuete
2721 2444 2990 2513 feceritis,
3014 2445 3071 2500 in
3087 2447 3207 2517 ejus
3225 2446 3446 2517 judicio
3459 2447 3585 2502 sine
3612 2463 3811 2520 perso-

2183 2544 2391 2584 narum
2424 2531 2754 2602 acceptione
2768 2533 3441 2608 judicaveritis,plurima
3466 2551 3574 2590 nos
3593 2534 3811 2590 debere

2182 2616 2455 2689 obsequio
2476 2623 2662 2675 vestro
2694 2620 2934 2680 facietis.

2725 2746 3059 2803 EPISTOLA
3099 2748 3231 2804 CCI.

2186 2867 2490 2909 GERBETUS
2547 2870 2620 2909 ετ
2649 2871 2841 2912 OMNES
2893 2873 3150 2914 EPISCOP!
3193 2871 3532 2914 ῡισιῖςεεεοδ
3573 2872 3808 2914 BEMEN-

2504 2958 2667 3010 SIUM,
2725 2961 3165 3003 PERVASORIBUS
3223 2962 3478 3002 EJUSDEM

2258 3047 2769 3122 Girbertus-gratia
2800 3053 2901 3109 Dei
2932 3055 3246 3110 Remorum
3278 3052 3602 3126 episcopus,
3625 3048 3808 3109 Guido

470 3127 788 3228 tiwafﬁrcior,
808 3127 880 3216 let
910 3159 1043 3215 totis
1058 3157 1365 3217 visceribus
1389 3127 1725 3234 ingemisco.
1752 3165 1828 3219 Eo
1854 3165 2081 3237 quippe
2119 3127 2166 3186 Ο
2191 3134 2578 3237 sues???“
2612 3140 2901 3237 Adalberf’
2924 3143 3810 3237 ιῆυάῗξξθηδωξΗοδονζοδξθω

472 3250 670 3305 animo
703 3249 760 3305 in
793 3249 1040 3304 Ecclesia
1095 3250 1197 3305 Dei
1244 3251 1520 3307 hactenus
1545 3254 1795 3307 versatus
1829 3269 1978 3320 sum,
2027 3255 2090 3308 ut

471 3339 670 3397 multis
697 3339 1035 3412 profuerim,
1065 3338 1362 3395 neminem
1387 3341 1659 3397 laserim.
1683 3342 1807 3397 Non
1835 3359 1972 3415 ergo
1985 3344 2089 3396 Ar-

471 3426 612 3483 nulfi
625 3432 857 3500 peccata
869 3428 1115 3500 prodidi,
1135 3429 1235 3483 sed
1259 3429 1480 3500 publice
1493 3433 1834 3502 peccantem
1857 3431 2084 3503 reliqui:

470 3535 589 3573 non
617 3535 736 3589 spe,
767 3521 828 3572 ut
849 3517 964 3572 mei
994 3519 1188 3573 amuli
1220 3518 1436 3586 dicunt,
1461 3520 1795 3592 capessendi
1829 3521 1952 3592 ejus
1984 3521 2089 3576 ho-

471 3606 651 3675 noris,
685 3607 844 3663 testis
888 3609 974 3662 est
995 3608 1168 3674 Deus,
1201 3609 1258 3662 et
1287 3607 1383 3680 qui
1414 3624 1509 3662 me
1533 3611 1841 3678 noverunt,
1877 3609 1977 3664 sed
2011 3627 2084 3664 ne

470 3695 963 3752 communicarem
981 3694 1228 3768 peccatis
1257 3695 1478 3752 alienis.

1032 3798 1366 3856 EPISTOLA
1403 3801 1507 3864 CC.

540 3908 684 3976 Quia
710 3908 908 3966 vestris
938 3905 1235 3964 interdum
1257 3924 1374 3962 non
1408 3906 1627 3962 utimur
1657 3907 1940 3981 alloquiis,
1963 3927 2079 3966 non

468 3999 604 4056 satis
634 4015 800 4069 aquo
832 3995 1026 4050 animo
1075 3992 1339 4048 ferimus.
1375 3995 1482 4049 Per
1531 3994 1654 4050 hac
1685 3995 1841 4050 enim
1881 4000 2080 4053 mutua

468 4085 946 4151 manetcharitas,
967 4080 1268 4138 dissociata
1283 4088 1510 4152 coeunt,
1531 4100 1732 4156 aspera
1752 4083 2075 4155 mitescunt,

467 4172 1115 4237 simultatesintereunt,
1138 4172 1434 4243 multaque
1455 4171 1827 4245 prasentium
1847 4192 2079 4248 compa-

466 4265 672 4318 rantur
686 4260 1010 4315 commoda.
1044 4261 1116 4313 At
1151 4258 1289 4314 dum
1309 4258 1414 4315 ista
1430 4265 1591 4317 motu
1607 4264 1940 4334 temporum
1965 4264 2075 4319 mi-

467 4367 577 4406 nus
614 4348 956 4421 assequitur,
998 4351 1058 4402 ut
1106 4348 1426 4420 epistolaris
1474 4350 1724 4406 brevitas
1772 4351 1926 4407 inter
1970 4370 2075 4408 nos

467 4438 705 4495 affectus
751 4411 1010 4509 explicet,
1038 4411 1286 4508 petimus
1312 4438 1777 4494 benevolentiam
1823 4445 2074 4496 vestram
2098 4411 2151 4469 D

462 4544 572 4601 pro
597 4525 892 4581 fratre.....
931 4529 992 4580 ut
1037 4525 1218 4597 prosit
1257 4525 1308 4581 ei
1335 4526 1488 4599 apud
1530 4544 1630 4583 vos
1667 4531 1865 4584 nostra
1895 4528 2074 4585 inter-

464 4614 665 4682 cessio,
687 4615 927 4688 plusque
958 4613 1061 4669 sibi
1094 4619 1290 4669 nostra
1321 4615 1580 4672 obtineat
1610 4614 1870 4686 epistola,
1901 4633 2076 4688 quam

460 4704 702 4763 fortuitu
715 4703 1032 4776 cujuspiam
1071 4705 1264 4759 oblata
1287 4701 1911 4776 munera.Temporum
1933 4703 2077 4761 difﬁ-

460 4795 766 4852 cultatibus
797 4793 1010 4848 addicti
1037 4792 1382 4864 regulariter
1399 4794 1731 4857 convenire,
1756 4797 1814 4848 et
1832 4811 1958 4867 qua
1971 4793 2074 4849 Dei

460 4887 594 4940 sunt
622 4899 907 4956 quaerere,
945 4882 1225 4936 hactenus
1271 4899 1388 4937 non
1421 4882 1556 4938 satis
1576 4880 1876 4937 valuimus.
1915 4882 2074 4938 Nunc

461 4973 597 5046 quia
610 4975 725 5028 Deo
745 4972 1059 5026 miserante
1081 4970 1368 5042 respirare
1387 4970 1576 5036 datur,
1609 4988 1932 5038 censemus,
1949 4988 2074 5026 vos-

458 5078 570 5134 que
590 5060 866 5116 interesse
896 5058 1058 5114 omni
1085 5057 1334 5114 evitabili
1363 5057 1727 5114 excusatione
1757 5059 2076 5132 postposita

458 5165 767 5206 monemus
799 5151 857 5202 et
887 5164 1143 5202 oramus.
1176 5147 1331 5202 Licet
1364 5145 1634 5200 omnibus
1684 5149 2076 5203 sacerdotibus

462 5236 780 5308 disciplina
812 5235 1001 5290 forma
1032 5236 1336 5308 aqualiter
1359 5239 1742 5306 proponatur,
1777 5239 1833 5290 et
1863 5253 2074 5309 cogno-

463 5325 660 5380 scendi
693 5328 751 5379 et
773 5322 1115 5380 observandi
1167 5339 1357 5378 sacros
1403 5338 1657 5378 canones
1710 5323 1927 5395 Spiritu
1977 5326 2076 5379 Dei

460 5412 747 5482 conditos,
789 5415 848 5468 et
876 5412 1054 5467 totius
1092 5409 1298 5464 mundi
1329 5408 1654 5465 reverentia
1683 5415 2076 5480 consecratos;

460 5502 628 5560 nobis
649 5505 849 5558 tamen
874 5499 1084 5556 arctius
1111 5497 1382 5552 indicitur
1400 5498 1556 5571 quod
1575 5499 1631 5552 in
1646 5501 1942 5572 exemplar
1961 5517 2083 5556 mo-

456 5608 592 5651 rum
625 5594 683 5648 et
714 5591 846 5646 vita
905 5605 940 5643 a
978 5584 1305 5658 pastoribus
1345 5589 1643 5658 acceptum
1695 5588 1755 5642 in
1787 5585 2082 5645 subditum

453 5697 700 5774 gregem
724 5676 1014 5759 gratiosus
1024 5670 1404 5750 propagetur.
1426 5675 1570 5732 Cum
1596 5692 1737 5753 ergo
1773 5677 2081 5762 pecuniam

2191 3223 2286 3290 sis,
2328 3226 2454 3280 Rot.
2492 3227 2939 3297 Cameracensis,
2978 3232 3042 3285 0.
3079 3231 3539 3297 Silvanectensis,
3573 3229 3634 3284 F.
3668 3230 3809 3285 Am-

2190 3312 2500 3381 bianensis,
2535 3316 2594 3370 B.
2623 3317 2933 3386 Moriensis,
2959 3320 3090 3375 Her.
3122 3318 3525 3384 Belluacensis,
3550 3334 3658 3388 per
3675 3335 3808 3390 gra-

2190 3399 2331 3456 tiam
2362 3403 2818 3477 sancti‘Spiritus
2838 3408 3111 3479 episcopi,
3142 3407 3300 3463 vobis
3329 3407 3594 3463 Girberto
3623 3409 3683 3461 et
3713 3407 3802 3461 his

2190 3489 2286 3560 qui
2319 3492 2620 3564 subscripti
2645 3498 2778 3550 sunt
2802 3497 3224 3566 pervasoribus,
3242 3494 3610 3552 carniﬁcibus
3630 3499 3807 3566 atque

2187 3579 2469 3649 tyrannis.
2506 3581 2611 3635 Diu
2671 3583 2958 3638 modestia
2987 3585 3354 3640 sacerdotum
3388 3583 3604 3640 furoris
3634 3584 3805 3638 vestri

2183 3666 2406 3722 rabiem
2427 3669 2713 3739 sustinuit,
2746 3675 2802 3727 et
2813 3672 2999 3727 adhuc
3015 3674 3302 3744 patienter
3315 3675 3632 3745 exspectat.
3658 3671 3808 3736 Quo-

2184 3771 2364 3826 usque
2391 3773 2530 3828 ergo
2561 3758 2784 3815 insania
2805 3765 2991 3816 vestra
3005 3761 3559 3822 sanisintellectibus
3590 3766 3804 3822 nostris

2183 3843 2417 3900 obsistet
2446 3847 2473 3902 ‘2
2501 3846 2805 3921 Quousque
2837 3849 3215 3906 dissimulatio
3238 3869 3555 3924 pravorum
3587 3855 3806 3929 simpli-

2181 3931 2334 3987 cium
2363 3934 2619 4006 quietem
2635 3938 2919 3993 turbabit?
2943 3939 3139 3994 Gades
3157 3941 3308 3996 clero
3328 3941 3623 4011 infertis,a
3645 3944 3802 4011 cleri,

2180 4023 2600 4079 monachorum
2614 4029 2670 4080 et
2681 4043 3001 4098 pauperum
3016 4028 3232 4100 rapinis
3244 4046 3362 4086 non
3389 4033 3802 4089 cessatis.Con-

2178 4110 2441 4167 venimus
2457 4130 2595 4186 ergo
2617 4115 3028 4172 conscientiam
3052 4122 3302 4174 vestram
3317 4137 3526 4177 omnes
3543 4122 3803 4195 episcopi

2180 4200 2494 4257 Remorum
2528 4204 2862 4273 diaceseos,
2894 4206 2966 4260 ad
2997 4207 3424 4264 satifactionem
3457 4211 3796 4281 invitamus,

2180 4290 2545 4363 spatiumque
2560 4293 2915 4364 panitentia
2941 4313 3118 4368 usque
3147 4297 3205 4352 in
3219 4298 3502 4370 proximis
3525 4301 3801 4357 Kalendis

2181 4379 2588 4436 attribuimus:
2622 4385 2757 4438 tunc
2795 4401 2894 4440 vos
2923 4389 3021 4440 aut
3051 4386 3333 4442 infertiles
3360 4389 3635 4446 Ecclesia
3668 4393 3794 4463 pal-

2176 4468 2346 4522 mites
2375 4471 2752 4542 recognituri,
2781 4479 2881 4530 aut
2908 4477 3190 4548 tanquam
3216 4476 3418 4532 inutile
3458 4478 3692 4552 lignum
3723 4481 3796 4537 ab

2179 4573 2319 4628 agro
2350 4559 2451 4614 Dei
2479 4561 2671 4631 gladio
2701 4562 2881 4618 sancti
2914 4564 3160 4636 Spiritus
3195 4566 3464 4623 excisuri.

2712 4669 3046 4724 EPISTOLA
3081 4670 3236 4726 CCII.

2374 4789 2447 4828 AD
2506 4791 2742 4832 ERVEAM
2802 4793 3193 4834 BELVAGORUM
3244 4794 3594 4840 EPISCOPUM.

2248 4882 2411 4947 Quod
2427 4885 2588 4938 tanto
2608 4887 2870 4955 tempore
2887 4883 3162 4939 dilectum
3179 4885 3799 4956 nobisD.retinuimus,

2179 4987 2297 5026 non
2330 4971 2757 5026 malevolentia
2787 4987 2978 5041 cansa,
3009 4973 3108 5029 sed
3137 4990 3380 5030 summa
3402 4977 3674 5034 utilitatis
3709 4989 3802 5032 ve-

2178 5062 2333 5127 stra,
2366 5061 2423 5115 et
2448 5059 2605 5114 vobis
2645 5061 2956 5115 honestum
2990 5066 3044 5116 et
3076 5063 3213 5117 utile
3251 5079 3460 5135 parere
3501 5068 3704 5139 possit.
3737 5068 3801 5121 Et

2177 5147 2569 5219 nuncquidem
2589 5147 2747 5202 illum
2763 5147 3008 5219 patriam
3019 5154 3536 5224 parentesque,sed
3555 5159 3614 5210 et
3630 5171 3800 5210 omne

2179 5237 2500 5292 amicorum
2519 5255 2701 5309 genus
2719 5242 2981 5293 nostrum
3005 5240 3077 5294 ob
3097 5257 3362 5295 amorem
3395 5243 3800 5318 derelinquen-

2180 5327 2299 5381 tem
2339 5330 2538 5381 vestra
2571 5326 2852 5392 cbaritati,
2889 5330 2950 5381 ut
2978 5328 3192 5398 petitis,
3236 5330 3573 5402 dirigimus.
3617 5335 3796 5399 Quem

2182 5415 2336 5470 velut
2365 5416 2700 5471 thesaurum
2742 5416 3205 5473 inastimabilem
3245 5436 3276 5474 e
3320 5421 3452 5477 sinu
3487 5428 3690 5481 nostro
3742 5423 3796 5480 in

2184 5503 2355 5558 vestri
2377 5504 2510 5576 jura
2542 5503 3017 5560 transfundimus.
3058 5505 3340 5579 Suscipite
3382 5528 3528 5583 ergo
3559 5493 3721 5570 illum
3745 5510 3792 5568 in

2187 5592 2500 5666 disciplinis
2525 5592 2859 5648 liberalibus
2875 5594 3190 5664 eruditum,
3215 5596 3273 5652 in
3307 5597 3588 5672 opiﬁcum
3623 5602 3798 5676 magi-

2182 5681 2354 5740 sterio
2400 5681 2691 5754 edoctum,
2714 5699 2748 5740 a
2771 5683 2968 5742 multis
2986 5685 3171 5744 multa
3199 5688 3797 5770 mercedeexpetitum
