3918 6230
133 377 216 435 261

1057 371 1298 436 SECTIO
1330 377 1372 438 I.
1415 406 1472 421 -
1499 375 1682 434 ANTE
1711 369 1997 436 SUHMUM
2027 369 2551 434 PONTIFICA'I‘URI.

3359 377 3466 436 282

139 501 228 556 sed
253 517 284 555 a
310 498 1034 566 nobisobtentum.Quem
1049 501 1125 556 sic
1143 500 1371 556 tractari
1415 505 1472 556 et
1494 498 1765 556 custodiri
1787 508 1840 565 Α
1872 503 1976 562 tas.
2001 499 2201 572 pietas,
2252 503 2311 554 et
2343 499 2584 571 justitia,
2641 496 2996 554 domicilium
3047 499 3154 555 sibi
3203 499 3465 569 fecerint,

144 592 414 656 volumus,
436 593 501 644 ut
535 589 811 646 dolorem
836 589 884 644 ei
915 593 1140 661 partum
1169 607 1236 645 ex
1268 594 1463 645 nostra
1509 592 1765 646 absentia

147 684 317 734 vestra
353 679 624 734 sublevet
653 679 1036 750 indulgentia.
1065 680 1255 751 anue
1277 679 1670 733 munificentia
1697 696 1762 732 ex

147 767 417 824 liberalite
443 767 615 821 illum
646 768 945 834 habetote,
970 785 1095 840 qua:
1123 767 1322 821 deceat
1342 769 1400 820 G.
1449 768 1761 822 Remorum

149 855 646 926 archiepiscopum
691 854 930 911 dantem
980 860 1037 911 et
1065 857 1498 927 Bellovagorum
1543 855 1756 928 episco-

144 963 274 1021 pum
298 945 716 1017 accipientem.

676 1051 1011 1107 EPISTOLA
1061 1051 1238 1108 CCIII.

213 1159 537 1232 Oportebat
551 1162 606 1213 te
622 1157 907 1230 virginem
935 1159 1306 1230 spectabilem
1328 1158 1507 1229 patris
1522 1161 1688 1230 pacta
1709 1162 1764 1211 et

145 1250 459 1304 constituta
488 1247 727 1302 laudare
752 1250 809 1301 et
831 1248 1231 1303 corroborare.
1263 1248 1376 1302 Sed
1403 1248 1679 1319 quoniam
1697 1264 1766 1302 ea

144 1336 474 1405 dissolvisti,
507 1339 565 1390 et
596 1352 723 1408 qua:
743 1335 978 1407 insuper
993 1336 1158 1408 egisti
1190 1352 1513 1408 pernegare
1527 1340 1767 1391 conten-

141 1428 247 1494 dis,
280 1425 598 1481 invitamus
631 1428 686 1478 te
733 1424 805 1478 ad
828 1425 907 1479 tui
939 1425 1154 1496 peccati
1180 1426 1660 1498 recognitionem.
1691 1425 1766 1478 Te

141 1530 377 1588 quoque
412 1514 478 1567 R.
499 1512 876 1584 adireptione
907 1531 1224 1570 rerum.....
1253 1531 1472 1569 cessare
1497 1514 1766 1584 jubemus

139 1611 197 1660 et
226 1605 385 1659 male
417 1617 658 1675 pervasa
681 1601 996 1656 restituere.
1026 1603 1138 1657 Nec
1159 1606 1357 1658 te......
1409 1607 1765 1674 praetereun-

142 1693 286 1748 dum
317 1691 638 1758 existimes,
663 1694 737 1756 te,
766 1690 1025 1762 inquam,
1047 1694 1286 1747 tonsura
1335 1692 1631 1758 clericum,
1665 1692 1765 1746 sed

138 1783 258 1838 vita
288 1786 347 1837 et
379 1782 668 1837 morlbus'
702 1780 1015 1835 triennium
1055 1799 1184 1835 cum
1219 1786 1315 1837 tuo
1363 1780 1642 1852 complice
1699 1781 1764 1834 N.

141 1873 273 1939 Vos,
306 1873 579 1945 inqnam,
604 1888 810 1926 omnes
835 1872 1150 1943 autdignos
1176 1870 1525 1943 paenitentia:
1548 1871 1768 1923 fruetus

143 1961 416 2016 Ecclesiae
438 1960 737 2016 catholicze
768 1961 1098 2026 ostendatis,
1129 1965 1227 2014 aut
1256 1961 1412 2014 velut
1437 1953 1652 2013 ethnici
1709 1962 1766 2012 et

143 2050 443 2122 publicani
470 2051 545 2104 ab
579 2050 825 2105 Ecclesia
853 2049 1134 2104 catholica
1163 2049 1360 2120 gladio
1384 2047 1567 2102 sancti
1595 2045 1768 2118 Spiri-

142 2143 233 2193 tus
256 2140 774 2214 propulsabimini.

694 2249 1028 2306 EPISTOLA
1059 2247 1232 2304 CCIV.

211 2354 501 2428 Suscepta
519 2354 1227 2428 querimonia,reverende
1246 2352 1771 2426 pater,scripsimus

139 2460 274 2500 cum
300 2446 589 2500 fratribus
601 2447 660 2500 et
675 2443 1028 2515 coepiscopis
1066 2443 1274 2498 nostris
1303 2460 1405 2516 pro
1420 2442 1625 2498 eadem
1639 2461 1770 2499 cau-

135 2533 718 2605 sa,contemporibus
734 2549 962 2605 quoque
975 2532 1173 2587 vestris
1183 2532 1656 2586 commonitorias
1672 2533 1775 2587 mi-

139 2625 323 2679 simus
357 2623 606 2679 litteras.
642 2623 763 2676 Erit
794 2637 932 2693 ergo
963 2625 1165 2676 vestrae
1192 2620 1514 2693 prudentia:
1538 2623 1775 2692 propter

136 2713 298 2786 pacis
357 2709 776 2782 charitatisque
808 2709 1145 2776 custodiam,
1179 2709 1224 2764 si
1257 2708 1622 2779 resipuerint,
1676 2725 1773 2763 eos

138 2803 299 2856 velut
337 2800 738 2856 exorbitantes
753 2799 896 2854 filios
929 2799 1139 2854 blande
1166 2798 1475 2869 suscipere.
1512 2796 1675 2860 Quod
1704 2797 1770 2864 si,

143 2891 306 2962 quod
329 2890 573 2956 absit,in
608 2889 828 2944 malitia
849 2888 1360 2961 perseveraverint,
1390 2891 1525 2941 tunc
1543 2886 1601 2941 in
1632 2887 1775 2943 cele-

143 2979 235 3034 bri
263 2979 538 3033 Ecelesia:
557 2979 683 3032 loco
704 2981 914 3033 nostrae
929 2977 1242 3033 vocationis
1263 2975 1475 3047 scripta
1489 2976 1564 3031 ad
1579 2978 1774 3048 legen-

145 3064 290 3122 dum
309 3067 570 3141 proponi
581 3066 1097 3137 jubemus.Deinde
1111 3064 1770 3121 excommunicationem
1799 3095 1846 3155 Ο

146 3153 590 3211 rationabiliter
609 3154 1016 3227 conscriptam,
1037 3159 1094 3210 et
1111 3172 1144 3208 a
1157 3154 1317 3210 vobis
1335 3154 1678 3209 solemniter
1691 3170 1779 3209 ce-

146 3244 442 3299 lebratam
457 3243 672 3297 celebri
700 3243 858 3315 afﬁgi
877 3244 1079 3314 loco,ej
1090 3260 1265 3315 usque
1284 3243 1580 3314 exemplar
1613 3243 1776 3298 nobis

144 3333 348 3405 dirigi,
381 3336 444 3388 ut
476 3333 713 3387 idemin
747 3333 956 3388 nostris
985 3334 1086 3386 fiat
1105 3331 1462 3386 Ecclesiis.Et
1491 3331 1771 3404 quoniam

147 3423 454 3478 eruditum
478 3422 639 3478 vobis
655 3421 925 3477 clericum
959 3421 1108 3475 mitti
1133 3420 1356 3488 orastis,
1383 3418 1479 3492 qui
1512 3420 1572 3474 in
1606 3420 1694 3474 his
1722 3423 1780 3475 et

145 3511 209 3567 in
237 3513 372 3566 aliis
401 3511 748 3582 adjumento
772 3528 893 3566 esse
923 3513 1136 3582 posset,
1168 3527 1302 3564 cum
1333 3508 1572 3564 redierit
1615 3525 1777 3563 meus

145 3602 241 3673 D.,
275 3601 555 3658 dabimus
587 3617 828 3673 operam
861 3605 923 3656 ut
941 3601 1138 3656 vestris
1157 3599 1440 3654 deserviat
1465 3597 1774 3670 obsequiis.

705 3711 1037 3767 EPISTOLA
1087 3708 1238 3767 CCV.

220 3821 466 3888 Quanto
505 3818 912 3876 moderamine
940 3820 1094 3875 salus
1112 3818 1441 3874 animarum
1475 3818 1778 3874 tractanda

147 3910 247 3980 sit,
279 3922 346 3967 et
375 3913 566 3966 vestra
594 3909 927 3965 fraternitas
948 3910 1126 3976 novit,
1147 3923 1518 3979 summopere
1536 3923 1779 3979 pensan-

151 4001 298 4056 dum
329 4003 441 4067 est,
477 4002 540 4053 ut
564 4016 637 4053 ne
664 3997 806 4069 quid
836 3997 1027 4053 nimis.
1071 3999 1210 4052 Ecce
1237 3997 1395 4054 enim
1423 3997 1782 4068 dumjudicii

150 4090 540 4145 severitatem
569 4087 628 4142 in
659 4085 968 4142 Ecclesiam
987 4087 1202 4142 scilicet
1231 4084 1776 4153 exercetis,modum

152 4193 191 4232 a
220 4178 494 4249 patribus
521 4175 903 4232 constitutum
963 4175 1413 4230 transcendistis.
1447 4175 1594 4228 Nam
1651 4191 1780 4246 quas

155 4261 414 4323 concilia
442 4263 533 4319 vel
572 4259 808 4320 decreta
837 4266 1108 4336 parvulos
1137 4264 1436 4336 baptizari,
1464 4265 1553 4318 vel
1585 4262 1783 4318 fideles

157 4355 222 4411 in
252 4355 610 4411 cameteriis
638 4353 866 4424 sepeliri
893 4353 1244 4408 vetuerunt?
1274 4352 1439 4417 Quod
1482 4353 1527 4408 si
1547 4352 1595 4406 is
1628 4353 1784 4408 locus

159 4444 483 4500 interdicto
507 4443 810 4508 vestro,et,
828 4444 891 4496 ut
918 4441 1258 4496 solemniter
1288 4441 1566 4508 dicamus,
1596 4445 1783 4497 vestro

1865 594 2050 644 vestra
2078 591 2262 644 solum
2292 589 2472 661 pietas
2511 593 2570 642 et
2602 588 2870 659 majestas
2910 605 3209 643 occurrere
3261 591 3466 660 potuit,

1865 695 1977 749 qua
2007 678 2182 732 virtus
2208 678 2502 747 multiplex
2531 693 2761 748 semper
2794 676 3131 730 iubabitavit
3160 680 3330 748 atque
3345 696 3472 749 pos-

1863 767 2120 821 sedit.Ad
2152 784 2251 820 vos
2281 783 2421 836 ergo
2439 769 2717 838 tanquam
2742 765 2986 836 speciale
3005 767 3287 836 templum
3308 767 3474 820 mise-

1864 853 2126 909 ricordize
2147 855 2378 926 supplex
2408 854 2702 925 confugio,
2728 858 3094 926 vestrumque
3125 871 3356 926 semper
3381 872 3468 910 sa-

1863 943 2025 998 lubre
2052 943 2355 998 consilium
2388 947 2445 996 et
2471 943 2744 997 auxilium
2782 960 3036 1014 reposco.
3069 943 3214 1006 Quia
3241 944 3468 1000 enim...

1865 1029 1924 1084 in
1961 1048 2058 1086 ma
2088 1048 2267 1085 unum
2300 1033 2506 1086 acerba
2536 1032 2814 1098 fremunt,
2848 1032 3138 1104 vitamque
3168 1049 3300 1086 cum
3339 1049 3470 1087 san-

1867 1119 2038 1190 guine
2068 1123 2330 1191 poscunt.
2366 1120 2610 1175 Additur
2657 1121 2729 1174 ad
2784 1121 3069 1175 malorum
3106 1121 3468 1175 cumulum...

1868 1207 2036 1262 Saevit
2085 1211 2142 1262 et
2189 1208 2312 1280 ipsa
2359 1225 2486 1280 qua:
2518 1208 2723 1263 solatio
2755 1208 2955 1262 debuit
2983 1224 3103 1263 esse
3132 1209 3332 1263 Roma.
3359 1209 3471 1264 Oro

1869 1312 2007 1366 ergo
2039 1300 2097 1350 et
2125 1297 2405 1366 deprecor
2451 1301 2637 1351 vestra
2676 1299 2862 1350 vestro
2895 1295 3137 1367 imperio
3172 1296 3474 1352 mitescant

1868 1400 2069 1455 regna.
2125 1386 2241 1456 Ego
2298 1386 2511 1458 quippe
2557 1389 2711 1439 totus
2761 1385 2970 1456 ubique
3011 1389 3197 1439 vester
3223 1390 3470 1441 vestrum

1867 1477 2130 1544 exspecto
2161 1490 2402 1528 examen
2437 1476 2795 1528 etlevamne.
2835 1473 3008 1545 quue
3039 1475 3224 1528 solum
3250 1477 3472 1528 certum

1868 1577 1988 1616 esse
2045 1578 2208 1617 nosse
2257 1562 2353 1633 qui
2407 1563 2570 1628 velle,
2617 1563 2771 1634 quod
2827 1562 2985 1616 vobis
3013 1561 3333 1617 constiterit
3360 1562 3478 1632 pla-

1868 1647 2066 1706 cuisse.

2394 1721 2726 1777 EPISTOLA
2757 1722 2955 1777 CCVII.

1793 1816 1844 1874 Β
1941 1809 2231 1863 Humanas
2248 1825 2337 1863 res
2348 1813 2565 1863 aeterno
2583 1811 2703 1880 regi
2723 1811 2957 1864 consilio
2980 1827 3110 1864 cum
3134 1826 3364 1882 semper
3379 1809 3474 1865 Di-

1870 1896 2071 1951 vinitas
2115 1897 2451 1963 ostenderit,
2501 1901 2624 1950 tum
2674 1898 2962 1968 prmcipue
2993 1903 3178 1952 vestro
3212 1903 3474 1969 tempore

1867 1984 2237 2040 consiliorum
2267 2002 2500 2040 suorum
2515 2001 2612 2039 vos
2633 2001 2753 2039 esse
2775 1985 3079 2039 materiam
3106 1987 3301 2040 voluit.
3320 1987 3476 2040 Exal-

1867 2073 2006 2127 tavit
2032 2073 2188 2128 enim
2219 2090 2316 2128 vos
2347 2077 2405 2127 et
2435 2073 2777 2140 humiliavit,
2805 2090 3048 2144 eamque
3081 2074 3470 2128 humilitatem

1867 2179 1970 2216 sua
2014 2163 2271 2218 bonitate
2327 2162 2688 2227 modificans,
2740 2165 3074 2228 extenuans,
3125 2166 3295 2234 atque
3341 2178 3473 2216 cum

1869 2267 2098 2304 summa
2127 2252 2443 2304 multorum
2475 2251 2820 2321 populorum
2849 2255 3230 2322 prosequente
3256 2250 3472 2316 favore,

1869 2342 2072 2393 vestra:
2094 2338 2212 2392 sedi
2244 2339 2512 2406 restituit,
2536 2342 2594 2392 et
2614 2341 2894 2410 tanquam
2926 2355 3130 2393 aurum
3156 2339 3213 2392 in
3240 2339 3474 2393 fornace

1873 2426 2181 2496 probatum
2202 2426 2260 2480 in
2285 2443 2386 2480 sua
2399 2427 2573 2480 domo
2596 2425 2802 2480 clarius
2823 2427 3104 2496 relucerej
3115 2426 3473 2482 ussit.Laudo

1875 2514 2051 2585 igitur
2063 2519 2120 2568 et
2136 2515 2392 2585 glorifico
2416 2513 2834 2569 misericordias
2850 2519 2908 2568 et
2921 2514 3317 2570 miserationes
3332 2515 3475 2586 ejus,

1875 2619 2006 2658 cum
2041 2602 2097 2655 in
2133 2602 2308 2669 vobis,
2342 2605 2464 2657 tum
2498 2603 2556 2656 in
2590 2620 2707 2670 me,
2735 2620 2908 2674 quem
2931 2602 3480 2675 peregrinum,toto-

1876 2707 2007 2762 que,
2039 2693 2100 2744 ut
2139 2690 2217 2744 ita
2243 2690 2452 2758 dicam,
2500 2691 2638 2746 orbe
2667 2691 2980 2762 profugum
3010 2692 3356 2764 quandoque
3386 2709 3477 2748 re-

1876 2781 2166 2850 quiescere
2190 2779 2382 2849 jussit,
2409 2783 2680 2850 certaque
2719 2780 3028 2835 consistere
3075 2783 3246 2836 terra.
3281 2781 3474 2852 Dirige

1876 2868 2033 2923 vobis
2063 2870 2310 2922 multum
2342 2868 2867 2942 dilectum,quem}a
2892 2886 3050 2924 sacro
3072 2869 3232 2925 fonte
3254 2887 3348 2924 me
3362 2887 3483 2925 sus-

1877 2956 2066 3028 cipere
2095 2957 2365 3012 voluistis.
2395 2957 2505 3012 Sed
2535 2962 2728 3013 utrum
2758 2959 2924 3014 nobis
2940 2959 3322 3014 erudiendum
3348 2960 3481 3014 mit-

1875 3049 2064 3102 terere
2105 3047 2380 3114 debeatis,
2402 3064 2520 3102 non
2534 3051 2619 3101 est
2639 3048 2817 3103 nostri
2833 3047 3120 3118 judicii.Si
3147 3047 3303 3104 enim
3323 3065 3485 3104 recu-

1877 3153 2090 3206 samus,
2113 3135 2324 3208 ingrati
2344 3137 2582 3191 fortasse
2616 3153 2959 3208 apparemus
2990 3154 3005 3204 ;
3033 3140 3091 3192 et
3115 3135 3158 3191 si
3181 3137 3482 3193 laudamus

1879 3225 2155 3297 quiddam
2176 3229 2262 3279 est
2276 3225 2569 3280 sinistrum
2585 3242 2781 3296 puero.
2805 3227 2967 3290 Quod
2982 3229 3312 3296 temporum
3327 3226 3478 3282 difﬁ-
3503 3221 3508 3226 ’

1879 3316 2057 3369 cultas
2077 3313 2355 3381 intulerit,
2389 3317 2586 3368 nostro
2618 3314 3000 3386 imputabitur
3027 3315 3186 3369 vitio.

2373 3399 2706 3456 EPISTOLA
2760 3401 2983 3458 CCVIII.

1985 3506 2325 3547 GERBSRTUS
2372 3503 2619 3545 FULCONI
2670 3506 2948 3546 EPISCOPO
2996 3508 3372 3549 AMBIANENSI.

1950 3581 2106 3635 Inter
2135 3579 2318 3635 varias
2337 3595 2682 3649 magnarum
2693 3594 2888 3633 rerum
2909 3581 3310 3650 occupationes
3327 3583 3485 3637 nulla

1879 3668 2145 3724 molestia
2180 3667 2367 3739 magis
2392 3666 2679 3720 afficimur
2717 3683 2892 3738 quam
2931 3669 3252 3722 vestrorum
3291 3684 3478 3723 exces-

1879 3775 2045 3814 suum
2079 3757 2280 3812 crebra
2295 3755 2595 3811 relatione.
2631 3755 2744 3809 Etsi
2765 3754 2920 3809 enim
2953 3755 3126 3810 totius
3149 3757 3488 3828 metropolis

1881 3850 2194 3903 Remorum
2215 3863 2349 3900 cura
2369 3845 2534 3901 nobis
2555 3844 2811 3916 injuncta
2827 3848 2931 3911 est,
2953 3844 3053 3899 sed
3072 3844 3239 3898 vestri
3260 3844 3486 3916 potissi-

1881 3955 2067 4005 mum,
2087 3937 2184 4009 qui
2207 3940 2264 3991 et
2289 3951 2575 3992 annorum
2596 3934 3004 4003 teneritudine,
3023 3936 3081 3988 et
3096 3949 3326 3989 morum
3347 3933 3486 3988 levi-

1881 4030 2000 4082 tate
2013 4027 2237 4100 pondus
2249 4024 2601 4080 sacerdotale
2625 4023 2871 4078 necdum
2895 4024 3045 4079 ferre
3069 4022 3486 4078 didicistis.Cur

1883 4120 2251 4190 ergo.contra
2271 4119 2503 4189 pactum
2521 4115 2577 4168 in
2592 4131 2903 4170 commune
2915 4115 3398 4186 statutum,usque
3415 4113 3491 4170 ad

1883 4210 2113 4278 tempus
2140 4205 2361 4261 consilii
2393 4204 2791 4275 pervasionem
2822 4203 2880 4258 in
2917 4203 3152 4275 propria
3199 4202 3492 4275 paroacliia

1884 4294 2133 4350 fecistis?
2172 4294 2283 4349 Nec
2320 4293 2380 4348 in
2408 4294 2517 4348 hoc
2544 4293 2699 4347 enim
2728 4289 3099 4359 alleviamini,
3131 4291 3177 4346 si
3192 4309 3282 4347 res
3301 4291 3488 4346 Eccle-

1885 4383 1984 4440 sies
2011 4385 2143 4438 sunt
2171 4400 2311 4455 quas
2344 4380 2676 4453 diripuistis,
2711 4399 2843 4436 cum
2864 4382 2972 4437 hoc
2996 4381 3104 4436 nisi
3123 4380 3344 4452 legibus
3364 4379 3492 4435 fieri

1887 4491 2005 4528 non
2032 4473 2217 4527 liceat.
2245 4469 2490 4525 Accessit
2525 4469 2726 4525 adhoc
2749 4470 3007 4524 illicitum
3023 4486 3320 4524 armorum
3347 4485 3497 4541 prae-

164 4534 367 4634 m“?
393 4533 529 4632 :iur?
559 4533 1104 4634 ιθΡθξξΠ,³³ιτ¹⁰ῑξ¹⁵’
1133 4531 1331 4634 meret
1378 4531 1784 4634 in‘}°°e“}‘b“3
1811 4551 1861 4610 D
1884 4561 2157 4634 sumptio,
2182 4559 2443 4614 Ecclesiae
2472 4558 2896 4632 violatio,quasi
2919 4557 3200 4615 sacerdoti
3225 4558 3496 4615 omniain

164 4621 541 4695 parochianis
563 4621 637 4675 ad
661 4619 773 4674 alia
801 4619 1217 4691 transmigrare
1237 4620 1783 4692 loca,suisquelega-

167 4712 302 4767 liter
323 4711 407 4765 uti
436 4709 631 4764 sacris.
664 4709 866 4765 Moneo
901 4709 1076 4780 igitur
1101 4709 1511 4779 paternitatem
1535 4711 1784 4763 vestram

169 4801 418 4856 modum
435 4798 644 4871 judicii
676 4803 1026 4869 temperare,
1064 4801 1367 4870 totumque
1387 4797 1686 4869 negotium
1707 4796 1788 4851 ita

169 4905 276 4963 per
287 4891 637 4957 tractare,ut
647 4891 782 4944 ante
797 4889 991 4944 oculos
1011 4886 1222 4942 divinas
1238 4887 1337 4958 Maj
1347 4887 1540 4942 astatis
1560 4887 1788 4959 placere

174 4980 426 5053 possitis,
459 4982 520 5034 et
541 4974 1235 5048 coepiscoporumjudicio
1253 4993 1369 5030 non
1409 4974 1788 5047 displiceatis.

176 5068 371 5125 Varios
403 5068 546 5123 mali
570 5066 850 5136 temporis
875 5066 972 5120 diu
995 5065 1122 5136 jam
1159 5065 1436 5120 suﬂ'erens
1467 5067 1678 5131 motus,
1717 5065 1790 5120 ad

179 5162 433 5214 vestrum
467 5156 740 5212 solatium
774 5153 1139 5227 tanquamad
1166 5153 1488 5209 tutisimum
1520 5154 1792 5226 confugio

180 5250 433 5320 portum.
457 5243 758 5318 Alioquin,
777 5247 874 5298 aut
888 5245 1076 5298 vestra
1099 5243 1417 5298 solabimur
1429 5258 1558 5315 ope,
1579 5247 1680 5298 aut
1699 5260 1797 5316 pe-

182 5337 420 5410 regrina
449 5336 623 5394 nobis
661 5333 987 5406 expetenda
1006 5333 1279 5388 subsidia.

720 5443 1054 5501 EPISTOLA
1103 5441 1275 5497 CCVI.

430 5551 589 5596 OERB
599 5548 793 5591 ERTUS
810 5547 1126 5589 ADHELAIDI
1148 5544 1550 5588 IMPERATRICI.

254 5650 677 5731 Saepenumero
691 5663 921 5708 mecum
932 5648 1210 5722 reputans
1221 5640 1462 5704 ubinam
1475 5639 1792 5714 fides,veri-

1887 4651 2136 4709 ecclesiis
2160 4651 2393 4706 liceant.
2425 4649 2559 4717 Sed,
2592 4650 2672 4704 ait
2695 4651 3026 4720 Apostolus,
3058 4651 3237 4703 omnia
3269 4648 3405 4702 mihi
3432 4646 3497 4700 li-

1886 4746 2022 4809 cent,
2049 4739 2137 4796 sed
2164 4757 2268 4794 non
2297 4740 2474 4793 omnia
2501 4738 2804 4810 expediunt.
2828 4737 3503 4810 Licentperliberumar-

1887 4829 2144 4898 bitrium,
2177 4846 2290 4902 quo
2324 4828 2477 4882 male
2509 4828 2592 4883 usi
2647 4828 2781 4883 estis
2814 4845 2826 4883 :
2884 4827 2983 4882 sed
3029 4843 3147 4882 non
3190 4822 3503 4895 expediunt

1889 4937 1994 4993 per
2013 4921 2147 4992 jura
2167 4917 2386 4985 divina,
2401 4934 2527 4990 quae
2549 4915 3291 4988 contempsistisdlfonemus
3309 4910 3504 4979 itaque

1892 5006 2314 5066 fraternitatem
2359 5009 2609 5061 vestram
2659 5007 2850 5060 errata
2902 5001 3219 5070 corrigere,
3253 5001 3311 5052 et
3339 4994 3504 5051 nobis

1894 5116 2038 5172 quos
2089 5095 2426 5163 offendistis,
2459 5096 2503 5150 si
2551 5094 2756 5166 placet,
2803 5091 3150 5154 satisfacere,
3187 5089 3250 5141 ut
3292 5087 3505 5172 horum

1896 5170 2226 5244 excessuum
2259 5183 2576 5257 recognitio
2603 5182 2917 5236 multorum
2940 5180 3308 5252 peccatorum
3330 5170 3512 5248 possit

1899 5294 2020 5335 esse
2053 5274 2310 5333 abolitio.

2433 5362 2764 5419 EPISTOLA
2795 5359 2966 5418 CCIX.

2043 5466 2388 5512 GERBERTUS
2433 5469 2585 5506 ARCH
2595 5469 2867 5508 EMBALDO
2897 5459 3362 5506 ARCHIEPISCOPO

2529 5556 2884 5596 TURONENSI.

1975 5631 2280 5702 Querelam
2298 5630 2546 5686 vestram
2564 5644 2680 5684 non
2696 5630 2819 5685 sine
2840 5629 3098 5686 fraterna
3111 5618 3512 5698 compassione
