3918 6230
426 399 530 461 263

427 517 801 591 suscepimus.
831 512 990 570 Unde
1020 511 1325 568 consilium
1352 513 1409 564 et
1431 506 1728 570 auxilium,
1747 506 2034 578 quantum
2058 512 2114 570 Α

421 613 622 668 nostra
650 607 906 670 interest,
939 619 1057 657 non
1087 600 1426 655 dili'erimus.
1454 597 1598 662 Quia
1628 594 1783 650 enim
1828 595 2036 658 elerus,

427 703 492 754 ut
518 696 722 762 dicitis,
753 692 908 750 beati
925 688 1150 746 Martini
1171 686 1638 742 benedictionem
1668 687 1920 738 vestram
1944 698 2034 736 re—

433 786 579 853 nuit,
611 785 713 839 flat
741 785 804 836 ut
823 780 1099 850 scriptum
1123 781 1240 832 est:
1275 776 1466 830 Noluit
1512 773 1936 835 benedictionem,
1989 777 2038 822 et

431 873 764 944 elongabitur
792 870 860 924 ab
883 885 960 923 eo.
987 869 1094 923 Pro
1118 867 1352 936 accepta
1367 879 1501 918 vero
1522 861 1734 932 injuria
1762 857 2038 931 repulsio-

433 963 543 1030 nis,
560 961 858 1033 pulverem
882 953 1259 1012 calceamenti
1280 951 1685 1007 excutiendum
1702 964 1822 1002 esse
1837 948 2039 1002 contra

434 1051 560 1106 illos
591 1048 872 1106 Dominus
903 1047 1089 1102 docet.

983 1132 1319 1190 EPISTOLA
1341 1131 1490 1186 CCX.

685 1242 957 1282 ADELAIDI
994 1240 1060 1278 ω
1070 1238 1379 1277 PERATRICI
1414 1233 1775 1277 GERBERTUts.

507 1315 832 1376 Incredibili
873 1330 1020 1388 pene
1074 1315 1133 1367 et
1174 1310 1420 1366 nimium
1461 1310 1738 1364 scelerata
1761 1304 2042 1361 relatione

438 1413 603 1466 tanto
621 1408 821 1462 dolore
847 1403 1082 1458 affectus
1093 1416 1240 1466 sum,
1262 1400 1533 1454 utlumen
1547 1398 1843 1452 oculorum
1866 1408 2044 1465 prope

438 1495 722 1573 plorando
742 1491 1060 1549 amiserim.
1085 1489 1198 1546 Sed
1228 1489 1364 1560 quia
1377 1485 1590 1558 jubetis
1613 1489 1673 1539 ut
1691 1501 1789 1539 vos
1815 1482 2042 1548 adeam,

443 1584 1022 1654 consolationemque
1038 1578 1375 1650 impendam
1387 1619 1400 1644 ,
1413 1593 1539 1632 rem
1553 1574 1788 1647 quidem
1806 1573 2043 1637 bonam,

439 1676 542 1731 sed
571 1671 990 1745 impossibilem
1015 1666 1332 1739 imperatis.
1355 1664 1728 1719 Transierunt
1750 1661 1906 1717 enim
1928 1659 2049 1713 dies

438 1763 580 1831 mei,
602 1779 635 1818 ο
667 1760 844 1816 dulcis
857 1756 1098 1812 domina
1111 1759 1170 1811 et
1189 1755 1458 1829 gloriosa,
1478 1755 1741 1808 senectus
1755 1766 1887 1804 mea
1908 1745 2051 1802 mihi

442 1851 598 1907 diem
616 1849 874 1906 minatur
903 1845 1196 1901 ultimum.
1229 1843 1434 1898 Latere
1481 1838 1756 1914 pleuresis
1781 1838 2048 1908 occupat,
2077 1846 2129 1907 Β

441 1939 699 1996 tinniunt
711 1935 1181 2004 aures,distillant
1208 1933 1686 2004 oculi,totumque
1701 1944 1904 2000 corpus
1926 1939 2058 1980 con-

439 2028 617 2084 tinnis
669 2025 948 2100 pungitur
986 2022 1255 2080 stimulis.
1290 2023 1463 2077 Totus
1508 2019 1602 2074 hic
1649 2033 1836 2073 annus
1869 2031 1966 2070 me
1997 2013 2055 2068 in

442 2119 591 2176 lecto
625 2134 659 2173 a
687 2115 984 2172 doloribus
1013 2112 1461 2169 decumbentem
1501 2108 1661 2177 vidit,
1702 2110 1760 2162 et
1784 2120 1936 2161 nunc
1967 2102 2059 2157 vix

447 2209 848 2279 resurgentem
878 2202 1113 2259 recidivi
1156 2203 1383 2258 dolores
1431 2198 1663 2254 alternis
1695 2192 2061 2269 praecipitant

454 2296 676 2352 diebus.
705 2293 873 2359 Quod
913 2291 957 2346 si
993 2291 1128 2364 quid
1167 2289 1387 2362 requiei
1416 2305 1449 2342 a
1485 2285 1778 2341 doloribus
1809 2281 2058 2346 dabitur,

448 2385 620 2441 vestri
663 2380 934 2438 beneﬁcii
973 2380 1290 2435 immemor
1328 2393 1449 2431 esse
1483 2391 1601 2429 non
1649 2375 1875 2445 potero.
1911 2368 2064 2423 Licet

450 2473 713 2528 sufficere
744 2485 911 2542 posse
949 2467 1209 2522 videatur
1249 2464 1406 2537 quod
1454 2462 1705 2535 synodus
1732 2459 1962 2514 Nicaena
1992 2456 2062 2511 de

448 2559 864 2617 communione
881 2556 1111 2628 privatis
1128 2554 1419 2620 deﬁnit,ut
1434 2553 1492 2606 hi
1513 2551 1606 2623 qui
1631 2549 1720 2620 abj
1732 2548 1979 2603 iciuntur
1992 2543 2061 2598 ab

452 2649 576 2705 aliis
603 2664 720 2703 non
743 2645 1113 2716 recipiantur,
1137 2643 1296 2697 omni
1309 2639 1549 2712 jussioni
1570 2642 1770 2693 vestrae
1793 2651 2062 2709 paremus

452 2741 578 2792 tum
608 2736 666 2790 in
693 2734 800 2802 his,
824 2737 945 2788 tum
977 2733 1031 2786 in
1080 2730 1430 2804 quibuslibet
1463 2727 1716 2783 honestis
1742 2731 1798 2780 et
1829 2740 2059 2796 compe-

451 2825 708 2880 tentibus
727 2820 1112 2893 negotiis.Sed
1131 2819 1266 2891 quia
1279 2835 1410 2873 cum
1434 2831 1648 2888 magno
1663 2811 2062 2870 moderamine

458 2916 608 2971 salus
635 2913 963 2968 animarum
995 2908 1301 2964 tractanda
1329 2909 1432 2975 est,
1457 2922 1562 2960 nec
1590 2905 1892 2976 quisquam
1915 2917 2062 2974 prae-

456 3019 705 3078 propere
735 3018 769 3056 a
789 3015 1030 3073 corpore
1059 3001 1116 3052 et
1144 2997 1425 3068 sanguine
1450 2995 1570 3049 Filii
1603 2993 1703 3048 Dei
1717 2992 2063 3048 submoven-

1065 384 1417 448 suvesrm
1451 387 1498 445 n
1530 368 1736 444 PAPE
1772 377 1930 442 epp.
1971 367 2150 440 mas
2196 379 2289 437 1n.
2317 409 2389 422 —
2422 370 2636 440 prsr.
2675 371 2760 434 er
2797 370 3076 436 nmen.

3644 366 3754 432 ξε),

2654 515 2989 572 EPISTOLA
3031 514 3226 570 CCXII.

2239 640 2583 680 GERBERTUS
2605 639 2872 678 ARNULFO
2916 635 3341 677 AURELIANENSI
3370 633 3661 672 EPISCOPO

2209 733 2372 786 Nullo
2390 748 2602 804 genere
2617 729 2921 788 locutionis
2935 729 3204 784 affectum
3223 725 3404 783 animi
3417 726 3604 782 nostri
3617 741 3766 798 erga

2139 840 2238 878 vos
2269 825 2551 898 explicare
2577 825 2760 890 valeo,
2801 821 3012 894 quippe
3044 820 3140 892 qui
3169 817 3333 874 omni
3381 815 3762 874 simulatione

2139 913 2253 968 mei
2267 915 2546 986 captionis
2563 913 2941 985 periclitarer.
2970 909 3104 972 Qum
3121 908 3265 964 mihi
3287 908 3524 964 vitanda
3543 909 3761 972 essent,

2148 1021 2344 1076 quasve
2373 1004 2665 1075 sequenda
2683 996 3763 1071 docuistis,monuistis,prasscripsistis.

2141 1091 2208 1148 Et
2234 1109 2384 1147 nunc
2429 1092 2663 1164 quidem
2719 1090 2878 1147 omni
2924 1089 3253 1155 conamine,
3286 1088 3565 1159 omnique
3625 1085 3758 1140 nisu

2141 1182 2458 1236 secundum
2497 1198 2694 1236 meum
2723 1180 2863 1234 scire
2893 1181 2951 1233 et
2985 1196 3151 1251 posse
3175 1180 3364 1250 grates
3385 1193 3528 1248 quas
3583 1175 3753 1230 valeo

2141 1269 2422 1341 rependo,
2454 1272 2768 1341 vestraeque
2821 1267 3102 1322 clientela:
3152 1270 3210 1321 et
3258 1263 3622 1337 dispositioni
3658 1279 3755 1318 me

2145 1375 2391 1430 meaque
2413 1358 2613 1413 omnia
2629 1356 2952 1423 committo;
2970 1371 3085 1410 non
3103 1355 3338 1411 dubiam
3352 1371 3515 1426 spem
3530 1370 3640 1425 pro
3667 1368 3762 1407 me

2149 1464 2356 1521 gerens
2380 1447 2656 1517 praeclara
2682 1444 2965 1517 principia
2990 1444 3189 1500 felices
3207 1443 3498 1500 habitura.
3543 1443 3612 1496 Et
3645 1458 3760 1514 quo

2150 1537 2310 1592 niam
2335 1535 2736 1608 synodum.....
2752 1533 2908 1589 unde
2930 1533 3160 1588 omnixe
3178 1548 3384 1604 precor
3403 1531 3767 1602 neingentos

2153 1641 2327 1688 curm,
2355 1641 2484 1697 quae
2531 1639 2625 1678 me
2651 1623 2724 1678 ad
2753 1639 3006 1694 praesens
3036 1625 3225 1677 totum
3287 1620 3391 1676 sibi
3445 1619 3770 1686 vindicant,

2153 1714 2415 1769 Ecclesia:
2435 1716 2646 1769 nostrze
2672 1712 2948 1769 ofﬁciant.
2969 1714 3116 1768 Dum
3138 1711 3297 1766 enim
3317 1713 3447 1782 post
3464 1709 3771 1784 paululum

2156 1803 2457 1859 divinitate
2488 1803 2738 1875 propitia
2778 1801 3061 1874 respirare
3095 1799 3368 1868 licebit,et
3389 1799 3460 1854 de
3492 1798 3581 1853 his
3611 1799 3672 1852 et
3702 1796 3774 1852 de

2157 1892 2285 1948 aliis
2313 1893 2373 1947 in
2404 1892 2912 1964 vestrapraesentia
2943 1893 3130 1946 vestra
3161 1886 3623 1962 exspectabimus
3649 1901 3775 1941 sen-

2158 1982 2425 2038 tentiam.

2666 2067 3000 2125 EPISTULA
3042 2067 3266 2123 CCXIII.

2478 2193 2820 2233 GERBERTUS
2853 2192 3107 2231 METENSI
3139 2188 3444 2229 EPISCOPO.

2234 2285 2387 2342 Licet
2416 2303 2486 2342 ea
2516 2303 2642 2358 quae
2658 2285 2714 2340 in
2731 2284 2895 2339 nobis
2938 2287 3023 2338 est
3041 2282 3216 2338 virtus
3233 2281 3430 2338 muttis
3447 2283 3585 2336 ante
3603 2277 3775 2336 inno-

2165 2376 2342 2432 tuerit
2368 2375 2736 2441 modis,nunc
2760 2377 2956 2427 tamen
2978 2387 3045 2426 ex
3072 2369 3567 2442 superabundanti
3593 2369 3783 2425 verbis

2167 2471 2223 2520 et
2245 2463 2544 2520 sententiis
2576 2462 2844 2517 affectum
2861 2461 2945 2516 sui
2964 2461 3250 2534 explicans
3269 2461 3355 2514 vel
3376 2476 3551 2532 super
3567 2458 3781 2513 cande-

2169 2555 2397 2610 labrum
2439 2552 2669 2607 effulsit.
2706 2550 2849 2616 Quia
2878 2549 3034 2605 enim
3057 2550 3361 2622 Apostolus
3391 2549 3472 2602 ait
3500 2565 3512 2602 :
3544 2546 3788 2602 Gaudete

2167 2661 2288 2698 cum
2315 2641 2688 2713 gaudentibus,
2720 2643 2842 2709 ﬂete
2871 2657 2990 2693 cum
3032 2639 3301 2710 ﬂentibus,
3340 2653 3435 2690 me
3467 2653 3501 2690 a
3530 2634 3784 2690 fratrum

2163 2747 2426 2788 meorum
2445 2729 2701 2785 indebita
2710 2727 3105 2801 persecutione
3119 2727 3570 2782 liberatumlazto
3584 2723 3782 2778 animo

2167 2821 2483 2892 accepistis,
2541 2834 2754 2890 vesque
2779 2817 2924 2872 meis
2948 2815 3214 2889 periculis
3240 2831 3391 2869 nunc
3452 2811 3783 2868 interfuisse

2170 2909 2448 2966 doluistis.
2478 2907 2843 2978 Quapropter
2872 2909 2930 2961 et
2961 2906 3168 2960 absens
3199 2906 3392 2976 grates
3419 2901 3708 2974 rependo,
3728 2903 3786 2953 et

2172 3013 2425 3072 praesens
2463 2994 2744 3050 servitutis
2783 3010 3028 3066 pensum
3062 2993 3104 3047 si
3134 2992 3274 3048 libet
3305 2989 3547 3062 excipio.
3601 2989 3783 3043 Caste-

465 3094 592 3160 dus,
623 3107 729 3164 per
758 3089 908 3162 quod
952 3087 1295 3159 mysterium
1321 3100 1457 3140 vera
1485 3081 1692 3138 vivitur
1718 3081 1852 3148 vita,
1876 3083 1933 3134 et
1953 3093 2063 3150 quo

2173 3104 2446 3142 rum......
2463 3085 2574 3140 alia
2591 3085 2918 3138 memoratu
2935 3082 3118 3154 digna
3136 3097 3252 3136 non
3273 3079 3408 3135 satis
3427 3078 3617 3134 adhuc
3632 3093 3789 3133 com-

453 3181 608 3253 jnste
627 3178 880 3251 privatus
901 3177 1093 3232 vivens
1117 3179 1378 3230 mortuus
1399 3175 1502 3240 est,
1533 3172 1776 3244 dignum
1811 3167 2071 3223 ducimus
2089 3167 2136 3186 ν’
2175 3180 2339 3250 ρει-ιε
2369 3174 2668 3230 habemus,

460 3268 774 3325 militarem
786 3266 974 3322 virum
988 3267 1182 3320 nostra
1195 3263 1448 3336 primum
1462 3258 1857 3316 admonitione
1871 3271 2074 3311 conve-

461 3357 770 3425 niendum,
797 3355 842 3412 si
872 3355 1021 3411 forte
1057 3353 1374 3426 resipiscat,
1401 3355 1458 3406 et
1483 3353 1686 3406 vestrae
1726 3343 2067 3403 reverentiae

465 3445 799 3503 satisfaciat.
823 3446 892 3500 Et
908 3460 1013 3500 nos
1033 3442 1267 3515 quidem
1285 3442 1445 3496 illum
1461 3440 1589 3511 jam
1611 3436 1831 3494 dudum
1862 3451 1966 3508 pro
1985 3433 2073 3489 his

463 3549 687 3610 proque
716 3532 836 3588 aliis
851 3531 1192 3598 excessibus,
1211 3547 1244 3584 a
1261 3528 1557 3584 liminibus
1569 3529 1795 3582 tantum
1809 3521 2073 3579 Ecclesiae

461 3609 596 3679 cum
627 3622 751 3678 aliis
771 3618 1117 3695 quibusdam
1135 3617 1549 3678 submovimus,
1566 3617 1694 3687 post
1710 3609 2026 3684 separaturi
2041 3626 2076 3664 a

463 3727 703 3785 corpore
717 3708 974 3776 Domini,
1005 3723 1070 3762 ac
1089 3705 1301 3761 deinde
1317 3703 1618 3760 aﬁdelium
1635 3698 2070 3766 communione,

461 3803 528 3857 ut
542 3801 630 3855 his
651 3797 996 3872 quibusdam
1015 3794 1288 3866 gradibus
1309 3807 1424 3846 suae
1443 3789 1637 3846 salutis
1661 3789 2074 3853 admoneatur,

465 3893 523 3947 et
539 3889 707 3945 unius
726 3885 995 3955 contagio
1007 3900 1111 3954 pro
1133 3882 1368 3953 hujusce
1385 3878 1665 3949 temporis
1703 3877 2076 3940 male,neces-

464 3979 616 4034 saria
639 3977 742 4031 sub
763 3973 1000 4029 nomine
1018 3970 1251 4025 militari
1275 3963 2074 4038 cohabitatione,populusDei

465 4062 978 4126 minusinﬂciatur,
993 4060 1260 4128 solusque
1273 4073 1435 4111 suam
1458 4054 1689 4110 interim
1707 4055 1898 4127 portet
1917 4051 2078 4107 mali-

465 4154 634 4220 tiam,
660 4148 1051 4222 ignominiam
1078 4150 1135 4200 et
1167 4146 1422 4200 ruinam.

1006 4249 1340 4307 EPISTULA
1371 4248 1544 4306 CCXI.

2672 3259 3008 3317 EPISTOLA
3066 3257 3281 3315 CCXIV.

2439 3384 2778 3425 GERBERTUS
2805 3382 3180 3423 VERDUNENSI
3210 3379 3410 3420 EPISCO
3419 3379 3512 3419 PO.

2249 3481 2602 3537 Communes
2631 3478 2733 3533 ﬁlii
2764 3478 2830 3531 Β.
2873 3479 2931 3532 et
2973 3477 3040 3532 D.
3073 3474 3509 3530 laetiﬁcaverunt
3565 3487 3679 3527 nos
3724 3485 3790 3526 ex

2178 3567 2330 3624 dulci
2357 3584 2556 3624 rerum
2576 3565 3056 3622 commutatione.
3082 3561 3419 3629 Quiaenim,
3448 3563 3514 3616 ut
3541 3559 3625 3615 ait
3644 3561 3794 3630 Apo-

2173 3658 2352 3713 stolus
2396 3674 2410 3713 :
2479 3654 2841 3726 Corrumpunt
2888 3670 3056 3708 mores
3112 3652 3268 3706 bonos
3321 3649 3582 3722 colloquia
3619 3647 3792 3715 mala,

2174 3763 2280 3802 nec
2307 3762 2405 3801 vos
2433 3743 2798 3815 simplicitate
2838 3740 3162 3814 gaudentes
3174 3737 3568 3812 quorumdam
3599 3737 3790 3792 Gallo-

2174 3850 2306 3890 rum
2362 3831 2596 3888 aﬂ'ectus
2642 3831 2830 3886 varios
2859 3833 2918 3885 et
2945 3829 3247 3902 perplexas
3303 3826 3495 3881 dulces
3543 3825 3609 3880 in
3673 3841 3795 3892 ore,

2177 3937 2408 3978 amaros
2438 3921 2496 3975 in
2523 3919 2698 3975 corde
2724 3917 2912 3974 subito
2943 3914 3382 3988 deprehendere
3412 3911 3704 3987 potuistis,
3727 3912 3798 3967 ad

2183 4011 2341 4065 nulla
2354 4025 2556 4064 eorum
2573 4005 2976 4062 commentitia
2991 4004 3240 4076 stuporis
3256 4003 3429 4076 plena
3448 4017 3568 4056 non
3589 4000 3798 4055 imme-

2179 4099 2292 4155 rito
2314 4096 2517 4153 mutati
2549 4096 2701 4151 estis.
2723 4094 2837 4149 Sed
2857 4093 2992 4163 quia
3017 4093 3280 4164 ingenita
3305 4089 3466 4146 vobis
3483 4087 3798 4162 prudentia

2182 4187 2394 4242 diutius
2423 4184 2583 4240 illudi
2610 4200 2729 4239 non
2763 4182 2970 4254 potuit,
3029 4196 3232 4236 eorum
3265 4177 3703 4233 simulationem
3731 4191 3794 4230 a‘c

2183 4273 2703 4331 dissimulationem
2725 4287 2823 4326 vos
2853 4270 2926 4325 ad
2950 4271 3191 4341 plenum
3215 4266 3560 4323 intellexisse
3587 4264 3801 4338 gaude-

469 4357 772 4407 CANONICIS
797 4355 1003 4400 SANC‘I‘I
1024 4355 1267 4396 MARTINI
1294 4358 1365 4395 EX
1393 4354 1656 4395 PERSONA
1676 4347 2078 4392 EPISCOPORUM
2108 4382 2160 4443 D
2185 4381 2331 4420 mus.
2360 4362 2523 4418 Unde
2760 4362 3023 4415 nostrum
3047 4361 3293 4430 Doquem
3309 4356 3369 4410 in
3396 4355 3581 4409 multa
3597 4369 3796 4408 rerum

543 4437 758 4492 Omnes
783 4431 1033 4512 episcopi
1068 4429 1163 4503 qui
1193 4429 1265 4485 ad
1287 4427 1594 4484 concilium
1616 4428 1897 4482 venerunt
1919 4425 1976 4479 in
1996 4441 2082 4480 ec-

472 4524 644 4582 clesia
673 4524 854 4580 sancti
883 4520 1062 4589 Pauli,
1084 4519 1355 4575 omnibus
1386 4516 1603 4573 clericis
1635 4515 1705 4571 de
1728 4513 2080 4570 monasterio

472 4613 654 4672 sancti
683 4611 933 4669 Martini.

542 4703 754 4760 Audita
781 4702 938 4756 fama
987 4702 1185 4757 vestrae
1223 4694 1557 4754 rebellionis
1595 4697 1800 4750 contra
1840 4691 2083 4748 fratrem

473 4797 737 4852 nostrum
767 4790 1063 4846 Turonicae
1086 4787 1331 4843 civitatis
1355 4785 1713 4856 episcopum,
1743 4783 1846 4838 has
1864 4780 2084 4838 litteras

474 4883 803 4949 direximus,
831 4880 891 4934 in
921 4893 1235 4934 commune
1263 4875 1663 4940 decernentes,
1681 4875 1965 4945 quatenus
1987 4872 2086 4925 aut

474 4987 606 5029 cum
625 4975 814 5027 vestro
840 4967 1107 5040 episcopo
1133 4961 1385 5019 redeatis
1405 4962 1461 5016 in
1480 4961 1856 5034 gratiam,aut
1873 4960 1945 5014 ad
1967 4959 2085 5032 pla-

474 5063 653 5118 citum
684 5058 872 5116 Chelas
893 5051 1226 5110 habendum
1261 5049 1502 5105 veniatis
1532 5065 1636 5120 pro
1664 5047 1948 5103 discordia
1988 5046 2085 5102 diu

471 5151 700 5208 retenta
723 5145 1014 5201 rationem
1029 5134 1310 5197 reddituri
1329 5137 1659 5193 vnld.Maii.
1695 5135 1860 5200 Quod
1889 5135 1934 5190 si
1967 5152 2084 5191 non

474 5235 744 5306 feceritis,
767 5231 956 5289 sciatis
972 5247 1068 5287 vos
1081 5225 1315 5304 percelli
1332 5242 1572 5284 censura
1592 5225 1884 5281 canonica:
1901 5221 2088 5280 distri-

478 5326 706 5388 ctionis.

2182 4452 2419 4509 scientia
2445 4451 2738 4505 eruditum
2761 4449 3140 4519 interpretem
3159 4446 3342 4501 ﬁdum
3373 4443 3645 4499 omnium
3669 4457 3796 4514 qua:

2181 4539 2244 4596 in
2268 4554 2576 4596 commune
2620 4539 2888 4610 placeant
2915 4535 3130 4591 habere
3155 4532 3499 4607 poterimus.
3528 4530 3692 4592 Vale.

2722 4661 3057 4720 EPISTOLA
3095 4659 3289 4718 CCXV.

2378 4789 2456 4828 AD
2484 4786 2778 4830 AZELI—NUM
2804 4785 3127 4828 EPISCOPUM
3159 4778 3616 4824 ιΑυῡῠκεκεικ.

2185 4879 2348 4956 (Vide
2373 4882 2517 4953 infra
2577 4884 2633 4936 in
2687 4880 2922 4953 epistolis
2973 4886 3024 4935 et
3073 4874 3448 4950 diplomatibus
3469 4880 3600 4947 post
3625 4884 3794 4932 susce-

2418 4977 2572 5043 ptum
2611 4987 2880 5026 summum
2899 4969 3278 5041 pontiﬁcatum
3306 4964 3560 5037 scriptis.)

2700 5090 3035 5152 EPISTOLA
3074 5091 3276 5150 CCXV.

2316 5223 2392 5262 AD
2418 5219 2732 5264 ARNULFUH
2755 5221 3072 5262 REMENSEM
3113 5210 3667 5259 ARCHIEPXS-COPUH.

2820 5311 2980 5389 (Vide
3015 5311 3169 5386 ibid.)

1971 5521 2340 5546 ...α-αὐ
