3918 6230
171 385 250 447 ita
1141 393 1480 456 SECTIO.-
1503 397 1684 456 ΑΜΕ
1721 373 2007 457 stiMMUM
2042 379 2552 453 pourirtcumt

3397 393 3501 453 266

193 609 1378 719 SUPPLEMENTUM
1531 615 1716 717 AD
1875 609 2591 714 GERBERTI
2724 601 3503 711 EPISTOLAS

1471 776 1811 831 EDITIONIS
1853 774 2244 830 DUCHESNII.

911 900 1092 960 (Actes
1122 899 1185 954 de
1215 899 1264 953 la
1286 902 1542 972 province
1572 900 1954 970 ecclész'astique
1982 898 2044 952 de
2073 897 2273 962 Reims,
2309 899 2348 950 t.
2384 898 2423 961 Ι,
2459 912 2588 966 pag.
2622 895 2723 950 645
2755 895 2896 966 seq.)

686 1145 1020 1200 EPISTOLA
1062 1145 1294 1200 PRIMA.

280 1251 352 1288 AD
393 1247 791 1289 VILDERODUM
817 1250 1302 1288 ARGENTINENSEM
1342 1249 1684 1289 EPISCOPUM.

612 1323 696 1377 De
751 1322 974 1390 Arnulﬁ
1024 1322 1368 1392 depositione.

244 1412 602 1466 Vnmzaono
647 1410 981 1481 Argentinze
1036 1409 1275 1464 civitatis
1323 1409 1589 1481 episcopo
1646 1409 1794 1464 GER-

171 1517 420 1555 BERTUS.

241 1589 404 1642 Bene
438 1589 728 1657 concepta
758 1586 1077 1656 meliusque
1120 1589 1346 1640 retenta
1380 1589 1534 1640 casta
1558 1586 1798 1640 societas

162 1677 484 1748 praestanti
512 1677 776 1730 officio...
813 1692 943 1729 cum
973 1691 1066 1729 me
1107 1679 1422 1741 remotum,
1445 1674 1646 1745 vixque
1677 1676 1796 1729 solo

163 1766 425 1821 nomine
459 1766 786 1836 cognitum,
809 1764 907 1818 fidi
927 1764 1253 1836 interpretis
1274 1763 1422 1817 dulci
1444 1763 1697 1834 alloquio
1713 1781 1799 1817 re-

163 1855 418 1919 creasti,
455 1870 644 1924 eoque
674 1853 968 1922 praestanti
1012 1852 1200 1906 officio
1233 1853 1424 1922 palam
1456 1851 1658 1916 fecisti,
1709 1851 1797 1905 cui

161 1946 222 1997 et
253 1945 493 2014 quanto
527 1941 780 1996 Helvetia
807 1943 1008 2012 pareat
1034 1940 1334 1996 sacerdoti.
1358 1939 1629 1993 Arnulfus
1649 1938 1798 2009 regis

160 2030 461 2095 Lotbarii,
481 2034 544 2083 ut
560 2029 720 2082 fama
744 2032 850 2095 est,
873 2028 1040 2095 filius,
1058 2031 1365 2100 postquam
1390 2045 1554 2081 suum
1588 2027 1799 2098 episco-

163 2136 315 2191 pum
373 2119 515 2173 dolo
545 2121 605 2171 et
627 2117 832 2171 fraude
873 2117 1329 2170 circumventum
1380 2132 1509 2169 cum
1564 2114 1797 2186 pr0pria

165 2208 317 2261 urbe
348 2205 822 2278 captivavit,post
845 2206 1090 2258 multum
1115 2220 1378 2258 cruorem
1397 2202 1637 2256 humani
1663 2219 1794 2255 san-

168 2295 375 2366 guinis
403 2312 438 2348 a
472 2311 533 2348 se
564 2293 748 2359 eﬂ‘usi,
782 2296 909 2365 post
947 2292 1169 2363 przedas
1190 2296 1246 2345 et
1278 2291 1543 2345 incendia
1569 2291 1626 2344 in
1659 2307 1794 2343 con-

161 2387 354 2437 ventu
368 2383 553 2437 totius
579 2381 773 2435 Gallias
801 2381 1202 2452 episcoporum
1228 2379 1532 2434 damnatus
1560 2382 1642 2433 est
1658 2379 1788 2450 (3'2).

166 2487 236 2526 ac
253 2471 483 2526 deinde
497 2450 1243 2540 postobitumAdalberonis
1256 2485 1288 2521 a
1305 2469 1423 2520 solo
1436 2467 1796 2521 Adalberone
1819 2450 1870 2508 B

169 2559 458 2631 episcopo
491 2558 856 2612 Landnnensi
903 2555 1297 2610 reconciliatus
1337 2572 1435 2627 spe
1467 2555 1796 2609 obtinendas

171 2647 360 2718 pacis,
395 2644 712 2716 metropoli
741 2645 1052 2698 Remorum
1077 2644 1342 2709 donatus,
1375 2643 1620 2713 acceptis
1638 2643 1708 2695 ab
1729 2659 1796 2696 eo

171 2733 542 2789 terribilibus
571 2732 947 2787 sacramentis
973 2736 1028 2786 et
1048 2731 1290 2786 libellari
1311 2731 1685 2803 professione,
1695 2746 1796 2801 pro

173 2823 291 2877 ﬁde
321 2822 444 2877 suis
497 2822 732 2892 regibus
763 2820 1170 2885 conservanda,
1205 2836 1378 2890 quam
1404 2819 1528 2873 viva
1579 2835 1711 2872 voce
1737 2819 1797 2872 in

180 2910 745 2965 conventchclesiae
758 2907 1015 2962 recitavit
1039 2907 1206 2978 (33)et
1227 2907 1463 2979 propria
1483 2924 1662 2961 manu
1675 2907 1802 2960 sub-

188 2998 501 3053 scribendo
557 2997 871 3051 roboravit.
927 2996 1178 3050 Necdum
1229 3013 1263 3049 a
1309 3013 1410 3049 sua
1439 2995 1800 3049 ordinatione

179 3091 379 3141 sextus
420 3084 643 3139 mensis
690 3086 917 3156 elapsus
969 3087 1110 3149 erat,
1166 3085 1223 3136 et
1248 3100 1378 3136 ecce
1402 3082 1602 3136 urbem
1632 3083 1702 3136 ab
1733 3098 1800 3136 eo

180 3175 486 3246 proditam
532 3173 714 3228 hostis
743 3172 968 3237 invasit,
1001 3171 1389 3225 sanctuarium
1439 3171 1538 3225 Dei
1576 3170 1799 3243 polluit,

180 3263 372 3333 spolia
394 3261 656 3332 diripuit,
676 3262 895 3315 clerum
920 3263 976 3314 et
1003 3261 1278 3332 populum
1305 3259 1627 3331 captivavit.
1669 3260 1802 3312 Post

177 3353 304 3406 haec
340 3367 482 3405 vero
506 3350 782 3404 Arnulfus
812 3365 942 3402 suos
968 3349 1272 3420 praedones
1303 3350 1403 3403 sub
1429 3349 1798 3402 anathemate

181 3440 400 3509 posuit,
434 3442 494 3492 et
524 3442 587 3492 nt
616 3439 775 3492 idem
807 3437 1393 3492 facerentGalliarum
1415 3435 1664 3506 episcopi
1687 3435 1796 3488 im-

1814 1151 1870 1209 Α
1899 1144 1986 1198 fus
2018 1144 2168 1197 inter
2191 1143 2382 1197 hostes
2401 1141 2554 1213 regis
2575 1141 3107 1212 invenitur,synodo
3121 1146 3504 1214 reprmsenta-

1898 1236 2011 1295 tur,
2036 1249 2139 1302 pro
2170 1235 2253 1285 tot
2285 1231 2570 1302 tantisque
2595 1229 2826 1299 flagitiis
2842 1229 3128 1285 rationem
3144 1231 3385 1286 reddere
3401 1232 3499 1286 de-

1897 1320 2174 1390 poscitur:
2228 1319 2320 1390 qui
2357 1319 2452 1373 diu
2479 1335 2673 1371 secum
2705 1335 2768 1371 ac
2795 1335 2926 1372 cum
2964 1318 3075 1373 suis
3115 1320 3496 1392 complicibus

1898 1410 2144 1462 multum
2201 1408 2545 1473 deliberans,
2609 1424 2706 1460 sua
2739 1411 2941 1478 sponte
2984 1407 3040 1461 in
3081 1407 3501 1465 confessionem

1899 1499 2265 1566 peccatorum
2296 1512 2530 1549 suorum
2565 1494 2774 1565 erupit,
2807 1495 3032 1567 suisque
3052 1496 3502 1552 confessionibus

1899 1584 2040 1638 alios
2069 1588 2242 1638 testes
2271 1583 2552 1648 adhibuit,
2583 1583 2828 1637 crimina
2854 1601 2954 1638 sua
2985 1584 3043 1637 in
3075 1585 3331 1640 libellum
3362 1603 3498 1641 con-

1896 1673 2048 1738 tulit,
2081 1673 2246 1743 eique
2289 1689 2482 1726 coram
2519 1672 2762 1725 Ecclesia
2791 1673 2913 1726 viva
2938 1689 3074 1727 voce
3103 1674 3340 1729 recitato
3367 1677 3499 1731 sub-

1897 1761 2120 1833 scripsit
2148 1779 2160 1828 ;
2188 1761 2435 1830 insignia
2461 1761 2760 1815 sacerdotii
2779 1761 3041 1832 deposuit
3065 1779 3247 1834 eoque
3270 1781 3327 1818 se
3345 1765 3502 1819 abdi-

1899 1850 2063 1915 cavit,
2097 1849 2520 1904 confessorihus
2543 1849 2656 1902 suis
2672 1866 2735 1903 ac
2757 1849 2991 1903 testibus
3013 1852 3414 1905 attestantibus
3441 1857 3501 1907 et

1899 1938 2416 2008 respondentibus:
2469 1938 2782 1991 secundum
2827 1937 3240 2006 professionem
3271 1943 3329 1992 et
3366 1941 3496 1994 sub-

1898 2024 2268 2095 scriptionem
2305 2027 2486 2087 tuam,
2517 2041 2672 2078 cessa
2720 2024 2790 2077 ab
2827 2023 3078 2078 officio...
3127 2025 3498 2096 Respondent

1898 2130 2095 2184 regem
2125 2114 2362 2167 Arnulfo
2395 2112 2620 2166 veniam
2649 2111 2933 2178 tribuisse,
2977 2129 3081 2166 nec
3111 2118 3309 2183 postea
3329 2114 3494 2186 quid-

1897 2218 2071 2272 quam
2098 2201 2380 2255 veniabile
2405 2199 2778 2266 commisisse;
2800 2201 3061 2254 Romano
3081 2201 3335 2271 pontifici
3353 2203 3498 2273 inju-

1896 2289 2045 2343 riam
2077 2290 2310 2354 factam,
2343 2288 2500 2359 quasi
2529 2288 2650 2342 sine
2670 2289 2791 2358 ejus
2811 2287 3169 2354 auctoritate,
3195 2293 3250 2343 et
3271 2288 3497 2361 sinejn-

1897 2378 2053 2431 ribus
2072 2377 2377 2448 resumptis
2391 2377 2680 2447 deponere
2699 2393 2812 2430 non
2831 2375 3110 2431 debuerit.
3124 2419 3133 2430 .
3147 2378 3226 2430 .ln
3243 2377 3492 2450 epilogo:

1899 2483 2006 2537 ego
2039 2466 2130 2520 ille
2162 2465 2670 2535 multumjactatus
2699 2465 2864 2518 terris
2891 2468 2948 2518 et
2976 2465 3112 2531 alto,
3147 2465 3284 2520 dum
3310 2467 3493 2538 philo-

1898 2555 2212 2625 sophorum
2268 2553 2502 2607 inventa
2552 2569 2889 2624 prosequor,
2945 2553 3084 2607 dum
3117 2558 3317 2625 gentes
3348 2555 3494 2611 indi-

1898 2642 2223 2712 sciplinatas
2254 2641 2412 2712 fugio
2448 2645 2504 2694 et
2536 2657 2652 2695 non
2685 2642 2884 2696 evado.
2921 2641 3058 2713 Ego,
3093 2642 3352 2714 inquam,
3399 2645 3496 2718 qui

1900 2747 2129 2801 magnae
2161 2729 2317 2784 urbis
2347 2730 2662 2783 Remorum
2682 2730 2944 2801 proditae,
2974 2733 3030 2784 et
3051 2732 3255 2802 captivi
3283 2749 3346 2787 ac
3369 2750 3498 2804 spo-

1901 2818 2020 2872 liati
2060 2818 2252 2889 populi
2287 2836 2418 2890 pars
2444 2835 2561 2873 non
2599 2833 2775 2888 parva
2796 2819 2898 2884 fui,
2928 2819 3001 2872 ad
3029 2823 3082 2874 te
3106 2821 3265 2891 quasi
3314 2822 3386 2875 ad
3416 2826 3500 2877 tu-

1902 2907 2182 2962 tissimum
2200 2907 2422 2976 refugio
2444 2908 2851 2977 portum.Ergo
2869 2907 3166 2963 fluctuanti
3189 2911 3498 2966 salutarem

1902 2995 2133 3066 porrige
2159 2995 2636 3061 manum,fessum
2657 2997 2856 3064 alleva;
2873 2996 3012 3050 edax
3034 2996 3503 3053 livordiffamavit

1905 3102 1997 3139 me
2015 3083 2523 3137 alteriusinvasisse
2545 3084 2900 3150 sedem,meo
2923 3084 3193 3140 instinctu
3210 3091 3501 3158 pastorem

1903 3177 2156 3244 captum,
2190 3175 2538 3239 accusatum,
2572 3172 2859 3242 dejectum
2888 3189 2899 3226 :
2954 3175 3107 3246 quod
3131 3174 3209 3228 ita
3237 3191 3350 3229 non
3381 3193 3501 3231 esse

1902 3260 2271 3327 sacerdotalis
2301 3260 2553 3330 dignitas
2582 3261 2792 3314 Gallica
2821 3261 2977 3316 testis
3003 3266 3106 3327 est,
3141 3265 3308 3317 testes
3339 3279 3503 3335 reges

1902 3354 1959 3402 et
1988 3365 2272 3419 proceres,
2331 3365 2431 3401 cur
2461 3364 2676 3418 egenus
2715 3351 2773 3402 et
2803 3351 2979 3415 exsul,
3015 3367 3118 3404 nec
3151 3367 3364 3420 genere
3397 3370 3503 3408 nec

1903 3436 2112 3491 divitiis
2144 3435 2392 3506 adjutus,
2427 3435 2622 3488 multis
2674 3437 3051 3506 locupletibus
3110 3441 3167 3492 et
3197 3439 3502 3494 nobilitate

1902 3527 2208 3596 parentum
2243 3522 2564 3592 conspicuis
2591 3524 2857 3592 praelatus
2882 3523 2972 3589 sit,
3006 3524 3110 3578 nisi
3145 3526 3298 3595 quod
3317 3526 3396 3578 tui
3421 3517 3514 3580 est

1906 3611 2338 3677 muneris,bone
2363 3610 2616 3681 Jesu.qui
2644 3611 2712 3664 de
2733 3614 2980 3665 stercore
3008 3612 3177 3681 erigis
3191 3629 3505 3683 pauperem

177 3527 435 3598 peravit;
464 3525 947 3599 praediaecclesiaa
971 3542 1096 3596 quae
1121 3542 1222 3596 per
1236 3527 1662 3579 sacramentum
1685 3522 1798 3577 suis

183 3615 478 3669 militibus
506 3615 748 3669 dederat
776 3613 1028 3679 abstulit,
1063 3613 1322 3666 hostibus
1354 3612 1628 3678 contulit;
1662 3628 1798 3666 con-

168 3703 513 3772 juratorum
532 3717 774 3756 manum
790 3703 990 3755 contra
1005 3717 1168 3754 suum
1187 3717 1384 3770 regem
1403 3700 1636 3770 ejusque
1651 3714 1805 3753 exer-
1831 3759 1870 3772 η
1906 3705 1968 3756 ut
1997 3701 2193 3755 sedeat
2216 3717 2347 3754 cum
2379 3699 2746 3771 principibus.
2778 3700 2857 3753 Tu
2884 3700 2990 3754 scis
3017 3717 3110 3753 me
3140 3701 3508 3759 Germaniam

176 3794 360 3845 citum
399 3790 461 3844 in
487 3789 673 3844 aciem
703 3789 815 3842 sub
845 3788 1022 3858 signis
1047 3788 1235 3842 Caroli
1262 3788 1544 3858 perduxit.
1580 3789 1804 3841 Interea
1825 3759 1872 3817 Ο
1907 3795 1964 3846 et
1988 3789 2245 3860 Belgium
2270 3805 2499 3859 semper
2518 3789 2829 3842 honorasse
2853 3791 2914 3842 ut
2945 3788 3507 3856 dominam,coluisse

178 3879 387 3950 legatis
434 3883 494 3932 et
528 3877 736 3932 litteris
770 3876 1058 3947 synodicis
1097 3878 1392 3931 Romanus
1431 3877 1710 3946 pontifex,
1744 3879 1804 3929 ut
1907 3881 1968 3932 ut
1989 3880 2308 3944 matrem..,
2340 3877 2406 3930 Et
2434 3892 2585 3930 nunc
2634 3877 2868 3948 quidem
2901 3894 2934 3931 a
2964 3880 3018 3931 te
3051 3877 3244 3931 dulces
3274 3878 3508 3935 affectus

179 3968 443 4021 ecclesiae
474 3966 722 4019 turbatae
747 3964 1046 4018 subveniat
1072 3965 1455 4031 admonetur;
1487 3965 1586 4018 sed
1617 3980 1803 4034 neque
1907 3983 2048 4037 quos
2079 3965 2300 4036 perdidi
2346 3981 2617 4036 reposco;
2655 3969 2932 4036 tuumque
2984 3965 3300 4020 antistitem
3359 3969 3507 4026 Will.

175 4054 506 4120 catholicis,
571 4070 760 4124 neque
808 4053 1029 4106 clericis
1083 4053 1511 4107 consulentibus
1535 4053 1800 4106 consulit.
1907 4052 2385 4125 gratimindebite
2419 4052 2641 4106 amissa:
2690 4052 3194 4107 reconciliatorem
3225 4054 3348 4109 fieri
3380 4074 3504 4126 oro,

171 4143 382 4214 Itaque
418 4142 688 4213 gravium
715 4142 1118 4212 episcoporum
1132 4142 1283 4196 facto
1310 4140 1803 4210 consultu,legatis
1905 4158 2165 4212 memque
2183 4142 2560 4210 interpretem
2589 4141 2932 4196 innocentia:
2957 4159 3150 4196 coram
3171 4145 3508 4214 praesulibus

171 4234 232 4284 et
257 4231 482 4285 litteris
514 4230 828 4302 synodicis,
853 4246 916 4284 ac
937 4230 1090 4284 trina
1111 4229 1508 4283 admonitione
1531 4229 1802 4282 Arnulfns
1904 4247 2101 4284 coram
2127 4246 2263 4300 rege
2279 4232 2497 4294 nostro,
2529 4229 2617 4283 cui
2655 4229 2898 4284 favendo
2931 4234 3192 4303 tempore
3217 4233 3367 4303 regis
3401 4235 3505 4291 Lo-

171 4320 551 4390 convenitur,
585 4320 788 4374 decem
820 4322 878 4372 et
899 4323 1025 4374 octo
1053 4317 1336 4372 continuis
1367 4317 1750 4384 meusibus,nt
1770 4335 1803 4370 a
1904 4318 2297 4389 tharii-gladiis
2319 4318 2564 4371 hostium
2586 4319 2842 4373 addictus
2861 4323 3084 4377 sum.Et
3107 4325 3507 4397 nuncquidem

168 4412 372 4479 empto
404 4409 605 4463 furore
629 4407 947 4474 desisteret,
972 4424 1147 4478 seque
1169 4424 1202 4460 a
1227 4407 1436 4461 scelere
1464 4405 1803 4476 proditionis
1905 4409 2058 4462 mala
2087 4423 2190 4477 pro
2222 4405 2391 4460 bonis
2420 4407 2821 4461 retribuuntur
2866 4410 3050 4478 nobis,
3099 4412 3170 4466 ab
3234 4413 3322 4467 his
3363 4433 3507 4487 quos

170 4500 232 4552 et
250 4497 600 4552 rebellionis
617 4513 732 4568 quo
749 4496 1139 4567 impetebatur
1155 4495 1496 4566 regulariter
1509 4498 1800 4566 purgaret,
1905 4495 2058 4566 pacis
2082 4498 2374 4549 amatores
2425 4495 2803 4549 innocentum
2832 4501 3186 4568 protectores
3213 4502 3502 4562 existima-

1903 4586 2128 4640 bamus.
2165 4585 2366 4638 Pressa
2387 4584 2544 4654 jacet
2565 4585 2874 4656 tyrannide
2901 4587 3092 4641 omnis
3117 4591 3352 4647 ecclesia
3373 4593 3501 4651 Gal-

1904 4675 2116 4740 lorum,
2145 4673 2304 4744 atqui
2337 4690 2454 4728 non
2508 4691 2542 4727 a
2589 4674 2779 4736 Gallis,
2812 4675 2910 4729 sed
2942 4677 3015 4730 ad
3048 4677 3135 4732 his
3165 4681 3505 4749 sperabatur

1903 4764 2052 4816 salus
2073 4781 2086 4829 ;
2109 4762 2207 4816 sed
2222 4778 2336 4814 una
2349 4762 3103 4830 salushominis,Christe,tu
3128 4783 3223 4834 es;
3249 4769 3503 4826 etRoma

1903 4851 2165 4905 omnium
2194 4850 2569 4904 Ecclesiarum
2593 4851 2869 4905 hactenus
2894 4853 3089 4906 habita
3120 4856 3502 4922 mater,bonis

1903 4938 2264 5004 maledicere,
2300 4939 2466 4993 malis
2487 4938 2828 4992 benedicere
2859 4939 3060 5003 fertur,
3088 4942 3144 4993 et
3172 4942 3376 5010 quibus
3391 4963 3494 5002 nec

1902 5047 1996 5083 ave
2027 5028 2332 5082 dicendum
2365 5031 2468 5095 est,
2522 5027 2972 5094 communicare,
3007 5029 3280 5100 tuamque
3307 5032 3498 5102 legem

1905 5119 2154 5172 zelantes
2184 5117 2484 5185 damnare,
2518 5119 2760 5172 abutens
2790 5117 3006 5188 ligandi
3039 5121 3211 5190 atque
3243 5121 3499 5183 solvendi

1909 5209 2190 5278 potestate
2223 5223 2256 5260 a
2284 5210 2341 5261 te
2372 5209 2606 5278 accepta
2637 5208 2860 5277 (34)”...

169 4586 395 4652 noluit;
414 4584 518 4639 sed
537 4601 670 4639 cum
685 4603 718 4638 a
740 4601 800 4639 se
822 4585 1073 4639 fautores
1095 4585 1363 4656 nequitiae
1382 4601 1495 4638 sua:
1513 4584 1802 4638 discedere

169 4673 384 4742 sensit,
415 4673 650 4727 territus
680 4690 882 4744 regem
927 4673 1087 4740 adiit,
1114 4671 1386 4742 novisque
1405 4672 1799 4740 sacramentis,

170 4776 238 4814 ac
254 4761 431 4815 novis
446 4777 643 4816 rerum
658 4761 1082 4815 conditionibus
1098 4759 1274 4830 regias
1293 4777 1505 4814 mensas
1521 4760 1801 4832 particeps

170 4849 430 4904 effectus
456 4854 564 4917 est,
599 4853 774 4920 atque
807 4849 886 4903 ita
915 4849 999 4902 ira
1020 4849 1173 4919 regis
1206 4848 1588 4914 sedata,omni
1611 4865 1668 4902 se
1691 4849 1798 4902 eri-

169 4939 343 4993 mine
367 4943 609 4993 exutum
637 4936 917 5002 credidit;
939 4937 1187 5006 indeque
1220 4952 1351 4990 mox
1373 4937 1600 4990 rediens
1624 4937 1798 4991 fidem

170 5031 697 5082 sacramentorum
730 5025 904 5096 rupit,
932 5025 1358 5079 conditionibus
1380 5042 1496 5079 non
1525 5025 1759 5079 servatis
1783 5043 1797 5092 ;

126 5157 146 5169 κ
171 5114 289 5168 atii
315 5132 570 5186 quorum
592 5115 895 5178 intererat,
916 5114 1082 5168 toties
1099 5113 1304 5182 decipi,
1325 5112 1490 5167 toties
1510 5112 1674 5167 bonis
1694 5113 1804 5184 pri-

169 5203 302 5258 vari
336 5220 460 5259 non
484 5205 762 5260 ferentes.
792 5202 1255 5257 Lauduniarcem
1277 5204 1804 5272 occupant.Arnul-

254 5345 374 5416 (32)
409 5345 589 5417 Voyez
620 5344 674 5398 le
699 5341 917 5397 concile
947 5341 1256 5417 de‘Reims,
1298 5340 1368 5398 de
1399 5342 1510 5397 l’an
1542 5345 1665 5402 987.

254 5345 374 5416 (32)
409 5345 589 5417 Voyez
620 5344 674 5398 le
699 5344 917 5397 concile
947 5344 1256 5429 de'Reims,
1298 5344 1368 5398 de
1399 5344 1510 5397 l’an
1542 5345 1665 5402 987.
1912 5346 2359 5425 administrativa
2379 5345 2442 5399 de
2457 5346 2505 5398 la
2531 5345 2662 5400 ville
2675 5344 2928 5402 deRez'ms
2950 5347 3116 5420 (tom.
3139 5349 3180 5414 l,
3203 5369 3336 5426 pag.
3359 5357 3500 5425 l79),

279 5420 373 5484 33}
407 5417 590 5488 Voyez
613 5417 667 5470 ῙΘ
701 5418 959 5467 δεῖπιθηῐ
981 5415 1274 5468 ἀΑῐῚιουῙ·
1911 5419 2054 5472 l’ont
2101 5419 2326 5486 ajoutée
2380 5433 2485 5470 aux
2531 5420 2682 5470 actes
2727 5421 3036 5487 prétendus
3066 5422 3135 5475 de
3165 5441 3226 5478 ce
3259 5430 3474 5483 concile

249 5421 379 5560 E34)
411 5489 609 5542 Marlot
638 5503 673 5539 a
703 5485 899 5560 donné
937 5502 1016 5560 un
1047 5487 1339 5560 fragment
1371 5486 1443 5560 de
1469 5489 1614 5560 cette
1633 5487 1809 5560 flettre
1913 5489 2207 5560 beancoup
2240 5489 2362 5557 plus
2393 5489 2603 5560 [ungue
2635 5486 2837 5560 qu’elle
2883 5489 3025 5542 n'est
3053 5492 3144 5557 ici,
3185 5497 3330 5551 mais
3366 5471 3500 5554 avet;

1911 5419 2054 5495 l’ont
2101 5416 2326 5495 ajoutee
2380 5433 2485 5495 aux
2531 5420 2682 5470 actes
2716 5416 3135 5495 pretendusde
3165 5416 3226 5478 ce
3259 5416 3498 5495 cbncile,

278 5487 379 5559 34)
411 5485 609 5542 Μείνιοι
638 5503 673 5539 a
703 5485 899 5559 donné
943 5502 1016 5559 un
1047 5487 1339 5559 fragment
1371 5486 1442 5559 de
1469 5489 1614 5541 cette
1643 5487 1809 5559 lettre
1913 5489 2207 5559 beancoup
2240 5489 2362 5557 plus
2393 5489 2603 5559 [ungue
2635 5485 2837 5559 qu’elle
2883 5489 3025 5542 n'est
3053 5492 3144 5557 ici,
3185 5497 3330 5551 mais
3366 5485 3501 5554 avee

249 5503 379 5560 (34)
411 5503 609 5542 Μδι-ιοι
638 5503 673 5539 a
703 5503 899 5538 nonne
943 5503 1016 5538 un
1047 5503 1339 5556 Iragmem.
1371 5503 1440 5540 ne
1469 5503 1614 5541 cette
1645 5503 1809 5541 lettI‘e
1913 5503 2207 5556 neaucoup
2240 5503 2362 5557 plus
2395 5503 2603 5554 tongue
2678 5503 2837 5541 uelle
2883 5503 3025 5542 n'est
3053 5509 3144 5557 ιρι,
3185 5503 3330 5551 mais
3366 5516 3501 5554 avec

194 5560 360 5615 tom.
385 5561 450 5625 ll,
477 5575 612 5630 pag.
649 5557 766 5623 5-1).
799 5555 898 5608 Les
917 5556 1169 5630 editeurs
1195 5557 1270 5611 du
1288 5558 1504 5630 concile
1535 5559 1605 5630 de
1624 5558 1810 5630 Seint-
1915 5558 2014 5613 des
2043 5561 2356 5630 carrcteres
2385 5556 2610 5610 visibles
2635 5503 3035 5630 td'altération;
3075 5565 3179 5617 elle
3213 5584 3270 5621 se
3301 5571 3502 5626 trouve

217 5631 374 5701 asle,
409 5627 734 5701 et'd'apres
767 5641 872 5679 eux
916 5627 983 5681 M.
1033 5628 1227 5697 Varin,
1278 5628 1420 5684 dans
1443 5646 1531 5686 ses
1557 5629 1816 5686 Are/cives
1917 5628 2260 5703 surchargee
2308 5627 2379 5683 de
2424 5642 2690 5703 passages
2732 5627 3078 5702 d’ﬂincmar,
3112 5637 3514 5704 evidemmeut

443 5730 695 5791 ΡΑτιιοι..
738 5721 992 5784 CXXXIX.

2843 5712 2847 5717 ’
3202 5734 3237 5796 9
