3918 6230
180 366 268 429 289

947 358 1193 421 SECTIO
1229 356 1373 419 II.—
1391 352 1744 419 EPISTOLE
1776 354 1860 417 ET
1885 356 2281 419 DlPLOMA'l‘A
2310 352 2721 417 PONTIFICIA.

3388 366 3497 426 270

1450 613 2246 703 JUBAMENTUM

329 828 757 889 Prcestttum
788 841 831 886 a
861 828 1086 889 PETRO
1121 826 1364 887 abbate
1391 826 1733 965 Classengzz'
1752 825 2443 963 Sancttlfipolltnaris
2471 828 2825 888 Genesaro
2854 826 3369 899 archiepiscom

1726 918 1997 965 avenna
2029 920 2048 963 ι

1726 918 2021 966 αυθηηαι
2029 920 2048 963 ι

1374 1032 1593 1113 (Anno
1624 1033 1766 1108 998,
1797 1033 1877 1093 30
1903 1031 2350 1111 Novembris.)

756 1165 992 1240 (Annal.
1022 1162 1355 1231 Camaldul.,
1388 1166 1512 1219 tom
1548 1179 1702 1235 .pag.
1734 1164 1857 1231 147,
1889 1178 1956 1217 ex
1988 1163 2318 1219 authentico
2350 1164 2563 1221 archivi
2604 1165 2960 1239 Classensis.)

297 1412 622 1485 Eamplum
665 1412 1024 1479 instrumenti,
1056 1409 1209 1481 cujus
1235 1414 1388 1465 tenor
1418 1408 1543 1465 talis
1572 1415 1646 1463 est
1675 1426 1692 1462 :

266 1503 325 1556 In
345 1502 591 1556 nomine
612 1500 820 1567 Patris,
836 1503 892 1554 et
908 1498 1053 1567 Filii,
1076 1501 1135 1553 et
1151 1497 1395 1570 Spiritus
1411 1498 1801 1565 sancti,anno,

1822 1415 1877 1473 Α
1904 1413 2084 1464 stram
2101 1405 2501 1462 infidelitatem
2516 1424 2610 1463 me
2625 1409 2989 1477 sociabo,sed
3004 1408 3138 1465 totis
3150 1408 3363 1467 viribus
3380 1408 3525 1466 meis

1907 1500 2110 1552 contra
2123 1495 2248 1550 illos
2267 1496 2431 1551 stabo
2453 1512 2558 1567 pro
2576 1501 2760 1552 vestra
2772 1498 3131 1567 ﬁdelitate,et
3152 1498 3433 1571 quidquid
3453 1498 3525 1555 ab

206 1591 314 1645 Deo
360 1589 642 1661 propitio,
692 1588 1060 1659 pontificatus
1102 1586 1303 1641 domni
1335 1585 1593 1656 Gregorii
1620 1584 1805 1657 quinti
1911 1586 2023 1640 illis
2052 1584 2195 1639 scire
2217 1588 2482 1655 potuero,
2507 1589 2605 1640 aut
2631 1602 2735 1658 per
2762 1604 2877 1655 me,
2906 1590 3005 1643 aut
3034 1604 3141 1659 per
3166 1604 3366 1643 meum
3398 1587 3532 1641 mis-

202 1682 259 1733 et
274 1676 610 1731 universalis
621 1692 788 1748 papm
819 1676 878 1730 in
907 1674 1222 1745 apostolica
1252 1673 1635 1728 sacratissima
1655 1672 1805 1727 beati

206 1765 352 1820 Petri
382 1765 630 1837 apostoli
656 1764 793 1819 sede
818 1764 1010 1831 tertio,
1042 1766 1214 1834 atque
1238 1761 1566 1833 imperante
1590 1762 1809 1815 domno

207 1852 413 1907 Ottone
454 1851 631 1906 tertio
672 1850 908 1922 juniore
952 1866 1106 1904 anno
1158 1849 1352 1917 tertio,
1387 1849 1478 1903 die
1519 1848 1810 1903 tricesimo

202 1939 417 1997 mensis
441 1939 803 2006 Novembris,
830 1938 1144 1993 indictione
1176 1937 1422 2004 decima,
1467 1937 1774 1991 Ravennae.

271 2027 582 2084 Pastoralis
593 2044 658 2084 ac
669 2026 958 2098 pontificis
971 2027 1043 2081 do
1050 2027 1171 2081 mni
1185 2029 1244 2080 et
1255 2024 1599 2080 sanctissimi
1616 2028 1674 2080 et
1686 2024 1819 2079 bea-

205 2116 405 2173 tissimi
419 2116 683 2172 Gerberti
703 2115 1120 2187 archiepiscopi
1133 2118 1346 2170 sanctae
1366 2114 1712 2169 Ravennatis
1723 2114 1821 2167 Ec-

203 2205 477 2271 clesiae,et
493 2204 793 2260 iuvestitor
805 2220 936 2258 meo
954 2202 1317 2275 providentia
1330 2207 1503 2274 atque
1516 2202 1795 2273 respectio
1804 2244 1818 2270 ,

202 2292 298 2364 qui
313 2292 451 2347 licet
473 2290 621 2348 mihi
636 2291 877 2363 indigno
892 2291 1110 2346 famulo
1126 2295 1246 2359 tuo,
1264 2291 1435 2345 nullis
1455 2290 1820 2361 suffraganti-

208 2382 313 2437 bus
334 2379 588 2444 meritis,
613 2396 730 2435 suae
755 2379 941 2434 laudis
977 2395 1209 2452 suaeque
1238 2379 1469 2451 pietatis
1493 2379 1823 2446 clementia,

209 2470 355 2525 sicut
382 2473 444 2524 et
474 2468 749 2524 omnibus
778 2468 1046 2539 subjectis
1075 2468 1209 2535 suis,
1235 2468 1375 2523 mihi
1408 2468 1677 2539 largiﬂua
1706 2485 1823 2523 suae

207 2557 625 2614 misericordiae
657 2556 874 2611 viscera
916 2558 1233 2612 clementer
1258 2556 1620 2630 impendere,
1659 2557 1830 2628 respi-

203 2650 378 2705 rante
408 2645 494 2701 illi
514 2644 712 2701 divina
731 2645 964 2713 virtute,
998 2645 1266 2717 dignatus
1290 2648 1378 2701 est
1414 2662 1587 2717 super
1624 2661 1724 2700 me
1756 2646 1835 2700 af-

207 2735 497 2793 ﬂuentem
511 2750 631 2791 sua:
644 2733 872 2805 pietatis
883 2733 1288 2790 misericordiae
1301 2733 1652 2801 exhibere,et
1666 2749 1758 2788 me
1776 2733 1838 2788 li-

206 2827 302 2880 wt
314 2823 636 2896 indignum
657 2828 715 2877 et
730 2823 1027 2878 immerito
1047 2827 1106 2878 et
1125 2823 1185 2877 in
1198 2822 1460 2878 coenobio
1475 2823 1655 2878 sancti
1666 2823 1837 2894 Apol-

204 2911 420 2968 linaris
430 2911 643 2968 Christi
660 2911 930 2983 martyris
942 2911 1017 2967 ad
1036 2911 1495 2966 conservandam
1525 2911 1707 2967 sancti
1734 2912 1836 2965 Be-

208 3000 433 3058 nedicti
445 3002 738 3073 regulam,
756 3004 817 3055 et
829 3001 903 3055 ad
913 3000 1350 3056 custodiendam
1379 2999 1699 3054 secundum
1714 3016 1836 3054 me-

210 3088 786 3161 amiutelligentiam
814 3093 875 3144 et
890 3089 1323 3160 possibilitatem
1343 3088 1530 3160 gratia
1558 3090 1838 3160 operante

214 3177 415 3233 divina
428 3176 786 3232 constituere
806 3192 900 3231 me
917 3176 1189 3232 abbatem
1206 3177 1481 3248 dignatus
1495 3180 1600 3230 est.
1626 3176 1840 3231 Idcirco

214 3280 328 3337 ego
348 3265 661 3337 presbyter
677 3268 735 3320 et
752 3265 1156 3333 monachus,et
1167 3266 1378 3321 electus
1394 3282 1429 3319 a
1445 3264 1847 3337 congregatio-

218 3370 293 3409 ne
323 3352 677 3409 monasterii
715 3352 913 3407 Sancti
933 3354 1304 3424 Apollinaris,
1330 3354 1487 3425 quod
1506 3356 1741 3408 vocatur
1774 3353 1847 3407 ad

218 3441 799 3513 Classem,promitto
812 3457 920 3513 per
931 3442 1042 3496 hoc
1054 3447 1317 3497 sanctum
1349 3443 1528 3496 altare
1547 3445 1604 3496 et
1624 3445 1850 3497 sanctas

217 3529 450 3585 ibidem
465 3529 735 3586 conditas
756 3529 1049 3600 reliquias,
1064 3533 1123 3584 et
1137 3531 1259 3585 haec
1274 3534 1472 3586 sancta
1486 3531 1589 3584 Dei
1603 3534 1851 3602 quatuor

216 3616 566 3689 Evangelia,
594 3615 733 3688 quia
762 3616 834 3672 ab
864 3616 972 3671 hac
997 3618 1142 3672 hora
1170 3617 1408 3674 inantea
1434 3618 1619 3673 fidelis
1648 3634 1775 3673 sum
1795 3622 1854 3673 et

218 3720 323 3761 ero
358 3704 638 3761 omnibus
658 3704 862 3759 diebus
889 3704 1016 3760 vitae
1036 3722 1183 3762 mea:
1203 3710 1417 3761 sancta:
1431 3706 1683 3762 domina:
1705 3724 1851 3762 meae

218 3794 556 3853 Ravennati
580 3792 870 3861 Ecclesiae,
904 3796 962 3847 et
1001 3793 1104 3848 tibi
1150 3795 1368 3850 domno
1401 3811 1533 3850 meo
1575 3797 1851 3852 Gerberto

221 3880 1508 3955 archiepiscopoEcclesiazsanctaeRavennatis
1523 3889 1853 3955 perrectum

220 3971 409 4026 ﬁdem
422 3971 658 4043 tuisque
670 3970 1086 4025 successoribus
1100 3971 1159 4024 in
1170 3976 1511 4044 perpetuum
1523 3976 1602 4038 ,et
1617 3988 1857 4028 omnem

214 4060 575 4132 iussionem,
594 4060 981 4127 voluntatem,
1004 4076 1104 4115 seu
1127 4062 1608 4116 consuetudinem
1644 4065 1857 4116 sanctae

227 4148 859 4209 RavenmtisEcclesiaa
872 4149 1147 4220 polliceor
1157 4150 1475 4206 secundum
1492 4167 1860 4224 meumposse

226 4240 679 4312 completurum
694 4253 841 4305 esse,
865 4239 923 4291 et
935 4254 1068 4292 cum
1080 4237 1327 4294 inimicis
1347 4240 1546 4295 vestris
1559 4257 1861 4313 nunquam

228 4328 310 4384 ad
340 4327 737 4389 damnitatem
771 4329 984 4382 sanctas
1010 4327 1355 4385 Ravennatis
1391 4329 1655 4386 Ecclesia:
1691 4335 1747 4386 et
1766 4347 1860 4386 ve-

1857 2780 1909 2840 B

1916 1689 2042 1727 sum
2064 1670 2334 1726 nuntiare
2360 1672 2542 1741 vobis,
2576 1678 2673 1728 aut
2720 1675 2919 1729 vestris
2972 1674 3255 1745 ﬁdelibus,
3284 1675 3529 1730 studebo

1917 1760 2029 1814 cito
2064 1763 2124 1812 ut
2160 1762 2443 1830 potuero;
2488 1765 2545 1815 et
2593 1761 2743 1815 bene
2788 1763 3065 1834 polliceor
3109 1767 3171 1817 ut
3223 1778 3526 1835 nunquam

1919 1848 2120 1903 diebus
2148 1847 2277 1901 vita:
2309 1863 2455 1901 mete
2487 1851 2587 1901 aut
2627 1849 2700 1902 ad
2730 1865 2965 1927 papam,
3011 1855 3108 1905 aut
3139 1851 3212 1905 ad
3243 1852 3535 1922 majorem

1916 1938 2005 1991 vel
2018 1936 2370 2007 coaequalem
2385 1924 2898 2006 patriarcham,aut
2910 1939 2981 1993 ad
2994 1939 3541 2011 imperatorem,aut

1918 2041 2121 2095 regem
2136 2024 2220 2077 vel
2234 2023 2487 2095 aliquam
2504 2039 2813 2095 personam
2832 2027 3231 2098 majorem,vel
3249 2027 3540 2082 minorem

1920 2114 2151 2180 vadam,
2170 2115 2267 2166 aut
2280 2111 2519 2167 missum
2538 2114 2769 2169 mittam
2784 2118 2985 2170 contra
3005 2118 3266 2171 sanctam
3292 2119 3541 2170 vestram

1926 2200 2228 2255 dominam
2245 2216 2441 2254 meam
2459 2201 2853 2274 Ravennatem
2871 2203 3311 2272 Ecclesiam,aut
3337 2207 3546 2259 contra

1924 2292 2173 2343 vestram
2185 2292 2624 2361 vestrorumque
2638 2292 2994 2346 voluntatem
3015 2308 3193 2364 agens
3208 2308 3311 2363 per
3322 2293 3545 2347 nullum

1930 2377 2237 2448 ingenium
2262 2376 2384 2431 sine
2415 2382 2601 2432 vestra
2630 2381 2719 2434 vel
2741 2384 3064 2437 vestrorum
3077 2397 3470 2436 successorum
3484 2381 3546 2435 li-

1927 2466 2206 2521 centia.ln
2224 2464 2625 2521 festivitatibus
2637 2484 2864 2541 quoque
2882 2472 3211 2524 sanctorum
3228 2472 3550 2541 martyrum

1930 2553 2279 2625 Apollinaris
2294 2556 2352 2607 et
2369 2554 2564 2609 Vitalis
2592 2556 2753 2611 omni
2767 2572 2921 2611 anno
2935 2557 3010 2612 ad
3036 2558 3325 2630 synodum
3348 2574 3551 2613 secun-

1940 2642 2080 2696 dum
2113 2641 2413 2714 antiquam
2430 2645 2911 2700 consuetudinem
2932 2662 3235 2703 occurrere
3252 2648 3552 2719 promitto,

1940 2734 2177 2803 excepta
2207 2747 2377 2786 causa
2431 2732 2785 2789 infirmitatis
2816 2739 2873 2790 et
2906 2735 3147 2791 itineris.
3182 2736 3249 2789 Et
3281 2736 3351 2790 de
3382 2736 3556 2791 rebus

1941 2820 2276 2875 monasterii
2304 2820 2498 2875 Sancti
2523 2823 2894 2893 Apollinaris,
2922 2824 2981 2878 in
3012 2841 3127 2897 quo
3157 2842 3253 2880 me
3279 2824 3553 2879 ordinare

1942 2908 2243 2980 disponitis
2273 2908 2346 2962 ad
2370 2910 2590 2964 nullam
2622 2912 3074 2967 minorationem
3094 2914 3165 2968 ab
3194 2914 3301 2969 hac
3322 2913 3467 2969 hora
3494 2914 3552 2967 in

1943 3001 2117 3051 antea
2137 2997 2393 3068 aliquam
2407 2998 2750 3071 scripturam
2774 3005 2872 3056 aut
2898 3003 3161 3057 chartam
3192 3002 3382 3058 facere
3412 3018 3556 3073 prce~

1945 3102 2196 3154 sumam,
2228 3086 2339 3140 nisi
2390 3090 2617 3142 tantum
2672 3107 2777 3161 per
2802 3090 3028 3146 libellos
3074 3095 3172 3147 aut
3215 3093 3556 3164 emphytcu-

1945 3176 2055 3230 sim
2087 3176 2242 3229 bona
2270 3177 2606 3231 renovanda
2632 3178 2775 3232 sicut
2792 3197 2897 3251 per
2913 3184 3139 3236 nostros
3169 3185 3559 3235 antecessores

1947 3262 2197 3316 ﬁrmiter
2221 3267 2375 3331 sunt,
2409 3280 2507 3318 seu
2538 3269 2713 3336 prout
2744 3268 2949 3323 melius
2974 3285 3244 3341 posuero.
3277 3269 3385 3323 Res
3415 3269 3562 3340 ejus-

1951 3349 2085 3405 dem
2114 3352 2451 3406 monasterii
2476 3357 2533 3407 et
2562 3356 2947 3424 possessiones
2977 3373 3179 3412 omnes
3193 3358 3267 3415 ad
3288 3357 3559 3413 meliora-

1949 3440 2171 3493 tionem
2193 3441 2507 3509 renovabo,
2529 3445 2586 3495 et
2606 3459 2675 3497 ea
2694 3444 2820 3498 loca
2838 3461 2966 3517 quas
2983 3446 3056 3501 ad
3070 3447 3411 3519 pensionem
3428 3447 3562 3501 data

1950 3531 2083 3582 sunt
2100 3529 2389 3597 completa
2418 3529 2754 3584 hiereditate
2785 3535 3254 3588 contrahentium
3277 3535 3336 3588 in
3356 3534 3561 3589 salario

1944 3616 2097 3687 jure,
2130 3620 2304 3687 prout
2335 3618 2587 3685 valuero,
2620 3618 3108 3676 administrandas
3121 3623 3319 3693 fruges
3346 3622 3565 3677 recolli~

1953 3721 2089 3776 gere
2120 3706 2254 3760 totis
2284 3705 2497 3761 viribus
2520 3709 2885 3780 repromitto,
2908 3709 3063 3782 quod
3080 3713 3143 3765 ut
3183 3727 3310 3766 vere
3334 3711 3406 3768 ab
3437 3728 3564 3766 om-

1954 3794 2123 3849 nibus
2152 3795 2439 3863 credatur,
2483 3800 2543 3851 et
2570 3798 2631 3852 in
2662 3798 2857 3854 futuro
2887 3803 3149 3872 tempore
3179 3816 3214 3855 a
3241 3816 3337 3856 me
3368 3800 3563 3855 obser-

1952 3887 2140 3953 vetur,
2168 3900 2347 3939 manu
2375 3886 2613 3958 propria
2641 3887 2856 3961 scripsi.

2028 3973 2146 4045 Ego
2179 3974 2379 4029 Petrus
2408 3976 2747 4045 monachus,
2764 3981 2823 4033 et
2844 3978 3140 4052 presbyter
3160 3980 3218 4034 et
3241 3978 3416 4036 abbas
3439 3997 3565 4036 mo-

1962 4062 2200 4116 nasterii
2226 4062 2421 4118 Sancti
2437 4066 2829 4138 Appollinaris
2864 4068 2926 4125 in
2971 4069 3178 4139 Classe,
3212 4069 3272 4125 in
3296 4070 3404 4127 hac
3431 4086 3565 4145 pros

1959 4155 2231 4206 missione
2253 4169 2430 4208 manu
2452 4155 2687 4227 propria
2710 4157 2927 4229 scripsi.

2035 4241 2103 4295 Et
2128 4257 2239 4313 ego
2259 4243 2560 4300 Artusinus
2588 4246 2845 4302 notarius
2875 4250 3211 4323 exemplavi.

1262 4541 1759 4650 SECTIO
1892 4544 2582 4655 SECUNDA.

1128 4708 1337 4770 EPIS
1346 4711 1599 4772 TOL/E
1618 4714 1742 4774 ET
1764 4715 1885 4774 DE
1891 4715 2059 4776 CRE’
2069 4716 2177 4776 TA
2204 4717 2714 4780 PONTIFICIA

246 4918 520 4993 Sylvester
548 4919 617 4976 11
663 4918 1047 4973 monasterium
1081 4917 1146 4974 S.
1178 4916 1450 4975 Lamberti
1470 4918 1751 4986 Seonense,
1772 4938 1865 4994 pe-
1891 4925 1944 4985 D
2035 4924 2094 4980 Si
2119 4924 2247 4982 loca
2282 4928 2370 4983 vel
2400 4926 2755 4984 monasteria
2768 4926 3049 4999 religiosis
3074 4926 3335 4998 personis
3364 4945 3430 4983 ac
3461 4931 3579 4985 Deo

217 5034 238 5043 ο
327 5013 552 5070 tentibus
596 5007 895 5082 fundatore
938 5006 1181 5062 Aribone
1209 5010 1397 5063 comite
1437 5015 1487 5065 et
1535 5010 1729 5075 Ottone
1771 5010 1866 5065 111

324 5103 664 5173 imperatore,
698 5096 984 5164 conﬁrmat
1017 5096 1328 5170 juribusque
1365 5104 1540 5168 ornat,
1572 5117 1634 5154 ea
1664 5099 1772 5171 tege
1808 5107 1867 5155 ut

328 5191 558 5263 singuli:
588 5189 754 5245 annis
780 5185 991 5243 denarii
1015 5204 1091 5243 xu
1114 5188 1227 5243 sedi
1242 5188 1500 5247 Romanae
1528 5192 1805 5248 solvantur
1834 5209 1868 5247 a

308 5282 614 5339 monachis.

892 5367 1080 5437 (Anno
1109 5367 1255 5437 999.)

258 5461 644 5545 [Monumenta
708 5456 906 5526 Boica,
943 5456 1220 5515 Monachii
1261 5462 1418 5533 i763,
1474 5464 1554 5535 4ο,
1603 5467 1750 5521 tom.
1804 5464 1873 5533 Il,

328 5637 642 5723 summa
669 5552 1537 5715 episcopsigse‘rgislservorum
1560 5644 1686 5703 Dei.

1966 5014 2183 5071 devotis
2209 5020 2536 5073 constructa
2548 5017 3073 5090 nostra'pontificali
3090 5016 3430 5072 auctoritate
3461 5033 3585 5073 cor-

1966 5104 2240 5160 roborare
2271 5110 2329 5161 et
2354 5106 2666 5162 sublimare
2697 5123 2997 5175 conamur,
3019 5108 3128 5163 hoc
3166 5108 3366 5180 procul
3409 5107 3583 5163 dubio

1971 5194 2046 5249 ad
2075 5195 2369 5267 utriusque
2398 5193 2772 5249 beatitudinis
2790 5196 3097 5267 praemium
3129 5196 3297 5251 nobis
3321 5198 3585 5270 profutu-

1972 5299 2105 5339 rum
2132 5284 2258 5338 fore
2282 5283 2587 5338 credimus.
2630 5282 2995 5354 Quapropter
3045 5285 3271 5341 noverit
3318 5290 3587 5346 omnium

1976 5375 2188 5429 sanctae
2210 5372 2311 5428 Dei
2335 5370 2593 5425 Ecclesiae
2605 5370 2862 5426 fidelium
2882 5376 3003 5426 tam
3016 5374 3390 5444 praesentium
3410 5394 3591 5451 quam

1976 5462 2307 5518 futurorum
2349 5460 2650 5529 industria,
2685 5460 2931 5533 qualiter
2981 5462 3155 5516 Aribo
3203 5478 3419 5537 comes,
3480 5486 3589 5543 pro

1978 5550 2188 5608 animae
2215 5567 2332 5605 suae
2359 5549 2619 5606 remedio
2645 5565 3000 5624 suorumque
3014 5554 3352 5625 parentum,
3371 5555 3431 5615 in
3447 5574 3592 5634 quo-

1980 5641 2118 5700 dam
2139 5658 2258 5722 sum
2286 5640 2653 5719 proprietatis
2680 5644 2807 5705 loco
2838 5643 2981 5707 olim
3005 5644 3219 5723 Burgili
3240 5656 3465 5727 vocato,
3490 5652 3594 5712 sed
