3918 6230
388 443 491 500 *271

1087 425 1436 494 SILVESTR‘I
1466 435 1506 491 ιι
1526 423 1738 491 ῬΑΙδίΕ
1770 423 1922 490 opp.
1953 429 2131 488 PARS
2161 427 2335 486 ltl.-—-
2362 427 2575 485 EPIST.
2611 417 2692 485 ET
2717 419 2995 484 DIPLOM.

3595 418 3710 484 2‘72

394 565 570 620 modo
594 564 664 617 ab
693 560 892 616 incolis
907 560 1090 615 Seuva
1122 559 1276 614 Cella
1302 557 1478 613 sancti
1503 555 1808 630 Landperti
1837 573 1990 609 mar-
2013 565 2067 622 Α
2089 555 2254 608 vator
2275 552 2442 624 hujus
2456 552 2632 607 nostri
2658 552 2935 624 privilegii
2961 549 3257 617 exstiterit,
3278 550 3711 606 benedictionis

391 654 529 725 tyris
543 649 1137 716 dicto,monasterium
1161 649 1217 702 in
1240 650 1522 702 honorem
1537 647 1793 716 ejusdem
1813 645 1992 698 sancti

393 740 662 812 martyris
684 737 991 808 Landperti
1006 755 1097 792 am
1105 737 1290 808 plifico
1308 735 1678 805 benignitatis
1690 733 1994 788 conamine

393 826 805 897 construxit,ad
820 824 1316 896 augmentandum
1345 841 1457 877 suae
1479 822 1671 875 salutis
1690 821 1994 892 prmmium

393 919 452 969 et
479 931 543 968 ex
577 913 917 968 auctoritate
935 911 1284 966 sanctiPetri
1313 910 1586 981 principis
1603 910 1994 980 apostolorum

390 1003 668 1057 libertatis
687 1001 921 1055 arbitrio
943 1001 1381 1054 corroboratum
1406 998 1527 1052 fieri
1541 997 1862 1069 postulavit.
1887 995 1994 1066 lgi-

393 1094 489 1145 tur
519 1108 584 1145 ex
618 1091 722 1144 hac
754 1107 814 1143 re
841 1089 1234 1160 gloriosissimi
1259 1087 1623 1158 imperatoris
1642 1085 1880 1156 Augusti
1906 1084 1998 1138 0t-

393 1179 547 1234 tonis
574 1179 725 1232 tertii
766 1178 872 1250 piis
916 1177 1432 1232 interventionibus
1462 1179 1658 1229 nostra
1687 1173 1997 1244 apostolica

395 1268 703 1322 auctoritas
728 1282 1014 1337 persuasa,
1048 1267 1286 1336 praefato
1313 1265 1489 1319 sancti
1525 1262 1792 1334 martyris
1813 1262 1996 1316 Land-

396 1356 541 1430 perti
561 1355 908 1410 monasterio
923 1371 1026 1426 per
1038 1355 1132 1423 huj
1143 1372 1204 1406 ns
1220 1352 1509 1424 previlegii
1525 1352 1729 1405 seriem
1750 1351 1996 1404 liberum

395 1445 607 1498 habere
653 1443 929 1498 concessit
973 1442 1296 1507 arbitrium,
1338 1459 1401 1495 ac
1437 1446 1497 1494 ut
1540 1439 1835 1495 monachis
1879 1439 1996 1490 Deo

398 1532 540 1587 inibi
571 1532 944 1586 servientibus
984 1530 1150 1584 liceat
1180 1530 1496 1584 secundum
1536 1529 1798 1599 regulare
1847 1524 1998 1579 beati

400 1621 690 1675 Benedicti
707 1619 926 1674 abbatis
946 1619 1241 1672 decretum
1257 1619 1470 1688 eligere
1491 1617 1594 1671 sibi
1614 1615 1997 1670 abbatem.ln-

400 1725 573 1780 super
602 1709 777 1762 etiam
810 1708 1024 1779 placuit
1055 1707 1377 1761 auctoritati
1408 1709 1616 1759 nostra:
1658 1703 1994 1767 concedere,

401 1804 462 1851 ut
496 1798 823 1870 praslibatus
867 1799 1233 1850 conservator
1263 1794 1596 1849 monasterii
1628 1792 1996 1847 advocatione

2095 643 2342 712 gratiam
2374 645 2431 695 et
2451 643 2629 697 vitam
2657 646 2935 696 aeternam
2956 659 2989 696 a
3007 641 3252 696 Domino
3284 643 3705 712 consequatur.

2173 731 2460 802 Scriptum
2503 748 2606 803 per
2648 748 2854 785 manus
2899 730 3050 784 Petri
3082 729 3290 784 notarii
3328 733 3385 784 et
3413 727 3708 784 scriniarii

2099 820 2156 875 S.
2187 820 2251 873 R.
2284 822 2342 873 E.

2168 909 2312 962 Data
2339 925 2433 963 xiv
2463 909 2584 962 Kal.
2623 907 2769 975 Maii,
2810 923 2964 962 anno
2996 907 3310 964 Dominizaa
3348 905 3708 962 incarnatio-

2100 999 2186 1053 nis
2211 1002 2335 1066 999,
2372 998 2684 1052 indictione
2716 1015 2813 1052 xu.

2863 1088 2927 1140 ll.

2096 1174 2346 1232 Silvester
2397 1174 2458 1227 II
2493 1192 2642 1246 papa
2681 1176 2990 1229 monasterii
3054 1173 3344 1228 Fuldensi:
3376 1172 3708 1244 privilegia,

2318 1271 2528 1334 petente
2547 1263 2898 1318 Erkanbaldo
2929 1263 3135 1328 abbate,
3165 1263 3466 1332 conﬁrmat.

2525 1351 2712 1422 (Anno
2739 1355 2862 1416 999,
2895 1355 2950 1406 3t
2976 1351 3272 1422 Decemb.)

2265 1441 2538 1509 [Dronke,
2568 1439 2700 1494 Cod.
2734 1441 2950 1510 diplom.
2985 1439 3174 1506 Fuld.,
3207 1456 3341 1510 pag.
3376 1441 3528 1500 34L]

2173 1530 2468 1584 SILYESTER
2509 1533 2825 1603 episcopus,
2873 1547 3064 1583 servus
3097 1545 3394 1584 servorum
3438 1529 3571 1593 Dei,
3616 1527 3706 1582 di-

2101 1619 2405 1673 lectissimo
2436 1619 2550 1672 filio
2581 1621 2942 1672 Eamsexwo
2970 1617 3283 1671 venerabili
3329 1617 3524 1671 abbati
3555 1615 3709 1669 sacri

2102 1709 2432 1762 monasterii
2463 1708 2771 1762 Salvatoris
2804 1707 3123 1761 nostriJesu
3137 1706 3343 1761 Christi
3367 1705 3709 1776 cunctisque

2100 1798 2209 1850 tuis
2252 1797 2668 1852 successoribus
2715 1796 3016 1850 abbatibus
3051 1796 3310 1865 ejusdem
3350 1793 3598 1849 ccenobii
3647 1791 3708 1846 in

401 1891 594 1940 utatur
623 1885 874 1957 quandiu
904 1887 1186 1954 superstes
1220 1888 1334 1951 est;
1373 1883 1471 1936 sed
1510 1887 1636 1952 post
1687 1881 1858 1952 ipsius
1899 1880 1996 1933 de-
2028 1880 2077 1941 B
2101 1890 2465 1956 perpetuum.

400 1991 620 2029 cessum
635 1977 901 2046 potenter
919 1973 1092 2043 eligat
1123 1972 1226 2026 sibi
1256 1972 1431 2025 abbas
1457 1988 1587 2024 cum
1615 1971 1887 2024 fratribus
1904 1969 1998 2022 ad-

401 2067 664 2118 vocatum
688 2079 1089 2133 quemcunque
1106 2061 1390 2114 utiliorem
1405 2058 1926 2130 comprobaverint;
1945 2061 2002 2110 et

403 2155 463 2205 ut
491 2151 703 2221 absque
748 2150 1048 2220 omnijuga
1095 2150 1555 2204 contradictione
1612 2149 2000 2218 cujuscunque

400 2257 659 2313 persona:
691 2243 894 2293 cuncta
934 2240 1057 2292 loca
1102 2239 1324 2292 urbana
1361 2239 1447 2290 vel
1495 2237 1723 2303 rustica,
1781 2235 2004 2290 diversa

403 2329 640 2402 preedia,
687 2329 838 2382 culta
876 2329 962 2380 vel
1017 2327 1250 2393 inculta,
1304 2342 1437 2379 cum
1478 2325 1746 2378 omnibus
1799 2341 2001 2378 eorum

403 2418 756 2492 appendiciis
786 2434 913 2487 quae
945 2416 1016 2469 ab
1050 2415 1333 2485 aliquibus
1373 2414 1706 2468 Christianis
1736 2429 2004 2466 concessa

403 2511 537 2562 sunt
565 2507 650 2560 vel
681 2504 1094 2563 concedentur,
1135 2519 1267 2556 cum
1305 2503 1464 2556 omni
1497 2501 1797 2555 securitate
1844 2501 2001 2572 quie-

404 2601 496 2650 tus
527 2593 814 2667 possideat
857 2596 1026 2662 atque
1090 2592 1374 2662 disponat,
1408 2595 1465 2644 et
1518 2594 1646 2661 post
1693 2607 1827 2644 eum
1885 2589 2006 2643 uni-

402 2684 546 2737 versi
596 2697 945 2736 successores
977 2679 1061 2732 sui
1109 2680 1344 2733 abbates
1391 2680 1448 2732 in
1482 2683 1846 2750 perpetuum.
1883 2677 2007 2741 Qua

406 2772 630 2825 ratione
661 2770 848 2839 ipsum
871 2785 1020 2839 saepe
1052 2767 1420 2838 praelibatum
1458 2768 1872 2822 monasterium
1899 2784 2004 2839 per

412 2858 809 2914 defensionem
831 2860 1040 2911 sancta:
1059 2857 1331 2910 Romame
1349 2857 1606 2911 Ecclesia:
1661 2857 2005 2910 liberalitate

413 2947 591 3003 nostri
617 2945 902 3018 privilegii
940 2945 1438 3012 confirmamus,ut
1469 2962 1653 3017 neque
1683 2961 2006 3016 nos,neque

409 3036 507 3092 ulli
524 3039 854 3090 nostrorum
874 3050 1260 3088 successorum
1276 3034 1738 3105 pontificum,seu
1768 3033 2008 3104 quilibet

406 3125 725 3198 imperator
755 3128 852 3178 aut
905 3141 1024 3190 rex,
1092 3123 1376 3177 vendendi
1430 3123 1541 3178 sive
1590 3121 1897 3194 praestandi
1946 3122 2003 3174 in

403 3213 750 3269 beneficium
797 3213 882 3266 vel
935 3211 1197 3266 tradendi
1246 3211 1455 3266 habeat
1510 3215 1890 3282 potestatem;
1953 3213 2009 3264 et

406 3304 595 3357 nullus
625 3301 757 3368 dux,
789 3299 1267 3372 archiepiscopus,
1299 3300 1616 3370 episcopus,
1649 3315 1860 3364 comes,
1894 3297 2008 3352 sive

413 3393 605 3464 aliqua
634 3407 881 3462 persona
921 3389 1130 3444 audeat
1176 3389 1521 3460 inquietare,
1554 3389 1640 3441 vel
1675 3389 2002 3453 molestare,

408 3480 521 3535 sive
554 3480 623 3534 de
654 3480 823 3534 rebus
869 3478 982 3533 suis
1038 3477 1254 3549 aliquid
1312 3477 1432 3531 sine
1464 3477 1752 3530 voluntate
1785 3474 2006 3529 abbatis

412 3569 517 3624 sibi
542 3585 835 3641 usurpare.
872 3568 938 3620 Et
967 3582 1071 3638 pro
1099 3569 1359 3638 respectu
1394 3565 1837 3635 testimonioque
1869 3580 2005 3617 con-

407 3675 578 3712 cessae
594 3656 890 3724 libertatis,
909 3655 1011 3709 sub
1045 3656 1264 3709 honore
1282 3655 1783 3726 xn,apostolorum
1815 3669 1886 3705 xu
1909 3651 2008 3704 de-

411 3746 557 3801 narii
589 3747 662 3800 ad
693 3745 901 3800 limina
948 3744 1345 3815 apostolorum
1395 3741 1546 3796 Petri
1575 3745 1632 3794 et
1662 3740 1815 3794 Pauli
1850 3741 2010 3795 omni

407 3852 561 3891 anno
590 3835 942 3890 deferantur.
975 3833 1041 3884 Et
1062 3831 1106 3884 si
1138 3829 1298 3884 omni
1329 3845 1482 3884 anno
1531 3828 1863 3898 praesentari
1908 3829 2014 3883 im-

409 3924 678 3998 possibile
723 3922 917 3988 fuerit,
973 3920 1124 3974 infra
1153 3918 1404 3990 spatium
1445 3933 1732 3972 annorum
1775 3935 1849 3971 xu
1880 3935 2010 3991 per-

411 4016 724 4069 solvantur.
759 4013 826 4064 Et
861 4025 966 4080 pro
999 4007 1124 4061 vivo
1156 4007 1418 4060 Romano
1459 4006 1729 4078 pontifice
1764 4006 1836 4060 ad
1877 4007 2011 4061 mis-

410 4120 539 4158 sam
569 4099 780 4155 amodo
809 4097 968 4153 omni
997 4095 1089 4150 die
1112 4111 1228 4148 una
1252 4095 1490 4148 collecta
1511 4093 1630 4151 fiat.
1665 4094 1940 4149 Similiter
1958 4099 2015 4150 et

413 4209 516 4263 pro
549 4186 852 4244 defunctis.
882 4185 938 4240 Si
972 4184 1096 4255 quis
1113 4187 1308 4237 autem
1334 4184 1642 4238 temerario
1670 4201 1830 4252 ausu,
1860 4184 2014 4256 quod

417 4278 540 4333 fieri
579 4292 697 4331 non
730 4273 1035 4340 credimus,
1074 4276 1275 4328 contra
1305 4272 1472 4343 hujus
1503 4278 1712 4328 nostra:
1751 4274 2016 4346 apostoli-

416 4383 495 4421 σω
529 4361 987 4419 confirmationis
1025 4361 1232 4416 seriem
1264 4361 1458 4416 venire
1496 4366 1595 4415 aut
1623 4379 1795 4434 agere
1827 4365 2013 4415 tenta-

2156 1974 2433 2028 I‘ontificii
2454 1975 2630 2028 nostri
2649 1992 2782 2029 cura
2797 1993 2898 2029 nos
2913 1980 3076 2046 urget
3091 1977 3414 2029 sanctarum
3437 1973 3709 2028 omnium

2104 2062 2203 2118 Dei
2250 2063 2625 2116 Ecclesiarum
2661 2063 3000 2118 utilitatibus
3034 2065 3224 2118 favere
3267 2081 3352 2129 ac,
3386 2063 3712 2116 secundum

2105 2151 2257 2223 quod
2295 2168 2651 2222 unaquzeque
2680 2153 2735 2205 in
2757 2153 2992 2222 proprio
3015 2157 3162 2206 statu
3182 2168 3456 2206 mansura
3469 2152 3714 2216 sit,con-

2106 2255 2316 2309 gruum
2345 2239 2424 2292 eis
2456 2239 2752 2310 impertire
2767 2240 3438 2310 suffragium.Quocirca,
3464 2237 3719 2292 dilectis-

2106 2327 2248 2380 sime
2277 2327 2377 2388 fili,
2406 2328 2604 2380 omnia
2621 2345 2748 2398 qua:
2771 2346 2803 2382 a
2829 2329 3340 2398 praedecessoribus
3353 2326 3562 2382 nostris
3576 2327 3715 2396 jure

2107 2432 2171 2468 ac
2197 2415 2614 2469 rationabiliter
2651 2416 2735 2468 tui
2763 2418 3115 2486 postulavere
3160 2431 3551 2486 praecessores,
3605 2413 3716 2467 tibi

2106 2503 2329 2573 tuisque
2358 2504 2774 2558 successoribus
2813 2508 3091 2575 perpetuo
3130 2505 3563 2559 confirmamus.
3593 2502 3714 2556 Mo-

2107 2591 2420 2645 nasterium
2435 2609 2572 2662 ergo
2600 2593 2898 2658 li‘uldense,
2914 2593 3067 2664 quod
3089 2592 3478 2646 sanctissimus
3498 2590 3715 2646 Christi

2108 2685 2328 2751 martyr
2353 2681 2674 2734 Bonifacius
2697 2681 2963 2752 primitus
2995 2681 3328 2747 construxit,
3349 2684 3406 2734 et
3423 2697 3631 2751 regum
3645 2695 3715 2734 ac

2106 2769 2430 2840 principum
2447 2769 2698 2822 donariis
2724 2771 3082 2842 propriisque
3095 2770 3462 2824 facultatibus
3482 2769 3714 2841 magni-

2108 2857 2212 2910 fice
2244 2857 2459 2921 ditavit,
2489 2873 2626 2910 cum
2655 2858 2924 2912 omnibus
2940 2859 3115 2925 cellis,
3138 2857 3406 2925 ecclesiis,
3431 2857 3714 2923 curtibus,

2108 2944 2438 3016 cunctisque
2465 2945 2536 2999 ad
2566 2963 2624 2999 se
2651 2948 3071 3016 pertinentibus
3096 2947 3200 3000 tibi
3228 2946 3406 3001 nostri
3429 2945 3718 3018 privilegii

2110 3032 2494 3104 praeceptione
2521 3033 2890 3089 concedimus
2909 3039 2965 3089 et
2988 3035 3418 3101 confirmamus,
3436 3036 3498 3087 ut
3519 3035 3718 3087 nullus

2110 3122 2243 3176 inde
2275 3122 2498 3176 futurus
2541 3123 2718 3178 abbas
2747 3124 3241 3179 consecrationem
3275 3139 3532 3195 unquam
3568 3139 3718 3194 prae-

2110 3215 2302 3266 sumat
2353 3211 2608 3281 accipere
2649 3212 2754 3265 nisi
2785 3213 2854 3266 ab
2886 3213 2990 3267 hac
3023 3212 3156 3266 sede
3183 3211 3518 3283 apostolica.
3552 3213 3713 3266 [nter

2109 3317 2202 3354 om
2214 3300 2306 3354 nia
2318 3300 2636 3354 Germaniae
2653 3301 2912 3355 coenobia
2925 3301 3179 3372 primum
3197 3300 3462 3354 ordinem
3475 3299 3717 3354 sedendi

2110 3389 2222 3442 sive
2233 3389 2532 3458 judicandi
2549 3392 2604 3442 et
2625 3389 2929 3443 concilium
2956 3388 3208 3443 habendi
3232 3387 3333 3442 tibi
3350 3388 3578 3459 tuisque
3596 3404 3718 3442 suc-

2109 3477 2426 3531 cessoribus
2457 3477 2841 3531 attribuimus.
2876 3477 3022 3530 Nulli
3054 3477 3479 3548 episcoporum,
3523 3475 3716 3530 archi-

2110 3566 2533 3637 episcoporum,
2569 3566 3025 3638 patriarcharum
3057 3570 3300 3633 temere,
3335 3565 3442 3619 nisi
3469 3582 3503 3619 a
3549 3565 3716 3620 vobis

2110 3660 2341 3728 accepta
2367 3656 2616 3721 licentia,
2640 3672 2810 3726 super
2830 3657 3008 3710 altare
3041 3655 3208 3710 vestri
3240 3655 3545 3727 patrocinii
3576 3655 3716 3710 mis-

2111 3761 2303 3799 sarum
2329 3743 2612 3798 solemnia
2637 3745 2928 3798 celebrare
2979 3743 3164 3798 liceat.
3203 3743 3420 3798 Nullius
3460 3760 3717 3814 persona

2112 3833 2384 3904 principis
2438 3849 2622 3903 neque
2675 3835 2863 3887 totum
2912 3849 3100 3904 neque
3152 3836 3381 3903 partem
3439 3833 3510 3887 de
3541 3833 3717 3887 rebus

2113 3921 2450 3978 monasterii
2481 3921 2647 3975 alicui
2684 3921 3018 3976 mortalium
3057 3922 3304 3976 subdere
3343 3923 3432 3976 vel
3479 3922 3587 3976 sub
3627 3921 3720 3976 beo

2115 4011 2302 4066 nelicii
2341 4010 2579 4064 nomine
2619 4009 2754 4064 dare
2790 4014 3126 4080 praesumat,
3171 4009 3270 4065 sed
3301 4011 3406 4066 soli
3439 4011 3722 4066 Romanae

2114 4099 2235 4153 sedi
2272 4084 2602 4169 specialiter.
2638 4097 2933 4153 Fuldensis
2985 4098 3224 4153 ecclesia
3268 4114 3501 4171 semper
3538 4099 3724 4154 libera

2113 4202 2427 4258 securaque
2459 4185 2760 4241 deserviat.
2796 4185 2874 4252 Si,
2909 4187 3063 4258 quod
3115 4186 3282 4254 absit,
3314 4185 3520 4257 aliquis
3547 4187 3724 4241 abbas

2115 4277 2186 4332 de
2218 4280 2402 4331 vestro
2452 4275 2802 4331 monasterio
2835 4275 3028 4347 aliquo
3062 4275 3305 4330 crimine
3332 4275 3568 4330 infamis
3594 4276 3724 4330 fue-

2115 4365 2210 4430 rit,
2261 4363 2664 4420 constituimus
2726 4379 2792 4417 ac
2846 4362 3216 4434 praecipimus
3275 4366 3338 4417 ut
3385 4363 3728 4434 pulsationis

421 4453 591 4519 verit,
625 4451 764 4506 sciat
817 4467 874 4504 se
920 4449 1140 4504 domini
1172 4449 1351 4505 nostri
1385 4452 1777 4522 apostolorum
1809 4450 2017 4522 princi-
2043 4473 2093 4531 D
2112 4451 2395 4524 judicium
2442 4469 2560 4507 non
2602 4451 2832 4514 sentiat,
2881 4452 3064 4506 donec
3103 4468 3138 4506 a
3179 4456 3377 4506 nostra
3409 4453 3725 4524 apostolica

417 4543 505 4617 pis
535 4540 689 4595 Petri
730 4537 1112 4594 anathematis
1141 4539 1364 4594 vinc’ulo
1415 4540 1781 4606 innodatum,
1805 4543 1862 4592 et
1887 4556 2018 4594 cum

419 4631 650 4686 diabolo
675 4633 731 4683 et
756 4629 878 4698 ejus
892 4628 1262 4682 atrocissimis
1283 4629 1710 4700 pompis,atque
1734 4629 2022 4684 cumJuda

420 4719 699 4774 traditore
723 4717 953 4772 Domini
979 4721 1036 4771 et
1066 4716 1372 4771 Salvatoris
1392 4717 1522 4770 Jesu
1545 4716 1748 4770 Christi
1766 4718 1822 4771 iu
1855 4721 2020 4772 mter-

425 4825 566 4862 num
613 4807 811 4878 ignem
850 4803 1378 4871 concremandum;
1412 4804 1582 4857 simul
1622 4807 1679 4857 et
1710 4805 1767 4858 in
1797 4808 2021 4878 voragi-

424 4912 559 4952 nem
578 4898 890 4950 tartaream
907 4894 1186 4948 demissus
1198 4909 1328 4947 cum
1347 4892 1423 4946 im
1435 4892 1540 4962 piis
1565 4893 2027 4950 deficiat.Admo-

425 4987 562 5042 dum
587 4988 790 5040 notum
809 4984 881 5039 sit
899 4983 1168 5038 omnibus
1183 4981 1386 5036 Christi
1403 4981 1843 5055 fidelibus,quod
1865 4985 2027 5040 siboc

425 5077 778 5146 praeceptum
791 5088 986 5126 meum
1007 5087 1123 5124 non
1145 5071 1395 5142 potuerit
1415 5071 1521 5126 ista
1539 5073 2029 5144 stabilitate,quod

427 5163 592 5230 absit,
628 5161 978 5218 mternaliter
993 5175 1335 5230 permanere
1360 5179 1373 5227 ;
1404 5178 1536 5215 mox
1558 5162 1772 5232 absque
1801 5161 2028 5216 univer-

430 5270 626 5309 sorum
678 5249 1137 5307 contradictione
1167 5253 1460 5305 rectorum
1494 5250 1600 5304 ista
1643 5250 1873 5305 abbatia
1924 5252 2029 5306 sub

430 5343 686 5412 praefata:
730 5335 1106 5409 ingenuitatis
1129 5337 1374 5404 honore,
1399 5338 1600 5392 redeat
1629 5338 1944 5393 liberaliter
1971 5339 2030 5393 in

429 5427 850 5500 proprietatem
885 5425 1144 5497 proximo
1175 5425 1392 5479 haeredi
1419 5425 1490 5479 de
1514 5425 1770 5495 przedicti
1806 5426 2031 5480 comitis

429 5514 697 5572 Aribonis
725 5531 957 5586 genere.
983 5517 1062 5568 Ea
1091 5515 1218 5586 lege
1252 5518 1311 5568 ut
1337 5530 1442 5568 nec
1473 5514 1591 5585 ipse
1635 5515 1867 5587 preprie
1908 5518 2032 5569 uta-

433 5609 548 5671 tur,
571 5603 670 5658 sed
699 5604 881 5659 fidelis
922 5604 994 5657 sit
1023 5607 1394 5656 conservator
1423 5601 1608 5658 donec
1663 5605 1875 5658 iterum
1919 5604 2030 5658 cle-

431 5696 661 5750 menter
687 5694 970 5749 habeatur
1019 5689 1163 5744 sicut
1200 5691 1326 5745 aliae
1365 5688 1630 5748 liberales
1666 5691 1916 5748 abbatiaa
1941 5710 2032 5748 re-

430 5782 546 5872 gali
577 5781 798 5856 tuitone
825 5777 1220 5859 providendae.
1253 5778 1362 5849 Qui
1386 5793 1522 5839 vero
1545 5784 1734 5839 custos
1763 5782 1821 5837 et
1835 5780 2035 5839 obser-

2121 4543 2253 4598 sede
2285 4541 2553 4596 audiatur
2597 4543 2654 4594 et
2709 4540 3090 4594 examinetur.
3135 4541 3325 4596 Liceat
3365 4541 3546 4596 etiam
3598 4541 3726 4610 tibi,

2121 4630 2453 4686 charissime
2498 4629 2599 4695 fili,
2671 4628 2894 4700 tuisque
2963 4628 3377 4684 successoribus
3421 4629 3732 4685 abbatibus

2125 4719 2382 4790 ejusdem
2414 4716 2748 4772 monasterii
2788 4716 3190 4788 episcoporum
3238 4733 3400 4773 more
3449 4720 3734 4790 apostoli-

2125 4827 2252 4864 cam
2283 4808 2478 4862 sedem
2525 4807 2598 4860 ad
2624 4806 3022 4862 defensionem
3068 4807 3150 4861 tui
3192 4810 3420 4878 tuaeque
3464 4808 3731 4866 Ecclesiae

2127 4897 2416 4968 appellare
2445 4911 2509 4949 ac
2542 4897 2746 4948 contra
2767 4911 2971 4949 omnes
2991 4897 3230 4950 aemulos
3256 4899 3474 4949 vestros
3515 4897 3730 4955 Roma-

2129 5005 2218 5041 me
2269 4983 2586 5054 majestatis
2631 4987 2788 5038 scuto
2839 4999 2935 5037 vos
2987 4985 3306 5038 defensare.
3355 4986 3734 5043 Decernimus

2129 5077 2237 5130 hoc
2267 5089 2495 5145 quoque
2541 5071 2926 5126 deliberantes
2969 5075 3030 5126 ut
3070 5071 3339 5144 congruis
3373 5074 3735 5146 temporibus

2132 5167 2341 5217 nostra:
2373 5159 2741 5214 sollicitudini
2777 5159 3079 5215 intimetur
3104 5160 3352 5231 qualiter
3384 5161 3589 5232 religio
3617 5181 3740 5220 mo-

2133 5251 2351 5306 nastica
2376 5250 2624 5322 regulari
2653 5249 2852 5304 habitu
2876 5249 3163 5320 dirigatur
3187 5253 3245 5305 et
3283 5252 3595 5306 concordia
3620 5253 3735 5308 fra-

2133 5345 2286 5394 trum
2341 5338 2716 5393 ecclesiastico
2757 5337 2942 5392 studio
3003 5338 3376 5406 custodiatur,
3433 5356 3508 5394 ne
3561 5340 3735 5410 forte,

2135 5427 2290 5500 quod
2319 5427 2487 5494 absit,
2521 5427 2625 5482 sub
2669 5426 2839 5497 hujus
2888 5425 3172 5497 privilegii
3222 5427 3464 5482 obtentu
3507 5429 3737 5484 animus

2133 5533 2472 5590 gressusque
2504 5514 2863 5570 rectitudinis
2879 5517 3080 5570 vestrae
3100 5533 3133 5570 a
3159 5531 3369 5570 norma
3390 5517 3636 5587 justitiae
3656 5533 3739 5572 re-

2134 5608 2490 5676 torqueatur.
2532 5603 2956 5672 Interdicimus,
2981 5607 3039 5658 et
3064 5605 3170 5660 hoc
3189 5606 3508 5660 secundum
3537 5606 3738 5660 decre-

2133 5697 2260 5749 tum
2292 5693 2577 5747 Zacharias
2601 5691 2976 5746 antecessoris
3006 5693 3208 5762 nostri,
3246 5711 3318 5750 ne
3359 5695 3479 5749 ulla
3516 5693 3742 5750 femina

2137 5783 2292 5840 idem
2305 5779 2729 5839 monasterium
2739 5779 3117 5854 ingrediatur.
3140 5782 3254 5840 Sed
3278 5785 3338 5840 et
3349 5782 3464 5842 hoc
3475 5795 3743 5863 summm.
