3918 6230
147 476 247 543 Ῠῖέ

989 495 1230 558 SECTIO
1261 498 1420 556 11.-
1442 493 1800 556 ΕΡῙΞΤΟῘΛΕ

1949 491 2348 554 ῡιιιιοιιΑτΑ
2377 492 2788 554 PONTIEICIA.

3431 491 3540 559 27L

167 615 732 692 perepracipimus
751 627 815 680 et
839 640 1286 682 commonemus
1315 627 1376 678 ut
1403 625 1589 678 nullus
1603 623 1671 679 de
1685 621 1834 678 redi-
1854 626 1908 686 Α
1930 623 2015 677 vel
2046 623 2150 677 hac
2181 621 2478 677 occasione
2518 622 2576 676 in
2607 619 2944 694 improperii
2987 623 3191 677 contra
3248 623 3304 677 te
3359 625 3536 680 verba

191 706 330 763 tibus
349 710 410 764 et
438 709 660 766 fundis
677 715 782 769 vel
807 715 1051 770 decimis
1066 714 1398 785 casterisque
1416 713 1669 768 fidelium
1683 713 1838 766 obla-

202 798 448 856 tionibus
491 816 527 855 a
553 807 778 858 sancto
806 802 1100 857 Bonifacio
1119 805 1370 872 martyre
1390 800 1698 872 multisque
1713 800 1835 854 aliis

217 889 564 963 principibus
585 891 715 946 Deo
746 891 975 946 ibidem
990 890 1192 944 oblatis
1217 889 1430 960 aliquid
1460 892 1668 961 pueter
1692 889 1831 959 legi-

216 981 350 1036 tima
377 979 867 1033 ministerialium
890 979 1169 1034 beneficia
1197 979 1420 1032 auferat
1446 979 1532 1031 vel
1565 976 1830 1047 cuiquam

215 1072 464 1142 prazstet,
499 1067 600 1122 sed
617 1067 771 1122 sicut
786 1068 990 1122 beatus
1010 1067 1102 1121 ille
1115 1070 1388 1137 patronus
1407 1069 1592 1119 vester
1621 1064 1829 1119 consti-

215 1157 342 1223 tuit,
373 1155 578 1210 omnia
606 1156 729 1210 sint
775 1159 902 1210 rata
934 1158 991 1208 et
1020 1155 1302 1220 ordinata,
1330 1157 1451 1208 tam
1483 1170 1551 1207 ea
1581 1169 1706 1224 qum
1760 1153 1830 1207 ad

210 1244 496 1315 hospitale
509 1260 842 1316 pauperum
863 1247 921 1298 et
950 1247 1173 1314 portam
1197 1242 1485 1312 hospitum
1514 1257 1688 1312 quam
1704 1258 1830 1311 quas

209 1333 283 1388 ad
315 1335 692 1388 necessitates
721 1333 968 1388 fratrum
991 1332 1282 1404 pertinere
1329 1331 1611 1384 videntur.
1647 1331 1832 1400 Super

203 1423 330 1477 haec
349 1423 558 1478 omnia
569 1423 974 1478 constituimus
986 1438 1088 1492 per
1102 1421 1270 1490 hujus
1283 1419 1495 1474 decreti
1532 1419 1826 1490 paginam,

203 1527 387 1582 quam
417 1511 769 1565 auctoritate
790 1511 1065 1581 principis
1099 1509 1494 1580 apostolorum
1526 1507 1832 1562 confirma-

198 1616 362 1660 mus,
391 1602 458 1653 ut
487 1599 534 1654 si
577 1599 705 1670 quis
755 1599 903 1652 hanc
934 1597 1212 1669 privilegii
1245 1595 1425 1650 nostri
1457 1596 1717 1649 chartam
1745 1598 1828 1648 te-

195 1703 443 1742 merare
471 1687 707 1753 audeat,
749 1688 1061 1741 anathema
1089 1684 1162 1740 sit
1189 1689 1246 1739 et
1274 1685 1417 1738 iram
1444 1683 1538 1738 Dei
1562 1684 1826 1754 omnipo-

191 1777 381 1830 tentis
396 1775 708 1830 incurrens
721 1779 916 1830 accetu
932 1777 1260 1829 sanctorum
1274 1772 1826 1837 excommunicetur,

191 1868 258 1918 et
289 1863 682 1918 nihilominus
714 1863 939 1934 praefati
969 1861 1301 1917 monasterii
1336 1861 1586 1932 dignitas
1615 1859 1827 1914 anobis

191 1950 440 2006 indulta
468 1951 890 2024 perpetualiter
921 1950 1190 2005 inviolata
1216 1951 1577 2020 permaneat.

271 2041 580 2114 Scriptum
610 2059 716 2113 per
747 2058 952 2095 manus
971 2039 1202 2094 Antonii
1235 2039 1442 2093 notarii
1475 2037 1826 2093 ctscriniarii

187 2134 421 2185 sanctae
449 2131 736 2185 Romanae
770 2129 1052 2183 Ecclesiae.
1083 2130 1233 2182 Bene
1261 2129 1465 2182 valete.

269 2219 497 2273 Datum
530 2236 569 2272 ιι
599 2219 722 2272 Kal.
753 2218 986 2272 Januar.
1021 2234 1124 2289 per
1151 2233 1392 2271 manum
1422 2218 1658 2272 Joannis
1703 2217 1823 2289 epi-

187 2306 362 2379 scopi
397 2309 620 2362 sanctae
646 2305 986 2360 Albanensis
1016 2305 1274 2360 Ecclesiae
1303 2309 1361 2360 et
1409 2305 1825 2360 bibliothecarii

187 2394 769 2468 sanctuaapostolicze
783 2394 1259 2460 sedis,anno,Deo
1272 2393 1826 2466 propitio,pontifica

183 2488 287 2538 tus
318 2483 804 2538 domuiSilvestri
826 2482 1073 2554 junioris
1102 2499 1264 2556 papa:
1291 2482 1825 2555 prima,imperante

195 2573 432 2628 domno
464 2573 680 2628 Ottone
705 2574 804 2627 111°
829 2571 1086 2645 paciﬁco,
1118 2571 1348 2644 imperii
1379 2572 1501 2641 ejus
1532 2589 1685 2628 anno
1711 2574 1825 2636 111°,

194 2661 536 2717 indictione
568 2678 686 2716 xm.

985 2769 1073 2821 Ill.

202 2857 474 2936 Silqester
499 2855 1005 2936 IIRapa__4rnul/o
1026 2855 1290 2936 Hennensi,
1323 2857 1636 2936 quibusdam
1659 2875 1831 2936 exces-

279 2929 436 2982 sibus
451 2927 770 2998 pontiﬁcali
796 2927 990 2980 honore
1010 2930 1246 2998 privato,
1273 2927 1400 2997 quia
1426 2927 1539 2996 ejus
1567 2929 1830 2984 abdicatio

278 2998 539 3053 Romano
565 3014 783 3070 assensu
813 2999 1069 3070 caruerit,
1098 2998 1392 3070 n_concedit
1421 3005 1498 3062 ut,
1523 3007 1723 3070 recepto
1744 3001 1832 3054 ba-

275 3071 402 3125 culo
434 3077 485 3124 et
503 3069 727 3135 annulo,
743 3068 1167 3138 archiepiscopali
1181 3069 1359 3137 ofﬁcio
1369 3068 1642 3139 fungatur
1655 3078 1702 3124 et
1719 3089 1833 3125 0m-

275 3141 444 3194 nibus
473 3141 780 3210 insignibus
794 3139 944 3192 solito
960 3156 1100 3193 more
1118 3141 1457 3209 perfruatur.
1480 3173 1550 3184 —
1574 3140 1833 3197 Ecclesiae

274 3211 558 3268 Emensis
570 3211 864 3282 privilegia
889 3211 1187 3280 conﬁrmat.

857 3318 1042 3388 (Anno
1069 3317 1196 3389 999)

399 3416 750 3488 [Duchesne,
776 3413 926 3468 Hist.
961 3413 1137 3469 Franc
1165 3417 1370 3486 script,
1400 3416 1466 3481 ll,
1497 3417 1640 3486 843.]

200 3524 514 3580 SILVESTBR
554 3521 880 3594 episcopus,
934 3538 1124 3576 servus
1177 3539 1477 3576 servorum
1516 3521 1638 3588 Dei,
1686 3523 1827 3578 dile-

198 3617 294 3668 cto
329 3614 392 3668 in
416 3611 648 3667 Christo
678 3610 796 3664 ﬁlio
819 3611 1077 3664 ARNULFO
1091 3614 1303 3665 sanctae
1329 3611 1627 3666 Remeusis
1645 3612 1829 3666 Eccle-

195 3702 301 3757 size
338 3699 804 3772 archiepiscopo.

270 3789 600 3864 Apostolici
632 3787 902 3842 culminis
933 3789 1018 3842 est
1044 3803 1160 3842 non
1205 3789 1391 3842 solum
1460 3788 1828 3859 peccantibus

195 3879 539 3944 consulere,
565 3893 766 3931 verum
797 3875 971 3930 etiam
1003 3877 1192 3947 lapsos
1221 3876 1465 3947 erigere,
1501 3880 1558 3930 et
1584 3877 1830 3948 propriis

195 3966 473 4039 privatos
502 3965 783 4037 gradibus
802 3968 1084 4036 reparatae
1100 3964 1396 4036 dignitatis
1414 3965 1735 4037 insignibus
1749 3965 1832 4020 in-

195 4055 471 4110 formare
497 4072 512 4123 ;
551 4056 613 4108 ut
639 4057 696 4107 et
719 4055 888 4108 Petro
914 4053 1167 4108 solvendi
1188 4054 1368 4108 libera
1401 4054 1473 4107 sit
1494 4057 1832 4126 potestas,et

193 4142 492 4198 Romana:
507 4141 710 4213 gloria
726 4140 938 4213 ubique
955 4141 1173 4212 fulgeat
1191 4141 1696 4213 dignitas.0uapro
1703 4145 1830 4214 pter

196 4231 314 4287 tibi
343 4229 595 4286 Arnulfo
622 4229 891 4284 Remensi
913 4229 1338 4300 archiepiscopo
1372 4229 1718 4302 quibusdam
1740 4247 1830 4286 ex-

197 4317 789 4391 cessibuspontilicali
801 4318 1023 4372 honore
1038 4317 1258 4389 privato
1271 4317 1571 4373 subvenire
1585 4319 1826 4390 dignum

200 4409 574 4475 duximus,ut
604 4406 740 4478 quia
768 4409 862 4460 tua
883 4405 1168 4460 abdicatio
1202 4407 1464 4461 Romano
1489 4424 1718 4462 assensu
1734 4424 1827 4461 ca-

1935 711 2296 778 exardcscat;
2330 711 2428 764 sed
2447 714 2641 765 nostra
2655 714 2708 764 te
2733 711 2942 782 ubique
2957 711 3263 765 auctoritas
3286 711 3532 779 muniat,

1934 799 2156 852 etiamsi
2189 798 2550 853 conscientiae
2578 802 2767 853 reatus
2793 803 3072 853 accurrat.
3104 799 3531 855 Conlirmamus

1934 887 2168 958 insuper
2197 887 2298 941 tibi
2331 891 2387 941 et
2416 887 2787 941 concedimus
2817 888 3370 959 archiepiscopatum
3424 890 3530 943 Re-

1932 992 2194 1029 mensem
2227 976 2284 1029 in
2316 975 2629 1045 integrum,
2663 992 2795 1029 cum
2817 976 3088 1031 omnibus
3109 977 3532 1048 episcopalibus

1933 1063 2036 1117 sibi
2067 1064 2352 1134 subjectis,
2385 1081 2482 1117 seu
2514 1080 2644 1117 cum
2669 1064 2937 1120 omnibus
2967 1065 3536 1137 monasteriis,plebi-

1932 1153 2057 1218 bus,
2090 1153 2268 1206 titulis
2307 1157 2363 1206 et.
2414 1153 2662 1224 capellis,
2718 1158 2888 1225 atque
2943 1155 3212 1220 cortibus,
3269 1155 3534 1222 castellis,

1930 1241 2092 1307 villis,
2126 1242 2425 1308 casalibus,
2454 1247 2511 1294 et
2540 1258 2669 1296 cum
2723 1242 2991 1297 omnibus
3019 1243 3188 1297 rebus
3214 1244 3286 1297 ad
3341 1245 3530 1298 Eccle-

1930 1329 2074 1383 siam
2111 1331 2451 1384 Rcmensem
2476 1330 2916 1401 pertinentibus,
2941 1333 3091 1385 salvo
3137 1335 3194 1386 et
3221 1332 3530 1388 inviolabili

1930 1421 2275 1472 testamento
2306 1419 2453 1472 beati
2485 1419 2730 1490 Remigii
2763 1421 3114 1474 Francorum
3128 1421 3389 1492 apostoli.
3412 1422 3533 1476 Sta-

1930 1512 2156 1561 tuentes
2185 1508 2502 1577 apostolica
2531 1525 2775 1562 censura
2799 1509 2902 1562 sub
2934 1508 3106 1562 divini
3128 1509 3326 1578 judicii
3367 1511 3530 1564 obte-

1929 1595 2195 1660 statione,
2233 1599 2291 1649 et
2319 1596 3149 1663 anathematisinterdictione,
3170 1601 3230 1651 ut
3253 1599 3391 1652 nulli
3425 1615 3531 1652 un-

1929 1701 2102 1755 quam
2138 1688 2467 1739 nostrorum
2493 1702 2878 1740 successorum
2906 1686 3266 1757 pontificum,
3295 1689 3378 1741 vel
3407 1687 3532 1741 alia:

1927 1771 2196 1842 quielibet
2222 1789 2449 1841 magna:
2481 1791 2782 1844 parvasque
2824 1791 3083 1845 personae
3116 1776 3222 1828 hoc
3269 1780 3530 1831 nostrum

1927 1859 2288 1930 privilegium
2309 1860 2622 1931 infringere
2643 1862 2829 1915 liceat.
2862 1862 2917 1916 Si
2943 1863 3067 1933 quis
3086 1879 3240 1928 vero,
3265 1864 3417 1934 quod
3436 1865 3534 1918 ab-

1851 1943 1902 2002 B
1925 1946 2016 2012 sit,
2043 1947 2149 2001 hoc
2170 1949 2494 2002 Romanum
2509 1949 2804 2003 decretum
2819 1950 3029 2004 violare
3057 1951 3528 2018 tentavcrit,ana-

1927 2037 2124 2090 thema
2166 2036 2254 2090 sit.

2689 2128 2773 2180 ιν.

1924 2212 2169 2269 Silvestri
2204 2213 2271 2268 ΙΙ
2285 2232 2443 2286 papa!
2482 2216 2694 2285 epistola
2723 2215 2786 2268 de
2837 2215 3086 2269 electione
3141 2216 3430 2272 Theotardi
3475 2221 3532 2274 in

2374 2289 2669 2357 episcopum
2717 2288 3080 2341 Am’ciensem.

2542 2373 2732 2445 (Anno
2761 2375 2909 2444 999.)

2168 2461 2360 2530 [Mansi
2393 2462 2620 2529 Concil.,
2655 2465 2799 2518 tom.
2833 2465 2959 2530 XIX,
3000 2465 3106 2521 col.
3144 2466 3291 2536 24-4.]

1999 2550 2292 2605 SILVES'I'ER
2345 2568 2540 2606 servus
2565 2568 2858 2607 servorum
2886 2553 3008 2618 Dei,
3052 2553 3416 2609 dilectissimo
3475 2554 3534 2612 in

1928 2639 2174 2694 Domino
2205 2639 2322 2695 filio
2351 2641 2698 2708 Tucoranno,
2733 2646 2942 2696 sanctae
2973 2641 3320 2697 Vallavensis
3350 2643 3538 2698 Eccle-

1929 2728 2026 2782 siae
2057 2728 2146 2799 cpi
2180 2745 2344 2799 copo.

2001 2817 2234 2881 Quoties
2256 2818 2600 2888 quaestiones
2619 2837 2686 2874 ex
2714 2819 2952 2875 adverso
2987 2820 3272 2886 oriuntur,
3307 2822 3538 2892 oportet

1929 2909 1992 2960 ut
2021 2907 2280 2977 synodali
2297 2908 2536 2962 concilio
2560 2909 3075 2981 finisquzcratur,et
3097 2910 3410 2965 secundum
3445 2927 3535 2982 sy-

1930 2997 2199 3052 nodalem
2218 2997 2798 3069 deﬁnitionem,quod
2811 3002 3088 3053 statutum
3108 2999 3370 3054 fueritim
3381 3001 3535 3072 plea-

1930 3089 2042 3142 tur.
2069 3086 2370 3153 Quocirca,
2399 3086 2536 3157 quia
2565 3090 2787 3142 constat
2813 3105 2877 3142 ex
2900 3089 3155 3159 generali
3183 3090 3402 3160 synodo
3429 3090 3534 3143 ha-

1930 3175 2170 3246 bita(38)
2193 3175 2779 3246 Romae,Stephanum
2800 3180 2910 3231 tua:
2930 3177 3190 3232 Ecclesiae
3209 3179 3530 3232 invasorem

1930 3281 1964 3318 a
1995 3264 2410 3335 praedecessore
2438 3268 2634 3319 nostro
2657 3267 2928 3335 Gregorio
2949 3266 2990 3317 V
3015 3266 3144 3335 jure
3172 3267 3534 3332 damnatum,

1929 3356 1988 3406 et
2019 3353 2090 3407 ab
2119 3352 2280 3406 omni
2307 3353 2644 3406 sacerdotali
2663 3353 2853 3407 ofﬁcio
2885 3354 3534 3426 depositum,quodGui-

1929 3440 2080 3495 done
2094 3440 2316 3494 vivente
2341 3440 2609 3511 episcopo
2623 3442 2902 3495 avunculo
2922 3443 2980 3494 et
2997 3442 3416 3512 prmdecessore
3434 3460 3534 3499 suo

1926 3529 1998 3583 sit
2030 3528 2389 3593 electus,sine
2433 3528 2570 3582 cleri
2601 3532 2658 3582 et
2684 3528 2878 3598 populi
2911 3529 3225 3596 voluntate,
3249 3533 3307 3583 et
3356 3547 3389 3584 a
3412 3532 3538 3602 qui-

1927 3615 2168 3673 busdam
2184 3618 2410 3670 tantum
2425 3615 2706 3686 episcopis
2719 3616 2776 3669 in
2791 3609 3122 3687 episcopum
3139 3620 3266 3687 post
3279 3617 3326 3686 ej
3339 3634 3400 3671 us
3418 3634 3542 3672 mo-

1927 3708 2076 3759 rtem
2107 3703 2178 3758 sit
2207 3702 2523 3768 ordinatus,
2548 3706 2605 3758 et
2635 3703 2768 3775 quia
2809 3703 2867 3757 in
2898 3720 2965 3756 ea
2989 3704 3210 3774 synodo
3230 3704 3447 3758 clericis
3477 3705 3536 3760 in

1927 3792 2246 3848 Vallavensi
2266 3791 2502 3846 ecclesia
2522 3793 2640 3847 Deo
2659 3790 3331 3857 famulantibus,liccntia
3359 3792 3537 3848 alium

1929 3880 2532 3952 eligendiepiscopum
2561 3880 2719 3951 prius
2750 3879 3343 3946 concessa,decretum
3367 3882 3453 3934 est
3479 3883 3542 3936 ut

1929 3987 2130 4026 eorum
2155 3971 2367 4025 electus
2383 3986 2415 4023 a
2433 3969 2696 4024 Romano
2718 3968 2987 4041 pontiﬁce
3009 3967 3066 4023 in
3086 3968 3419 4040 episcopum
3442 3985 3536 4023 or-

1931 4059 2313 4124 dinaretur,et
2327 4073 2457 4112 cum
2479 4061 2534 4112 te
2567 4058 2638 4112 ab
2659 4057 2876 4112 eisdem
2900 4058 3147 4112 electum
3167 4056 3538 4114 didicerimus

1929 4147 2058 4202 ideo
2091 4163 2294 4202 eorum
2311 4145 2576 4201 electioni
2591 4146 2818 4201 favente
2837 4146 3174 4202 auctoritate
3201 4146 3534 4218 apostolica,

1928 4239 1984 4290 te
2010 4236 2067 4291 in
2098 4236 2432 4307 episcopum
2452 4236 2992 4308 ordinamus,atque
3023 4235 3297 4308 pastorali
3327 4235 3536 4291 sollici-

1929 4325 2125 4380 tudine
2157 4328 2234 4391 te,
2280 4325 2459 4379 frater
2491 4324 2846 4391 charissime,
2906 4325 3209 4381 hortamur
3255 4329 3315 4380 ut
3339 4323 3535 4380 solerti

1927 4430 2062 4468 cura
2079 4429 2317 4485 gregem
2336 4413 2439 4467 tibi
2459 4413 2834 4468 commissum
2851 4414 3533 4485 custodias,temetipsum

204 4499 346 4564 ruit,
381 4497 665 4551 Romanae
687 4493 914 4565 pietatis
945 4511 1186 4548 munere
1209 4495 1461 4548 credaris
1478 4511 1640 4566 posse
1669 4512 1831 4568 repa-
1852 4519 1902 4578 ι)
1928 4502 2006 4556 sic
2035 4501 2093 4555 in
2124 4501 2290 4557 bonis
2311 4502 2580 4570 operibus
2602 4501 2892 4572 disponas,
2927 4506 3060 4570 ctc.,
3097 4507 3159 4558 ut
3181 4503 3228 4556 si
3258 4502 3382 4574 quis
3412 4501 3533 4575 cpi-

204 4585 348 4642 rari.
383 4586 481 4639 Est
508 4583 666 4638 enim
699 4585 874 4638 Petro
891 4599 958 4636 ea
981 4600 1210 4637 summa
1239 4583 1498 4649 facultas,
1549 4583 1620 4637 ad
1653 4601 1826 4655 quam

206 4675 372 4729 nulla
405 4673 743 4728 mortalium
777 4671 1121 4743 mquiparari
1138 4673 1324 4726 valeat
1340 4671 1600 4726 felicitas.
1621 4675 1832 4728 Conce-

209 4764 408 4818 dimus
437 4778 578 4832 ergo
605 4776 710 4832 per
741 4760 911 4830 hujus
938 4759 1220 4830 privilegii
1244 4761 1425 4815 nostri
1462 4763 1694 4823 statuta,
1725 4760 1827 4816 tibi

209 4852 420 4906 baculo
451 4855 511 4904 et
540 4850 759 4903 annulo
817 4847 1074 4913 redditis,
1115 4848 1583 4920 archiepiscopali
1640 4849 1828 4904 ofﬁcio

213 4939 401 5012 fungi,
426 4942 486 4994 et
511 4937 787 4992 omnibus
815 4936 1136 5008 insignibus
1155 4954 1512 5009 quaecunque
1524 4937 1596 4992 ad
1618 4940 1828 4993 sanctae

216 5027 590 5100 metr0polim
608 5024 911 5080 Remensis
922 5024 1471 5098 ecclesimpertinent
1484 5026 1648 5081 solito
1667 5043 1829 5080 more

219 5117 451 5189 perfrui.
488 5115 670 5171 Pallio
703 5114 1168 5170 solemnitatibus
1199 5115 1424 5170 statutis
1449 5115 1825 5182 ularis,bene-

220 5206 524 5262 dictionem
545 5219 754 5275 regum
798 5202 1148 5258 Francorum
1199 5206 1257 5257 et
1304 5204 1404 5258 tibi
1437 5204 1826 5274 subjectorum

221 5295 615 5367 episcoporum
635 5291 988 5356 obtineas,et
1013 5309 1186 5346 omne
1235 5293 1633 5364 magisterium
1671 5294 1826 5365 quod

220 5384 294 5439 tui
309 5388 707 5439 antecessores
725 5379 986 5434 habuisse
1004 5380 1262 5448 visisunt,
1274 5387 1468 5436 nostra
1486 5383 1824 5438 auctoritate

223 5473 519 5545 apostolica
530 5467 1103 5543 geras.Praccipimus
1123 5469 1294 5525 etiam
1316 5475 1378 5524 ut
1398 5472 1586 5526 nullus
1615 5474 1828 5526 morta-

224 5563 347 5618 lium
370 5563 426 5618 in
441 5559 697 5634 synodo,
711 5556 880 5611 autin
907 5574 1244 5631 quacunque
1262 5561 1424 5632 parte
1447 5559 1826 5615 abdicationis

228 5657 325 5708 tua:
360 5653 588 5710 crimen
606 5647 717 5704 tibi
735 5662 967 5719 quoquo
985 5648 1161 5704 modo
1180 5665 1474 5721 opponere
1493 5652 1824 5722 praesumat,

291 5795 386 5863 (38)
415 5794 557 5851 Huic
591 5789 823 5863 synodo
855 5790 1262 5863 subscripserat
1292 5789 1560 5863 Silvestcr
1579 5793 1715 5863 tunc
1733 5804 1824 5843 ar-

251 5861 598 5942 hiepiscopus
621 5861 1045 5929 Ravennamsub
1074 5862 1309 5918 nomine
1339 5861 1618 5920 Gerberti.

1927 4607 2132 4662 scopus
2159 4595 2212 4645 te
2229 4591 2310 4644 vel
2327 4594 2490 4644 tuum
2506 4592 2696 4645 locum
2721 4607 2860 4645 ausu
2881 4592 3188 4647 temerario
3201 4607 3535 4647 excommu-

1930 4681 2121 4735 nicarc
2155 4679 2584 4752 praesumpserit
2616 4683 2715 4734 aut
2740 4681 3126 4736 anathematis
3143 4680 3366 4736 vinculo
3401 4680 3539 4736 irre-

1929 4769 2035 4824 tire
2063 4767 2388 4835 tentavcrit,
2415 4772 2611 4824 nostro
2649 4770 2829 4824 frctus
2858 4770 3180 4825 munimine
3225 4769 3406 4839 ipsam
3441 4785 3534 4823 ex-

1928 4856 2517 4914 communicationem
2550 4859 2948 4930 parvipendas.

2697 4947 2762 5005 ν.

1926 5038 2178 5094 Silvester
2207 5035 2274 5089 II
2316 5035 2442 5092 PP.
2489 5051 2696 5091 sacram
2732 5050 2975 5090 coronam
3018 5031 3279 5101 Stephano
3308 5028 3538 5100 Hunga-

1998 5145 2180 5183 rerum
2203 5127 2327 5180 duci
2351 5129 2536 5193 mittit,
2569 5143 2724 5198 quem
2750 5126 2891 5194 regio
2921 5137 3128 5193 quoque
3150 5119 3360 5172 nomine
3383 5120 3536 5174 coho-

1997 5223 2196 5282 nestat;
2231 5218 2494 5288 variisque
2538 5218 2788 5270 concessis
2799 5208 3534 5284 privilegiis,Strigoniensem

1994 5308 2263 5363 ecclesiam
2288 5307 2440 5374 regni
2465 5304 2792 5373 metropolim
2823 5301 3051 5354 instituit
3076 5298 3212 5371 (39).

2427 5392 2610 5451 (Anno
2641 5391 2820 5459 1000.)

1923 5485 2344 5558 [Cocquelines,
2401 5479 2873 5619 Bullarulmagtgnlz.
2892 5485 3046 5550 pont.
3081 5480 3243 5551 ampl.
3281 5480 3534 5547 Collect.,

2651 5593 2664 5619 ,
2811 5597 2817 5604 .

2651 5593 2664 5620 ’
2696 5593 2817 5607 υνν-

1999 5645 2296 5699 SILVESTER
2328 5640 2645 5712 episcopus,
2679 5657 2870 5696 servus
2902 5655 3194 5695 servorum
3247 5640 3369 5709 Dei,
3402 5641 3540 5696 ἓτε-

2004 5770 2107 5840 (39)
2143 5768 2531 5824 Cclcberrimo
2553 5768 2680 5824 huic
2715 5771 3098 5825 monumento
3125 5768 3294 5823 bulla:
3321 5784 3535 5822 nomen

1937 5858 2149 5915 addere
2183 5874 2301 5915 non
2333 5857 2624 5927 auserim;
2655 5859 2794 5917 illud
2826 5861 3019 5914 tamen
3045 5856 3138 5912 hic
3165 5855 3538 5913 referendum
