3918 6230
400 506 506 567 275

1081 496 1435 558 SILVESTRI
1469 499 1518 557 II
1553 494 1760 555 PAPJE
1800 491 1936 552 OPP
1963 490 2144 551 PARS
2177 491 2269 548 III.
2297 507 2366 534 -'-—
2396 489 2611 549 EPIST.
2641 488 2725 548 ET
2753 486 3030 550 DlPLOM.

3611 486 3722 550 2'76

396 645 577 689 PHANO
610 626 741 686 duci
764 623 1190 698 Hungariorum
1237 624 1481 678 salutem
1531 621 1588 674 et
1635 614 2010 691 apostolicam
2019 630 2072 691 Α
2096 628 2255 699 bere,
2289 648 2461 702 seque
2490 634 2700 686 sanctae
2733 631 3007 686 Romam,
3056 627 3471 701 Εοοιεεῑωηαω
3501 625 3702 700 subje;

398 718 888 778 benedictionem.

472 804 993 881 Legatinotabilitis
1018 803 1227 870 tum,in
1255 800 1457 874 primis
1474 815 1606 854 vero
1633 794 1996 851 charissimus

402 900 694 956 confrater
749 897 947 951 noster
994 893 1241 947 Astricus
1306 887 1644 944 venerabilis
1697 882 2001 939 Colicensis

405 989 724 1061 episcopus,
758 988 918 1040 tanto
946 982 1154 1053 majori
1185 997 1281 1036 cor
1309 983 1570 1034 nostrum
1593 975 1790 1030 laetitia
1807 973 2007 1026 affece-

403 1081 564 1144 runt,
594 1093 656 1132 ac
688 1073 901 1129 minori
927 1071 1181 1127 ofﬁcium
1204 1085 1370 1123 suum
1392 1067 1589 1121 labore
1613 1061 2008 1124 confecerunt,

410 1170 626 1238 quanto
650 1163 916 1219 divinitus
929 1158 1255 1232 praemoniti
1287 1153 1652 1228 cupidissimo
1679 1149 2014 1205 animoillo-

413 1273 545 1312 rum
574 1255 886 1310 adventum
902 1251 971 1305 de
991 1250 1190 1321 ignota
1217 1246 1382 1301 nobis
1405 1247 1578 1314 gente
1605 1238 2017 1311 praestolaban-

410 1350 525 1402 tur.
560 1343 712 1398 Felix
744 1339 977 1412 legatio,
1035 1354 1159 1410 quas
1213 1333 1420 1390 caelesti
1457 1332 1746 1402 prawenta
1789 1326 2014 1391 nuntio,

408 1437 585 1505 atque
643 1431 902 1502 angelico
937 1429 1283 1501 pertractata
1314 1420 1655 1484 ministerio,
1703 1417 1858 1488 prius
1916 1413 2016 1468 Dei

413 1523 683 1578 conclusa
711 1524 795 1575 est
825 1520 1057 1574 decreto
1090 1531 1265 1588 quam
1299 1530 1331 1567 a
1359 1511 1522 1566 nobis
1551 1508 1746 1562 audita
1803 1505 2018 1559 fuisset.

413 1611 555 1666 Vere
588 1627 695 1664 non
739 1608 980 1671 volentis,
1013 1619 1178 1676 neque
1232 1599 1514 1664 currentis,
1546 1595 1654 1661 sed,
1706 1592 2023 1648 secundum

413 1701 755 1772 Apostolun,
815 1695 1112 1750 miserantis
1143 1698 1215 1745 est
1263 1691 1370 1744 Dei
1413 1687 1586 1750 (Rom.
1617 1700 1692 1749 ιχ,
1723 1685 1783 1736 16
1811 1682 1827 1750 )
1855 1698 1866 1735 :
1902 1679 2020 1750 qui,

414 1767 560 1844 tevste
586 1787 842 1852 Daniele,
901 1789 1076 1836 mutat
1131 1786 1370 1849 tempore
1417 1781 1465 1828 et
1521 1779 1738 1826 aetates:
1775 1767 2023 1835 trans/ert

415 1893 581 1947 regna
611 1883 766 1948 atque
791 1873 1092 1936 constituit;
1124 1867 1316 1920 revelat
1323 1855 2022 1935 profunda,etabsc0ndita,

2099 724 2220 776 ctos
2252 737 2366 775 non
2400 722 2574 775 habet
2605 725 2666 775 ut
2694 720 3008 788 servos,sed
3046 722 3108 773 ut
3138 719 3285 774 ﬁlios
3310 717 3544 789 suscipit
3580 714 3717 772 uni-

2101 825 2313 874 versos,
2341 811 2595 864 subditos
2620 826 2740 864 esse
2773 808 3096 875 ostendere,
3140 802 3312 880 atque
3345 807 3402 861 in
3423 807 3716 862 catholica.

2105 900 2566 971 ﬁde,Christique
2581 898 2809 954 Domini
2826 915 2888 952 ac
2913 897 3220 952 Salvatoris
3235 895 3418 951 nostri
3435 895 3727 967 religione

2108 991 2357 1044 ﬁrmiter
2387 1004 2779 1058 perseverare,
2815 987 3202 1058 eamdemque
3256 989 3624 1058 promovere.
3659 984 3735 1040 Et

2116 1080 2249 1151 quia
2283 1078 2552 1133 nobilitas
2570 1080 2668 1131 tua
2688 1078 3083 1146 apostolorum
3103 1074 3349 1145 gloriam
3368 1073 3733 1151 aemulando,

2119 1167 2495 1239 apostolicum
2526 1183 2734 1220 munus
2763 1165 3048 1219 Christum
3065 1162 3458 1236 prmdicando,
3489 1162 3733 1233 ejusque

2121 1257 2294 1310 ﬁdem
2313 1254 2689 1327 propagando
2703 1268 2905 1325 gerere
2925 1269 3041 1307 non
3062 1251 3737 1322 estdedignatamostras

2122 1362 2254 1418 que,
2286 1348 2343 1398 et
2361 1342 2663 1397 sacerdotii
2720 1342 2885 1408 vices,
2946 1341 3210 1412 supplere
3259 1338 3495 1406 studuit,
3557 1341 3736 1410 atque

2124 1433 2514 1506 apostolarum
2534 1430 2854 1501 principem
2873 1445 2990 1500 pra:
3009 1427 3230 1482 caeteris
3249 1426 3622 1498 singulariter
3633 1427 3740 1480 ho-

2123 1537 2361 1591 norare;
2396 1520 2604 1574 idcirco
2635 1523 2693 1572 et
2719 1535 2823 1573 nos
2853 1517 3129 1589 singulari
3154 1518 3389 1588 insuper
3428 1514 3736 1588 privilegio

2125 1611 2521 1666 excellentiam
2554 1613 2712 1664 tuam
2747 1612 3095 1679 tuorumque
3148 1606 3493 1662 meritorum
3521 1605 3739 1660 intuitu

2124 1700 2404 1764 haeredes,
2443 1714 2508 1751 ac
2541 1713 2887 1752 successores
2932 1699 3060 1750 tuos
3099 1695 3410 1765 legitimos,
3439 1693 3557 1765 qui,
3592 1691 3742 1748 sicut

2127 1789 2343 1842 dictum
2370 1790 2473 1852 est,
2509 1786 2670 1840 electi
2705 1788 2875 1856 atque
2891 1801 2923 1838 a
2945 1784 3076 1838 sede
3095 1783 3410 1855 apostolica
3430 1768 3742 1854 approbati

2126 1876 2360 1942 fuerint,
2393 1891 2545 1929 nunc
2571 1876 2628 1928 et
2661 1873 2952 1945 perpetuis
2984 1871 3189 1927 futuris
3217 1871 3579 1942 temporibus
3606 1887 3746 1925 con-

415 1973 464 2022 et
491 1967 638 2020 novit
663 1939 724 2018 in
756 1961 976 2016 tenebris
1005 1958 1296 2012 constituta
1344 1953 1509 2022 (Dan.
1544 1966 1604 2015 ιι,
1639 1951 1727 2013 2i,
1757 1944 1868 2015 2‘2),
1895 1943 2028 2034 quia
2050 1939 2101 1996 B
2130 1939 2402 2019 decorafe
2433 1939 2746 2034 cupient'es’
2767 1939 2843 2016 ἰη
2865 1964 3168 2032 postquam
3200 1963 3283 2026 tu,
3319 1939 3376 2014 εἰ
3406 1959 3486 2013 illi
3521 1974 3746 2014 corona

415 2054 510 2110 lux
535 2069 665 2107 cum
694 2067 761 2105 eo
795 2051 900 2114 est,
932 2065 1069 2119 quae,
1100 2045 1246 2100 sicut
1267 2043 1433 2097 docet
1455 2040 1724 2102 Joannes,
1759 2033 2029 2086 illuminat

413 2159 624 2196 omnem
648 2141 911 2193 hominem
940 2137 1226 2189 venientem
1257 2133 1312 2185 in
1333 2131 1474 2183 hunc
1513 2125 1769 2179 mundum
1832 2122 2026 2180 (Joan.

417 2249 462 2298 I,
497 2230 574 2301 9).
604 2228 862 2284 Primum
887 2241 1024 2296 ergo
1063 2221 1278 2293 gratias
1301 2218 1525 2290 agimus
1556 2217 1671 2268 Deo
1688 2209 2033 2266 PatrietDo-

419 2319 583 2375 mino
615 2319 812 2372 nostro
833 2315 963 2369 Jesu
1028 2309 1278 2374 Christo,
1313 2305 1408 2377 qui
1440 2300 1798 2373 temporibus
1827 2294 2035 2352 nostris

417 2406 638 2465 invenit
668 2403 775 2459 sibi
834 2401 1012 2458 David
1040 2398 1222 2453 ﬁlium
1266 2396 1481 2464 Geysaa,
1510 2388 1812 2444 hominem
1840 2399 2036 2439 secun-

430 2500 570 2553 dum
600 2511 700 2550 cor
727 2487 982 2556 suum,et
1004 2483 1485 2542 luceirradiatum
1508 2475 1720 2533 cmlesti
1743 2471 2032 2529 suscitavit

424 2583 589 2642 illum
621 2597 852 2655 pascere
878 2578 1052 2634 Israel
1084 2574 1365 2647 populum
1395 2584 1582 2633 suum,
1615 2567 1858 2621 electam
1888 2577 2034 2632 gen-

422 2679 544 2730 tem
575 2648 963 2742 Ungarorum.
998 2663 1214 2720 Deinde
1236 2660 1536 2715 laudamus
1574 2655 1844 2727 pietatem
1868 2648 2036 2705 subli-

427 2761 647 2819 mitatis
670 2763 783 2814 tua:
813 2757 872 2810 in
913 2757 1095 2810 Deum
1146 2754 1203 2805 et
1232 2745 1615 2803 reverentiam
1670 2757 1808 2811 erga
1837 2739 2033 2793 sedem

430 2848 827 2923 apostolicam,
859 2845 970 2910 cui,
987 2841 1178 2897 divina
1192 2837 1446 2911 patiente
1459 2827 2032 2895 misericordia,nullo

422 2939 770 2997 meritorum
797 2937 1128 2989 nostrorum
1163 2925 1432 2996 suffragio
1464 2921 1855 2996 praesidemus.
1879 2918 2034 2970 Tunc

429 3043 566 3083 vero
597 3025 927 3096 largitatem
951 3016 1327 3082 liberalitatis,
1363 3030 1476 3085 qua
1505 3014 1564 3066 Β.
1603 3013 1771 3065 Petro
1804 3010 2034 3078 aposto-

424 3119 634 3174 lorum
666 3110 911 3186 principi
943 3123 1211 3179 regnum,
1237 3120 1303 3158 ac
1331 3105 1565 3175 gentem
1593 3099 1750 3168 cujus
1801 3096 1911 3149 dux
1955 3111 2034 3159 es,

2131 2071 2306 2125 quam
2336 2052 2756 2114 mittimus,rite
2772 2051 2936 2121 juxta
2947 2049 3260 2104 formulam
3279 2045 3484 2118 legatis
3496 2046 3612 2101 tuis
3631 2039 3748 2099 tra-

2133 2142 2313 2196 ditam
2334 2145 2661 2207 coronatus,
2689 2141 2774 2193 vel
2796 2137 3076 2204 coronati,
3121 2135 3468 2202 exstiteritis,
3501 2149 3739 2189 crucem

2135 2235 2267 2286 ante
2292 2247 2372 2298 se,
2404 2231 2752 2301 apostolatus
2799 2227 3048 2296 insigne,
3082 2227 3307 2296 gestare
3339 2225 3530 2279 facere
3561 2222 3750 2293 possis

2136 2325 2192 2377 et
2216 2319 2694 2392 valeas,atqueilli
2717 2317 3319 2390 possintvaleantque;
3346 2317 3403 2369 et
3417 2313 3745 2369 secundum

2136 2411 2290 2482 quod
2321 2409 2512 2464 divina
2549 2408 2737 2480 gratia
2784 2410 2840 2462 te
2876 2409 2933 2461 et
2957 2405 3084 2460 illos
3128 2401 3388 2458 docuerit
3443 2401 3752 2467 Ecclesias,

2136 2498 2302 2569 regni
2328 2501 2389 2552 tu
2419 2499 2731 2569 praesentes
2778 2497 2836 2550 et
2864 2495 3086 2548 futuras
3133 2494 3331 2548 nostra
3360 2508 3425 2547 ac
3455 2506 3756 2546 successo-

2136 2605 2267 2642 rum
2323 2590 2654 2641 nostrorum
2711 2585 2832 2638 vice
2886 2582 3191 2653 disponere
3257 2584 3430 2652 atque
3474 2578 3756 2634 ordinare

2137 2675 2451 2746 apostolica
2480 2673 2819 2728 auctoritate
2851 2670 3113 2726 similiter
3147 2667 3557 2734 concessimus,
3592 2667 3754 2721 volu-

2137 2781 2266 2818 mus
2297 2767 2354 2818 et
2392 2761 2834 2834 rogamus,sicut
2863 2759 2921 2814 in
2953 2758 3079 2813 aliis
3099 2756 3476 2829 litteris,quas
3502 2756 3560 2811 in
3585 2772 3754 2810 com-

2137 2852 2300 2907 muni
2318 2851 2391 2905 ad
2417 2850 2919 2920 te,optimatesque
2940 2846 3190 2918 regni,et
3210 2848 3484 2900 cunctum
3507 2844 3752 2899 ﬁdelem

2137 2943 2412 3014 populum
2437 2956 2539 3010 per
2569 2937 2836 2992 nuntium
2859 2940 3141 3001 nostrum,
3177 2950 3350 3006 quem
3367 2933 3441 2988 ad
3458 2934 3517 2987 te
3547 2932 3752 3004 dirigi-

2140 3047 2286 3097 mus,
2321 3027 2647 3082 deferendis
2676 3026 2900 3097 plenius
2939 3025 3060 3078 haec
3086 3021 3284 3077 omnia
3303 3019 3589 3093 explicata
3608 3028 3756 3075 con-

2142 3117 2421 3172 tinentur.
2458 3116 2700 3171 Oramus
2731 3113 3196 3184 omnipotentem
3226 3111 3432 3176 Deum,
3461 3108 3560 3180 qui
3593 3112 3653 3162 te
3689 3108 3759 3162 de

433 3207 754 3274 “motaque
807 3203 906 3254 tua
930 3214 996 3252 ac
1043 3196 1290 3268 teipsum
1335 3207 1440 3264 Per
1468 3189 1702 3245 θοδάθη)
1733 3187 1954 3274 legatos
1984 3184 2041 3235 et
2072 3215 2119 3274 C
2145 3209 2307 3261 utero
2342 3204 2544 3258 matris
2567 3207 2679 3258 tuae
2707 3201 2924 3257 vocavit
2945 3199 3297 3256 nominetuo
3324 3197 3398 3252 ad
3421 3199 3679 3268 regnum
3704 3197 3763 3250 et

429 3273 1029 3362 litterasiperpetuum
1058 3283 1327 3339 obtulisse
1360 3280 1534 3350 digno
1562 3273 1857 3349 praeconio
1889 3286 2042 3324 com-

433 3383 799 3440 mendamus.
832 3378 948 3432 Hoc
969 3374 1124 3430 enim
1155 3373 1304 3426 facto
1333 3367 1567 3440 egregio
1587 3367 1782 3435 aperte
1805 3362 2044 3415 testatus

435 3491 516 3540 es,
541 3475 600 3527 et
628 3485 829 3525 revera
855 3470 1051 3521 tamen
1081 3466 1138 3516 te
1189 3459 1398 3514 merito
1431 3472 1552 3510 esse
1607 3447 2040 3512 demonstrasti,

424 3537 669 3634 qualem
717 3561 780 3613 ut
811 3573 915 3612 nos
947 3558 1003 3610 te
1034 3552 1327 3607 declarare
1370 3544 1744 3616 dignaremur
1795 3537 2043 3593 studiose

437 3647 778 3724 expetivisti.
807 3645 920 3701 Sed
942 3641 1249 3714 parcimus.
1281 3635 1475 3707 Neque
1500 3632 1658 3687 enim
1678 3643 1908 3684 necesse
1938 3628 2042 3692 est,

439 3717 525 3796 ut-
545 3753 720 3811 quem
751 3738 836 3790 tot
867 3750 931 3788 ac
962 3731 1101 3786 talia
1147 3727 1424 3799 praeclara
1454 3737 1558 3794 pro
1606 3717 1828 3774 Christo
1888 3717 2047 3786 gesta

437 3819 696 3885 facinora
724 3840 862 3880 voce
893 3819 1124 3892 publica
1152 3815 1426 3878 clamant,
1460 3821 1750 3881 quemque
1765 3807 1911 3859 Deus
1927 3802 2045 3873 ipse

442 3913 836 3978 commendat,
870 3907 1124 3978 amplius
1147 3899 1647 3958 commendemus.
1680 3894 1890 3958 Quare,
1924 3892 2046 3963 glo-

442 4008 593 4063 riose
623 4003 724 4069 ﬁli,
757 4000 965 4055 cuncta
987 4013 1021 4049 a
1050 3993 1216 4048 nobis
1241 3993 1299 4044 et
1338 3988 1474 4041 sede
1507 3982 1817 4056 apostolica
1855 3981 2046 4052 postu-

445 4098 585 4162 lata,
615 4091 889 4147 diadema
927 4095 1261 4151 nomenque
1315 4075 1562 4147 regium,
1597 4069 2052 4141 Strigoniensem

446 4156 821 4250 metropolim
846 4176 904 4228 et
929 4171 1180 4240 reliquos
1205 4166 1583 4237 episcopatus,
1639 4156 2056 4230 omnipotentis

448 4270 550 4328 Dei
587 4247 658 4322 ac
674 4266 980 4320 beatorum
1012 4256 1164 4313 Petri
1197 4258 1254 4310 et
1281 4253 1439 4308 Pauli
1463 4252 1878 4323 apostolorum,
1935 4247 2059 4316 ejus

451 4354 791 4414 auctoritate
813 4348 1232 4422 praemonente,
1259 4345 1430 4414 atque
1461 4339 1542 4395 ita
1559 4339 1801 4411 jubente
1853 4333 2060 4390 eodem

454 4443 856 4514 omnipotente
885 4439 1026 4504 Deo,
1053 4451 1187 4489 cum
1209 4430 1521 4504 apostolica
1548 4431 1605 4483 et
1655 4429 1850 4482 nostra
1879 4425 2056 4478 bene-

456 4495 639 4514 ν““’“““ι
673 4495 682 4496 7
1014 4495 1024 4504 ι
1246 4495 1263 4504 ι

456 4533 726 4597 dictione,
759 4528 1005 4584 libenter
1032 4521 1435 4587 concessimus,
1469 4516 1839 4574 concedimus
1865 4516 1922 4567 et
1951 4511 2059 4565 im-
2088 4495 2140 4553 D

456 4622 760 4698 pertimur.
793 4620 1057 4688 Regnum
1089 4628 1318 4686 quoque
1348 4626 1382 4664 a
1421 4605 1819 4663 muniﬁcentia
1871 4605 1970 4656 tua
1996 4603 2054 4660 S.

457 4692 628 4768 l’etro
655 4710 933 4772 oblatum,
968 4708 1136 4776 teque
1156 4719 1270 4756 una
1291 4717 1355 4754 ac
1376 4700 1637 4770 gentem,
1671 4697 1729 4749 et
1759 4692 2059 4747 nationem

457 4800 803 4874 Ungaricam
833 4796 1178 4868 praesentem
1227 4795 1284 4846 et
1309 4790 1588 4849 futuram,
1620 4785 1723 4839 sub
1755 4781 2062 4854 protectio-

456 4909 594 4950 nem
623 4890 680 4945 S.
713 4890 992 4944 Romana:
1019 4880 1283 4936 Ecclesiae
1317 4878 1700 4948 acceptantes,
1743 4869 2064 4945 prudentiae

456 4987 591 5048 tute,
619 4976 945 5033 hmredibus
977 4988 1042 5025 ac
1072 4963 1773 5041 legitimissuccessoribus
1805 4959 1935 5025 tuis,
1969 4958 2068 5010 ba-

436 5045 738 5132 bendum,
771 5061 1116 5125 tenendum,
1148 5055 1493 5128 regendum,
1518 5049 1964 5122 gubernandum
1995 5045 2069 5099 ad

460 5155 873 5232 possidendum
895 5149 1192 5206 reddimus
1207 5150 1265 5201 et
1290 5142 1662 5199 conferimus.
1700 5139 1805 5203 Qui
1831 5137 2068 5210 quidem

458 5230 549 5304 ha:
560 5245 723 5300 redes
748 5258 814 5296 ac
841 5254 1190 5296 successores
1211 5235 1292 5289 tui
1327 5232 1672 5304 quicunque,
1694 5230 2070 5298 posteaquam

460 5353 565 5407 per
580 5333 890 5405 optimates
904 5328 1159 5400 legitime
1175 5323 1338 5379 electi
1353 5319 1903 5386 fuerint,teneantur
1921 5313 2074 5369 simi-

465 5425 597 5479 liter
621 5404 814 5486 inobis,
849 5423 907 5473 et
932 5412 1350 5471 successoribus
1398 5409 1606 5465 nostris
1622 5422 1724 5477 per
1756 5421 1834 5470 se,
1863 5404 1949 5455 vel
1972 5418 2074 5472 per

463 5515 704 5584 legatos,
739 5509 994 5564 debitam
1027 5500 1417 5559 obedientiam
1451 5491 2074 5553 acreverentiamexhi-

464 5638 674 5712 putavi,
709 5648 989 5712 magnum
1008 5627 1292 5712 siquidem
1325 5623 1656 5712 apostolica:
1671 5620 2068 5712 Rpmanorum

459 5686 1243 5785 pontiﬁcumf’spllicitudinis
1271 5697 1344 5751 ad
1365 5686 1377 5695 ’
1404 5689 1844 5785 propaga‘ndum
1877 5686 2066 5785 (ἔμιξε)-

462 5758 1068 5844 dexaiirreligionem
1120 5758 1554 5833 documentum,
1591 5758 1830 5817 illustre
1881 5758 2065 5814 ﬁlialis

2144 3310 2441 3360 coronam,
2467 3292 2681 3363 quique
2715 3291 3004 3356 diadema,
3037 3287 3193 3360 quod
3247 3285 3376 3341 duci
3398 3287 3762 3341 Polonorum

2146 3385 2472 3440 confectum
2506 3400 2610 3456 per
2642 3399 2746 3436 nos
2772 3381 2980 3447 fuerat,
3005 3379 3107 3432 tibi
3142 3376 3401 3432 dandum
3433 3375 3763 3440 mandavit,

2145 3475 2355 3545 augeat
2383 3473 2743 3526 incrementa
2787 3470 3019 3539 frugum
3041 3465 3283 3537 justitiae
3326 3481 3472 3533 suae;
3507 3465 3767 3518 novellas

2147 3563 2372 3632 plantas
2393 3577 2522 3615 suas
2542 3559 2708 3630 regni
2741 3557 2820 3612 tui
2848 3573 2980 3611 rore
3011 3571 3127 3610 sua:
3160 3552 3583 3608 benedictionis
3628 3569 3763 3624 per-

2145 3650 2352 3705 fundat
2407 3651 2680 3720 largiter:
2713 3661 2962 3717 regnum
2994 3647 3160 3698 tuum
3213 3640 3338 3708 tibi,
3375 3644 3551 3713 teque
3578 3657 3766 3713 regno

2148 3742 2334 3793 servet
2363 3739 2696 3793 incolumen
2730 3736 2834 3790 :ab
2859 3732 3116 3788 hostibus
3133 3728 3442 3784 visibilibus
3472 3732 3531 3782 et
3581 3727 3769 3783 invisi-

2146 3827 2355 3882 bilibns
2381 3828 2679 3897 protegat;
2709 3840 2774 3878 ac
2805 3824 2931 3894 post
2950 3818 3161 3875 terreni
3191 3817 3358 3888 regni
3379 3817 3677 3871 molestias
3699 3816 3759 3871 in

2150 3915 2365 3973 caelesti
2403 3932 2587 3986 regno
2619 3929 2836 3968 corona
2861 3910 3107 3966 adornet
3135 3909 3376 3962 aeterna.
3743 3898 3745 3900 ’

2226 4006 2362 4060 Data
2391 4006 2587 4059 Romae
2619 4021 2675 4058 VI
2720 4003 2842 4058 Kal.
2892 3999 3097 4072 April.,
3160 3995 3477 4052 indictione
3524 3995 3755 4051 decima

2155 4094 2346 4149 tertia.

2908 4160 2998 4213 VI.

2161 4254 2398 4326 Epistola
2423 4252 2668 4326 Silvestri
2702 4249 2773 4303 ΙῙ
2811 4266 2968 4326 popae
3020 4247 3091 4326 ad
3142 4245 3466 4326 Da_r/'erium
3524 4243 3774 4300 comitem

2610 4319 2827 4393 ejusque
2840 4319 2978 4391 ﬁlios
3005 4324 3053 4374 et
3084 4323 3309 4388 nepotes.

2781 4410 2967 4480 (Anno
3001 4409 3146 4475 999.)

2464 4502 2817 4565 [Contatore,
2850 4497 2998 4551 Hist.
3036 4494 3335 4559 Terracin.,
3361 4493 3480 4562 4L]

2234 4590 2491 4648 Darl'erio
2518 4588 2714 4644 comiti
2747 4587 2980 4658 ejusque
3017 4583 3147 4638 ﬁliis
3178 4585 3236 4637 et
3265 4580 3596 4652 nepotibus,
3618 4592 3779 4633 «ma-

2161 4683 2314 4738 xime
2346 4683 2418 4735 ob
2454 4677 2698 4733 militare
2730 4675 3067 4747 obsequium
3093 4691 3123 4725 »
3150 4671 3254 4725 sibi
3287 4668 3663 4740 promissum,
3697 4666 3775 4720 tri

2165 4771 2289 4827 buit
2318 4793 2344 4820 ‹‹
2368 4768 2604 4824 nomine
2619 4763 2887 4820 beneﬁéii
2909 4762 3200 4816 civitatem
3230 4757 3593 4829 superiorem
3616 4758 3669 4810 et
3690 4752 3779 4808 in-

2167 4861 2462 4922 feriorem,
2491 4874 2621 4929 quoe
2637 4849 3209 4916 vocatur'l‘erraciua,
3243 4862 3374 4901 cum
3397 4845 3562 4900 omni
3590 4840 3771 4898 distri~

2169 4950 2358 5005 ctione
2410 4964 2511 5001 sua
2563 4948 2734 5014 atque
2799 4941 3076 4996 comitatu
3127 4934 3551 4990 Terracinensi.
3586 4955 3613 4980 »
3646 4954 3669 4981 «
3714 4929 3778 4984 Et

2171 5038 2469 5111 quoniam,
2486 5055 2516 5086 »
2542 5033 2751 5105 inquit,
2773 5054 2799 5081 «
2825 5033 3037 5084 sanctze
3055 5029 3330 5081 Romamn
3351 5022 3616 5077 Ecclesiae
3640 5035 3778 5093 pon-

2172 5128 2351 5183 tiﬁces
2382 5124 2624 5180 nomine
2650 5118 2944 5193 pensionis
2975 5117 3274 5189 percertas
3299 5105 3644 5166 indictiones
3661 5108 3782 5161 haec

2174 5219 2231 5270 et
2257 5215 2368 5268 alia
2395 5211 2674 5267 nonnulla
2701 5205 3026 5261 attribuisse
3055 5201 3348 5257 nonnullis
3377 5197 3779 5254 indifferenter

2175 5307 2416 5367 constat,
2450 5317 2580 5356 cum
2594 5298 2764 5354 lucris
2779 5309 3017 5366 Operam
3037 5293 3244 5346 darent
3257 5292 3313 5342 et
3329 5288 3434 5342 sub
3449 5281 3780 5358 parvissima

2175 5411 2348 5449 censu
2404 5391 2685 5446 maximas
2735 5403 2826 5440 res
2858 5380 3117 5437 Ecclesiae
3150 5373 3578 5452 perderent,{id
3611 5387 3784 5443 genus

2177 5482 2313 5539 doni
2344 5484 2534 5536 totum
2578 5477 2635 5532 in
2687 5473 2894 5529 melius
2943 5473 3391 5532 commutamus,
3426 5464 3509 5518 uti
3547 5463 3692 5533 [per]
3723 5474 3786 5513 ea

2175 5625 2378 5682 regum
2433 5606 2839 5682 llungarorum
2897 5614 3036 5678 erga
3096 5595 3424 5682 ﬁaman‘am.
3476 5583 3780 5670 Ecclesiam

2173 5656 2725 5744 obiervanlizerquae
2770 5687 2895 5744 non,
2920 5656 3180 5723 assimilis
3231 5661 3453 5718 cmteris
3491 5660 3550 5716 in
3579 5656 3771 5728 regnis

2170 5753 2513 5825 regibusque
2541 5741 2769 5816 semper
2798 5741 2924 5796 fuit.
