3918 6230
412 429 517 495 279

1107 431 1457 498 SILVESTRI
1486 435 1532 494 II
1561 435 1762 494 PAPE
1789 432 1925 493 OPP
1962 429 2142 490 PARS
2173 431 2264 490 lli.
2295 464 2366 479 —
2393 433 2607 495 EPIST.
2637 434 2720 492 ET
2755 434 3035 496 DIPLOM.

3618 434 3724 500 280

414 559 499 616 las
528 575 660 616 cum
679 557 1463 634 omnibussuispertinentiis.
1483 560 1550 614 Et
1568 559 1750 632 ipsam
1773 561 2012 624 turrem,
2034 565 2089 624 Α
2116 572 2244 627 quae
2275 557 2467 614 eidem
2500 560 2854 616 monasterio
2882 559 3058 631 ajam
3088 557 3253 616 dictis
3291 559 3724 632 laudatoribus,

421 663 548 720 qua:
578 647 686 704 fuit
711 647 782 702 de
807 647 1088 714 Marchuz,
1119 651 1292 720 atque
1323 645 1496 701 aliam
1527 649 1747 702 turrem
1783 644 1841 698 in
1874 644 2016 698 fines

414 735 681 804 Celsima,
706 752 834 808 qum
853 736 962 791 fuit
993 737 1063 790 de
1096 736 1352 800 Bellone,
1377 735 1492 790 sive
1521 734 1754 789 tertiam
1789 735 2016 804 partem

417 825 634 880 telonei
665 840 798 878 cum
840 823 1203 897 pertinentiis
1249 823 1509 890 mercati,
1544 823 1627 876 vel
1665 821 1862 876 omnia
1887 836 2016 890 quas

418 913 725 986 peraliqua
743 912 1071 968 munimina
1088 913 1158 968 ad
1172 912 1443 967 eumdem
1455 909 1614 982 pium
1637 911 1825 965 locum
1841 909 2016 982 perti-

419 1018 558 1057 nere
579 1001 937 1068 videntur,et
952 1001 1107 1072 quod
1127 1000 1360 1066 amodo,
1383 1003 1440 1053 et
1461 998 1515 1053 in
1537 1001 1727 1062 antea,
1741 1001 1803 1051 tu
1822 997 2018 1068 tuique

419 1105 771 1145 successores
797 1089 1060 1162 legaliter
1099 1087 1426 1160 acquisituri
1455 1087 1692 1153 fueritis,
1716 1101 1847 1140 cum
1893 1102 2015 1139 ma-

419 1195 538 1249 gna
550 1179 855 1234 securitate
871 1177 1104 1250 pacifice
1123 1179 1181 1231 et
1198 1176 1389 1248 quiete
1405 1177 1620 1231 habere
1632 1176 1719 1230 vel
1738 1177 2022 1241 tenere,et

419 1267 710 1340 possidere
741 1267 998 1322 debeatis
1029 1267 1086 1320 in
1115 1269 1482 1338 perpetuum,
1506 1264 1586 1318 ita
1611 1267 1675 1318 ut
1693 1264 1880 1318 nullus
1899 1279 2017 1329 rex,

418 1357 610 1411 nullus
629 1355 915 1428 princeps,
935 1355 1552 1420 nulluscomes,nullus
1580 1351 1861 1417 marcbio,
1890 1351 2014 1406 nul-

417 1445 718 1515 lusjudex,
743 1461 930 1516 neque
957 1445 1071 1498 ulla
1097 1459 1314 1514 magna
1343 1458 1634 1514 parvaque
1665 1456 1912 1512 persona
1924 1439 2020 1492 ali-

420 1549 599 1604 quam
629 1533 743 1588 vim
776 1531 1253 1588 autinvasionem
1281 1533 1340 1587 in
1368 1531 1573 1586 eodem
1611 1529 1896 1600 episcopio
1925 1543 2023 1580 ne-

420 1637 533 1693 que
560 1621 620 1676 in
644 1621 757 1677 suis
779 1620 1150 1692 pertinentiis
1178 1636 1434 1694 unquam
1465 1619 1654 1673 facere
1684 1618 2017 1688 praesumat.

419 1707 479 1765 Si
506 1708 632 1781 quis
657 1713 849 1764 autem
885 1709 1200 1764 temerario
1229 1726 1388 1775 ausu,
1418 1707 1572 1778 quod
1603 1705 1725 1760 fieri
1756 1720 1872 1758 non
1905 1719 2024 1757 cre-

423 1796 634 1865 dimus,
666 1801 867 1854 contra
897 1799 1068 1870 hujus
1096 1801 1304 1852 nostra:
1346 1794 1671 1867 apostolica:
1713 1791 2020 1846 confirma-

2117 647 2204 701 vel
2229 648 2300 702 ab
2331 647 2455 702 aliis
2480 649 2916 722 quibuscunque
2957 649 3216 722 personis
3255 651 3481 707 collatae
3499 655 3560 708 et
3585 667 3726 709 con-

2116 751 2286 789 cessae
2321 736 2402 789 vel
2426 735 2485 791 in
2511 737 2770 791 futurum
2801 754 2834 792 a
2864 738 3122 809 quolibet
3153 738 3224 794 de
3245 739 3481 813 proprio
3507 740 3731 798 fuerint

2109 823 2240 894 jure
2263 823 2634 892 donataz,sub
2647 825 2946 896 cujuslibet
2967 842 3150 881 causa:
3182 827 3569 883 occasionisve
3599 843 3728 900 spe-

2118 912 2203 966 cie
2232 911 2402 967 liceat
2452 913 2718 969 minuere
2761 915 2848 969 vel
2881 915 3129 983 auferre,
3163 933 3353 989 neque
3384 917 3501 974 suis
3532 918 3727 974 usibus

2118 1000 2407 1071 applicare
2431 1017 2443 1055 :
2465 1001 2565 1056 sed
2587 1006 2790 1057 cuncta
2820 1020 2949 1075 qua;
2965 1003 3043 1058 ibi
3067 1005 3260 1061 oblata
3277 1008 3510 1062 suntvel
3532 1006 3730 1063 offerri

2119 1088 2426 1158 contigerit
2454 1107 2488 1144 a
2512 1091 2780 1161 praesenti
2829 1109 2919 1146 xiv
2958 1091 3290 1148 indictionis
3317 1096 3586 1168 tempore
3618 1095 3728 1150 illi-

2120 1177 2256 1231 bata
2273 1181 2330 1231 et
2342 1177 2464 1232 sine
2480 1178 2900 1250 inquietudine,
2921 1180 2978 1235 in
2999 1182 3418 1237 sustentatione
3433 1183 3562 1254 jam
3587 1182 3724 1238 dicti

2123 1265 2477 1331 monasterii,
2509 1269 2575 1321 et
2589 1267 2778 1321 usibus
2795 1268 3092 1335 abbatum,
3111 1273 3167 1324 et
3186 1271 3611 1326 monachorum
3623 1271 3729 1326 sub

2121 1354 2324 1424 regula
2353 1353 2536 1408 Patris
2566 1355 2857 1409 Benedicti
2886 1356 2963 1410 ibi
2990 1358 3110 1412 Deo
3140 1358 3543 1425 militantium,
3567 1359 3726 1415 volu-

2119 1457 2248 1493 mus
2279 1445 2449 1512 atque
2481 1442 2844 1514 prmcipimus
2869 1445 3146 1515 possideri
3169 1463 3184 1514 ;
3212 1462 3282 1501 ea
3310 1446 3578 1502 videlicet
3596 1465 3732 1503 con-

2121 1528 2337 1583 ditione
2352 1532 2413 1582 ut
2425 1531 2611 1584 nullus
2626 1548 3017 1587 successorum
3040 1538 3371 1590 nostrorum
3384 1535 3729 1606 pontiﬁcum

2123 1615 2182 1670 in
2201 1617 2309 1670 hac
2326 1621 2522 1672 sancta
2537 1618 2692 1684 sede,
2729 1620 2817 1673 cui
2869 1621 2984 1675 Deo
3029 1625 3261 1677 auctore
3295 1623 3600 1690 servimus,
3625 1641 3729 1680 un-

2121 1720 2294 1775 quam
2310 1705 2393 1759 vel
2413 1722 2652 1776 usquam
2669 1707 2944 1778 quiddam
2959 1709 3029 1763 de
3043 1709 3262 1765 eisdem
3276 1711 3447 1765 rebus
3457 1711 3731 1784 cuiquam

2122 1791 2489 1855 beneﬁciare,
2505 1798 2886 1863 commutare,
2907 1800 3004 1852 aut
3016 1797 3119 1852 sub
3141 1814 3316 1854 censu
3333 1799 3734 1871 quolibetcon-

419 1885 595 1943 tionis
619 1873 827 1943 seriem
857 1885 1052 1941 venire
1082 1883 1408 1949 tentaverit,
1429 1881 1568 1937 sciat
1595 1884 1651 1936 te
1678 1879 1898 1935 domini
1918 1895 2021 1933 no-
2047 1874 2099 1933 B
2123 1881 2327 1935 cedere
2353 1897 2456 1952 per
2485 1881 2678 1937 futura
2721 1886 2987 1956 tempora
3028 1886 3301 1957 patiatur,
3346 1887 3448 1944 sed
3492 1905 3731 1943 censum

417 1976 522 2030 stri
554 1977 945 2046 apostolorum
986 1973 1258 2045 principis
1305 1971 1456 2026 Petri
1491 1968 1876 2025 anathematis
1907 1967 2026 2022 vin-

417 2063 548 2120 culo
579 2063 948 2128 innodatum,
966 2066 1170 2117 etcum
1186 2061 1416 2116 diabolo
1431 2063 1486 2114 et
1509 2059 1633 2129 ejus
1649 2055 2024 2113 atrocissimis

416 2151 670 2224 pompis,
685 2155 856 2223 atque
881 2166 1013 2204 cum
1042 2149 1188 2205 Juda
1212 2149 1488 2204 traditore
1501 2146 1802 2202 Dominiet
1828 2145 2022 2199 Salva-

415 2238 560 2295 toris
589 2239 770 2294 nostri
798 2239 932 2294 Jesu
956 2237 1166 2294 Christi
1188 2237 1247 2293 in
1269 2241 1552 2292 aeternum
1569 2235 1766 2306 ignem
1788 2249 2022 2288 concre-

420 2328 726 2396 mandum,
750 2327 1040 2401 simulque
1061 2331 1120 2382 et
1139 2326 1198 2380 in
1235 2325 1510 2396 voragine
1527 2327 1779 2379 tartarea
1805 2322 2028 2377 demer-

417 2433 548 2472 sum
573 2433 704 2472 cum
727 2417 921 2488 impiis
953 2414 1200 2470 deficiat.
1236 2413 1344 2478 Qui
1367 2429 1503 2468 vero
1528 2415 1715 2466 custos
1751 2413 1810 2464 et
1837 2410 2028 2465 obser-

418 2509 584 2560 vator
600 2506 770 2577 hujus
800 2504 983 2560 nostri
1002 2501 1282 2576 privilegii
1299 2501 1596 2566 exstiterit,
1612 2497 2028 2554 benedictionis

421 2593 674 2664 gratiam
697 2596 755 2647 et
785 2592 963 2647 vitam
985 2579 1267 2646 aaterziam
1297 2607 1332 2644 a
1351 2588 1598 2644 Domino
1624 2591 2024 2658 consequatur.

493 2680 792 2751 Scriptum
824 2696 930 2752 per
977 2695 1188 2734 manus
1215 2677 1370 2733 Petri
1399 2677 1608 2732 notarii
1646 2681 1705 2731 et
1749 2676 2028 2732 scriniarii

420 2772 644 2824 sanctas
685 2769 964 2824 Romanae
1009 2768 1294 2835 Ecclesiaz,
1326 2767 1386 2822 in
1416 2783 1614 2822 mense
1655 2765 1820 2833 Maio,
1853 2765 2030 2821 indic-

422 2856 590 2913 tioue
621 2859 828 2930 quarta
857 2855 1100 2912 decima.

423 3029 672 3104 Epistola
714 3032 970 3088 Silvestri
994 3029 1057 3085 II
1093 2945 1260 3103 μιὶέ
1287 3031 1360 3086 ad
1383 3029 1674 3086 Robertum
1711 3031 2025 3086 Vizeliacen-

495 3137 604 3174 sem
636 3119 903 3176 abbatem.
949 3151 1017 3161 —
1059 3118 1356 3189 Pririlegz'a
1407 3117 1778 3174 Vizeliacensia
1827 3119 2022 3188 conﬁr-
2053 3145 2099 3212 ο

487 3213 624 3268 mat.

1027 3298 1216 3371 (Anno
1250 3297 1437 3368 1001.)

651 3386 866 3461 [Mansi,
896 3385 1127 3456 Concil.,
1158 3391 1301 3442 tom.
1351 3387 1480 3453 XIX,
1511 3386 1622 3441 col.
1655 3385 1802 3456 243.]

496 3474 793 3534 SlLvasran
820 3477 1140 3551 episcopus,
1170 3492 1364 3532 servus
1391 3491 1687 3530 servorum
1733 3474 1854 3541 Dei,
1889 3475 2028 3530 dile-

423 3569 517 3622 cto
557 3567 676 3623 filio
726 3567 1003 3634 Ronanro,
1049 3565 1320 3638 religioso
1352 3565 1545 3620 abbati
1584 3563 1765 3620 sancti
1795 3563 2027 3619 Vizelia—

425 3655 610 3712 censis
661 3655 932 3724 caznobii,
981 3656 1256 3728 omnique
1299 3651 1734 3726 congregationi
1766 3651 2025 3724 ejusdem

423 3747 780 3814 monasterii,
812 3746 871 3800 in
906 3748 1272 3818 perpetuum.

491 3833 724 3900 Quoties
745 3834 844 3890 illa
873 3850 908 3888 a
933 3833 1100 3888 nobis
1129 3831 1301 3887 tribui
1328 3831 1633 3903 sperantur
1658 3846 1785 3901 quae
1817 3829 2026 3886 rationi

418 3924 822 3980 incunctanter
849 3920 1224 3987 conveniunt,
1258 3917 1454 3973 animo
1486 3933 1592 3972 nos
1618 3917 1783 3972 decet
1823 3917 2026 3973 libenti

417 4012 821 4078 concedere,et
833 4007 1154 4082 petentium
1168 4005 1460 4062 desideriis
1478 4021 1585 4060 con
1593 4021 1799 4076 gruum
1819 4005 1896 4060 im
1903 4023 2029 4079 per-

415 4099 528 4156 tire
556 4097 916 4170 suffragium.
934 4097 1120 4168 Atque
1147 4094 1276 4149 ideo
1299 4093 1434 4166 quia
1462 4093 1759 4165 postulasti
1789 4111 1822 4150 a
1860 4095 2026 4150 nobis

419 4191 702 4260 quatenus
731 4183 1095 4256 privilegium
1129 4181 1278 4238 sedis
1315 4181 1640 4254 apostolica».
1671 4184 2024 4240 monasterio

359 4260 364 4267 ’
415 4271 809 4340 Vizeliaco,cui
825 4287 1068 4344 praeesse
1085 4270 1456 4343 dignosceris,
1471 4271 1627 4343 quod
1647 4275 1868 4328 constat
1881 4271 2020 4327 olim

418 4380 454 4418 a
477 4361 732 4418 Gerardo
760 4358 1118 4414 nobilissimo
1145 4363 1204 4414 et
1235 4358 1716 4416 Christianissimo
1741 4360 1886 4428 viro,
1914 4377 2022 4415 nec

2125 1969 2536 2024 tantummodo
2565 1969 2622 2024 in
2649 1973 2998 2025 testamento
3025 1973 3350 2028 traditionis
3370 1975 3735 2031 afundatori-

2123 2057 2248 2123 bus,
2281 2057 2376 2128 qui
2396 2075 2462 2112 ex
2488 2058 2693 2112 eodem
2709 2060 3057 2117 monasterio
3077 2062 3226 2118 hanc
3246 2065 3508 2118 sanctam
3532 2065 3731 2120 sedem

2127 2145 2458 2202 Romanam
2494 2149 2784 2204 haeredem
2825 2149 3106 2218 fecerunt,
3157 2152 3332 2208 etiam
3373 2153 3732 2226 delegatum,

2126 2235 2586 2303 unamvidelicet
2605 2237 2810 2292 libram
2835 2239 3060 2310 argenti
3087 2240 3252 2296 annis
3269 2239 3737 2313 singulissucces-

2125 2338 2282 2377 sores
2303 2323 2481 2378 nostri
2500 2324 2866 2396 accipientes,
2889 2325 2994 2396 piae
3006 2327 3372 2398 paternitatis
3391 2329 3734 2402 suffragium

2125 2410 2313 2465 eidem
2337 2413 2711 2481 monasterio,
2735 2415 2792 2467 et
2825 2413 2928 2468 tibi
2950 2416 3482 2490 successoribusque
3515 2419 3634 2473 tuis
3669 2435 3736 2475 ac

2129 2499 2426 2554 monachis
2439 2501 2540 2555 sub
2556 2501 2682 2572 jam
2705 2500 2840 2556 dicti
2861 2503 3044 2558 Patris
3065 2505 3496 2578 regulaibidem
3513 2507 3734 2580 degen-

2128 2585 2969 2660 tibus,sollicitudinefpastorali
2993 2591 3296 2664 vigilanter
3311 2596 3736 2652 contraomnes

2130 2673 2470 2731 infestantes
2491 2677 2833 2752 impendere
2850 2679 3138 2736 studeant.
3173 2683 3312 2737 Item
3329 2684 3736 2741 constituimus

2130 2765 2212 2829 ut,
2238 2763 2488 2820 obeunte
2519 2766 2726 2822 abbate
2757 2767 2892 2822 dicti
2932 2770 3288 2837 monasterii,
3321 2787 3439 2828 non
3481 2772 3629 2828 alius
3659 2771 3737 2831 ibi

2129 2867 2472 2925 quacunque
2491 2854 2846 2926 obreptionis
2865 2856 3074 2911 astutia
3095 2857 3413 2927 ordinetur,
3429 2859 3538 2915 nisi
3556 2877 3736 2934 quem

2127 2955 2439 2996 consensus
2457 2944 2878 2998 monachorum
2903 2945 3220 3000 secundum
3251 2947 3525 3004 timorem
3544 2949 3648 3005 Dei
3677 2951 3736 3005 et

2127 3027 2551 3084 institutionem
2581 3032 2794 3102 regulae
2813 3033 2871 3085 Β.
2897 3031 3189 3088 Benedicti
3205 3034 3464 3107 elegerit,
3491 3039 3551 3091 et
3563 3037 3735 3109 huius

2126 3117 2454 3189 apostolicae
2495 3119 2644 3174 sedis
2689 3121 2948 3192 pontifex
2978 3121 3292 3194 providerit
3309 3124 3733 3182 ordinandum.

2126 3205 2289 3260 Unde
2315 3207 2741 3276 constituimus,
2757 3213 2815 3264 et
2833 3210 3145 3282 apostolica
3163 3211 3506 3268 auctoritate
3527 3229 3731 3270 cense-

2126 3293 2567 3366 mus,atquelper
2576 3296 2684 3351 hoc
2702 3300 2961 3352 nostrum
2974 3299 3351 3370 apostolicum
3361 3299 3733 3374 privilegium

2127 3382 2569 3452 conﬁrmamus,
2591 3387 2654 3438 ut
2687 3385 2873 3440 nullus
2896 3403 2994 3440 rex
3017 3390 3115 3442 aut
3134 3388 3412 3458 pontifex,
3437 3389 3528 3444 vel
3553 3390 3733 3446 abbas

2127 3473 2226 3524 aut
2251 3485 2465 3539 comes,
2499 3473 2586 3526 vel
2619 3473 3028 3546 qualiscunque
3049 3491 3266 3547 magna
3291 3492 3588 3549 parvaque
3613 3495 3740 3550 per-

2126 3574 2288 3626 sona,
2325 3560 2578 3616 avaritias
2608 3561 2919 3633 cupiditate
2949 3566 3270 3636 corruptus,
3317 3569 3416 3620 aut
3447 3565 3735 3622 diabolica

2125 3649 2495 3718 suggestione
2517 3649 2806 3722 deceptus,
2838 3651 3048 3706 audeat
3076 3654 3162 3708 vel
3191 3657 3506 3724 praesumat
3531 3659 3735 3710 contra

2128 3738 2297 3792 tuum
2324 3738 2633 3808 honorem,
2655 3741 3038 3798 ovenerabilis
3054 3742 3301 3798 Roberte
3326 3743 3525 3812 abbas,
3552 3743 3738 3818 quali-

2127 3839 2356 3898 cunque
2378 3827 2554 3882 modo
2575 3827 2894 3899 insurgere,
2928 3831 3017 3884 vel
3047 3829 3106 3886 in
3135 3833 3235 3885 tuo
3266 3831 3394 3886 loco
3417 3836 3518 3887 aut
3544 3833 3620 3888 de
3638 3835 3734 3889 tuo

2127 3913 2350 3968 honore
2375 3915 2665 3972 molestias
2689 3917 2794 3972 tibi
2817 3917 3056 3987 inferre,
3075 3919 3160 3974 vel
3181 3918 3252 3974 de
3268 3919 3546 3976 omnibus
3565 3921 3737 3977 rebus

2128 4003 2464 4058 monasterii
2495 4022 2623 4077 qua:
2654 4005 2757 4060 tibi
2791 4005 3014 4079 tuisque
3046 4007 3438 4064 decessoribus
3479 4025 3516 4064 a
3561 4010 3736 4066 nobis

2127 4091 2450 4164 nostrisque
2483 4094 2938 4150 antecessoribus
2979 4112 3085 4168 per
3120 4096 3394 4168 paginam
3441 4097 3736 4171 privilegii

2127 4195 2396 4235 concessa
2437 4183 2608 4253 atque
2657 4182 2889 4237 ﬁrmata
2939 4186 3093 4251 sunt,
3139 4183 3359 4256 aliquas
3406 4183 3736 4242 invasiones

2126 4269 2212 4322 vel
2229 4269 2463 4340 rapinas
2475 4270 2588 4324 sive
2606 4270 3166 4338 violentiasinferre;
3187 4272 3231 4327 si
3247 4288 3366 4327 non
3379 4273 3522 4340 vult,
3544 4277 3737 4330 aucto-

2124 4356 2293 4412 ritate
2329 4357 2454 4420 Dei,
2477 4357 2602 4412 etS.
2637 4357 2810 4426 Petri,
2845 4361 2902 4413 et
2930 4363 3126 4415 nostra
3145 4361 3462 4433 apostolica
3505 4377 3736 4418 excom-

418 4467 537 4505 non
591 4452 650 4504 et
691 4447 904 4503 Bertha
949 4464 1124 4502 uxore
1153 4447 1294 4518 ejus,
1327 4448 1387 4502 in
1433 4449 1654 4504 honore
1698 4427 1927 4504 Domini
1960 4451 2019 4504 et
2042 4427 2096 4488 Ῑ)
2124 4445 2518 4501 municatione
2541 4463 2573 4500 a
2603 4462 2845 4518 corpore
2877 4450 2936 4502 et
2965 4447 3248 4520 sanguine
3278 4448 3515 4504 Domini
3548 4449 3730 4506 nostri

418 4535 728 4592 Salvatoris
757 4534 939 4591 nostri
967 4536 1097 4590 Jesu
1127 4535 1354 4604 Christi,
1387 4539 1446 4590 et
1484 4535 1854 4590 veneratione
1881 4537 2014 4591 bea-

415 4625 652 4682 tissima:
685 4623 873 4682 Marim
919 4625 1212 4697 genitricis
1243 4625 1502 4696 ejusdem
1534 4624 1766 4680 Domini
1810 4623 2014 4695 nostri,

413 4716 808 4770 constructum
839 4713 898 4768 in
931 4731 1116 4786 regno
1149 4713 1498 4785 Burgundia:
1527 4711 1587 4766 in
1613 4712 1890 4783 parochia
1908 4714 2018 4768 Au-

411 4803 848 4874 gustodunensi,
869 4803 928 4858 in
951 4819 1100 4875 pago
1113 4801 1376 4858 Avalensi
1393 4818 1406 4868 ;
1424 4800 1695 4873 quodque
1719 4818 1752 4855 a
1764 4799 2016 4873 praefatis

409 4891 814 4948 fundatoribus
835 4893 890 4949 Β.
923 4893 1092 4946 Petro
1111 4891 1506 4963 apostolorum
1523 4887 1768 4961 principi
1794 4888 2014 4944 liberali

412 4980 716 5038 devotione
735 4983 793 5036 et
808 4979 1142 5036 testamenti
1166 4978 1382 5050 pagina
1403 4978 1674 5032 collatum
1697 4980 1803 5044 est,
1826 4977 2015 5033 facere

409 5069 772 5138 deberemus,
824 5067 998 5124 veluti
1043 5084 1078 5122 a
1112 5064 1633 5140 praedecessoribus
1667 5066 1872 5121 nostris
1901 5066 2012 5138 piae

405 5157 707 5213 memoria:
733 5157 964 5212 Nicolao
986 5171 1157 5227 papa,
1189 5157 1362 5226 atque
1393 5155 1634 5222 Joanne,
1662 5154 2012 5224 jamdudum

404 5245 622 5302 factum
660 5246 864 5300 fuisse:
886 5245 1146 5300 inclinati
1183 5243 1448 5316 precibus
1474 5243 1584 5298 tuis
1619 5243 1865 5298 libenter
1886 5243 2012 5298 ﬁeri

409 5334 790 5390 decrevimus.
815 5333 924 5386 Per
946 5333 1101 5404 quod
1123 5331 1452 5405 apostolicm
1475 5331 1831 5386 auctoritatis
1845 5330 2012 5403 privi-

403 5422 620 5493 legium
637 5419 1056 5475 conﬁrmamus
1081 5423 1252 5492 atque
1273 5420 1575 5474 statuimus
1597 5422 1658 5472 ut
1676 5417 1817 5472 nulli
1832 5418 2012 5489 impe-

391 5513 686 5576 ratorum,
720 5508 862 5562 nulli
890 5525 1149 5580 unquam
1191 5525 1420 5581 regum,
1468 5508 1608 5562 nulli
1660 5506 2004 5575 antistitum,

401 5597 545 5653 nulli
575 5613 917 5669 quacunque
950 5597 1192 5669 praedito
1220 5596 1524 5668 dignitate,
1559 5595 1701 5652 nulli
1735 5593 2002 5666 cuiquam

2120 4535 2247 4588 Jesu
2277 4533 2503 4601 Christi,
2524 4536 2581 4588 et
2597 4534 2668 4588 ab
2691 4534 2950 4606 ingressu
2982 4535 3232 4592 ecclesiae
3263 4536 3488 4591 noverit
3525 4554 3586 4593 se
3610 4555 3730 4594 esse

2121 4621 2490 4692 disjunctum.
2509 4622 2627 4677 Hoc
2641 4639 2870 4695 quoque
2886 4623 3133 4695 capitulo
3151 4624 3418 4696 praesenti
3433 4625 3560 4697 subj
3572 4625 3729 4698 ungi-

2121 4727 2270 4777 mus,
2303 4714 2366 4764 ut
2386 4711 2577 4765 locum
2605 4711 2856 4766 avaritia:
2877 4711 3261 4780 secludamus,
3287 4713 3431 4768 nulli
3465 4731 3724 4786 unquam

2120 4798 2288 4854 liceat
2309 4798 2379 4852 de
2399 4798 2798 4870 regibus,nulli
2816 4799 2886 4852 de
2907 4798 3187 4872 episcopis
3207 4801 3724 4871 velsacerdotibus,

2119 4888 2207 4942 vel
2232 4887 2303 4942 de
2319 4886 2756 4959 quibuscunque
2771 4886 3054 4953 fidelibus,
3077 4903 3181 4958 per
3211 4905 3270 4944 se
3301 4888 3724 4961 suppositamve

2117 4991 2450 5048 personam,
2471 4975 2543 5028 de
2565 4974 2930 5029 ordinatione
2953 4975 3213 5046 ejusdem
3233 4975 3479 5045 abbatis,
3501 4980 3602 5032 aut
3619 4978 3724 5033 cle-

2116 5063 2392 5130 ricorum,
2413 5063 2496 5118 vel
2521 5063 3013 5135 presbyterorum,
3034 5067 3132 5119 aut
3157 5065 3227 5120 de
3247 5065 3560 5136 largitione
3581 5065 3721 5121 chri-

2113 5151 2336 5220 smatis,
2361 5151 2446 5204 vel
2470 5150 2539 5204 de
2557 5151 2991 5206 consecratione
3007 5152 3276 5220 basilicae,
3295 5154 3385 5208 vel
3407 5153 3482 5208 de
3495 5155 3722 5226 quibus-

2115 5259 2340 5313 cunque
2357 5241 2541 5296 causis
2562 5240 2803 5296 adidem
2832 5242 3253 5297 monasterium
3274 5243 3715 5315 pertinentibus,

2113 5331 2324 5386 audere
2339 5330 2397 5384 in
2417 5330 2872 5403 qualibetspecie
2895 5331 3079 5386 exenii
3095 5333 3220 5386 loco
3243 5330 3562 5403 quidquam
3575 5331 3714 5387 acci-

2114 5436 2270 5490 pere,
2303 5436 2489 5490 neque
2514 5419 2786 5474 eumdem
2814 5419 3081 5474 abbatem
3100 5436 3202 5492 pro
3223 5419 3593 5477 ordinatione
3617 5437 3714 5475 sua

2111 5507 2326 5580 aliquid
2355 5509 2528 5573 dare;
2553 5525 2741 5579 neque
2759 5508 3059 5580 episcopus
3080 5507 3320 5562 civitatis
3361 5507 3540 5580 ipsius
3557 5525 3714 5581 paro-

2107 5598 2269 5666 chias,
2302 5598 2408 5653 nisi
2457 5598 2528 5652 ab
2578 5598 2786 5653 abbate
2837 5598 3012 5670 ipsius
3045 5598 3381 5654 monasterii
3412 5598 3706 5666 invitatus,

403 5685 524 5759 alii,
559 5686 629 5745 de
655 5685 926 5746 omnibus
955 5687 1131 5746 rebus
1161 5682 1470 5744 mobilibus
1493 5688 1582 5744 vel
1619 5683 2018 5744 immobilibus
2105 5686 2320 5745 ibidem
2373 5685 2630 5761 publicas
2659 5685 2856 5742 missas
2903 5687 3058 5762 agat,
3091 5704 3279 5761 neque
3317 5687 3597 5745 stationes
3651 5686 3707 5746 in
