3918 6230
192 402 270 467 lit
990 410 1231 473 SECTIO
1258 413 1326 470 II.
1353 443 1424 457 -
1453 410 1763 473 EPITOLE
1794 412 1877 472 ΕΤ
1915 413 2313 474 DIPLOMATA
2349 412 2755 473 PONTIFICIA.

3421 412 3530 473 ἰαὶ

205 532 368 592 eodem
384 533 685 594 canobio
701 535 950 607 indicat,
966 553 1040 594 ne
1062 554 1358 594 servorum
1387 537 1487 594 Dei
1504 538 1664 612 quies
1680 555 1822 611 quo-
1844 542 1900 603 Α
1927 555 2057 595 cum
2077 555 2252 612 quem
2277 537 2866 603 dicuntCalidas,cum
2884 535 3154 594 omnibus
3168 553 3296 610 qua
3312 537 3530 596 habere

211 641 396 698 cunque
433 624 631 680 modo
672 626 1249 698 populaticonventu
1269 620 1454 682 valeat
1478 627 1822 699 perturbari,

210 730 361 786 neque
383 713 870 771 mansionaticos
889 715 1093 770 exinde
1107 719 1421 787 prasumat
1438 715 1823 788 exigere.Sus-

207 803 516 875 ceptionem
568 806 778 858 autem
822 803 1080 859 ﬁdelium
1120 807 1218 859 aut
1242 804 1645 876 religiosorum
1674 804 1823 860 viro-

204 909 330 958 rum,
384 895 573 963 atque
616 891 1069 947 beneﬁcentiam
1104 909 1280 963 quam
1312 892 1480 963 jubet
1521 893 1824 963 Apostolus

202 979 399 1036 cunctis
425 980 859 1047 exhibendam,
890 998 994 1053 pro
1025 980 1400 1052 possibilitate
1428 980 1535 1035 loci
1564 983 1621 1034 et
1644 981 1822 1035 facul-

201 1074 451 1135 tate,non
464 1070 659 1125 modo
680 1070 899 1127 ibidem
919 1070 1040 1125 ﬁeri
1053 1072 1633 1141 denegamus,verum
1647 1070 1820 1125 etiam

196 1159 526 1214 suademus.
556 1158 618 1213 Si
644 1159 772 1229 quis
794 1176 927 1215 vero
955 1176 1182 1231 regum,
1205 1159 1819 1232 episc0porum,sacer-

195 1246 1315 1318 dotum,abbatum,judicum,comitum
1340 1251 1437 1302 aut
1460 1248 1820 1302 sacularium

192 1352 611 1409 personarum,
631 1338 836 1391 contra
865 1336 1013 1390 hanc
1037 1337 1247 1390 nostra
1276 1335 1648 1390 institutionis
1668 1334 1823 1406 pagi-

194 1441 325 1479 nam
356 1424 709 1491 tentaverit,
744 1440 1041 1497 percussus
1088 1423 1398 1495 apostolico
1431 1424 1819 1489 anathemate,

195 1512 507 1584 potestatis
535 1512 849 1567 honorisve
876 1512 959 1566 sui
990 1512 1269 1583 dignitate
1301 1514 1511 1576 careat,
1543 1527 1821 1583 reumque

193 1617 250 1655 se
282 1617 491 1656 coram
509 1600 710 1655 divino
728 1600 944 1670 judicio
966 1603 1301 1671 cognoscat;
1335 1603 1392 1653 et
1419 1600 1523 1653 nisi
1547 1617 1614 1654 ea
1636 1617 1762 1671 qua
1789 1617 1823 1654 a

195 1706 252 1745 se
272 1690 431 1744 male
455 1693 592 1743 acta
611 1693 745 1743 sunt
766 1689 1085 1750 defleverit,
1108 1705 1141 1742 a
1179 1689 1560 1744 sacratissimo
1583 1704 1824 1760 corpore

1926 628 2172 682 videtur.
2190 628 2256 682 Et
2276 644 2477 682 omnes
2497 626 2761 681 ecclesias
2793 626 3169 698 parochiales,
3189 626 3275 682 vel
3308 642 3527 698 appen-

1926 718 2115 783 ditias,
2145 733 2272 789 qua
2287 715 2343 770 in
2362 716 2638 787 pradicto
2661 715 2935 771 comitatu
2956 714 3355 771 Bisuldunensi
3371 717 3526 782 sunt,

1925 807 2021 879 qui
2048 809 2181 863 sunt
2201 806 2270 860 de
2291 804 2566 876 pradicta
2583 805 2737 871 sede,
2760 805 2845 859 vel
2869 821 2987 859 esse
3006 805 3239 872 debent,
3272 820 3404 860 cum
3433 804 3531 859 de—

1924 895 2107 957 cimis,
2127 897 2185 949 et
2206 893 2495 965 primitiis,
2534 896 2591 947 et
2626 892 3032 959 oblationibus,
3053 895 3109 947 et
3138 893 3371 949 alaudes
3399 910 3528 966 qua

1923 984 1997 1039 ad
2028 983 2181 1056 ipsas
2200 983 2464 1037 ecclesias
2481 981 2793 1053 pertinent,
2813 998 2944 1036 cum
2969 981 3137 1037 tertia
3149 986 3312 1053 parte
3343 983 3414 1037 de
3437 985 3528 1038 te-

1923 1074 2190 1139 loneo,et
2212 1074 2497 1126 mercatos
2520 1086 2671 1136 suos,
2707 1073 2765 1124 et
2798 1070 2949 1142 ipsos
2978 1070 3324 1142 pascuarios.
3362 1071 3431 1126 Et
3466 1072 3527 1127 in

1921 1162 2146 1216 civitate
2170 1159 2468 1230 Empurias
2492 1158 2689 1213 omnia
2710 1161 2994 1230 quantum
3014 1158 3091 1212 ibi
3113 1158 3234 1230 ipsa
3254 1158 3532 1231 pradicta

1922 1249 2083 1303 sedes
2112 1248 2287 1302 habet
2320 1264 2449 1301 cum
2484 1247 2605 1320 ipso
2637 1264 2811 1301 censu
2843 1247 2914 1301 de
2937 1246 3059 1318 ipso
3087 1247 3254 1302 mari.
3280 1248 3346 1302 Et
3364 1247 3422 1303 in
3438 1263 3531 1303 co-

1921 1336 2127 1391 mitatu
2158 1336 2429 1408 pradicto
2458 1335 2835 1406 Empuriense
2869 1336 3055 1407 ipsum
3072 1336 3527 1409 alaudemquem

1922 1425 2117 1479 dicunt
2149 1424 2350 1479 Uliano
2382 1442 2514 1479 cum
2556 1424 2824 1479 terminis
2862 1428 2920 1478 et
2963 1424 3300 1496 adjacentiis
3328 1425 3442 1480 suis
3472 1429 3530 1481 et

1921 1531 2051 1569 cum
2065 1514 2289 1568 servitio
2310 1514 2519 1579 ﬁscale,
2534 1518 2591 1568 et
2612 1513 2874 1567 ecclesias
2887 1530 3013 1585 qua
3029 1513 3252 1568 ibisunt
3272 1513 3530 1570 fundata

1922 1619 2050 1657 cum
2066 1602 2303 1656 decimis
2324 1604 2379 1656 et
2402 1601 2672 1672 primitiis
2694 1604 2751 1656 et
2774 1601 3160 1657 oblationibus
3180 1619 3309 1673 qua
3335 1601 3408 1656 ad
3433 1618 3529 1658 eas

1924 1692 2189 1746 ecclesias
2212 1691 2601 1762 pertinent.Et
2623 1691 2921 1745 ecclesiam
2937 1691 3130 1746 Sancti
3146 1691 3384 1747 Joannis
3399 1707 3528 1763 qua

195 1777 432 1833 Domini
450 1776 641 1831 nostri
664 1778 795 1831 Jesu
809 1777 1014 1831 Christi
1036 1777 1256 1831 alienus
1276 1777 1397 1843 fiat,
1415 1780 1584 1848 atque
1604 1779 1823 1831 aterno
1845 1845 1887 1850 _
1924 1783 2009 1833 est
2022 1778 2078 1832 in
2093 1779 2349 1848 Bederga
2362 1796 2492 1834 cum
2508 1778 3526 1850 decimis,primitiisetoblatiouibus.

194 1864 451 1920 examini
472 1864 749 1920 districta
772 1866 1005 1920 ultionis
1021 1866 1141 1936 subj
1159 1868 1338 1920 aceat.
1374 1845 1602 1919 Cunctis
1628 1868 1824 1921 autem
1844 1845 1894 1902 Β
1925 1869 1994 1922 Et
2009 1885 2212 1923 omnes
2225 1845 2493 1922 ecclesias
2512 1845 2867 1940 parochiales
2880 1884 3013 1922 cum
3036 1883 3235 1922 earum
3258 1866 3535 1939 appendi-

202 1954 399 2009 eidem
433 1954 569 2009 loca
593 1954 747 2025 justa
777 1955 1131 2009 servantibus
1154 1954 1226 2008 sit
1248 1970 1353 2027 pax
1389 1954 1616 2009 Domini
1646 1954 1825 2008 nostri

194 2043 327 2096 Iesu
360 2042 603 2107 Christi,
628 2044 912 2113 quatenus
930 2046 986 2097 et
1010 2043 1101 2097 hic
1127 2043 1375 2097 fructum
1398 2043 1566 2097 bona
1585 2041 1826 2097 actionis

196 2131 581 2204 recipiant,et
595 2132 746 2202 apud
765 2132 1077 2203 aternumj
1089 2131 1312 2187 udicem
1336 2130 1577 2203 pramia
1589 2135 1820 2186 aterna

196 2220 357 2292 pacis
387 2219 719 2275 inveniant.

204 2414 458 2471 Silvestri
484 2414 550 2469 ΙΙ
610 2414 829 2488 epistola
874 2415 945 2469 ad
1266 2414 1568 2486 episcopum
1617 2413 1826 2468 Gerun-

912 2504 1138 2560 densem.

830 2611 1018 2683 (Anno
1046 2609 1225 2682 1002.)

433 2700 680 2772 [Florez,
711 2700 935 2771 Espana
962 2700 1232 2770 Sagrada,
1260 2699 1437 2766 XLIII,
1468 2701 1616 2767 “9.1

282 2787 591 2844 SILVESTER
621 2789 941 2862 episcopus,
961 2805 1152 2843 servus
1172 2803 1463 2842 servorum
1477 2786 1600 2851 Dei,
1625 2780 1831 2841 dilecto

207 2874 336 2932 ﬁlio
369 2876 576 2943 Onom,
606 2877 878 2948 episcopo
912 2878 1121 2929 sancta
1152 2872 1537 2928 Gerundensis
1570 2872 1830 2927 Ecclesia

205 2965 441 3037 tuisque
473 2963 896 3019 successoribus
920 2962 979 3016 in
1011 2965 1376 3034 perpetuum.

275 3052 651 3108 Desiderium
680 3052 860 3124 quod,
892 3055 999 3108 etc.
1032 3051 1099 3105 Et
1137 3051 1267 3105 ideo
1299 3049 1433 3122 quia
1471 3050 1769 3121 postulasti
1800 3066 1834 3103 a

204 3142 378 3197 nobis
393 3145 455 3197 ut
471 3141 782 3213 prafatum
799 3140 1192 3213 episcopatum
1208 3139 1607 3194 sanctaMaria
1621 3139 1834 3194 Gerun-

204 3231 405 3286 densis
434 3230 702 3286 Ecclesia
726 3229 1054 3302 apostolica
1081 3228 1440 3284 auctoritatis
1472 3229 1832 3301 protectione

201 3320 602 3386 muniremus,
634 3323 694 3374 et
724 3319 931 3373 omnia
955 3318 1006 3374 ei
1049 3317 1402 3390 pertinentia
1431 3319 1672 3389 perenni
1698 3318 1832 3388 jure

200 3408 432 3463 ibidem
462 3406 875 3463 inviolabiliter
906 3406 1305 3478 permanenda
1331 3405 1828 3473 conﬁrmaremus,

144 3484 161 3493 ’
196 3497 475 3551 videlicet
488 3498 775 3568 quantum
788 3496 1003 3550 habere
1017 3493 1403 3549 videturint‘ra
1424 3510 1620 3549 muros
1641 3493 1831 3548 civita-

197 3584 584 3640 tisGerunda
605 3585 695 3639 vel
722 3583 781 3639 in
805 3584 928 3654 ejus
959 3583 1258 3649 comitatu,
1283 3598 1397 3636 una
1429 3598 1560 3637 cum
1592 3581 1832 3637 ecclesia

195 3675 407 3731 Sancti
440 3674 641 3731 Felicis
678 3673 952 3746 martyris
983 3675 1041 3727 et
1077 3672 1273 3727 Sancti
1298 3670 1559 3738 Narcissi,
1592 3687 1719 3742 qua
1745 3671 1832 3725 est

182 3764 363 3835 juxta
374 3766 614 3836 portam
634 3762 874 3818 civitatis
884 3761 1324 3828 Gerunda,cum
1339 3758 1607 3815 omnibus
1625 3775 1826 3818 eorum

189 3851 665 3924 pertinentiis,et
680 3849 981 3905 ecclesiam
1000 3848 1225 3904 Sancta
1236 3848 1425 3903 Maria
1442 3863 1617 3919 quam
1633 3846 1830 3901 dicunt

189 3941 402 4012 (vulgo
436 3939 713 4009 Labisbal)
756 3938 1165 4011 episcopalem,
1192 3936 1479 4007 simulque
1520 3950 1653 3989 cum
1702 3934 1828 4005 ipso

195 4029 438 4095 alaude,
473 4029 561 4083 vel
592 4028 761 4083 ﬁscus
793 4043 967 4098 quem
992 4026 1191 4081 dicunt
1206 4026 1556 4079 Fontanetus
1570 4025 1626 4078 et
1649 4022 1827 4077 Fonte

198 4114 408 4181 Edeta,
431 4119 491 4170 et
512 4114 812 4186 Apiliares,
828 4113 1234 4180 etVentinaco,
1248 4114 1307 4166 et
1326 4128 1493 4166 muro
1508 4113 1566 4166 et
1582 4110 1826 4165 murello

195 4203 268 4259 de
289 4204 603 4271 Palatiolo,
619 4206 679 4258 et
698 4203 884 4274 ipsam
901 4203 1165 4258 Fontem.
1193 4202 1321 4255 Hac
1347 4199 1547 4255 omnia
1567 4215 1699 4253 cum
1727 4199 1826 4254 de-

195 4291 387 4360 cimis,
414 4296 472 4347 et
491 4290 795 4364 primitiis,
824 4294 882 4344 et
907 4288 1315 4355 oblationibus,
1344 4292 1401 4342 et
1431 4287 1725 4342 servitium
1759 4287 1824 4341 ﬁ-

184 4382 367 4448 5cale,
388 4379 656 4452 etipsum
682 4378 950 4433 alaudem
966 4393 1137 4448 quem
1158 4376 1355 4430 dicunt
1372 4375 1625 4430 Parietes
1640 4373 1828 4428 Ruﬁni

1924 1956 2040 2024 tiis,
2059 1974 2186 2028 qua
2205 1956 2261 2011 in
2282 1956 2558 2028 pradicto
2582 1956 2858 2011 comitatu
2880 1954 3358 2028 Emporitanense
3375 1958 3530 2023 sunt,

1925 2062 2042 2100 una
2064 2062 2194 2099 cum
2221 2045 2480 2112 decimis,
2517 2048 2573 2099 et
2602 2044 2892 2116 primitiis,
2927 2046 2986 2097 et
3038 2042 3449 2105 oblationibus,
3476 2046 3535 2097 et

1926 2134 2225 2188 alaudibus
2255 2133 2391 2199 suis,
2419 2149 2547 2205 qua
2568 2135 2702 2186 sunt
2729 2132 2799 2186 de
2823 2131 2958 2202 ipsis
2980 2129 3246 2184 ecclesiis.
3268 2130 3336 2184 Et
3355 2130 3413 2185 in
3439 2147 3537 2203 pe-
3558 2136 3580 2153 θ

1926 2224 2135 2277 tralata
2178 2222 2478 2277 ecclesiam
2511 2220 2706 2276 Sancti
2734 2218 2984 2285 Martini,
3017 2234 3149 2272 cum
3179 2218 3436 2286 decimis,
3477 2221 3536 2275 et

1927 2311 2216 2385 primitiis,
2232 2314 2288 2365 et
2302 2310 2692 2365 oblationibus
2708 2308 2843 2363 suis.
2872 2308 2939 2362 Et
2956 2307 3016 2361 in
3039 2306 3316 2363 comitatu
3336 2309 3536 2363 Petra-

1926 2400 2129 2456 latensi
2168 2399 2465 2454 ecclesiam
2514 2399 2738 2453 Sancta
2782 2396 2969 2451 Maria
3010 2411 3142 2449 cum
3191 2395 3450 2464 decimis,
3479 2399 3539 2453 et

1927 2488 2285 2562 primitiis,et
2298 2487 2707 2552 oblationibus,
2720 2487 2779 2540 et
2792 2483 3093 2540 alaudibus
3106 2484 3314 2538 suis.Et
3332 2500 3539 2541 omnes

1930 2578 2194 2633 ecclesias
2223 2577 2579 2650 parochiales
2610 2592 2739 2630 cum
2784 2590 2985 2629 earum
3026 2572 3374 2646 appenditiis
3408 2590 3537 2646 qua

1929 2670 2063 2721 sunt
2093 2667 2149 2721 in
2178 2665 2453 2721 comitatu
2486 2664 2762 2735 pradicto
2786 2660 3160 2717 Petralatensi
3181 2677 3313 2716 cum
3335 2678 3537 2719 earum

1931 2754 2188 2818 decimis,
2210 2758 2269 2809 et
2305 2752 2599 2825 primitiis,
2624 2755 2683 2807 et
2705 2749 3111 2816 oblationibus,
3133 2752 3191 2805 et
3219 2750 3538 2807 alaudibus.

1930 2844 1998 2898 Et
2020 2843 2249 2898 tertiam
2276 2846 2504 2913 partem
2534 2841 2604 2895 de
2632 2841 2861 2895 teloneo
2893 2840 2964 2894 de
2995 2837 3130 2909 ipsis
3161 2838 3448 2907 mercatis,
3482 2841 3541 2895 et

1932 2931 2163 2986 tertiam
2179 2935 2402 3003 partem
2423 2930 2492 2985 de
2516 2928 2651 3001 ipsis
2672 2927 3076 3000 pascuariis.Et
3096 2929 3159 2983 ut
3174 2927 3388 3000 absque
3393 2928 3539 3000 jugo

1931 3036 2031 3074 seu
2080 3018 2297 3075 ditione
2344 3019 2732 3089 cujuscunque
2786 3031 3051 3088 persona
3109 3031 3245 3070 eum
3288 3014 3542 3071 stabilire

1853 3130 1901 3190 ρ
1932 3102 2116 3163 nostri
2137 3107 2418 3179 privilegii
2440 3104 2655 3178 pagina
2672 3104 3204 3173 corroboraremus.
3228 3104 3544 3177 PrOpterea

1932 3198 2043 3252 tuis
2073 3196 2204 3251 ﬂexi
2242 3195 2506 3266 precibus
2555 3210 2659 3266 per
2707 3192 2877 3263 huius
2927 3194 3137 3246 nostra
3187 3190 3546 3249 auctoritatis

1931 3285 2302 3358 privilegium
2331 3286 2648 3340 statuentes
2675 3280 3040 3336 decernimus
3071 3284 3134 3336 ut
3159 3284 3365 3336 cuncta
3391 3282 3539 3347 loca,

1932 3377 2067 3440 etc.,
2101 3373 2180 3427 ita
2210 3376 2271 3427 ut
2302 3372 2492 3427 nullus
2516 3369 2715 3441 judex,
2750 3368 2940 3423 nullus
2970 3368 3251 3435 marchio,
3285 3371 3395 3423 etc.
3428 3366 3537 3432 Qui

1929 3476 2064 3515 vero
2090 3462 2302 3526 custos,
2333 3462 2441 3513 etc.

2002 3547 2294 3620 Scriptum
2327 3562 2432 3619 per
2463 3560 2704 3599 manum
2732 3541 2885 3597 Petri
2923 3541 3135 3597 notarii
3173 3543 3232 3598 et
3260 3539 3543 3597 scriniarii

1931 3640 2142 3692 sancta
2180 3636 2456 3691 Romana
2486 3631 2745 3688 Ecclesia
2772 3630 2831 3685 in
2857 3645 3059 3685 mense
3085 3628 3411 3697 Decembri,
3451 3628 3540 3685 in-

1930 3726 2190 3781 dictione
2212 3724 2422 3798 prima.
2459 3724 2611 3778 Bene
2640 3722 2845 3777 valete.

2693 3848 2777 3902 XI.

1928 3939 2091 3995 Bulla
2123 3937 2371 3994 Silvestri
2398 3955 2558 4010 papa:
2589 3935 2659 3991 II
2681 3953 2789 4010 qua
2828 3940 3116 4010 utrumque
3160 3936 3547 4010 monasterium

1998 4011 2315 4066 Stabulense
2345 4004 2913 4064 et'Malmundartense
2926 4004 3150 4060 sub—sua
3169 4004 3384 4074 suscipit
3413 4018 3547 4074 pro-

2001 4083 2242 4149 tectione,
2265 4081 2593 4152 mandatque
2612 4087 2672 4133 ut
2699 4082 2755 4133 in
2776 4078 2985 4132 abbatis
3026 4075 3280 4131 electione
3310 4090 3374 4130 ex
3412 4075 3547 4130 Sta-

2001 4153 2221 4218 bulensz',
2253 4155 2304 4208 si
2323 4153 2521 4223 dignus
2550 4152 2864 4221 reperiatur,
2891 4155 3218 4203 assumatur.

2456 4241 2647 4310 (Anno
2700 4238 3018 4302 999-1003.)

2255 4348 2540 4421 [Marten.,
2568 4345 2731 4416 ampl.
2761 4342 2979 4399 Collect.
3007 4344 3075 4410 ll,
3108 4343 3225 4414 54.]

190 4484 324 4523 cum
354 4467 628 4524 terminis
650 4469 710 4522 ct
732 4465 1078 4537 adjacentiis
1092 4465 1229 4531 suis,
1260 4467 1319 4519 et
1340 4480 1546 4520 omnes
1565 4462 1830 4518 ecclesias
1851 4436 1904 4495 Ῑ)
2004 4454 2319 4520 SILvasri-zn,
2351 4466 2609 4506 summus
2640 4452 2699 4504 et
2723 4446 3059 4537 universalis
3106 4462 3259 4520 papa
3287 4446 3542 4537 etab‘eati

191 4557 587 4627 parochiales,
603 4556 696 4609 vel
717 4552 1087 4627 appenditios
1108 4553 1204 4626 qui
1229 4556 1360 4607 sunt
1382 4552 1441 4606 in
1469 4551 1629 4606 omni
1646 4550 1826 4605 comi-

190 4648 316 4702 tatu
335 4645 731 4710 Gerunda,et
749 4660 883 4698 cum
903 4643 1236 4710 decimis,et
1256 4640 1546 4714 primitiis,
1572 4643 1630 4694 et
1666 4640 1827 4694 obla-

189 4735 452 4790 tionibus
473 4732 766 4796 ﬁdelium,
788 4733 848 4785 et
866 4731 1100 4786 alaudes
1116 4747 1243 4802 qua
1272 4730 1346 4784 ad
1378 4729 1530 4800 ipsas
1560 4728 1831 4782 ecclesias

190 4822 519 4891 pertinent,
537 4821 629 4874 vel
644 4818 863 4874 habere
884 4817 1171 4885 videntur,
1186 4821 1244 4872 et
1264 4817 1495 4872 tertiam
1511 4818 1738 4887 partem
1756 4816 1827 4870 de

192 4909 319 4980 ipsa
347 4911 598 4965 moneta
625 4908 697 4962 de
717 4906 948 4961 civitate
976 4906 1267 4973 Gerunda,
1297 4905 1464 4960 simul
1490 4921 1621 4959 cum
1652 4920 1827 4960 censu

195 4997 264 5053 de
300 4998 442 5071 ipsis
479 4995 720 5063 Judais,
752 4997 927 5066 atque
956 4994 1187 5049 tertiam
1213 4997 1439 5066 partem
1487 4992 1558 5047 de
1589 4992 1712 5063 ipso
1744 4995 1828 5048 te-

199 5085 399 5150 loneo,
421 5087 496 5141 de
519 5086 658 5158 ipsis
680 5082 957 5138 mercatis
986 5082 1056 5137 de
1081 5081 1354 5154 pradicta
1380 5081 1627 5147 civitate,
1650 5081 1737 5135 vel
1757 5080 1828 5135 de

198 5175 327 5246 ejus
342 5175 653 5240 comitatu,
688 5175 749 5227 et
764 5170 997 5226 tertiam
1018 5174 1244 5241 partem
1270 5170 1341 5224 de
1363 5169 1495 5240 ipsis
1516 5168 1828 5240 pascuariis

152 5252 157 5255 ’
200 5262 269 5318 de
302 5264 589 5338 pradicto
617 5259 928 5317 comitatu.
954 5260 1020 5312 Et
1042 5259 1099 5312 in
1121 5257 1397 5312 comitatu
1428 5256 1825 5312 Bisuldunensi

200 5352 391 5424 ipsum
409 5352 685 5407 alaudem
709 5364 891 5421 quem
906 5347 1103 5402 dicunt
1117 5349 1378 5412 Bascara,
1397 5349 1454 5400 et
1473 5346 1659 5417 ipsum
1675 5347 1827 5401 alau-

201 5441 337 5496 dem
355 5442 427 5496 de
442 5440 748 5512 Crispiano
764 5452 898 5489 cum
911 5451 1114 5490 eorum
1127 5435 1390 5490 terminis
1402 5438 1459 5489 et
1470 5434 1825 5505 adjacentiis.

201 5529 265 5583 Et
277 5532 485 5585 cellam
502 5528 704 5585 Sancti
724 5523 1171 5595 Laurentii,qua
1185 5527 1268 5577 est
1280 5540 1451 5595 supra
1463 5525 1712 5577 castrum
1728 5524 1830 5577 Bo-

198 5617 360 5685 beta,
378 5613 895 5692 quemadmodum
915 5612 1154 5667 Frcdolo
1177 5628 1280 5683 per
1295 5616 1584 5683 praccpta
1611 5611 1830 5681 regalia

198 5707 444 5765 detinet.
465 5709 535 5765 Et
556 5702 877 5763 ecclesiam
900 5700 1093 5757 Sancti
1122 5700 1369 5768 Martini,
1398 5717 1526 5773 qua
1548 5702 1633 5755 est
1659 5698 1717 5753 in
1748 5699 1828 5753 lo-

1930 4542 2085 4599 Pctri
2113 4540 2374 4607 vicarius,
2400 4555 2595 4595 servus
2613 4552 2914 4593 servorum
2933 4535 3056 4603 Dei,
3075 4534 3388 4592 venerabili
3414 4534 3542 4590 Sta-

1931 4630 2257 4688 bulensium
2286 4631 2344 4683 et
2361 4625 2966 4683 Malmundariensium
2989 4624 3183 4680 abbati
3210 4625 3544 4679 Ravsncano

1930 4724 1989 4777 et
2017 4719 2291 4776 omnibus
2316 4717 2374 4772 in
2396 4716 2617 4772 Obristo
2650 4715 2743 4789 pie
2771 4714 2961 4769 vivere
2987 4711 3310 4768 volentibus
3340 4727 3542 4767 veram

1932 4810 1992 4864 in
2022 4807 2272 4865 Domino
2303 4808 2434 4861 Jesu
2464 4804 2838 4861 dilectionem
2867 4819 2934 4858 ac
2966 4803 3227 4857 mutuam
3262 4798 3536 4854 fraterna

1931 4891 2226 4953 charitatis
2257 4894 2725 4951 unanimitatem.

2004 4986 2144 5041 Cum
2163 4986 2530 5055 constatpost
2540 4982 2863 5055 primorum
2876 4982 3208 5034 nostrorum
3230 4977 3539 5047 parentum

1930 5074 2465 5147 pravaricationem
2481 5070 2539 5125 in
2557 5068 2722 5125 liberi
2745 5068 2968 5123 arbitrii
2992 5065 3330 5123 abusionem
3357 5079 3542 5137 genus

1930 5166 2253 5219 humanum
2281 5162 2334 5216 ei
2359 5158 2659 5215 sententia
2682 5156 2999 5222 addictum,
3024 5158 3156 5210 utet
3174 5156 3351 5210 homo
3384 5151 3540 5224 capi-

1928 5253 2079 5307 tibus
2092 5252 2338 5306 aliorum
2355 5247 2666 5303 secundum
2682 5244 3119 5316 Psalmographi
3131 5260 3330 5299 vocem
3350 5257 3544 5315 super-

1920 5338 2280 5414 'ponatur,ad
2298 5333 2748 5407 compescendos
2762 5332 2974 5386 scilicet
2988 5332 3261 5388 humana
3278 5333 3541 5404 volupta-

1926 5430 2000 5485 tis
2012 5429 2237 5484 illicitos
2254 5421 2857 5498 appetitus,etlegibus
2873 5436 2989 5475 non
3005 5421 3181 5476 modo
3194 5421 3539 5489 forensibus,

1929 5534 2127 5573 verum
2160 5516 2334 5570 etiam
2387 5510 2781 5567 ecclesiasticis
2819 5509 3196 5565 cohibeamur
3237 5510 3451 5581 regulis
3475 5526 3542 5565 ac

1932 5604 2271 5671 rationibus,
2291 5619 2541 5675 cousque
2571 5616 2879 5675 progressa
2907 5602 2992 5654 est
3021 5597 3428 5654 auctoritatum
3457 5597 3541 5654 in-

1937 5691 2177 5760 stitutio,
2206 5696 2268 5747 ut
2296 5694 2493 5747 sancta
2517 5693 2852 5748 sanctorum
2882 5690 3032 5763 loca,
3061 5703 3191 5762 qua
3228 5686 3537 5747 devotione
