3918 6230
198 446 291 512 m

990 462 1234 524 SESTIO
1269 465 1337 524 ll.
1364 494 1435 508 -
1464 456 1816 524 ΕΡῘὸΤοιῶ
1847 458 1933 525 ΕΤ
1963 462 2358 529 υιΡιθΜΑτΑ
2389 471 2795 532 PONTlFlClA.

217 580 475 676 emam“
504 584 881 658 Ρτωᾶίοίειω
901 587 1317 647 Θοοὶθδίᾶω---οσ
1349 589 1452 645 δαὶ)
1483 592 1680 646 nostra
1707 606 1842 662 ρτο-
1863 595 1919 656 Α
1950 598 2328 657 conciliumin
2349 602 2555 657 eodem
2568 599 2919 658 monasterio
2946 600 3160 676 absque
3188 616 3469 662 consensu
3494 606 3557 661 et

229 673 481 741 lectione,
495 677 944 748 etc.,jubemus
972 681 1037 733 ut
1061 679 1248 734 nullus
1268 694 1388 746 rex,
1408 680 1688 749 marcbio,
1709 681 1843 748 dux,

230 780 427 831 comes,
449 764 792 822 vicccomes
803 770 903 822 aut
928 765 1199 839 aliusZmai
1210 783 1393 835 orem,
1422 783 1708 841 parvaque
1720 786 1848 841 per-

232 870 383 920 soua,
407 852 576 907 illam
622 855 937 910 ecclesiam
969 855 1159 928 aliquo
1192 855 1368 911 modo
1395 855 1719 929 inquietare
1752 858 1841 913 vel

226 944 534 999 molestare
562 944 801 1014 audeat,
835 947 943 999 etc.

218 1120 477 1177 Silvester
526 1120 594 1175 ΙΙ
644 1122 1025 1177 monasterium
1079 1119 1142 1177 S.
1201 1121 1485 1176 Trinitatis
1512 1130 1562 1177 et
1596 1120 1659 1178 S.
1687 1121 1845 1178 Petri

292 1192 681 1263 Burguliense,
707 1194 776 1247 ab
806 1192 1003 1247 Emma
1024 1195 1284 1248 comitissa
1316 1193 1648 1249 Pictaviensi
1658 1194 1841 1251 condi-

294 1270 434 1331 tum,
456 1264 761 1334 privilegiis
788 1270 963 1320 ornat.

842 1336 1028 1400 (Anno
1055 1333 1236 1405 1003).

545 1404 713 1474 (Gali.
741 1404 966 1473 σὴν-ἰείη
994 1408 1138 1460 tom.
1170 1403 1259 1473 ιν,
1292 1404 1428 1461 edit.
1466 1403 1543 1478 l.)

286 1492 624 1560 SILVESTER,
657 1509 826 1566 papa,
849 1494 1015 1550 Enna
1044 1493 1346 1549 comitissa
1378 1492 1839 1565 Pictaviensium,

282 1582 608 1637 Innotuisti
640 1583 872 1637 auribus
898 1582 1109 1637 nostris
1137 1583 1313 1655 quod,
1353 1585 1469 1639 Deo
1501 1583 1753 1638 donante
1783 1587 1843 1639 et

204 1670 542 1726 venerabili
574 1670 861 1725 Gauberto
888 1671 1094 1726 abbate
1121 1675 1362 1743 cogente
1381 1675 1438 1727 et
1463 1672 1755 1739 hortante,
1779 1671 1840 1727 in

200 1758 342 1814 loco
372 1759 477 1830 qui
509 1761 750 1814 vocatur
772 1759 1070 1830 Burgulius
1099 1758 1160 1814 in
1191 1760 1410 1815 honore
1433 1762 1643 1815 sancta
1669 1764 1727 1814 et
1756 1760 1843 1814 in-

1945 691 2235 746 voluntate
2261 691 2481 749 abbatis
2497 695 2555 747 et
2574 692 2992 747 monachorum
3006 691 3265 761 eiusdem
3285 694 3393 749 loci
3408 697 3553 751 cele-

1944 781 2111 837 brare
2130 781 2817 854 prasumat.Electionem
2840 798 2973 836 vero
2993 781 3234 851 abbatis,
3250 783 3550 840 monachis

1944 870 2118 944 ipsius
2147 871 2255 926 loci
2286 871 2617 942 licetagere,
2638 886 2754 925 non
2769 887 2837 925 ex
2855 869 3180 936 alienis,sed
3192 887 3259 926 ex
3278 872 3552 945 propriis,

1943 959 2103 1030 cujus
2124 959 2238 1014 vita
2250 962 2307 1014 et
2323 976 2512 1013 mores
2530 959 2844 1014 secundum
2864 960 3043 1014 Deum
3066 958 3331 1025 sint.Quo
3344 960 3550 1031 electo,

1945 1049 2073 1104 duci
2098 1048 2518 1121 Aquitanorum
2548 1048 2791 1119 filiisque
2817 1048 2941 1119 ejus
2964 1065 3097 1103 eum
3109 1052 3550 1120 repraesentant,

1943 1141 2001 1193 et
2025 1138 2146 1211 ipse
2177 1137 2228 1192 ei
2274 1137 2492 1193 donum
2518 1138 2776 1209 praebeat
2803 1136 2924 1192 sine
2947 1137 3061 1191 ulla
3090 1137 3548 1194 contradictione

1944 1230 2043 1282 aut
2071 1227 2262 1298 aliqua
2286 1226 2713 1281 contrarietate.
2746 1225 2803 1281 Si
2827 1225 2951 1297 quis
2967 1242 3101 1281 vero
3118 1225 3296 1282 abbas
3324 1226 3543 1299 cupidi-

1942 1317 2061 1369 tate
2093 1314 2285 1386 aliqua
2305 1330 2595 1382 accensus,
2629 1316 2728 1369 aut
2757 1313 3016 1386 potentia
3045 1314 3236 1370 saculi
3266 1315 3546 1383 munitus,

1944 1419 2075 1457 cum
2102 1401 2154 1456 vi
2188 1402 2402 1457 intrare
2430 1402 2488 1456 in
2543 1402 2691 1457 hanc
2722 1401 3012 1457 abbatiam
3040 1402 3283 1458 voluerit
3311 1406 3369 1458 et
3396 1404 3547 1459 hanc

1941 1491 2329 1562 supradictam
2361 1489 2734 1561 scriptionem
2766 1489 3060 1563 praterire
3083 1506 3249 1547 ausus
3279 1489 3471 1558 fuerit.
3486 1491 3547 1547 in

1940 1579 2234 1635 horrendo
2256 1578 2475 1651 judicio
2496 1578 2592 1634 Dei
2611 1578 2847 1634 incidat.
2864 1580 3127 1636 Ecclesia
3149 1582 3345 1635 autem
3373 1578 3547 1652 ipsius

1939 1667 2342 1723 monasteriiin
2357 1668 2785 1740 quibuscumque
2800 1668 3099 1723 territoriis
3114 1666 3236 1723 sita
3248 1671 3549 1734 maneant,

1940 1757 2153 1828 absque
2183 1756 2419 1827 alicujus
2444 1756 2832 1828 episcopi,seu
2862 1756 3396 1825 archidiaconi,nec
3426 1772 3547 1813 non

204 1846 472 1902 dividua
501 1846 801 1901 Trinitatis
822 1846 949 1902 etS.
974 1847 1126 1902 Petri
1148 1850 1541 1920 apostolorum
1569 1848 1842 1921 principis
1861 1863 1911 1921 Β
1941 1848 1997 1900 et
2022 1846 2255 1901 alterius
2280 1862 2541 1917 persona
2570 1845 2989 1917 inquietudine,
3008 1850 3243 1919 excepto
3262 1844 3546 1918 synodali,

203 1934 653 1991 monasterium
668 1934 1019 2004 fundaveris,
1034 1936 1199 1991 terris
1214 1937 1842 2010 locupletaveris,rebus

204 2024 514 2090 ditaveris,
543 2024 660 2078 tuis
689 2024 955 2095 precibus
981 2024 1236 2081 inclinati
1266 2026 1516 2082 libenter
1545 2042 1840 2081 assensum

201 2112 639 2184 impendimus.
673 2111 995 2168 Statuimus
1024 2130 1184 2185 ergo,
1214 2118 1508 2170 annuente
1543 2114 1837 2187 Raynaldo

206 2200 629 2274 Andegavensi
659 2200 953 2274 episcopo,
986 2204 1049 2257 ut
1080 2203 1288 2258 nullius
1319 2203 1559 2259 civitatis
1583 2202 1842 2277 pontifex

1848 2344 1919 2363 μ

1938 1936 2027 1989 vel
2058 1951 2187 2006 qua
2218 1936 2384 2005 vulgo
2415 1933 2648 2000 circada,
2678 1935 2765 1988 vel
2783 1934 3018 2004 parada,
3052 1934 3344 2001 dicuntur,
3366 1936 3475 1988 etc.

2020 2023 2313 2094 Scriptum
2345 2038 2449 2094 per
2477 2038 2692 2076 manus
2722 2021 2874 2076 Petri
2914 2021 3124 2077 notarii
3164 2025 3224 2076 et
3268 2020 3551 2077 scriniarii

1942 2116 2151 2168 sancta
2170 2112 2446 2166 Romana
2489 2110 2772 2175 Ecclesia,
2826 2109 3023 2165 indict.
3071 2127 3109 2166 ι.
3161 2111 3314 2166 Bene
3345 2110 3551 2179 valete,

1946 2201 2273 2273 Sylvester,’
2300 2198 2397 2273 qui
2446 2201 2505 2254 et
2540 2199 2845 2254 Gerbertus
2887 2213 3056 2271 papa.

1747 2487 2018 2556 DUBIA

972 2641 1102 2696 XVI.

206 2745 433 2803 Littera:
459 2747 718 2805 Sil-oestri
730 2745 794 2800 II
805 2763 964 2818 papa
980 2747 1051 2802 ad
1078 2746 1322 2818 Ottpnem
1336 2745 1428 2801 III
1450 2747 1837 2818 imperatorem,

284 2819 479 2890 quibus
504 2819 787 2889 signiﬁcat
810 2817 864 2871 se
892 2820 1126 2890 epise0po
1153 2817 1431 2873 Ticinensi
1454 2817 1839 2890 commendasse

281 2889 673 2944 monasterium
724 2889 1039 2943 moniatiu-m
1078 2889 1456 2956 Ticinensium,
1489 2889 1631 2961 quod
1658 2889 1835 2944 Sena-

281 2961 429 3015 toris
460 2961 750 3031 apellatur,
778 2963 1050 3032 ipsumque
1074 2966 1229 3030 rogat
1256 2966 1316 3013 ut
1340 2960 1655 3030 hujusmodi
1686 2975 1835 3017 cons-

288 3032 605 3086 titutionem
628 3032 922 3100 conﬁrmet.

834 3138 1027 3208 (Anno
1063 3134 1245 3207 1001.)

540 3242 860 3309 [Muratori,
888 3242 1079 3315 Antiq.
1117 3241 1246 3295 Ital.
1277 3241 1344 3309 V,
1376 3243 1527 3308 991.]

1939 2641 2425 2706 dominationem,
2454 2658 2560 2698 nec
2576 2659 2682 2716 per
2698 2640 2950 2715 aliquam
2986 2640 3405 2711 conditionem,
3447 2642 3549 2700 sed

1938 2731 2011 2785 ad
2023 2732 2204 2786 solam
2230 2730 2727 2787 consecrationem
2752 2733 2810 2786 et
2829 2727 3252 2799 defensionem,
3277 2734 3338 2787 ut
3352 2736 3550 2805 pastor

1938 2819 2235 2893 episcopus
2264 2820 2414 2876 illius
2443 2814 2552 2875 loci
2586 2822 2937 2892 prasentem
2964 2819 3315 2876 abbatissam
3337 2824 3395 2877 et
3424 2838 3552 2878 san-

1938 2912 2056 2963 ctas
2088 2909 2370 2964 moniales
2384 2908 2455 2964 ab
2489 2909 2650 2964 omni
2678 2908 3076 2981 inquietudine
3104 2904 3444 2978 defendant,
3468 2909 3550 2966 ita

1937 3004 1999 3053 ut
2026 2998 2298 3071 praefatus
2327 2998 2649 3069 episcopus,
2672 2998 2757 3053 vel
2788 2996 2994 3071 aliquis
3027 2996 3098 3054 de
3128 2996 3551 3055 successoribus

1935 3086 2100 3141 alicui
2134 3103 2401 3142 meorum
2431 3102 2825 3142 successorum
2844 3090 2943 3142 aut
2967 3087 3411 3160 imperatorum,
3440 3103 3546 3161 per

1935 3175 2211 3247 scriptum
2236 3176 2326 3230 vel
2353 3192 2456 3248 per
2487 3176 2721 3248 aliquod
2741 3175 3164 3248 ingenium.....
3199 3176 3547 3232 constituere

1935 3265 2155 3333 fecerit,
2184 3267 2378 3322 statim
2423 3265 2842 3321 monasterium
2874 3267 3072 3322 nostra
3100 3266 3550 3323 consecrationis

287 3351 349 3404 lu
379 3348 629 3405 nomine
662 3350 878 3403 sancta!
911 3350 969 3402 et
995 3346 1302 3402 individua?
1325 3345 1835 3415 TrinitatiS,SILVB-
1858 3358 1904 3423 C
1936 3358 1995 3409 et
2013 3357 2216 3409 vestra
2242 3353 2595 3409 defensionis
2622 3357 2960 3409 revertatur.
2997 3354 3142 3419 Quia
3170 3371 3276 3410 nec
3306 3372 3413 3411 nos
3441 3372 3548 3411 nec

219 3455 367 3506 srn,
399 3454 599 3493 servus
620 3453 919 3492 servorum
945 3436 1068 3504 Dei,
1102 3434 1429 3507 apostolica
1458 3434 1607 3490 sedis
1641 3434 1834 3489 humi-

217 3526 284 3581 lis
307 3526 640 3599 episcopus,
675 3524 881 3581 Orrom
908 3523 1267 3597 imperatori.

287 3615 575 3672 Pastorali
603 3630 743 3670 cura
768 3629 999 3685 semper
1017 3612 1253 3685 vigilare
1273 3628 1338 3667 ac
1354 3611 1618 3668 laborare
1644 3611 1839 3668 debita

214 3722 321 3778 pro
350 3705 550 3777 gregis
587 3704 771 3759 salute
828 3703 1012 3771 decet,
1057 3706 1121 3757 ut
1163 3706 1349 3757 vestro
1383 3702 1527 3757 fulta
1569 3700 1836 3773 prasidio

218 3798 449 3850 nostras
475 3792 753 3848 Ecclesias
779 3794 1105 3864 protegere,
1137 3790 1289 3846 tueri
1324 3793 1495 3862 atque
1528 3789 1838 3848 defendere

214 3886 420 3938 nostra
448 3882 680 3937 studeat
696 3879 1078 3954 providentia,
1100 3896 1170 3933 ne
1201 3878 1535 3951 iniquorum
1557 3879 1840 3935 effrenata

212 3972 480 4039 servicia,
534 3970 812 4042 omnique
857 3968 1062 4023 timore
1098 3968 1300 4035 libera,
1343 3970 1459 4023 Deo
1487 3968 1838 4023 famulantes

212 4078 317 4116 sua
347 4075 636 4134 peragere
667 4056 859 4113 ofﬁcia
888 4056 1185 4129 impediat.
1209 4056 1416 4111 Vestris
1433 4056 1648 4130 quippe
1674 4060 1835 4112 ante-

210 4149 561 4216 cessoribus,
600 4149 917 4219 vestraque
957 4145 1244 4219 imperiali
1295 4144 1583 4217 majestati
1630 4147 1838 4201 notum

211 4255 336 4294 esse
368 4238 605 4305 scimus,
624 4235 1045 4291 monasterium
1062 4236 1218 4308 quod
1245 4235 1491 4291 Senator
1517 4251 1621 4306 pro
1651 4251 1837 4289 reme-

210 4326 308 4383 dio
331 4326 553 4383 anima
578 4342 697 4380 sua
717 4328 777 4380 et
803 4326 1145 4380 cunctorum
1176 4322 1525 4391 fidelium,iu
1546 4323 1832 4378 honorem

207 4418 430 4471 sancta
486 4413 591 4470 Dei
653 4411 954 4485 genitricis
1001 4428 1344 4485 semperque
1382 4410 1621 4483 virginis
1647 4411 1835 4466 Maria

208 4502 409 4574 Papia
421 4499 768 4568 construxit,
798 4502 1010 4556 nostra
1032 4499 1241 4554 ditioni
1257 4499 1517 4554 deditum
1541 4515 1608 4554 eo
1631 4502 1835 4554 tenore

206 4595 275 4647 ut
284 4608 397 4665 pro
413 4595 681 4662 tempore
697 4589 1141 4657 abbatissam,ex
1166 4589 1367 4644 eadem
1382 4588 1833 4661 congregatione

204 4682 461 4736 electam
498 4680 600 4746 ibi,
630 4690 762 4751 qua
791 4680 1017 4733 sanctas
1047 4676 1327 4732 moniales
1355 4680 1606 4749 regeret,
1630 4693 1831 4732 conse-

205 4785 531 4835 craremus,
566 4771 626 4822 et
666 4767 739 4822 ab
770 4766 932 4820 omni
965 4766 1255 4821 malorum
1291 4766 1595 4820 hominum
1638 4766 1832 4820 locum

206 4857 379 4913 illum
420 4854 835 4912 molestatione
866 4853 1334 4909 defenderemus.
1381 4854 1543 4908 Nunc
1575 4869 1827 4911 vero.....

207 4946 566 5002 abbatissam
598 4947 660 4999 et
679 4945 905 4998 sanctas
923 4943 1202 4998 moniales
1218 4944 1337 4998 Deo
1356 4943 1687 5011 servientes,
1711 4960 1835 5015 pes-

210 5033 495 5089 simorum
512 5030 890 5105 opprimente
906 5031 1363 5098 calumnia,dum
1383 5032 1556 5103 longe
1572 5032 1834 5105 positi,ut

209 5121 472 5190 decebat,
496 5118 824 5176 defendere
840 5136 953 5175 non
971 5120 1262 5192 potuimus
1285 5137 1298 5174 :
1324 5136 1426 5192 per
1439 5120 1831 5176 interventum

207 5212 464 5268 Widonis
478 5208 672 5267 nostri
686 5207 915 5275 Vicarii,
937 5208 1197 5279 ejusdem
1218 5209 1326 5264 loci
1343 5208 1617 5280 episcopi,
1642 5213 1833 5265 vestra

204 5317 435 5375 quoque
456 5295 765 5371 imperiali
780 5300 1125 5369 suggerente
1143 5298 1257 5368 maj
1270 5297 1616 5364 estate,illud
1634 5314 1834 5353 mona-

198 5391 441 5447 sterium
476 5384 748 5444 ecclesia
792 5382 983 5439 Sancti
1017 5385 1143 5458 Syri
1169 5385 1574 5454 concessimus,
1608 5404 1727 5441 non
1758 5387 1832 5441 ad

194 5479 543 5538 dominium
582 5490 692 5547 per
730 5473 1167 5545 subjectionem,
1198 5490 1386 5547 neque
1415 5491 1522 5547 per
1550 5478 1825 5532 extra.....

1937 3442 2141 3514 aliquis
2170 3442 2340 3497 aliter
2362 3459 2536 3514 quam
2552 3443 2720 3497 bona
2740 3438 3039 3496 memoria
3052 3442 3298 3498 Senator
3327 3460 3457 3498 cum
3475 3444 3547 3501 de

1937 3548 2006 3586 eo
2039 3529 2419 3597 constituerit,
2468 3530 2865 3586 audemus.....
2899 3532 3147 3584 vestram
3183 3530 3546 3601 imperialem

1938 3618 2320 3689 deprecamur
2332 3619 2556 3672 ctemen
2565 3615 2702 3671 tiam
2711 3619 2794 3684 ,ut
2806 3620 3065 3673 nostram
3078 3617 3548 3673 constitutionem

1936 3710 2123 3762 vestro
2154 3704 2540 3761 corroboretis
2555 3707 2933 3777 pracepto,et
2945 3706 3097 3759 hanc
3110 3703 3350 3759 firmetis
3376 3721 3551 3777 rogo.

1939 3795 1995 3851 Si
2029 3793 2152 3867 quis
2179 3811 2313 3850 vero
2346 3794 2647 3866 episcopus
2675 3797 2776 3849 aut
2793 3794 2986 3866 aliqua
3010 3809 3225 3865 magna
3254 3794 3343 3848 vel
3371 3810 3551 3866 parva

1936 3899 2187 3955 persona
2203 3884 2359 3939 bona
2370 3882 2545 3957 ipsius
2563 3882 2817 3939 ecclesia
2835 3882 3164 3937 diminuere
3176 3883 3276 3936 aut
3289 3881 3550 3937 devasta-

1937 3988 2021 4041 re,
2040 3973 2127 4026 vel
2149 3972 2385 4044 aliquod
2402 3971 2685 4027 tributum
2701 3971 2929 4044 exigere
2942 3969 3390 4043 praesumpserit,
3414 3986 3554 4026 ana-

1936 4060 2209 4116 thematis
2238 4060 2459 4115 vinculo
2493 4078 2561 4116 ex
2611 4063 2774 4133 parte
2818 4060 2876 4115 S.
2908 4058 3095 4115 Maria
3125 4061 3183 4114 et
3216 4062 3550 4115 sanctorum

1939 4150 2333 4221 apostolorum
2365 4147 2520 4204 Petri
2549 4152 2607 4204 et
2632 4149 2815 4212 Pauli,
2844 4152 2901 4204 et
2936 4147 3200 4204 omnium
3233 4148 3550 4204 electorum

1934 4237 2037 4293 Dei
2067 4240 2124 4292 et
2152 4240 2369 4305 nostra,
2405 4237 2513 4293 nisi
2542 4237 2868 4309 resipuerit,
2892 4238 3192 4310 alligatum
3220 4252 3278 4291 se
3310 4236 3472 4300 sciat,
3493 4240 3553 4293 et

1934 4343 2066 4381 cum
2083 4327 2109 4380 J
2116 4326 2228 4381 uda
2243 4325 2773 4399 proditoreDomini
2796 4326 2856 4380 in
2873 4329 3157 4381 aternum
3183 4324 3546 4381 damnatum.

1935 4415 2052 4469 Hoc
2063 4430 2293 4487 quoque
2314 4417 2376 4469 ut
2391 4414 2615 4469 ﬁrmius
2628 4414 2929 4483 habeatur,
2946 4430 3124 4469 manu
3140 4416 3339 4469 nostra
3352 4415 3551 4470 subter

1936 4502 2313 4570 firmavimus,
2345 4506 2403 4558 et
2434 4506 2629 4558 nostro
2653 4502 2838 4575 sigillo
2869 4502 3240 4575 signavimus.

2006 4591 2374 4648 Silvester.....
2432 4594 2696 4663 episcopus
2725 4599 2775 4647 et
2830 4598 3028 4647 sancta:
3078 4590 3276 4647 Maria
3320 4589 3549 4662 virginis

1935 4680 2041 4734 Dei
2064 4682 2333 4751 genitricis
2358 4698 2524 4736 manu
2534 4683 2757 4752 propria
2786 4681 3260 4738 corroboravimus.

2006 4768 2351 4840 Imperatoris
2383 4768 2590 4825 Ottonis
2617 4771 2849 4840 signum.

2006 4856 2296 4929 Scriptum
2329 4875 2434 4929 per
2462 4874 2669 4913 manus
2690 4858 2844 4913 Petri
2874 4856 3167 4929 scriptoris
3196 4856 3408 4910 sancta
3436 4854 3548 4909 Ro-

1934 4962 2126 5001 mana
2158 4946 2442 5005 Ecclesia.

2005 5035 2423 5090 Confirmatum
2436 5052 2540 5107 per
2552 5051 2757 5090 manus
2766 5031 3026 5104 Gregorii
3047 5027 3319 5086 chartarii
3334 5032 3546 5085 sancta

1933 5124 2259 5196 apostolica
2288 5123 2457 5182 sedis.

2002 5214 2208 5267 Actum
2227 5212 2335 5267 hoc
2367 5213 2587 5279 Roma,
2613 5227 2767 5266 anno
2797 5208 3110 5266 Dominica
3130 5207 3545 5266 incarnationis

1932 5300 2238 5354 millesimo
2255 5298 2787 5369 primo,indictione
2801 5296 3380 5367 tertiadecima,anno
3407 5313 3544 5354 vero

1931 5387 2301 5459 pontificatus
2328 5385 2581 5440 Silvestri
2613 5385 2949 5441 universalis
2975 5402 3141 5460 papa
3168 5389 3399 5460 quarto.

2270 5472 2535 5543 Sigillum
2551 5472 2867 5545 plumbeum
2897 5492 3204 5547 appensum.
