3918 6230
426 442 531 502 287

1732 442 2103 503 SILVESTER
2141 445 2187 502 Π
2225 448 2429 506 ΡΑΡᾹ.

425 573 3738 604 ———-———-———-——-———_—————————__—_——_.—___—

1280 676 2021 782 SILVESTRI
2088 678 2190 778 II
2262 677 2900 787 CARMINA

1209 979 1256 1032 Ι.
2062 975 2117 1033 Α
2152 976 2340 1030 Caesar
2368 977 2596 1032 Lothari
2629 979 3082 1049 prmtendisluce
3112 984 3383 1051 secunda,

424 1067 782 1145 Epigramma
801 1067 1044 1124 Gerberti
1070 1068 1294 1139 episcopi
1311 1065 1600 1128 Ravennae,
1625 1070 1746 1136 post
1764 1064 2039 1136 pontiﬁcis
2137 1065 2386 1120 Terriﬁci
2426 1066 2615 1122 Martis
2645 1069 2799 1138 quod
2821 1084 2948 1123 eras
2975 1075 3312 1142 conspectus
3333 1073 3390 1129 in
3423 1077 3602 1135 astro.

495 1159 753 1226 Romani,
786 1157 928 1231 quod
958 1159 1032 1212 sic
1051 1174 1102 1210 se
1133 1155 1285 1209 habet
1319 1154 1630 1224 inscriptum
1652 1152 1723 1206 ad
1751 1155 2038 1223 imaginem

501 1247 698 1302 Boetii.

429 1337 660 1409 [Baron.
693 1334 907 1390 Annal.
955 1335 1133 1400 cccles,
1168 1336 1308 1388 tom.
1354 1333 1465 1399 νυ,
1499 1329 1758 1402 Append.
1795 1346 1927 1402 pag.
1961 1333 2035 1400 5.]

426 1426 611 1480 Roma
642 1429 848 1498 potens
880 1424 1017 1478 dum
1062 1424 1197 1492 jura
1222 1440 1322 1476 suo
1359 1422 1612 1476 declarat
1641 1420 1698 1473 in
1731 1420 1892 1487 orbe,

422 1513 506 1567 Tu
537 1515 706 1568 Pater
735 1515 792 1568 et
815 1512 1014 1584 patriae
1046 1513 1266 1573 lumen,
1296 1510 1563 1564 Severine
1595 1508 1753 1562 Boeti

427 1602 686 1657 Consulis
715 1600 902 1656 ofﬁcio
930 1617 1123 1655 rerum
1157 1599 1411 1669 disponis
1451 1597 1725 1661 habenas,

426 1689 685 1744 Infundis
714 1691 910 1743 lumen
944 1688 1162 1752 studiis,
1198 1690 1256 1741 et
1284 1687 1488 1740 cedere
1521 1684 1718 1738 nescis.

426 1779 756 1832 Grmcorum
793 1776 1067 1847 ingeniis;
1101 1775 1201 1830 sed
1231 1790 1394 1828 mens
1415 1773 1607 1827 divina
1633 1787 1854 1824 coerce.

425 1866 739 1938 Imperium
772 1864 1008 1932 mundi;
1042 1862 1232 1935 gladio
1261 1863 1574 1916 bacchante
1588 1861 1927 1925 Gothorum,

428 1953 686 2009 Libertas
714 1955 973 2007 Romana
999 1952 1147 2024 perit
1179 1967 1192 2005 :
1226 1954 1286 2005 tu
1319 1951 1514 2004 consul
1547 1952 1602 2003 et
1633 1949 1816 2013 exsul,

426 2042 685 2112 Insignes
714 2041 908 2095 titulos
937 2041 1211 2112 praeclara
1235 2041 1420 2092 morte
1458 2037 1753 2108 relinquis.

433 2129 593 2183 Nunc
630 2129 800 2183 decus
839 2127 1066 2199 imperii
1096 2143 1350 2182 summas
1385 2125 1478 2196 qui
1517 2126 1842 2197 praegravat
1871 2128 2041 2191 artes,

432 2217 653 2271 Tertius
683 2216 814 2271 Otto
841 2233 942 2270 sua
965 2215 1206 2287 dignum
1238 2218 1294 2268 te
1317 2213 1542 2284 judicat
1571 2214 1721 2278 aula,

423 2307 837 2376 Eternumque
865 2303 945 2357 tui
960 2303 1158 2357 statuit
1183 2303 1564 2356 monumenta
1593 2299 1826 2367 laboris,

427 2393 496 2449 Et
523 2393 673 2450 bene
696 2390 1077 2465 promeritum
1106 2391 1324 2445 meritis
1355 2393 1597 2444 exornat
1619 2389 1735 2443 hou
1749 2390 1898 2444 estis.

1197 2498 1262 2549 II.

642 2582 1000 2656 Epitaphium
1021 2585 1160 2654 regis
1190 2583 1527 2638 Francorum
1567 2583 1829 2637 Lotharii.

536 2673 727 2744 [Apud
757 2674 1037 2728 Duchesn.
1067 2672 1267 2745 Script.
1302 2691 1405 2727 rer.
1430 2672 1660 2736 Franc.,
1689 2676 1829 2730 tom.
1864 2675 1929 2739 ll,

893 2761 1044 2815 inter
1081 2761 1245 2832 epist.
1271 2761 1579 2832 Gerberti.]

441 2850 612 2921 Cujus
639 2850 712 2904 ad
743 2849 1080 2921 obsequium
1111 2849 1298 2904 coiere
1330 2848 1520 2917 duces,
1543 2851 1728 2904 bonus
1751 2849 1940 2903 omnis

443 2939 626 3004 Quem
664 2938 858 3007 coluit,
891 2941 1010 2993 sate
1057 2937 1391 3006 Cazsaribus,
1429 2941 1812 2994 monumenta
1834 2938 2046 2994 doloris

2902 1169 2972 1221 IlI

2526 1254 2880 1325 Epitaphium
2900 1257 3048 1311 ducis
3065 1256 3346 1312 Friderici.

2835 1343 3027 1411 [lbid.]

2138 1431 2488 1486 Francorum
2523 1431 2731 1502 placito
2760 1449 2972 1488 nomen
2999 1435 3128 1488 tulit
3157 1435 3248 1490 hic
3273 1436 3579 1492 Friderici:

2138 1520 2320 1583 Quem
2351 1523 2544 1592 proavi
2575 1523 2774 1578 fudere
2804 1524 2975 1578 duces
3004 1542 3038 1578 a
3061 1525 3342 1596 sanguine
3368 1542 3600 1598 regum,

2141 1609 2340 1664 Ofﬁcio
2375 1609 2707 1683 meritisque
2741 1629 2941 1683 parem
2971 1628 3142 1684 sopor
3170 1612 3404 1667 ultimus
3424 1615 3636 1670 hausit.

2136 1697 2396 1753 Mercurii
2427 1716 2555 1753 cum
2590 1700 2739 1754 celsa
2771 1700 2980 1754 domus
3003 1701 3126 1767 tibi,
3160 1701 3394 1768 thbe,
3421 1705 3674 1774 pateret.

2917 1791 2974 1843 V.

2917 1792 2974 1843 V.

2428 1875 2779 1948 Epitaphium
2804 1792 3092 1933 Adlalberti
3116 1878 3453 1935 Scholastici.

2148 2051 2310 2107 Edite
2344 2052 2631 2108 nobilibus
2660 1967 3180 2112 studiuﬁlfagionis
3205 2058 3431 2130 adepte,

2146 2141 2292 2195 Dicit
2329 2143 2706 2197 Adalbertum
2740 2146 2796 2198 te
2822 2145 3048 2216 Belgica
3073 2147 3215 2201 ﬂore
3234 2147 3511 2218 juventa,

2147 2229 2320 2284 Stare
2353 2230 2452 2284 diu
2481 2248 2600 2286 non
2632 2247 2817 2302 passa,
2852 2234 2977 2288 tulit
3013 2234 3244 2289 fortuna
3271 2252 3555 2302 recursus,

2070 2292 2121 2352 B
2149 2317 2236 2373 Bis
2267 2335 2434 2373 senas
2461 2292 2664 2374 Februi
2695 2292 2827 2374 cum
2855 2323 3214 2392 produxisset
3237 2324 3459 2396 Apollo.

2907 2411 2968 2465 V.

2462 2498 2814 2570 Epitaphium
2846 2499 3054 2553 Ottonis
3078 2501 3425 2572 imperatoris.

2850 2587 3038 2658 [lbid.]

2145 2673 2314 2744 Cujus
2347 2673 2418 2728 ad
2445 2673 2752 2746 imperium
2777 2678 3065 2731 tremuere
3091 2677 3280 2745 duces,
3305 2677 3436 2732 tulit
3464 2676 3650 2733 hostis

2145 2761 2327 2825 Quem
2353 2761 2655 2816 dominum
2675 2763 2982 2836 populique
3007 2782 3172 2819 suum
3187 2783 3395 2821 novere
3419 2769 3751 2839 parentem,

2146 2850 2276 2904 Otto
2309 2851 2479 2905 decus
2529 2851 2744 2918 divum,
2778 2852 2966 2907 Caasar
2997 2853 3349 2920 charissime,
3381 2855 3571 2922 nobis,

2145 2938 2453 2992 Immeritis
2477 2939 2667 3010 rapuit
2693 2943 2749 2993 te
2780 2941 2872 2994 lux
2901 2945 3138 3012 septena
3154 2941 3496 2998 decembris.

945 3211 1761 3374 SPURIA
1877 3211 2063 3447 4}

2138 3210 2312 3454 if;
2416 3211 3246 3373 ALIENA

711 3569 987 3677 ACTA
1054 3567 1535 3676 GONGILII
1605 3563 2151 3670 REMENSIS
2217 3563 2352 3669 AD
2423 3563 2916 3672 SANCTUM
2982 3566 3483 3676 BASOLUM

1429 3748 1752 3805 AUCTORE
1790 3747 2152 3803 GERBEBTO
2191 3747 2743 3805 ARCHIEPISCOPO

924 3901 1109 3973 (Apud
1139 3902 1322 3967 Pertz,
1355 3898 1706 3954 Manu-menta
1739 3895 2042 3951 Germania
2081 3896 2350 3964 historica,
2383 3897 2593 3968 Script.
2624 3899 2765 3952 tom.
2799 3897 2888 3965 lll,
2922 3915 3056 3971 pag.
3094 3899 3246 3971 658.)

918 4131 1340 4219 INCIPIT
1415 4129 2024 4218 PROLOGUS
2091 4128 2504 4216 SYNOD]
2589 4131 3256 4220 BEMENSIS“.

506 4327 660 4384 Licet
683 4323 878 4381 amuli
903 4323 1019 4379 mei
1039 4324 1242 4379 dentes
1272 4324 1328 4380 in
1356 4341 1451 4380 me
1473 4325 2043 4396 exacuant,dictaque
2076 4328 2122 4386 C
2141 4326 2232 4378 cet
2261 4328 2322 4380 ut
2352 4327 2619 4397 quaedam
2651 4327 2724 4381 ad
2737 4327 2973 4382 verbum
2993 4346 3058 4383 ex
3073 4329 3185 4384 alia
3209 4329 3266 4386 in
3291 4331 3462 4387 aliam
3498 4333 3742 4388 transfe-

435 4419 494 4471 et
513 4416 665 4471 facta
695 4413 1065 4488 proscindere
1095 4420 1321 4488 parent,
1341 4418 1466 4486 plus
1493 4420 1688 4471 tamen
1720 4416 2041 4471 amicorum

435 4504 711 4577 obsequio
768 4519 940 4576 quam
972 4503 1297 4559 invidorum
1350 4506 1482 4561 odio
1515 4522 1875 4576 permoveor.
1917 4505 2041 4560 Non

436 4593 614 4660 enim,
638 4592 874 4648 ubi'non
896 4596 1018 4647 erat
1033 4592 1226 4661 timor,
1251 4594 1455 4648 timere
1481 4593 1674 4660 didici,
1693 4610 1796 4647 nec
1828 4592 2040 4648 amico-

434 4699 565 4736 rum
598 4681 810 4737 infecta
840 4681 1168 4754 relinquere
1196 4683 1447 4754 negotia.
1479 4682 1762 4753 Accingor
1783 4681 2043 4753 igitur,et

432 4788 793 4827 summarum
828 4770 1063 4845 quidem
1095 4788 1310 4843 genera
1339 4788 1641 4826 causarum
1671 4770 1728 4824 in
1773 4771 2041 4826 Remensi

431 4861 675 4917 concilio
703 4863 960 4934 exposita
976 4861 1226 4916 breviter
1253 4861 1560 4932 attingam,
1581 4862 1642 4912 ut
1666 4861 1723 4912 et
1748 4863 2040 4930 gestorum

430 4951 636 5006 veritas
659 4950 1003 5013 innotescat,
1032 4955 1226 5022 etquae
1254 4967 1287 5004 a
1308 4947 1547 5004 summis
1575 4947 1711 5001 viris
1735 4951 2043 5003 retractata

431 5045 562 5096 sunt
588 5045 999 5114 agnoscantur,
1023 5041 1162 5095 Peto
1203 5042 1396 5094 autem
1429 5038 1500 5092 ab
1528 5037 1702 5108 hujus
1729 5037 1872 5091 sacri
1900 5054 2036 5092 con-

432 5134 636 5185 ventus
683 5129 954 5201 praelatis,
998 5128 1043 5182 si
1084 5129 1222 5201 quid
1261 5127 1452 5181 minus
1494 5141 1667 5197 grave
1700 5128 1789 5180 vel
1831 5143 2034 5197 parum

431 5221 732 5289 comptum
775 5234 1130 5290 expressero,
1182 5231 1298 5269 non
1348 5231 1462 5268 suae
1494 5213 1718 5286 injuriae
1757 5215 1859 5270 sed
1890 5233 2033 5271 mea:

433 5305 638 5361 ascribi
667 5305 1043 5376 ignorantiae;
1079 5305 1150 5359 ab
1170 5303 1527 5358 auditoribus
1557 5320 1808 5376 quoque,
1840 5321 1911 5358 ne
1939 5321 2033 5358 me

431 5394 621 5449 aliena
649 5396 736 5450 vel
755 5411 961 5468 parum
977 5392 1181 5449 dixisse
1205 5392 1807 5464 denotent.Siquidem
1827 5392 2034 5463 triplici

432 5500 645 5554 genere
662 5482 1155 5557 interpretationis
1168 5482 1626 5538 utendumﬂfore
1643 5499 1846 5537 censeo
1864 5501 1877 5550 ;
1898 5483 2041 5538 scili-

2141 4415 2638 4487 ranturlinguam;
2661 4416 2718 4470 in
2733 4417 3072 4489 quibusdam
3099 4421 3292 4474 autem
3321 4421 3740 4477 sententiarum

2142 4504 2389 4575 gravitas
2420 4507 2476 4558 et
2497 4504 2708 4576 eloquii
2741 4504 2988 4576 dignitas
3014 4506 3241 4562 dicendi
3271 4525 3484 4580 genere
3511 4510 3741 4566 confor-

2140 4608 2272 4646 men
2284 4594 2442 4659 tur80;
2463 4609 2634 4665 porro
2649 4592 2706 4646 in
2721 4593 2846 4648 aliis
2858 4611 2974 4648 una
2987 4595 3158 4650 dictio
3172 4596 3536 4653 occasionem
3551 4599 3739 4665 faciat,

2140 4683 2199 4734 et
2233 4680 2428 4735 abdita
2454 4681 2804 4752 investigari,
2825 4686 2882 4736 et
2912 4682 2971 4737 in
2994 4685 3180 4738 lucem
3200 4684 3353 4755 ipsos
3368 4685 3607 4742 affectus
3624 4705 3739 4743 ma-

2139 4768 2342 4823 nifeste
2387 4769 2651 4840 proferri.
2686 4770 2823 4834 Quae
2853 4772 2955 4826 etsi
2984 4772 3055 4826 ad
3086 4774 3321 4843 plenum
3349 4775 3579 4847 assequi
3623 4793 3735 4832 non

2138 4862 2402 4932 potuero,
2425 4859 2721 4914 histamen
2747 4860 2932 4914 modis
2946 4860 3404 4917 doctissimorum
3432 4863 3738 4920 hominum

2138 4948 2452 5004 sententias
2476 4948 2730 5003 conabor
2755 4948 3142 5020 interpretari.
3178 4949 3290 5006 Sed
3316 4967 3517 5007 earum
3543 4953 3741 5026 ampli.

2138 5037 2456 5103 ﬁcationes,
2491 5035 2891 5107 digressiones,
2943 5037 3046 5092 etsi
3095 5055 3211 5111 qua
3255 5039 3542 5110 ejusmodi
3591 5045 3737 5110 sunt,

2135 5125 2588 5198 quodasttudio
2601 5125 2940 5197 refringam,
2965 5143 3038 5181 ne
3052 5127 3186 5181 odio
3204 5129 3594 5199 quarumdam
3615 5147 3739 5203 per-

2135 5230 2410 5269 sonarum
2435 5214 2918 5286 potissimumque
2946 5215 3167 5269 Arnulfi
3188 5215 3500 5284 proditoris
3523 5217 3738 5274 moveri

2133 5304 2350 5370 videar,
2383 5304 2541 5375 quasi
2572 5321 2637 5358 ex
2657 5305 2779 5375 ejus
2797 5305 3058 5375 legitima
3077 5304 3436 5376 depositione
3461 5305 3737 5362 Remense

2137 5393 2493 5466 episcopium
2527 5392 2784 5465 legitime
2803 5393 3037 5448 sortitus
3065 5391 3245 5449 videri
3267 5398 3566 5466 appetam.
3589 5398 3735 5452 Alte-

2135 5484 2254 5539 rius
2279 5481 2388 5536 erit
2415 5481 2524 5536 hoc
2555 5481 2742 5552 operis
2768 5481 3003 5552 aliisque
3033 5481 3379 5553 implicitum
3424 5483 3733 5555 questioni-

1744 5607 1970 5662 VARLE
2019 5607 2416 5665 LECTlONES.

501 5741 546 5776 ιε
573 5751 612 5792 1.
644 5734 707 5789 G.
743 5736 913 5806 Papae
944 5736 992 5788 1.
1025 5740 1072 5776 ιο
1104 5729 1307 5787 indum
1334 5745 1470 5787 corr.
1501 5735 1777 5790 utendum
1811 5737 1860 5788 '2.
1895 5741 1941 5775 ³ο
1971 5735 2047 5788 ita
2077 5737 2126 5801 t,
2159 5737 2212 5789 2.
