3918 6230
143 395 240 462 9.93

1102 397 1357 465 Seven
1383 399 1522 463 aur
1545 403 1828 464 ALIENA.
1847 428 1926 452 η-
1948 401 2102 462 aer.
2136 399 2342 464 CONC.
2373 379 2629 463 BASOL.‘

3413 399 3523 474 294

163 529 362 596 titerat,
393 527 566 601 pacis
601 533 675 587 et
707 530 989 590 karitatis
1021 531 1139 604 ipse
1158 533 1380 604 jaceret
1405 531 1811 587 fundamenta.
1835 533 1891 594 Α
1919 527 2100 600 petita
2119 526 2382 584 obtinere
2404 543 2520 582 non
2561 523 2794 581 difﬁcile
2820 523 2910 582 sit.
2947 524 3224 595 Cumf_hoc
3271 529 3523 586 maxime

177 619 454 677 Attendite
473 620 648 693 pacis
666 622 997 694 principia,
1031 622 1314 677 attendite
1343 621 1645 676 hominem
1665 622 1818 676 mala

188 727 276 784 pro
301 707 472 765 bonis
505 709 1179 778 reddentem,homines
1198 709 1341 764 mihi
1357 726 1624 782 percaros
1653 714 1708 763 et
1743 709 1818 763 ad

194 816 342 858 nsum
361 799 500 855 vita:
525 801 794 854 multum
826 798 1198 866 necessarios,
1233 798 1292 853 id
1321 801 1406 852 est
1435 797 1669 853 unicum
1702 798 1816 850 fra-

197 893 330 944 trem
352 904 554 944 meum
588 888 880 942 comitem
909 887 1314 953 Gislebertum,
1340 902 1654 956 meumque
1684 901 1817 938 con-

196 975 482 1032 sobrinum
512 975 804 1030 comitem
823 974 1167 1037 Guidonem,
1183 991 1313 1028 cum
1328 973 1546 1028 caeteris
1561 990 1813 1044 quorum

193 1064 440 1120 amicitia
485 1064 814 1135 gloriabar,
854 1079 957 1117 sua
1006 1062 1276 1117 simulata
1307 1061 1633 1134 captivitate
1666 1077 1813 1115 verae

191 1152 506 1226 captivitati
548 1152 909 1208 con—tradidit
933 1156 1021 1205 κ’.
1057 1152 1138 1205 Me
1167 1150 1323 1221 pacis
1379 1166 1718 1220 sponsorem
1751 1148 1810 1202 in

189 1243 390 1297 mortis
403 1241 748 1295 discrimine
760 1239 1094 1311 dereliquit;
1124 1242 1181 1294 et
1201 1256 1233 1293 ο
1254 1238 1560 1310 impudens
1573 1236 1813 1291 audacia

187 1330 469 1397 hominis,
499 1329 600 1400 qui
631 1328 770 1396 mei,
789 1328 975 1382 immo
1007 1327 1112 1395 sui,
1145 1331 1204 1382 et
1223 1326 1397 1382 totius
1420 1326 1810 1381 mcclesiaaho-

189 1418 428 1484 micida,
472 1417 665 1471 adhuc
695 1416 966 1488 improba
996 1415 1190 1469 fronte
1223 1420 1398 1485 negat
1428 1414 1583 1485 quod
1610 1412 1811 1483 negari

187 1523 308 1561 non
338 1509 560 1577 potest.
592 1505 758 1559 Certe
789 1521 857 1558 ex
894 1503 981 1556 his
1008 1520 1136 1574 quin
1163 1501 1490 1568 conﬁtetur,
1519 1501 1812 1556 eliciemus

187 1611 254 1648 ea
283 1611 420 1666 quae
449 1594 760 1664 propalare
776 1591 1076 1646 erubescit.
1117 1591 1280 1646 Certe
1308 1590 1366 1644 in
1395 1589 1700 1660 praesentia
1729 1605 1814 1642 re-

187 1699 353 1754 gum,
385 1683 450 1736 in
504 1680 818 1754 praesentia
842 1679 1266 1751 episcoporum,
1295 1683 1428 1733 ante
1456 1695 1559 1733 ora
1587 1677 1723 1732 cleri
1757 1680 1813 1730 et

186 1772 796 1844 pepuli,sacramento
817 1769 1013 1822 volens
1040 1768 1519 1837 obligatusest,se
1548 1764 1817 1836 principi-

1922 617 1993 670 sit
2012 616 2560 688 pertimescendum,
2586 631 2658 669 ne
2679 612 2817 668 dum
2834 613 2982 668 forte
3005 613 3376 688 unipersonaa
3397 634 3527 688 par—

1921 721 2051 761 cere
2100 707 2382 771 volumus,
2439 703 2582 758 sicut
2630 703 2810 758 frater
2851 705 2907 757 et
2936 703 3286 775 cmpiscopus
3329 708 3524 760 noster

1921 793 2167 847 Herveus
2180 795 2348 865 paulo
2370 796 2504 847 ante
2522 791 2736 857 retulit,
2773 794 2829 844 et
2850 807 2978 845 eam
3003 795 3058 846 et
3073 807 3310 848 omnem
3333 794 3528 848 azccle-

1919 880 2216 936 siasticum
2242 881 2506 936 ordinem
2528 880 2630 934 sub
2651 880 2903 951 periculo
2927 879 3222 951 sanguinis
3239 881 3528 956 relinqua-

1920 985 2068 1026 mus.
2101 972 2297 1042 Itaque
2328 969 2373 1024 is
2401 969 2684 1042 presbiter
2713 968 2810 1040 qui
2853 968 3006 1022 urbis
3055 972 3251 1040 portas
3280 970 3526 1043 aperuit,

1919 1055 2344 1114 intromittatur
2372 1059 2416 1112 si
2461 1058 2668 1127 placet,
2702 1060 2872 1127 atque
2913 1059 3206 1128 gestorum
3261 1057 3529 1114 ordinem

1920 1149 2160 1223 pandat.
2199 1170 2224 1194 ››
2252 1147 2338 1201 Ab
2381 1145 2656 1200 universis
2683 1144 2900 1199 dictum
2934 1148 3018 1200 est
3053 1162 3064 1199 :
3097 1169 3121 1194 α
3149 1146 3362 1200 Placet.
3390 1167 3419 1197 ››

1986 1244 2040 1292 7.
2077 1258 2105 1287 α
2162 1234 2471 1301 Quoniam,
2494 1255 2522 1282 »
2551 1233 2736 1305 inquit
2770 1233 3080 1301 Ratbodus,
3137 1233 3531 1294 Noviomensis

1916 1323 2184 1381 secclesim
2209 1322 2526 1394 episcopus,
2562 1344 2589 1370 «
2617 1338 2651 1374 a
2683 1321 2874 1374 multis
2927 1325 3255 1376 nostrorum
3280 1322 3529 1384 fratrum

1920 1412 2090 1468 audio
2137 1410 2541 1478 dici,libellum
2569 1408 2858 1464 ﬁdelitatis
2909 1409 3011 1463 sub
3040 1410 3226 1482 specie
3258 1427 3531 1484 cyrogra-

1911 1502 2008 1574 phi
2029 1501 2248 1555 editum
2262 1499 2332 1553 ab
2354 1497 2694 1564 Arnulfo,ad
2714 1497 3189 1569 dampnationem
3221 1499 3341 1570 ejus
3368 1516 3532 1570 posse

1916 1587 2599 1658 sufﬁcere,quoniamque
2621 1585 3075 1640 Lothariensium
3100 1587 3381 1658 quosdam
3396 1605 3530 1643 con-

1920 1682 2010 1731 tra
2037 1678 2183 1731 hanc
2215 1675 2556 1745 scripturam
2570 1674 2728 1727 fama
2764 1678 2848 1727 est
2870 1673 3421 1744 disputare,interim
3458 1677 3528 1732 de

1920 1766 2026 1820 hac
2057 1781 2118 1818 re
2145 1762 2426 1833 judicium
2472 1765 2767 1818 tantorum
2794 1763 3028 1816 Patrum
3061 1764 3303 1834 experiri
3336 1764 3526 1833 velim,

185 1861 293 1916 bus
323 1860 445 1914 suis
467 1859 814 1928 adjumento
831 1856 1108 1921 futurum,
1131 1855 1370 1910 consilio
1389 1858 1446 1908 et
1469 1854 1701 1916 auxilio,
1729 1869 1815 1906 se-
1839 1844 1890 1910 Β
1923 1853 2174 1924 quidque
2203 1852 2272 1904 de
2303 1867 2371 1904 eo
2394 1850 2758 1904 sentiendum
2793 1849 2864 1902 sit
2883 1867 3214 1921 agnoscere.
3235 1874 3260 1899 ››
3284 1851 3531 1910 Sinodus

187 1947 452 2002 eundum
477 1961 651 1999 suum
670 1943 816 1999 scire
833 1947 891 1997 et
909 1959 1092 2014 posse,
1125 1944 1325 1998 contra
1341 1941 1820 2002 Karolum,item-

187 2053 299 2110 que
331 2033 593 2089 inimicis
607 2032 984 2088 dominorum
1003 2048 1239 2086 suorum
1266 2030 1686 2084 necconsilium
1722 2045 1822 2082 ncc

189 2124 476 2180 auxilium
491 2139 552 2176 se
565 2122 820 2176 laturum
833 2119 1080 2173 scienter
1091 2119 1162 2172 ad
1177 2135 1381 2173 eorum
1400 2117 1821 2184 inﬁdelitatem,

194 2229 393 2284 neque
413 2226 528 2282 pro
552 2209 846 2280 praztcrito
871 2208 1170 2262 autfuturo
1189 2210 1552 2261 sacramento
1587 2222 1646 2259 se
1675 2221 1822 2276 prie-

1925 1940 2066 1994 dixit
2090 1957 2101 1993 :
2124 1963 2150 1988 «
2181 1939 2513 1992 Proferatur
2544 1937 2601 1991 in
2657 1937 2935 1992 medium.
2963 1961 2987 1986 ‹‹
3011 1940 3279 1994 Prolatus
3308 1943 3394 1994 est
3423 1940 3529 1995 ita-

1926 2045 2036 2100 que
2056 2028 2280 2082 libellus
2305 2026 2646 2098 cyrographi
2674 2026 2746 2080 ad
2775 2027 2926 2080 hunc
2958 2027 3200 2080 modum
3231 2045 3244 2081 :

1999 2121 2050 2170 8.
2079 2138 2106 2166 «
2132 2117 2249 2185 Ego
2273 2114 2562 2180 Arnulfus,
2594 2113 2779 2184 gratia
2798 2113 2899 2167 Dei
2927 2115 3315 2185 przeveniente
3329 2117 3535 2171 Remo-

1928 2221 2058 2260 rum
2091 2203 2572 2274 archiepiscOpus,
2606 2201 2882 2272 promitto
2900 2202 3134 2272 regibus
3156 2203 3531 2272 Francorum,

199 2318 336 2356 sens
366 2299 739 2354 relicturum.
767 2298 979 2351 Annon
1010 2297 1135 2350 erat
1163 2294 1430 2349 inimicus
1452 2295 1696 2348 Karolus
1725 2293 1826 2364 qui
1930 2293 2225 2365 Hugoniet
2249 2292 2547 2356 Rotberto,
2567 2307 2660 2344 me
2693 2289 2869 2344 ﬁdem
2899 2291 3264 2362 purissimam
3285 2297 3534 2349 servatu-

193 2405 456 2461 regnum
471 2386 794 2458 pervadere
813 2384 1104 2438 nitebatur
1117 2384 1143 2437 ‘?
1158 2384 1366 2438 Annon
1389 2381 1608 2437 inimici
1623 2383 1830 2451 Rotge-
1925 2400 2082 2449 rum,
2117 2381 2420 2436 consilium
2445 2383 2501 2434 et
2517 2379 3150 2446 auxilium,saecundum
3165 2399 3360 2437 meum
3391 2383 3534 2448 scire

191 2495 289 2534 rus
312 2482 376 2532 et
396 2477 724 2541 Mannases,
747 2473 845 2544 qui
877 2473 1091 2528 clerum
1123 2475 1179 2526 et
1189 2473 1466 2544 populum
1495 2471 1616 2541 ejus
1640 2470 1698 2524 in
1720 2487 1827 2524 33c—

1930 2475 1988 2525 et
2017 2487 2182 2543 posse
2213 2469 2270 2523 in
2304 2469 2572 2525 omnibus
2592 2467 2836 2539 negotiis
2852 2469 3251 2538 praebiturum,
3271 2469 3536 2527 inimicos

193 2567 371 2624 etesia
400 2563 588 2635 ipsius
609 2565 837 2617 armata
865 2561 1117 2615 militum
1148 2577 1327 2615 manu
1359 2559 1671 2630 ceperant?
1718 2559 1828 2613 Hos
1931 2575 2136 2614 eorum
2161 2575 2268 2612 nec
2298 2556 2532 2612 consilio
2558 2574 2662 2610 nec
2689 2555 2894 2612 auxilio
2918 2556 2992 2613 ad
3006 2573 3208 2612 eorum
3237 2557 3541 2616 inﬁdelita-

195 2655 320 2726 ipse
347 2662 397 2694 ιι
420 2651 849 2708 consecretales
879 2653 937 2702 et
961 2649 1177 2720 primos
1231 2648 1549 2702 amicorum
1596 2663 1715 2700 esse
1742 2646 1823 2700 fe-

197 2747 394 2810 cerat;
420 2742 534 2796 hos
564 2755 772 2795 eorum
804 2737 970 2793 bonis
1003 2737 1282 2792 ditaverat
1301 2736 1398 2807 qui
1421 2753 1480 2789 se
1508 2736 1823 2806 elegerant,

197 2832 301 2903 qui
333 2830 441 2885 sibi
460 2828 855 2902 principatum
875 2825 1471 2896 contulerant,quibus
1491 2823 1613 2878 sine
1633 2823 1823 2894 perju-

198 2921 289 2975 rio
322 2919 561 2974 auferre
618 2915 761 2971 nihil
811 2917 1060 2986 poterat,
1093 2931 1236 2985 quos
1277 2911 1596 2967 necessario
1623 2912 1824 2982 juvare

1928 2651 2046 2701 tem
2071 2647 2316 2701 scienter
2337 2645 2690 2714 adiuturum.
2731 2646 2859 2700 llaec
2898 2645 2957 2699 in
2991 2651 3300 2717 conspectu
3329 2647 3537 2704 divina:

1924 2735 2262 2806 maiestatis,
2297 2737 2353 2789 et
2376 2734 2677 2788 beatorum
2702 2733 3025 2804 spirituum,
3051 2738 3110 2789 et
3141 2735 3311 2790 totius
3341 2738 3536 2792 (eccle-

1933 2822 2028 2878 sia:
2057 2822 2321 2876 assistens
2371 2823 2670 2892 promitto,
2722 2839 2826 2892 pro
2860 2822 3007 2877 bene
3037 2824 3276 2880 servatis
3321 2825 3538 2882 laturus

1925 2911 2172 2984 praemia
2197 2914 2430 2965 aeternae
2456 2910 2891 2965 benedictionis.
2923 2910 2981 2965 Si
3022 2928 3178 2976 vero,
3213 2913 3367 2984 quod
3399 2915 3536 2970 nolo

203 3007 468 3063 debebat
488 3003 598 3060 nisi
620 3004 677 3057 in
709 3021 769 3058 se
799 3005 1122 3072 peccarent.
1141 3005 1216 3056 At
1239 3001 1374 3073 quid
1407 2999 1829 3071 peccaverunt?
1935 3005 1991 3054 et
2021 3000 2176 3072 quod
2207 2999 2376 3062 absit,
2411 2999 2482 3053 ab
2513 3000 2600 3053 his
2631 2999 2954 3066 deviavero,
2995 3000 3183 3056 omnis
3213 3002 3537 3064 benedictio

203 3095 497 3150 Fidemne
527 3090 876 3164 promissam
907 3105 1130 3144 servare
1169 3089 1322 3161 quod
1348 3088 1455 3143 sibi
1488 3087 1833 3160 persuadere
1866 3154 1902 3164 _
1934 3107 2067 3147 mea
2087 3092 2454 3146 convertatur
2479 3087 2538 3142 in
2596 3088 3085 3155 maledictionem,
3119 3092 3176 3142 et
3222 3091 3364 3144 ﬁant
3419 3091 3541 3146 dies

208 3184 323 3240 nisi
382 3154 568 3238 sunt-1’
597 3179 900 3253 Ignoscite,
949 3154 1252 3245 fratres,-si
1310 3154 1736 3232 dolor-nimius
1766 3176 1836 3231 de
1858 3154 1904 3213 Ο
1937 3179 2052 3234 mei
2082 3178 2268 3249 pauci,
2301 3181 2360 3232 et
2379 3176 2772 3248 episcopatum
2792 3193 2987 3232 meum
3010 3177 3253 3248 accipiat
3268 3179 3544 3235 alter.Be—

205 3273 502 3345 gravitate
534 3267 876 3326 sacerdotali
901 3267 1116 3339 aliquid
1146 3266 1524 3336 derogavit,et
1551 3265 1595 3319 si
1624 3265 1837 3320 oratio-

207 3379 356 3417 nem
387 3360 566 3414 ﬁnire
599 3374 720 3412 non
753 3357 908 3423 sinit,
940 3372 1117 3428 quam
1141 3359 1329 3409 vestra
1361 3353 1744 3425 intelligentia
1771 3370 1838 3408 ex

206 3447 694 3522 praecedentibus
733 3445 808 3500 ad
835 3445 1072 3517 plenum
1102 3441 1567 3514 comprehendit.
1596 3459 1627 3494 ι)

290 3543 348 3594 6.
379 3539 479 3593 llic
508 3531 1420 3598 Gotesmannus45_,Ambianensis
1436 3530 1702 3585 meclesiae
1721 3527 1840 3599 epi-

215 3645 451 3701 scapus,
475 3624 782 3681 subintulit
801 3641 813 3678 :
831 3643 861 3676 α
891 3624 1063 3678 Multa
1092 3620 1438 3676 venerabilis
1466 3623 1631 3692 pater
1650 3620 1841 3673 Bruno

213 3719 569 3789 prosecutus
599 3722 646 3755 η
678 3715 782 3779 est,
806 3728 935 3783 qua:
964 3713 1180 3782 quanto
1204 3710 1387 3781 magis
1443 3709 1618 3763 ﬁdem
1661 3706 1847 3762 dubiis

222 3807 471 3870 faciunt,
504 3807 670 3859 tanto
703 3801 889 3872 magis
937 3816 1101 3856 reum
1137 3797 1454 3870 majestatis
1483 3799 1753 3868 arguunt,
1781 3811 1846 3850 ac

225 3893 558 3952 sacerdotio
579 3891 885 3962 indignum
908 3889 1226 3944 revincunt.
1256 3887 1368 3942 Sed
1381 3886 1517 3958 quia
1531 3886 1700 3958 paulo
1714 3887 1848 3938 ante

215 3985 304 4040 de
331 3982 662 4057 periculosa
691 3977 1041 4034 discussione
1067 3993 1258 4031 sermo
1289 3975 1520 4030 habitus
1541 3977 1646 4040 est,
1679 3973 1848 4028 velim

228 4089 428 4139 nosse,
451 4069 594 4142 quid
625 4071 790 4139 pater
820 4069 1008 4122 Bruno
1031 4065 1166 4120 inde
1182 4064 1412 4120 sentiat.
1441 4063 1566 4116 Non
1597 4061 1852 4117 estenim

232 4178 472 4234 equum
487 4175 597 4214 nos
615 4156 742 4211 ﬁeri
769 4160 1030 4211 auctores
1050 4153 1386 4208 effundendi
1410 4151 1724 4222 sanguinis,
1757 4148 1855 4221 qui

235 4250 527 4307 debemus
551 4263 676 4302 esse
724 4249 985 4299 auctores
1033 4241 1229 4298 salutis
1277 4263 1304 4291 »
1334 4243 1402 4294 Et
1426 4241 1602 4294 ille:«
1631 4238 1850 4306 Sentio,

237 4340 454 4413 inquit,
488 4334 794 4392 reverendi
817 4335 1094 4400 Patres,et
1113 4332 1222 4387 hoc
1247 4346 1345 4385 vos
1361 4329 1682 4399 intelligere
1704 4327 1860 4399 quod

1939 3267 2148 3322 cedant
2173 3283 2207 3321 a
2238 3282 2330 3320 me
2364 3264 2534 3319 amici
2576 3265 2712 3331 mei,
2736 3264 2964 3334 sintque
2994 3269 3274 3338 perpetuo
3298 3267 3539 3325 inimici.

1941 3356 2080 3411 Huic
2105 3371 2242 3425 ergo
2286 3353 2646 3425 cyrographo
2670 3370 2703 3407 a
2725 3371 2817 3408 me
2846 3353 2999 3408 edito
3032 3353 3090 3407 in
3142 3355 3542 3412 testimonium

1942 3442 2358 3500 benedictionis
2389 3441 2475 3494 vel
2496 3440 2913 3495 maledictionis
2930 3457 3075 3495 mea:
3097 3443 3411 3513 subscribe,
3435 3446 3548 3502 fra-

1943 3535 2172 3602 tresque
2202 3532 2260 3582 et
2282 3529 2431 3582 ﬁlios
2458 3544 2617 3581 meos
2652 3531 2714 3581 ut
2743 3528 3100 3582 subscribant
3120 3546 3284 3600 rogo.
3317 3532 3434 3602 Ego
3447 3534 3548 3586 Ar-

1945 3619 2136 3676 nulfus
2167 3615 2623 3686 archiepiscopus
2653 3615 2959 3685 subscripsi
2991 3624 3062 3672 ‘8.
3096 3639 3123 3665 ››

1951 3712 1982 3764 9
2059 3707 2179 3772 Quo
2211 3705 2461 3776 perlecta
2504 3712 2570 3770 ιο,
2601 3702 2873 3757 Arnulfus
2919 3701 3342 3758 Aurelianensis
3368 3707 3547 3764 eccle-

1949 3798 2046 3852 siae
2073 3791 2415 3850 venerabilis
2468 3791 2767 3862 episcopus
2819 3791 3140 3862 subjunxit:
3167 3815 3194 3840 ‹‹
3229 3793 3428 3848 Habet.
3462 3795 3550 3851 in-

1954 3901 2152 3959 quam,
2172 3884 2294 3938 haec
2311 3880 2594 3952 scriptura
2606 3878 2917 3934 maximam
2932 3879 3046 3934 vim
3068 3881 3552 3952 reprehensionis;

1953 3973 2129 4028 habet
2141 3971 2316 4025 etiam
2337 3969 2570 4024 subtiles
2587 3968 2938 4026 defensionis
2953 3967 3317 4035 vires,habita
3329 3970 3556 4027 ratione

1953 4059 2506 4133 personarum.Nam
2531 4058 2653 4129 ejus
2683 4060 2882 4112 auctor
2904 4057 3178 4112 Arnull‘us
3209 4057 3558 4116 detestabilis

1958 4153 2136 4216 est,eo
2154 4147 2307 4218 quod
2331 4147 2403 4201 ob
2417 4146 2769 4201 immensum
2791 4146 3071 4201 ambitum
3091 4145 3338 4201 affectati
3353 4148 3561 4204 honori

1959 4235 2284 4292 inauditum
2296 4235 2500 4290 saaculo
2513 4236 2670 4305 prius
2685 4235 3114 4291 monimentum
3130 4235 3212 4290 sui
3227 4235 3563 4293 detestabile

1961 4323 2326 4396 reliquit.Qui
2357 4340 2490 4378 vero
2523 4324 2899 4379 commentati
2932 4327 3218 4391 sunt,rem
3244 4325 3444 4381 utilem
3499 4343 3564 4382 ac

242 4411 457 4493 dicitis,
511 4429 568 4480 et
592 4426 844 4478 alterum
888 4420 1096 4493 pudori
1125 4437 1245 4475 esse
1276 4416 1433 4492 quod
1458 4417 1675 4472 tacetis.
1716 4417 1860 4470 Nam
1881 4481 1929 4493 _
1965 4413 2347 4468 necessariam
2365 4411 2564 4467 fecisse
2597 4412 2695 4466 visi
2722 4416 2941 4480 sunt,ut
2967 4413 3011 4467 si
3031 4413 3340 4486 aliquando
3389 4415 3570 4472 ﬁdem

243 4518 490 4573 movent
516 4530 616 4568 vos
633 4509 1114 4580 “'divinaeleges,
1134 4511 1328 4562 movet
1350 4506 1526 4561 etiam
1544 4505 1719 4559 homo
1745 4481 1936 4558 afﬁ-D
1969 4503 2313 4576 promissam
2345 4517 2667 4574 pernegare
2696 4502 2886 4569 vellet,
2942 4502 3226 4574 scriptura
3255 4507 3459 4560 contra
3509 4520 3570 4561 se

245 4604 431 4661 nitate
451 4599 646 4657 carnis
668 4607 711 4642 ιτ
741 4599 883 4653 mihi
906 4595 1647 4667 conjunctissimus,utpote
1686 4608 1863 4646 avun-

235 4694 361 4749 culi
393 4691 512 4748 mei
548 4689 702 4761 regis
719 4685 969 4741 Lotharii
993 4685 1143 4738 ﬁlius
1164 4701 1178 4738 :
1198 4683 1382 4738 habeo
1401 4686 1461 4736 et
1484 4679 1746 4753 rependo
1763 4679 1864 4733 ka-

248 4783 409 4840 ritati
438 4783 646 4837 vestra:
660 4776 1008 4848 multiplices
1032 4778 1243 4846 grates.
1264 4773 1377 4828 Sed
1398 4771 1545 4827 absit
1563 4772 1670 4825 hoc
1698 4786 1730 4823 a
1750 4785 1866 4836 me,

252 4869 520 4931 utamori
533 4871 606 4911 ιτ·
625 4864 834 4929 Christi
846 4878 1109 4920 amorem
1119 4861 1418 4934 sanguinis
1439 4859 1871 4931 praeferam,aut

256 4965 318 5016 ut
343 4976 478 5015 meo
496 4954 804 5027 sanguine,
838 4956 1118 5025 quantum
1150 4952 1208 5007 in
1241 4966 1335 5004 me
1365 4953 1472 5016 est,
1500 4945 1740 5004 ecclesia
1767 4945 1872 5000 Dei

255 5051 573 5121 polluatur.
591 5046 770 5115 Ergo,
803 5041 976 5112 agite,
1010 5040 1418 5096 discussionem
1446 5037 1616 5092 simul
1639 5041 1697 5091 et
1711 5034 1867 5108 judi-

259 5137 412 5196 cium
438 5132 858 5208 aggrediamur
876 5139 940 5198 ιε,
958 5148 1060 5185 nec
1082 5127 1375 5201 sanguinis
1395 5126 1734 5182 effusionem
1749 5140 1874 5197 per-

1968 4591 2126 4646 testis
2143 4591 2492 4657 existeret,et
2509 4590 2553 4644 si
2574 4589 2829 4645 deviaret
2845 4590 2965 4662 ipse
2983 4595 3186 4647 contra
3196 4609 3359 4649 suam
3378 4593 3573 4665 profes

1970 4681 2194 4736 sionem
2212 4683 2269 4736 et
2289 4679 2772 4752 subscriptionem
2798 4681 3280 4749 veniens,hunore
3296 4699 3355 4738 se
3381 4683 3571 4756 priva-

1969 4773 2089 4837 ret;
2119 4772 2271 4825 etne
2301 4769 2448 4824 forte
2477 4784 2718 4839 peccans
2771 4770 3008 4825 nomine
3067 4770 3280 4824 summi
3314 4770 3575 4841 pontiﬁci

1971 4858 2184 4912 diutius
2211 4857 2766 4929 defenderetur,ipse
2788 4857 3319 4929 summuspontifex
3345 4862 3580 4913 senten-

1970 4945 2110 5001 tiam
2141 4964 2254 5001 sure
2288 4947 2718 5020 dampnationis
2745 4945 2802 5000 in
2825 4964 2882 5001 se
2909 4946 3113 5001 dixisse
3143 4945 3290 4998 visus
3327 4948 3431 4999 est.
3462 4947 3576 5002 Sed

1972 5035 2108 5106 quia
2126 5035 2408 5108 presbiter
2433 5036 2612 5103 adest,
2641 5035 2819 5088 ﬁnem
2853 5032 3079 5088 dicendi
3110 5032 3342 5098 faciam,
3368 5037 3429 5088 ut
3471 5033 3578 5106 ipsi

1976 5125 2133 5179 locus
2148 5127 2362 5194 pateat.
2381 5146 2408 5173 »
2421 5124 2657 5179 Interim
2679 5125 2873 5177 tamen
2905 5122 3043 5176 dum
3058 5120 3372 5193 presbitero
3391 5120 3580 5182 standi

257 5226 596 5289 horrescite,
616 5237 754 5278 cum
771 5220 924 5290 apud
939 5218 1382 5276 benivolentiam
1393 5215 1717 5288 principum
1730 5213 1881 5284 juste
1982 5213 2140 5267 locus
2165 5212 2416 5284 eligitur,
2445 5213 2804 5287 signiﬁcabat
2834 5210 2940 5267 sibi
2962 5208 3361 5282 assidentibus,
3394 5229 3580 5287 queu-

1593 5361 1821 5415 VARDE
1861 5356 2258 5414 LBCTIONES.
2295 5391 2303 5398 -

335 5509 402 5548 ιι·
428 5503 644 5560 contra
662 5492 826 5553 dedit
849 5513 984 5552 corr.
1008 5489 1356 5553 contradidit
1385 5497 1443 5554 2°
1511 5505 1557 5540 ιι
1583 5490 1690 5552 iste
1725 5496 1777 5554 2.
1838 5497 1909 5541 ω
1973 5489 2359 5569 godesmanus
2385 5487 2439 5547 2.
2508 5492 2554 5533 ιθ
2579 5486 3018 5569 propersecutus
3049 5489 3100 5548 2.
3135 5490 3466 5569 persecutus
3495 5482 3584 5544 2b.

267 5580 336 5622 ιο·
356 5593 464 5634 nos
489 5589 640 5632 corr.
668 5573 882 5642 vos},
923 5576 965 5610 ιτ
992 5570 1174 5624 carius
1199 5569 1265 5622 Π
1321 5573 1391 5610 ιν
1417 5584 1616 5626 amore
1635 5573 1689 5626 2.
1749 5577 1796 5612 ιθ
1828 5560 2244 5642 aggrédiantur
2272 5579 2411 5620 corr.
2441 5560 2812 5634 aggrediatur
2837 5567 2891 5619 2.
2927 5567 2996 5606 η·
3039 5560 3215 5620 vocem
3241 5579 3304 5619 ex
3334 5561 3580 5618 Richero

266 5648 523 5727 :upp’levz‘.
582 5651 634 5686 ιο
666 5637 926 5714 perfecto
941 5643 993 5697 2.
1025 5642 1262 5716 peracto
1292 5643 1382 5697 2a.
