3918 6230
421 416 521 478 293

1731 411 2133 479 S‘ILVESTRR.
2168 412 2218 477 ’Π
2256 419 2437 478 ΡΑΡΛ
2503 411 2505 414 ’

3643 422 3744 483 298

423 548 558 602 dam
581 545 1012 618 episcopum,ex
1025 545 1211 601 heresi
1235 542 1306 601 ad
1325 545 1499 601 ﬁdem
1531 547 1873 601 catholicam
1887 564 2019 601 con-
2038 550 2093 610 Α
2120 550 2464 602 avunculum
2483 563 2646 601 suum
2681 546 3044 614 Rotbertum,
3073 543 3265 602 Karoli
3291 562 3545 615 servum,
3567 549 3754 604 comi-

421 636 846 703 versum,beato
860 637 1131 707 Gregorio
1150 636 1394 690 similem
1410 636 1664 689 libellum
1696 637 2016 707 porexisse;

421 726 522 782 sed
553 726 664 781 hoc
693 725 989 793 interesse,
1013 726 1167 798 quod
1183 726 1271 780 hie
1294 724 1565 779 Arnulfus
1579 727 1865 779 malarum
1889 742 2021 779 cau-

418 831 614 870 sarum
637 814 955 869 rationibus
981 817 1274 886 permotus
1298 813 1388 880 sit,
1423 814 1482 867 id
1513 817 1596 867 est
1610 816 1678 854 ω’
1703 813 1945 884 perfidia
1969 816 2026 866 et

416 903 750 975 cupiditate,
782 903 877 958 ille
909 908 1100 957 autem
1116 903 1465 974 optimarum
1484 911 1549 968 ⁵ο,
1584 902 1641 956 id
1674 906 1759 956 est
1791 902 1902 956 ﬁde
1934 917 2028 954 ca-

418 992 633 1048 tholica
664 996 721 1047 et
751 1009 949 1047 amore
978 991 1225 1047 habendi
1259 993 1462 1046 Deum.
1498 991 1632 1045 Erat
1678 1006 1809 1044 vero
1842 989 1918 1043 ibi
1945 989 2024 1042 ita

418 1082 693 1154 scriptum
723 1082 874 1136 inter
900 1085 1090 1135 cetera
1123 1098 1136 1135 :

494 1173 578 1224 10.
606 1190 631 1222 σ
662 1171 729 1224 Et
759 1169 887 1224 ideo
911 1174 1236 1240 postquam,
1271 1171 1568 1239 comperto
1618 1166 1908 1222 divisionis
1940 1167 2024 1220 la-

420 1275 568 1331 queo
591 1274 703 1329 quo
717 1258 1203 1324 tenebar,diutina
1222 1273 1448 1311 mecum
1463 1255 1878 1310 deliberatione
1904 1270 2028 1326 per-

424 1349 697 1414 tractans,
732 1363 916 1417 prona
935 1351 992 1400 et
1004 1349 1323 1416 spontanea
1349 1347 1643 1399 voluntate
1658 1343 1730 1397 ad
1745 1342 2025 1396 unitatem

425 1433 576 1490 sedis
605 1435 934 1507 apostolica
961 1434 1153 1488 divina
1179 1434 1365 1506 gratia
1397 1433 1539 1487 duce
1564 1448 1817 1486 reversus
1852 1447 1978 1485 sum
2011 1446 2024 1497 ;

425 1539 499 1578 ne
526 1532 572 1565 ⁸ο
603 1541 720 1579 non
751 1540 896 1594 pura
929 1527 1122 1577 mente
1145 1523 1244 1576 sed
1274 1522 1537 1575 simulate
1559 1536 1816 1575 reversus
1838 1518 2024 1572 existi-

425 1628 572 1678 mer,
595 1611 852 1683 spondeo
882 1612 983 1665 sub
1016 1611 1235 1665 ordinis
1269 1610 1382 1664 mei
1410 1627 1538 1664 casu
1571 1613 1627 1663 et
1648 1607 2028 1663 anathematis

427 1699 801 1770 obligatione,
836 1703 1010 1771 atque
1060 1699 1334 1772 promitto
1371 1699 1496 1764 tibi,
1530 1701 1586 1752 et
1617 1715 1719 1769 per
1744 1701 1798 1750 te
1833 1698 2026 1750 sancto

426 1790 599 1843 Petro
627 1789 1023 1858 apostolorum
1048 1785 1315 1858 principi,
1334 1789 1504 1856 atque
1529 1787 1650 1855 ejus
1671 1785 1876 1838 vicario
1901 1784 2030 1837 bea-

426 1875 647 1930 tissimo
678 1874 978 1946 Gregorio,
1003 1875 1087 1928 vel
1119 1873 1844 1943 successoribusipsius,me
1861 1888 2026 1924 num-
2058 1863 2108 1922 B

426 1979 598 2035 quam
616 1963 1008 2034 quorumlibet
1038 1961 1508 2026 suasionibus,vel
1532 1977 1897 2032 quocumque
1918 1959 2028 2012 alio

426 2051 703 2117 modo,ad
719 2050 964 2104 schisma
980 2050 1048 2103 de
1067 2067 1177 2120 quo
1191 2048 1591 2120 Redemptoris
1609 2048 1787 2102 nostri
1808 2046 2028 2101 miseri-

424 2138 620 2194 cordia
647 2139 929 2193 liberante
960 2143 1188 2210 ereptus
1209 2155 1356 2204 sum,
1372 2137 1871 2202 reversurum,sed
1888 2152 2033 2189 sem-

427 2244 533 2300 per
552 2244 645 2282 me
665 2227 724 2282 in
737 2227 958 2281 unitate
981 2231 1192 2282 sanctze
1207 2227 1474 2281 aacclesiaa
1497 2226 1792 2280 catholicze
1811 2228 1866 2278 et
1879 2241 2033 2278 com-

426 2316 704 2371 munione
730 2316 970 2370 Romani
1003 2316 1290 2387 pontificis
1314 2333 1417 2387 per
1446 2314 1644 2368 omnia
1663 2330 2028 2385 permanere.

427 2405 826 2475 Undejuratus
844 2405 969 2458 dico
987 2421 1083 2475 per
1100 2405 1283 2458 Deum
1307 2403 1796 2474 omnipotentem.
1822 2405 1878 2454 et
1908 2401 2028 2454 haec

424 2495 938 2564 sanctaquatuorIn
981 2492 1280 2562 evangelia
1323 2509 1449 2562 quae
1496 2491 1552 2543 in
1585 2491 1727 2544 meis
1758 2490 2032 2542 manibus

425 2585 619 2646 teneo,
654 2585 710 2635 et
740 2582 979 2634 salutem
1014 2581 1366 2651 geniumque
1386 2579 1634 2634 Mauricii
1661 2583 1834 2650 atquo
1848 2578 2029 2632 Theo-

429 2669 572 2724 dosii
591 2667 961 2722 dominorum
983 2673 1312 2722 nostrorum
1338 2669 1418 2722 rei
1435 2668 1674 2738 publica:
1688 2667 2032 2737 gubernato-

428 2773 540 2824 res,
573 2774 666 2811 me
701 2756 756 2811 in
791 2757 1012 2812 unitate
1035 2757 1178 2812 sicut
1202 2757 1313 2812 dixi
1341 2755 1710 2823 aecclesiae,ad
1724 2771 1898 2827 quam
1915 2757 2029 2808 Deo

427 2845 679 2917 propitio
696 2863 819 2900 sum
837 2849 1179 2912 reversus,et
1193 2846 1604 2900 communione
1623 2844 1863 2899 Romani
1887 2859 2030 2913 pon-

427 2935 594 2989 tificis
617 2952 849 3007 semper
879 2939 937 2990 et
963 2935 1084 2990 sine
1117 2935 1288 2990 dubio
1318 2951 1678 3008 permanere.
1741 2933 1904 2997 Quod
1963 2932 2027 2998 si,

430 3024 586 3094 quod
607 3023 973 3096 absit,aliqua
991 3024 1350 3078 excusatione
1365 3025 1451 3078 vel
1473 3025 1817 3094 argumento
1838 3022 1908 3075 ab
1925 3021 2030 3074 hac

2123 641 2239 690 tem
2272 637 2607 690 fidissimum
2653 637 2774 690 fore
2821 636 3156 706 designavit,
3186 653 3316 690 cum
3340 636 3466 690 aliis
3513 637 3756 708 quibus-

2124 725 2280 778 dam.
2307 725 2372 777 Et
2400 728 2459 778 ut
2478 725 2585 778 hoc
2598 725 2814 778 factum
2834 725 2936 777 sub
2951 725 3138 795 specie
3161 725 3388 778 honesti
3412 728 3750 796 tegeretur,

2125 828 2332 866 manus
2363 817 2420 866 et
2443 816 2806 868 sacramenta
2856 815 3024 867 simul
3072 815 3279 868 Karolo
3341 813 3591 885 przebui,
3654 815 3750 870 sed

2117 901 2278 970 jussu
2312 901 2511 972 ipsius;
2547 904 2730 961 claves
2752 903 2908 956 urbis
2926 902 3140 973 accepi,
3174 902 3274 955 sed
3293 918 3324 955 a
3345 903 3752 974 manuipsius;

2126 993 2318 1059 portas
2343 991 2563 1060 aperui,
2598 991 2696 1044 sed
2725 991 2875 1044 illius
2899 995 3206 1062 praecepto.
3230 991 3358 1044 Haec
3379 990 3749 1063 siquisquam

2127 1080 2377 1132 vestrum
2411 1077 2705 1133 aliteresse
2748 1082 2929 1150 putat,
2956 1078 3485 1150 mequeindignum
3519 1079 3749 1133 cuicre—

2130 1166 2316 1233 datur,
2347 1167 2542 1220 credat
2577 1167 2718 1236 igni,
2751 1166 2994 1220 ferventi
3028 1183 3214 1237 aquae,
3241 1167 3511 1221 candenti
3542 1167 3706 1222 ferro
3734 1185 3748 1235 ;

2128 1252 2342 1307 faciant
2369 1255 2544 1308 fidem
2576 1258 2888 1320 tormenta,
2923 1254 3128 1325 quibus
3152 1271 3270 1309 non
3292 1254 3589 1309 sufﬁciunt
3612 1272 3751 1310 mea

2128 1342 2332 1409 verba;
2367 1343 2470 1413 ipsi
2514 1345 2706 1397 hostes
2735 1342 2871 1411 mei,
2906 1343 3109 1414 quibus
3140 1359 3325 1414 nuper
3354 1343 3572 1397 invisus
3627 1360 3750 1398 esse

2129 1431 2293 1502 C(epi,
2323 1431 2651 1485 testimonio
2673 1434 3000 1498 erunt,cum
3013 1447 3113 1485 suo
3131 1447 3222 1484 me
3243 1430 3526 1486 beneﬁcio
3554 1431 3749 1486 vivere

2129 1534 2255 1572 com
2264 1520 2590 1588 probabunt
2612 1537 2625 1585 ;
2662 1519 2893 1590 quando
2909 1522 3158 1572 vestrum
3173 1519 3487 1572 anathema
3505 1520 3750 1589 perhor-

2129 1623 2376 1673 rescens,
2411 1623 2611 1661 eorum
2644 1610 2780 1661 tunc
2804 1606 3172 1660 miseratione
3203 1606 3425 1677 gladios
3446 1607 3745 1671 Richardi,

2129 1693 2321 1748 fratris
2352 1694 2623 1765 episc0pi,
2650 1695 2736 1747 vix
2761 1694 2930 1761 evasi,
2981 1694 3130 1748 hanc
3185 1711 3377 1748 meam
3427 1693 3742 1748 confessio-

2130 1799 2264 1836 nem
2309 1783 2750 1853 expavescentis.
2785 1802 2814 1833 »

2204 1874 2286 1923 1'2.
2319 1870 2404 1923 Ad
2432 1871 2550 1923 haec
2570 1871 2689 1924 Odo
2708 1871 3006 1940 episcopus
3024 1870 3462 1925 Silvanectensis
3485 1886 3498 1925 :
3522 1892 3551 1920 «
3584 1870 3743 1925 Bene

2131 1976 2302 2020 nunc,
2327 1960 2530 2030 inquit,
2559 1960 2873 2013 anathema
2894 1959 2949 2011 in
2979 1959 3326 2012 memoriam
3355 1959 3525 2012 redit.
3564 1960 3742 2012 Pater

2132 2048 2288 2101 enim
2333 2048 2602 2101 Arnulfus
2647 2049 2796 2101 hunc
2830 2051 3090 2101 nostrum
3121 2047 3424 2101 Arnulfum
3478 2046 3538 2100 in
3573 2062 3740 2117 cyro-

2132 2137 2352 2206 grapho
2376 2152 2432 2188 se
2478 2137 2819 2207 dampnasse
2853 2136 3018 2202 dixit;
3046 2152 3149 2189 nos
3206 2139 3399 2189 autem
3433 2135 3739 2206 quoddam

2132 2223 2403 2293 scriptum
2434 2224 2505 2278 ab
2537 2241 2602 2277 eo
2627 2224 2684 2276 in
2718 2227 2978 2294 tempore
3006 2223 3126 2294 ipso
3141 2223 3464 2294 accepimus
3478 2239 3584 2293 per
3611 2239 3740 2277 ma-

2133 2329 2238 2365 nus
2267 2311 2538 2366 Guidonis
2599 2313 2939 2366 venerabilis
2971 2312 3248 2383 episcopi;
3279 2311 3454 2381 inquo
3488 2314 3544 2364 et
3598 2327 3742 2365 con-

2133 2399 2298 2454 fessio
2322 2401 2404 2454 sui
2433 2401 2565 2454 facti
2596 2405 2653 2454 et
2682 2400 3022 2470 dampnatio
3066 2400 3240 2470 ipsius
3272 2400 3559 2455 contineri
3586 2399 3744 2453 vide-

2132 2488 2333 2556 batur;
2366 2490 2519 2560 quod
2551 2489 2609 2543 in
2639 2488 2906 2559 praesenti
2931 2489 3134 2558 jubeat
3192 2488 3435 2542 recitare
3466 2487 3743 2541 sanctitas

2131 2580 2336 2630 vestra.
2375 2599 2401 2625 ››
2434 2575 2696 2648 Synodus
2728 2577 2908 2631 dixit:
2946 2599 2973 2625 «
3008 2577 3314 2630 Recitetur.
3349 2595 3379 2627 »
3413 2575 3740 2630 Recitatum

2132 2667 2215 2716 est
2240 2663 2430 2735 itaque
2454 2665 2511 2718 in
2553 2666 2703 2718 hunc
2747 2665 2986 2719 modum
3013 2681 3024 2718 :
3056 2684 3086 2716 ς
3111 2665 3382 2718 Arnulfus
3418 2662 3604 2734 gratia
3635 2664 3741 2724 Dei

2131 2752 2608 2824 archiepisc0pus,
2623 2752 3131 2806 commonitorium
3156 2755 3224 2792 δι’
3238 2751 3609 2822 praedonibus
3628 2751 3741 2804 Re-

2132 2856 2382 2895 morum.
2414 2841 2674 2904 Quidtibi
2702 2840 3137 2911 vispraedonum
3166 2839 3539 2894 Remensium
3557 2839 3741 2893 scele-

2131 2934 2257 2985 rata
2287 2947 2491 2984 manus
2520 2930 2546 2983 ‘2
2572 2930 2830 2982 Nichilne
2877 2933 2930 2982 te
2962 2932 3197 2983 movent
3224 2928 3424 3000 pupilli
3459 2930 3517 2981 et
3547 2929 3741 2983 vidua:

2132 3019 2382 3073 lacrimae
2399 3018 2426 3070 ‘?
2455 3018 2564 3071 Nec
2577 3017 2882 3071 advocatus
2898 3017 3263 3084 eorum,velis
3281 3015 3742 3083 nolis,Dominus

430 3129 526 3167 me
543 3112 763 3166 unitate
783 3112 1292 3183 divisero,periurii
1311 3116 1534 3167 reatum
1555 3113 1855 3165 incurrens
1871 3114 2032 3164 aeter-
2062 3144 2108 3202 Ο
2133 3113 2280 3173 tuus,
2315 3107 2434 3176 ipse
2491 3106 2668 3173 testis,
2730 3107 3000 3176 etjudex,
3030 3110 3087 3160 et
3117 3106 3306 3176 gravis
3353 3106 3523 3172 ultor,
3576 3105 3741 3176 cujus

429 3217 520 3255 nae
551 3217 738 3271 paena:
761 3202 1044 3273 obligatus
1074 3201 1358 3268 inveniar,
1391 3204 1602 3254 etcum
1635 3203 1864 3254 auctore
1896 3198 2028 3252 scis-

429 3289 600 3344 matis
627 3291 878 3345 habeam
909 3290 967 3344 in
999 3291 1190 3344 futuro
1251 3291 1454 3344 smculo
1481 3289 1828 3360 portionem.
1856 3307 1887 3339 »

503 3381 587 3434 Η.
619 3379 972 3451 Adalgerus:
1011 3401 1038 3428 ‹‹
1062 3379 1189 3434 Scio
1223 3396 1338 3445 me,
1371 3379 1576 3450 inquit,
1608 3394 1723 3432 non
1751 3392 2028 3448 magnam

426 3467 763 3523 habiturum
795 3469 1258 3541 expectationem
1307 3469 1365 3522 in
1399 3467 1662 3533 dicendo,
1695 3465 2030 3522 reverentis-

425 3557 556 3612 simi
585 3559 799 3624 Patres,
832 3574 961 3612 cum
995 3558 1194 3612 omnia
1247 3574 1372 3628 qum
1399 3574 1503 3628 pro
1533 3556 1866 3611 defensione
1898 3571 2030 3608 mea

427 3646 678 3701 dicturus
731 3663 878 3714 sum,
907 3650 1111 3702 contra
1153 3662 1246 3700 me
1274 3646 1514 3699 fortasse
1560 3644 1882 3698 videantur.
1915 3644 2027 3697 Hoc

425 3735 582 3790 enim
604 3740 662 3790 et
681 3735 738 3789 in
771 3735 932 3790 initio
955 3735 1228 3800 intellexi,
1256 3751 1386 3788 cum
1405 3734 1587 3799 Dudo,
1620 3732 1812 3785 Karoli
1842 3730 2025 3797 miles,

425 3827 490 3878 ut
518 3825 687 3895 hujus
703 3825 1044 3896 proditionis
1065 3827 1265 3877 auctor
1289 3822 1613 3885 existerem,
1669 3819 2030 3873 machinatus

427 3916 541 3980 est;
577 3912 664 3966 cui
692 3929 823 3966 cum
848 3911 1264 3982 responderem
1297 3925 1397 3961 cur
1427 3925 1494 3961 ex
1523 3909 1686 3960 tanta
1716 3924 1902 3961 massa
1927 3909 2030 3962 ho-

425 4000 653 4054 minum
686 4016 794 4069 ego
819 3999 1056 4052 clericus
1087 4000 1144 4050 et
1175 3997 1440 4050 sacerdos
1471 3994 1830 4065 potissimum
1855 3997 2028 4066 elige-

425 4103 542 4152 rer,
575 4089 637 4139 ut
667 4086 957 4139 seniorem
987 4088 1042 4138 et
1073 4083 1406 4155 episcopum
1431 4101 1626 4138 meum
1649 4083 1938 4137 traderem
1955 4084 2028 4138 ob

426 4190 658 4228 causam
677 4173 869 4226 Karoli
888 4172 961 4226 ad
979 4189 1154 4243 quem
1174 4172 1314 4225 nihil
1335 4172 1931 4242 attinebam,primum
1945 4189 2032 4226 so-

431 4262 692 4318 cordiam
707 4264 766 4315 et
795 4261 1119 4315 fatuitatem
1138 4261 1442 4315 hominum
1471 4279 1564 4315 me
1597 4261 1736 4316 scire
1769 4261 2025 4329 dicebat;

426 4366 625 4405 meum
656 4353 850 4404 autem
879 4337 2027 4420 ingenium,prudentiam,animimagni-

2123 3195 2404 3268 judicium
2428 3211 2543 3249 non
2566 3194 2838 3265 effugies?
2869 3195 3004 3248 Vide
3027 3194 3163 3266 quid
3191 3197 3324 3249 ante
3349 3194 3542 3247 oculos
3559 3193 3742 3264 ipsius

2130 3285 2342 3355 egeris:
2360 3287 2616 3338 sanctam
2637 3283 2967 3355 pudicitiam
2993 3283 3278 3353 virginum
3295 3298 3410 3336 non
3425 3283 3738 3351 erubuisti;

2130 3377 2426 3427 matronas
2457 3372 2630 3426 etiam
2653 3370 2910 3425 barbaris
2925 3371 3199 3425 verendas
3213 3371 3396 3424 nudas
3415 3371 3697 3441 reliquisti
3722 3388 3736 3437 ;

2130 3462 2453 3532 orphanum
2483 3464 2540 3514 et
2568 3460 2850 3530 pupillum
2883 3476 3000 3514 non
3033 3459 3350 3530 respexisti.
3385 3460 3598 3514 Parum
3631 3459 3740 3514 tibi

2128 3551 2235 3604 hoc
2255 3567 2267 3617 ;
2297 3549 2574 3603 accessisti
2589 3549 2661 3603 ad
2683 3549 2963 3618 templum
2987 3547 3185 3601 matris
3203 3548 3328 3613 Dei,
3343 3546 3559 3601 cunctis
3575 3563 3738 3602 mor-

2129 3639 2333 3693 talibus
2362 3638 2766 3692 reverendum.
2802 3637 2931 3706 Ejus
2973 3637 3182 3690 atrium
3226 3635 3575 3708 perfregisti,
3608 3638 3738 3706 pol-

2129 3727 2301 3792 luisti,
2320 3723 2729 3789 violasti.Quod
2746 3725 2892 3779 oculi
2907 3725 2979 3778 ibi
3000 3724 3641 3794 viderunt,concupiisti
3658 3733 3730 3777 ³³.

2130 3815 2293 3878 Quod
2307 3831 2510 3868 manus
2529 3816 2834 3867 attrectare
2848 3816 2916 3854 03'
2932 3811 3608 3883 potuerunt,rapuisti.Et
3630 3829 3741 3866 nos

2129 3903 2362 3974 quidem
2388 3906 2591 3958 contra
2612 3901 2866 3955 divinum
2890 3917 2953 3955 ac
2971 3900 3738 3971 humanumjusmisericor-

2129 3993 2221 4047 dia
2246 3991 2725 4061 abutentes,quod
2744 3989 2853 4044 cibi
2878 3993 2938 4044 et
2967 3994 3130 4059 potus
3159 3989 3458 4054 abstulisti,
3492 4005 3613 4043 non
3645 3988 3738 4043 in-

2131 4080 2560 4150 dulgemus,sed
2574 4082 2810 4150 propter
2822 4078 2999 4148 impia
3013 4083 3278 4148 tempora
3293 4095 3407 4133 non
3427 4078 3737 4149 exigimus.

2129 4169 2421 4239 Exigimus
2437 4172 2627 4222 autem
2642 4169 2862 4239 reliqua
2875 4168 3072 4221 omnia
3083 4178 3208 4238 qna:
3223 4167 3453 4238 pollutis
3467 4167 3740 4221 manibus

2131 4257 2444 4328 pervasisti,
2467 4273 2530 4311 ac
2559 4257 2794 4312 retines.
2836 4256 3032 4310 Redde
3061 4271 3221 4325 ergo,
3255 4259 3351 4308 aut
3381 4254 3738 4310 sententiam

2130 4345 2626 4415 dampnationisin
2654 4360 2984 4416 pervasores
3010 4360 3200 4398 rerum
3223 4343 3737 4399 ecclesiasticarum

426 4436 711 4505 tudinem,
740 4437 1175 4492 mirislaudibus
1204 4438 1537 4507 extollebat;
1579 4439 1825 4510 denique
1840 4439 2023 4508 ipsum
2053 4426 2104 4484 D
2129 4451 2161 4488 a
2189 4435 2359 4488 sacris
2399 4435 2714 4488 canonibus
2742 4434 3192 4503 promulgatam,
3227 4449 3472 4504 eamque
3504 4441 3550 4474 ιι
3582 4432 3640 4486 in
3672 4436 3735 4487 te

427 4543 626 4582 meum
653 4527 941 4581 seniorem
956 4528 1061 4581 hoc
1081 4527 1159 4581 ita
1184 4528 1663 4599 velle,sibiqueita
1688 4527 2025 4600 praecepisse

429 4615 530 4670 Cui
557 4633 687 4671 cum
705 4615 881 4671 fidem
897 4617 1054 4688 quasi
1069 4616 1526 4688 spopondissem,
1542 4633 1658 4671 non
1672 4620 1867 4670 tamen
1892 4617 2027 4671 satis

425 4707 618 4760 tutum
651 4706 776 4760 fore
808 4706 918 4760 hoc
949 4722 1179 4760 mecum
1211 4705 1574 4776 reputabam,
1624 4705 1730 4759 nisi
1757 4723 1822 4758 ex
1854 4704 2026 4775 ipsius

425 4792 670 4850 senioris
700 4811 798 4850 ore
819 4811 934 4849 non
948 4794 1096 4849 bene
1116 4794 1332 4848 credita
1347 4810 1448 4864 per
1466 4797 1683 4847 memet
1699 4792 1884 4864 ipsum
1905 4793 2024 4847 sine

425 4883 740 4955 interprete
755 4883 1378 4955 recognoscerem;ejus
1395 4881 2026 4952 amor,ejusimperium

426 4988 524 5028 me
553 4972 611 5026 in
641 4973 747 5028 has
771 4971 1440 5044 prazcipitavitmiserias.
1467 4970 1806 5034 Quaerebam
1829 4972 2027 5025 tamen

425 5077 493 5116 ex
520 5061 920 5132 eo,cujusnam
938 5059 1116 5114 fretus
1145 5059 1651 5129 auxilioimperata
1669 5058 2026 5129 perﬁcerem,

424 5152 484 5204 et
506 5149 550 5203 si
574 5152 644 5191 δι’
665 5149 770 5204 sibi
798 5147 1322 5220 pertimescendum
1355 5147 1542 5201 foret?
1564 5146 1818 5210 Quicum
1850 5148 2026 5201 Karo-

425 5237 546 5292 lum
568 5237 669 5291 sibi
685 5242 957 5309 patruum
979 5253 1098 5291 esse
1131 5223 1378 5303 dixisset,
1406 5236 1713 5290 Mannasen
1738 5244 1782 5276 δ’
1800 5252 2026 5308 quoque

425 5329 483 5381 et
501 5327 818 5396 Rotgerum
848 5329 1210 5380 sacramenta
1237 5342 1362 5398 qua:
1393 5325 1634 5379 voluerit
1669 5325 2019 5395 praestitisse,

2127 4525 2302 4577 latam
2322 4523 2769 4594 multotiensque
2803 4523 3105 4576 ferendam
3127 4522 3322 4593 excipe
3342 4520 3531 4575 :ANA
3547 4521 3739 4575 THE-

2125 4611 2241 4666 MA
2270 4610 2355 4665 IN
2375 4610 2800 4666 PREDONES
2817 4619 2860 4652 ιι
2881 4611 3222 4666 Auctoritate
3237 4613 3608 4680 omnipotentis
3628 4609 3740 4665 Dei

2126 4702 2334 4763 Patris,
2384 4707 2432 4754 et
2461 4699 2612 4766 Filii,
2662 4708 2711 4754 et
2752 4699 2986 4770 Spiritus
3015 4702 3205 4767 sancti,
3255 4702 3638 4754 interveniente
3682 4707 3734 4754 et

2127 4789 2414 4860 adjuvante
2461 4790 2607 4842 beata
2655 4788 2839 4843 Maria
2885 4807 3084 4859 semper
3139 4791 3359 4858 virgine,
3416 4791 3734 4844 auctoritate

2128 4897 2334 4952 quoque
2365 4896 2428 4934 ac
2464 4884 2725 4950 potestate
2755 4878 3000 4948 apostolis
3049 4878 3244 4930 tradita
3273 4877 3522 4949 nobisque
3553 4878 3731 4932 relicta

2129 4970 2659 5034 excommunicamus,
2734 4968 3266 5032 anathematizamus,
3346 4965 3728 5032 maledicimus,

2127 5058 2496 5128 dampnamus,
2531 5064 2580 5110 et
2609 5075 2641 5109 a
2699 5055 2967 5110 liminibus
2995 5061 3191 5110 sanctae
3246 5057 3436 5108 matris
3489 5057 3733 5110 acclesie

2127 5162 2430 5216 separamus
2459 5162 2546 5199 vos
2574 5144 2914 5198 Remensium
2939 5144 3252 5214 praedonum
3279 5149 3539 5210 auctores,
3561 5145 3733 5214 facto-

2127 5252 2224 5300 res,
2281 5239 2658 5304 cooperatores,
2714 5233 2952 5303 fautores
2983 5250 3013 5286 a
3032 5232 3265 5302 propriis
3297 5231 3526 5285 dominis
3557 5248 3730 5285 rerum

2123 5339 2346 5378 suarum
2368 5322 2462 5376 sub
2493 5321 2707 5376 nomine
2757 5322 3031 5392 emptionis
3073 5319 3471 5374 abalienatores.
3509 5320 3730 5376 Obteae-

1759 5482 2005 5536 VARLZE
2028 5480 2403 5538 LECTIONES

427 5607 564 5661 mm
599 5602 655 5661 id
676 5607 728 5660 2,
791 5609 836 5646 so
853 5607 974 5677 opt,
1007 5619 1144 5677 corr.
1184 5603 1303 5658 obt.
1337 5607 1388 5660 2.
1440 5607 1657 5677 _39‘_nee
1693 5608 1741 5659 l.

428 5691 560 5735 rum
591 5678 643 5734 2·
709 5685 754 5721 ³³
785 5673 1104 5750 concupisti
1137 5679 1188 5730 1.
1212 5673 1630 5746 concupivisisti
1657 5680 1712 5743 2,

1804 5607 2289 5733 ἔέαίέῗδςίέὲἅιέἓέ.

2324 5608 2392 5647 81'
2444 5603 2586 5657 deest
2615 5608 2632 5658 l

2732 5618 3062 5658 manassem
3097 5609 3149 5659 2.
3238 5607 3309 5646 δι’
3349 5597 3729 5662 ΟΟῙΠῙΪΙΟηίίο⁴

2360 5684 2405 5718 ﬂ
2435 5691 2563 5730 eam
2598 5679 2645 5730 1.
2727 5679 2796 5717 δι’
2829 5691 2880 5728 a'
2915 5679 2951 5728 i.
2988 5691 3044 5730 β.
3077 5679 3262 5730 desunt
3287 5679 3338 5730 2.
3660 5687 3665 5693 ’

2727 5678 2796 5717 ιι·
2829 5691 2880 5728 8.·
2915 5674 2951 5728 i.
2985 5691 3044 5748 p.
3077 5675 3262 5731 desunt
3287 5679 3338 5733 2.
