3918 6230
145 442 230 497 297

1040 433 1291 500 SPURIA
1320 445 1454 499 AUT
1490 445 1848 504 ALIENA.—
1881 448 2034 506 ACT.
2072 451 2274 509 CONC.
2306 451 2551 509 BASOL.

3349 467 3456 522 298

167 582 366 636 brescant
396 579 545 634 oculi
581 584 762 639 vestri
806 585 901 655 qui
921 586 1349 654 concupiverunt,
1382 595 1618 639 arescant
1646 605 1764 640 ma-

1865 576 2060 655 noster
2079 590 2209 627 cum
2231 575 2382 629 clero
2408 577 2466 627 et
2496 577 2706 647 populo
2739 577 2920 632 teneri
2944 578 3014 633 ab
3044 581 3300 640 hostibus
3316 602 3463 658 pra;-

166 688 243 724 nus
265 687 375 742 quas
398 679 742 742 rapuerunt,
781 673 1137 742 [debilitentur
1169 676 1350 730 omnia
1381 675 1617 728 membra
1643 693 1758 747 qua

164 759 453 831 adjuverunt
485 761 581 821 Ι⁵⁸].
624 760 852 831 Semper
912 761 1176 827 laboretis,
1238 780 1329 816 nec
1358 779 1588 834 requiem
1616 767 1760 820 inve-

162 851 314 909 niatis,
335 849 701 920 fructumque
723 849 916 902 laboris
942 853 1422 919 vestriprivemini;
1453 852 1760 919 formidatis

160 945 201 991 et
213 939 447 1007 par-eatis
482 955 518 988 a
547 938 697 1006 faeie
716 940 1097 1009 persequentis.
1145 945 1193 992 et
1249 955 1354 992 non
1402 941 1759 1010 persequentis

157 1028 320 1092 hostis,
374 1032 435 1078 ut
469 1026 782 1079 tabcscendo
813 1025 1086 1094 deﬁciatis.
1138 1026 1225 1079 Sit
1237 1028 1414 1096 portio
1440 1033 1609 1081 vestra
1639 1045 1758 1081 cum

153 1115 284 1168 Judu
319 1115 588 1168 traditore
617 1115 841 1168 Domini
870 1117 925 1167 in
947 1122 1084 1167 terra
1114 1119 1297 1169 mortis
1328 1124 1375 1167 et
1405 1117 1756 1182 tenebrarum,

156 1204 305 1257 donec
335 1204 501 1256 corda
525 1217 700 1256 vestra
747 1204 818 1256 ad
837 1204 1058 1274 plenum
1083 1205 1499 1272 satis/actionem
1550 1222 1760 1257 conver-

155 1299 353 1346 tantur.
389 1293 507 1347 Hic
556 1301 738 1346 autem
767 1294 832 1346 sit
865 1293 1049 1346 modus
1070 1293 1243 1363 plena
1271 1294 1672 1361 satis/actionis,
1703 1300 1760 1346 ut

149 1384 321 1435 omnia
355 1382 564 1451 injuste
591 1382 790 1445 ablata,
813 1389 1005 1452 prater
1033 1382 1205 1435 cibum
1235 1389 1506 1452 etpotum,
1522 1383 1763 1452 propriis

145 1471 372 1524 dominis
428 1487 492 1523 ex
570 1472 775 1540 integro
827 1472 1134 1534 restituatis,
1188 1487 1469 1540 coramque
1519 1469 1769 1532 Remensi

147 1559 366 1615 mlesia
389 1558 696 1629 pernitendo
728 1559 1102 1623 humiliemini,
1131 1560 1225 1629 qui
1253 1565 1491 1611 sanctam
1541 1557 1768 1614 Remen-

143 1664 248 1702 sem
271 1647 557 1702 ecclesiam
574 1648 790 1700 reveriti
806 1662 911 1700 non
947 1647 1069 1699 estis
1091 1675 1108 1713 ,-
1136 1663 1228 1699 nec
1253 1648 1322 1686 ⁸⁵·
1355 1654 1547 1700 cessent
1569 1665 1601 1699 a
1619 1647 1762 1700 vobis

143 1737 222 1790 ha:
271 1735 676 1789 maledictiones
730 1733 985 1790 scelerum
1034 1741 1325 1787 vestrorum
1368 1737 1764 1804 persecutrices,

142 1826 404 1895 quamdiu
424 1823 818 1894 permanebitis
867 1825 918 1876 in
946 1829 1163 1893 peccato
1179 1824 1529 1892 pervasionis.
1561 1823 1759 1878 Amen.

137 1912 287 1968 Fiat.
321 1911 488 1966 Fiat.
532 1932 561 1961 »

213 2004 299 2056 13.
347 1999 478 2064 Quo
542 2003 818 2072 perlecto,
869 1999 1188 2054 Gualterius
1242 1999 1762 2071 Augustidunensis

135 2091 413 2146 {ecclesiae
435 2090 740 2160 episcopus
769 2105 780 2142 :
815 2112 841 2139 ς.
871 2089 1160 2151 Quidnam
1183 2098 1250 2156 ³⁸,
1273 2089 1481 2161 inquit,
1501 2090 1610 2143 hoc
1633 2106 1761 2159 por-

133 2183 367 2234 tentum
395 2179 525 2232 est?
549 2177 776 2232 Satisne
795 2193 946 2231 sanae
964 2177 1175 2231 mentis
1203 2181 1288 2231 est
1315 2178 1407 2231 hic
1437 2179 1759 2248 episcopus,

135 2268 230 2338 qui
247 2283 357 2338 pro
363 2265 897 2337 jacturavilissima:
915 2266 1240 2337 supelleclis
1254 2269 1322 2307 η’
1339 2283 1466 2320 reos
1481 2266 1761 2336 dampnat

133 2370 306 2426 super
337 2354 429 2408 sui
454 2357 654 2408 autem
687 2358 742 2406 et
762 2354 897 2407 cleri
913 2357 969 2408 et
1001 2355 1194 2426 populi
1212 2354 1544 2425 captivitate
1562 2353 1755 2407 tacet?

133 2443 243 2496 Pro
272 2458 607 2514 pauperum
625 2442 869 2511 tuguriis
883 2442 1032 2496 forte
1053 2442 1238 2511 magis
1250 2442 1400 2496 carie
1417 2449 1460 2482 ⁵⁷
1475 2458 1650 2512 quam
1672 2441 1749 2494 vi-

131 2531 442 2585 ruentibus
497 2530 966 2596 anathematizat,
1023 2533 1080 2583 et
1105 2545 1208 2600 pro
1237 2531 1452 2601 templo
1522 2530 1619 2584 Dei
1650 2546 1753 2601 per

133 2620 347 2674 orbem
402 2623 698 2673 terrarum
731 2617 1122 2672 famosissimo
1138 2617 1281 2671 nihil
1309 2617 1493 2671 dicit?
1532 2618 1750 2689 Nempe

134 2708 332 2762 omnis
363 2711 605 2762 terrena
638 2709 900 2761 creatura
925 2706 1338 2760 hominevilior
1370 2709 1475 2773 est,
1503 2709 1750 2760 etomne

133 2796 550 2851 manufactum
563 2795 870 2849 (editicium
889 2795 1104 2865 templo
1124 2794 1224 2848 Dei
1237 2794 1416 2849 vilius.
1435 2795 1547 2849 Sed
1559 2794 1693 2866 quia
1708 2802 1754 2836 η

133 2884 288 2938 forte
319 2884 634 2956 Apostolus
688 2882 827 2936 dicit
859 2899 871 2936 :
901 2880 969 2936 Si
1012 2884 1252 2936 esurierit
1317 2885 1563 2938 inimicus
1613 2889 1751 2952 tuus,

137 2975 254 3029 οἰδα
286 2973 445 3026 illum
470 3000 487 3039 ,-
517 2974 565 3025 si
617 2972 752 3037 sitit,
804 2977 993 3040 potum
1053 2969 1122 3023 da
1168 2970 1249 3023 illi
1292 2970 1465 3042 (Rom.
1508 2986 1608 3036 xu,
1643 2971 1754 3039 20),

137 3063 447 3132 tamquam
471 3060 686 3133 pietate
709 3075 840 3112 usus
862 3057 1230 3130 prazdonibus
1249 3059 1439 3112 cibum
1471 3061 1528 3112 et
1555 3062 1757 3130 potum

138 3149 427 3220 indulget,
458 3152 718 3202 attamen
737 3147 809 3201 ab
834 3163 973 3201 auro
996 3151 1054 3200 et
1073 3151 1316 3217 argento
1332 3145 1757 3209 deterret.Quid

1865 653 2179 716 dicabatur.
2231 662 2450 717 Rumor
2469 666 2715 718 tatmem
2733 666 2804 720 ab
2835 683 2904 722 eo
2935 668 3099 724 factie
3120 653 3464 742 proditionis

1863 749 2136 820 frequens
2164 755 2309 805 erat.
2331 753 2526 822 Itaque
2551 758 2882 810 nostrorum
2913 759 3462 829 conprovincialium

1863 837 2162 891 communi
2199 839 2459 893 consultu
2499 841 2803 896 statuimus
2841 845 3154 901 anathema
3202 847 3262 903 in
3311 865 3463 918 reos,

1862 925 2017 995 quod
2051 926 2238 979 nullus
2252 925 2443 997 aliquo
2472 928 2645 983 modo
2676 945 2734 983 se
2761 932 3052 988 occultans
3069 934 3465 1009 subterfugere

1863 1015 2071 1082 posset.
2126 1014 2254 1082 Ejus
2295 1016 2668 1085 exemplar”,
2700 1017 2743 1070 si
2793 1020 2998 1089 placet,
3043 1024 3394 1092 proferatur.
3431 1045 3458 1074 »

1863 1099 2270 1170 Prolatumque
2303 1105 2388 1154 est
2415 1103 2469 1155 in
2502 1105 2653 1157 hunc
2686 1106 2924 1161 modum
2959 1125 2972 1162 :

1866 1210 1892 1236 α
1926 1205 2122 1242 ORATIO
2156 1207 2436 1246 INVECTIVA
2468 1209 2826 1249 EPISCOPORUM
2877 1213 3135 1254 REIENSIS
3178 1217 3465 1258 DIOCBBEOS

2177 1296 2290 1334 VICE
2317 1297 2534 1336 DECRETI
2575 1299 2768 1338 ΗΑΒΙΤΛ
2792 1302 3151 1342 SILVANECTIS.

1939 1389 1962 1415 α
1989 1366 2292 1439 Quousque
2319 1387 2377 1424 se
2407 1373 2682 1426 extendet
2704 1372 2983 1430 effrenata
3009 1377 3236 1433 licentia
3257 1384 3462 1448 vestra,

1867 1453 2097 1508 alterius
2127 1455 2433 1524 proditoris
2459 1459 2618 1514 Iudas
2646 1462 2959 1517 satellites?
2981 1464 3068 1518 Ad
3090 1482 3265 1537 quem
3286 1468 3462 1524 finem

1867 1542 2146 1597 scelerum
2165 1546 2567 1616 progredietur
2580 1548 2826 1620 incoepta
2838 1553 3069 1607 audatia
3083 1557 3251 1610 vestri
3265 1557 3422 1612 ducis
3437 1558 3466 1612 ?

1869 1628 2026 1684 ducis
2047 1631 2287 1686 dicimus
2303 1633 2441 1688 Adal
2449 1636 2570 1705 geri
2590 1637 2912 1707 presbiteri,
2929 1641 3026 1711 qui
3044 1658 3257 1699 nomen
3275 1661 3463 1700 sacer-

1870 1718 2075 1771 dotalis
2097 1719 2392 1790 dignitatis
2421 1737 2516 1776 suc
2551 1725 2787 1780 nomine
2828 1728 3050 1797 polluit.
3081 1729 3156 1782 Te
3178 1729 3353 1800 igitur
3373 1731 3464 1784 in-

1868 1806 2260 1875 terpellamus,
2285 1808 2509 1862 funeste
2531 1811 2814 1881 presbiter
2837 1832 2852 1881 ;
2885 1815 3020 1885 quid
3048 1815 3148 1869 tibi
3179 1816 3361 1871 visum
3380 1822 3466 1872 est

1791 1927 1843 1988 B
1865 1895 1994 1964 post
2019 1894 2115 1948 illa
2131 1898 2366 1950 cruenta
2386 1898 2778 1969 arma,quibus
2791 1905 2844 1954 te
2862 1901 3117 1956 Lauduni
3140 1905 3460 1971 exercuisti,

1867 1985 1930 2034 ut
1951 1980 2159 2035 iterum
2179 1982 2298 2035 vilis
2321 1987 2582 2052 apostata
2602 1985 2804 2040 factus.
2821 1989 3124 2044 Arnulfum
3146 1991 3460 2047 Remorum

1867 2069 2358 2140 archiepiscopum
2383 2072 2658 2139 traderes,
2675 2090 2808 2128 cum
2826 2079 2960 2128 ante
2983 2092 3115 2130 eum
3129 2079 3280 2132 velut
3308 2079 3461 2132 ﬁdis-

1867 2159 2044 2213 simus
2074 2165 2259 2214 custos
2280 2161 2535 2230 cubares,
2568 2163 2800 2217 conviva
2831 2165 3083 2219 assiduus
3132 2183 3301 2234 esses,
3331 2184 3464 2222 con-

1862 2247 1986 2301 silia
2025 2248 2377 2319 disponeres,
2409 2255 2770 2306 sacrosancta
2813 2252 3286 2310 administrares?
3313 2256 3458 2310 Num

1858 2337 2119 2408 rigorem
2138 2338 2546 2393 (ecclesiasticae
2567 2339 2901 2407 severitatis,
2928 2342 3013 2395 vel
3027 2342 3311 2412 judicium
3339 2360 3459 2399 om-

1859 2424 2171 2495 nipotentis
2219 2425 2320 2479 Dei
2359 2423 2613 2495 effugere
2659 2431 2713 2481 te
2761 2428 3018 2498 putasti?
3049 2430 3214 2484 Urbis
3265 2434 3461 2501 portas

1857 2512 2149 2583 aperuisti,
2181 2513 2373 2568 hostes
2404 2513 2790 2582 introduxisti,
2818 2516 3143 2572 venerabile
3174 2520 3458 2590 templum

1857 2600 2058 2654 matris
2087 2600 2189 2655 Dei
2229 2603 2400 2672 atque
2424 2601 2558 2674 ipsis
2586 2601 2844 2658 barbaris
2871 2605 3274 2673 reverendam,
3305 2607 3460 2662 velut

1856 2689 2108 2744 hostium
2141 2693 2327 2744 castra
2347 2689 2865 2763 oppugnasti.Num
2892 2693 3068 2749 etiam
3099 2709 3199 2750 vos
3231 2695 3456 2766 praedo-

1858 2793 1999 2832 num
2023 2777 2276 2832 maxima
2293 2778 2604 2850 portio,qui
2618 2779 2885 2835 ecclesiae
2899 2781 2952 2835 in
2961 2781 3229 2852 gentibus
3245 2782 3460 2838 benefi~

1858 2864 1957 2920 ciis
1978 2865 2149 2920 eratis
2163 2865 2520 2938 obligati,qui
2535 2867 2718 2922 dicitis
2734 2885 2747 2924 :
2763 2868 3458 2942 Hareditatepossideamus

1858 2955 2219 3008 sanctuarium
2249 2954 2376 3020 Dei,
2403 2954 2500 3025 qui
2525 2954 2691 3026 signa
2715 2957 3007 3027 militaria,
3037 2958 3260 3014 loricati
3287 2963 3345 3014 et
3359 2974 3458 3030 ga-

1858 3041 2015 3109 leati,
2062 3058 2193 3096 cum
2220 3043 2390 3098 scutis
2438 3045 2496 3098 et
2536 3043 2747 3100 lanceis
2777 3049 2910 3101 ante
2951 3063 3113 3102 aram
3143 3047 3328 3102 beata;
3357 3044 3460 3102 Dei

1860 3129 2474 3198 Genitricisintulistis;
2508 3132 2605 3204 qui
2626 3133 2858 3204 pollutis
2877 3135 3141 3190 manibus
3165 3137 3458 3206 pastorem

142 3237 250 3292 hoc
275 3212 352 3292 ad
373 3212 660 3310 pauperes
691 3235 939 3289 Christi?
971 3212 1189 3290 Certeii
1218 3251 1427 3290 aurum
1461 3238 1518 3288 et
1547 3250 1759 3306 argen-

1862 3233 1990 3272 cum
2021 3220 2172 3274 clero
2200 3221 2258 3272 et
2287 3221 2499 3291 pepulo
2533 3220 2684 3275 intra
2713 3225 2912 3276 sancta
2939 3225 3268 3278 sanctorum
3297 3237 3458 3277 com-

141 3327 266 3379 tum
297 3342 419 3380 n0n
478 3323 879 3397 perdiderunt,
927 3323 1061 3394 quia
1091 3340 1206 3377 non
1261 3324 1617 3391 habuerunt;
1658 3323 1758 3378 sed

142 3413 336 3468 cibum
357 3417 414 3467 et
431 3417 632 3484 potum
646 3427 842 3483 ,quem
858 3410 930 3464 ad
948 3427 1112 3464 usum
1127 3411 1254 3465 vitae
1268 3427 1384 3465 non
1403 3411 1526 3466 sine
1542 3427 1756 3483 magno

144 3501 340 3556 labore
368 3500 1012 3573 conquisiverunt.Ecce
1039 3499 1297 3565 audistis,
1331 3500 1559 3567 fratres,
1586 3517 1757 3571 argu-

147 3593 408 3644 mentum
438 3590 650 3661 perditi
672 3588 1274 3660 hominis,pauperum
1294 3589 1757 3660 necatoris,prae-

147 3677 362 3733 donum
404 3678 730 3735 nutritoris.
766 3677 1126 3731 lntellexistis
1155 3677 1290 3750 quia
1344 3677 1418 3731 ad
1443 3677 1551 3732 hoc
1578 3677 1756 3732 voluit

148 3767 288 3838 capi,
351 3771 414 3821 ut
447 3784 548 3822 sua
577 3766 850 3820 simulata
889 3765 1186 3837 captivitas
1244 3782 1441 3820 veram
1473 3765 1754 3820 nobilium

149 3855 964 3927 efﬁceretcaptivitatem.ldeo
977 3854 1282 3924 sacrilegos
1295 3855 1756 3910 acommunione

155 3961 264 3998 non
277 3945 594 4016 arcet,quia
606 3961 665 3997 se
683 3947 979 3998 auctorem
995 3942 1275 4013 sacrilegii
1292 3959 1414 3997 esse
1433 3943 1750 4014 cognoscit.

155 4031 260 4088 Nec
286 4035 423 4088 sica9
446 4038 644 4088 tamen
678 4033 888 4099 evadit,
923 4033 1060 4086 dum
1094 4033 1377 4099 auctores,
1403 4031 1753 4098 inventores,

156 4120 1216 4194 factores,cooperatores,fautoresque
1237 4120 1405 4174 simul
1425 4120 1752 4192 permiscet.

157 4209 269 4281 Ipse
300 4212 456 4266 enim
478 4213 700 4276 auctor,
732 4210 892 4280 cujus
914 4208 1148 4263 consilio
1163 4211 1220 4262 et
1245 4208 1488 4280 imperio
1505 4207 1754 4280 proditio

157 4297 299 4355 facta
316 4304 398 4355 est
422 4318 437 4368 ;
466 4300 585 4372 ipse
598 4299 787 4353 factor
807 4301 864 4351 et
879 4299 1311 4369 coeperator,ut
1323 4313 1427 4368 per
1443 4297 1755 4368 quemdam

158 4388 465 4461 sapientem
492 4388 738 4443 dicitur:
767 4386 1000 4441 Comites
1017 4387 1097 4439 illi
1112 4388 1210 4454 tui,
1243 4403 1432 4440 manus
1452 4393 1600 4439 erant
1631 4392 1754 4450 tuae,-

1859 3308 2263 3384 prehendistis,
2296 3309 2568 3364 custodia:
2587 3309 2975 3374 distribuistis,
3007 3311 3221 3367 carceri
3245 3311 3460 3366 manci-

1860 3399 2056 3470 pastis,
2088 3401 2146 3452 et
2176 3398 2359 3451 adhuc
2389 3396 2682 3464 retinetis;
2715 3415 2856 3453 num
2888 3398 3125 3471 inquam
3153 3416 3250 3455 vos
3269 3398 3462 3454 divina

1852 3487 1986 3558 jura
2007 3485 2290 3556 eﬂ‘ugietis
2307 3485 2334 3539 ?
2356 3485 2464 3539 Vos
2488 3501 2994 3558 quoque,quorum
3011 3487 3143 3543 dolo
3162 3491 3220 3542 et
3234 3487 3458 3554 fraude,

1859 3574 2094 3630 consilio
2123 3577 2180 3628 et
2207 3573 2436 3639 auxilio,
2468 3576 2695 3628 tantum
2720 3573 2902 3628 scelus
2931 3574 3162 3629 factum
3192 3577 3296 3640 est,
3328 3590 3460 3629 cum

1856 3662 1946 3718 his
1971 3671 2016 3704 σί
2047 3661 2142 3734 qui
2176 3660 2464 3732 principes
2507 3660 2654 3715 tanti
2693 3660 2962 3715 facinoris
2998 3661 3236 3716 fuerunt
3255 3676 3458 3716 conso-

1856 3751 2045 3806 ciandi
2071 3750 2224 3817 estis,
2258 3753 2321 3804 ut
2347 3764 2579 3822 pinnam
2629 3748 2848 3820 peccati
2890 3749 3062 3803 simul
3116 3748 3332 3816 feratis,
3361 3749 3461 3822 qui

1856 3839 1914 3894 in
1927 3846 1975 3881 σε
1985 3855 2155 3894 causa
2167 3837 2384 3909 peccati
2399 3837 2567 3892 simul
2581 3852 2644 3892 co
2652 3837 3240 3910 nspirastis,honaque
3253 3837 3461 3893 civium

1858 3927 2231 3981 Remensium
2272 3924 2574 3997 praedones
2614 3924 2939 3996 impiissimi
2970 3926 3125 3980 velut
3162 3926 3266 3981 sub
3294 3925 3459 3980 hasta

1858 4015 2214 4071 distraxistis.
2253 4015 2365 4068 Nec
2395 4012 2571 4068 etiam
2618 4029 2716 4068 vos
2751 4013 2947 4068 abesse
2983 4013 3220 4081 debetis,
3261 4014 3358 4085 qui
3398 4012 3455 4067 in

1856 4105 2282 4160 Adalberonem
2300 4102 2740 4157 Laudunensem
2763 4101 3097 4174 episcopum
3124 4118 3242 4157 non
3265 4101 3458 4157 minus

1857 4193 2002 4249 levia
2019 4191 2350 4264 perfecistis;
2367 4193 2424 4247 et
2445 4193 2508 4245 ut
2522 4191 2903 4263 pullulantem
2919 4199 2966 4233 ﬂ
2977 4190 3227 4247 heresim
3250 4189 3460 4247 rescin-

1860 4283 2083 4349 damus,
2125 4297 2251 4352 quae
2277 4280 2499 4335 dictitat
2524 4279 2723 4334 omnia
2751 4280 2921 4335 licere
2949 4281 3156 4336 Karolo
3190 4281 3366 4336 etiam
3397 4280 3457 4334 in

1857 4371 2030 4425 sacris
2081 4369 2238 4436 locis,
2292 4369 2638 4423 Remensem
2690 4368 2859 4422 simul
2907 4385 2972 4423 ac
3015 4369 3458 4425 Laudunensem

153 4456 260 4548 ipse
291 4478 500 4545 fautor,
535 4476 632 4547 qui
654 4491 834 4546 usque
862 4475 920 4528 in
953 4491 1205 4546 praesens
1235 4474 1476 4528 tacendo
1512 4490 1755 4528 consen-
1777 4462 1831 4520 D
1857 4457 2196 4524 ωεοιθδίῧῐην
2241 4461 2547 4548 “uallique
2578 4457 2874 4528 sacrilegio
2902 4458 3169 4548 gusmvis
3200 4456 3460 4548 dissimili

148 4564 232 4630 sit,
260 4568 337 4633 et,
359 4569 423 4620 ut
450 4565 611 4619 fama
633 4562 977 4633 est,magnis
993 4562 1227 4633 insuper
1240 4561 1532 4616 beneflciis
1555 4577 1751 4615 cumu-

147 4652 295 4708 lavit.
322 4653 527 4707 Tendit
557 4649 810 4706 materia
838 4650 959 4704 haec
984 4649 1041 4703 in
1074 4649 1455 4718 immensum;
1490 4649 1588 4703 sed
1619 4665 1756 4704 con-

149 4742 307 4796 trabo
332 4757 666 4797 sermonem
714 4755 827 4810 qua
857 4755 1088 4810 possum
1121 4738 1393 4804 breviate,
1443 4753 1514 4792 ne
1561 4737 1756 4792 videar

152 4830 306 4900 quasi
334 4829 668 4884 criminales
697 4827 934 4881 dictare.
965 4848 991 4875 ››

217 4920 301 4973 14.
325 4918 506 4972 Guido
521 4917 824 4989 episcopus
857 4933 869 4970 :
909 4934 933 4968 ‹
955 4915 1008 4970 Si
1029 4915 1085 4969 in
1110 4913 1356 4986 propriis
1376 4914 1756 4986 conscriptio-

148 5007 329 5074 nibus,
362 5007 457 5062 ubi
485 5022 694 5063 cavere
721 5004 1024 5076 sibipotuit
1044 5004 1338 5069 Arnulfus,
1370 5004 1448 5058 ita
1479 5005 1626 5058 lesus
1644 5007 1752 5067 est,

150 5097 438 5168 quomodo
481 5097 540 5150 in
596 5093 862 5167 proxima
906 5092 1109 5147 sinodo
1169 5092 1500 5147 Silvanectis
1560 5092 1758 5147 habita

151 5184 497 5257 dampnatus
510 5201 630 5239 non
645 5183 772 5237 est?
788 5182 1253 5238 Conveneramus
1268 5182 1480 5254 quippe
1497 5182 1555 5235 in
1574 5199 1754 5236 unum

150 5289 250 5328 nos
273 5291 476 5330 omnes
505 5271 606 5345 qui
638 5271 730 5325 hic
760 5271 1029 5325 adsumus
1059 5273 1375 5326 Remorum
1407 5271 1757 5338 diocesanei,

147 5367 523 5435 conquestum
543 5363 808 5416 sanctam
826 5360 1170 5414 Remensem
1192 5360 1770 5425 zecclesiam,nostra_

143 5470 273 5511 rum
285 5452 552 5508 omnium
573 5448 1759 5522 matrem,desolatumiri.Metropolitanus

1857 4548 2156 4620 pollutam,
2185 4563 2218 4600 a
2260 4545 2431 4599 sacris
2459 4561 2826 4600 removemus
2857 4545 3079 4618 ofﬁciis,
3110 4545 3292 4601 donec
3322 4544 3460 4616 legi-

1855 4635 1998 4689 time
2028 4633 2430 4688 reconcilietur
2460 4637 2721 4706 utraque.
2755 4635 2824 4689 Et
2854 4650 2926 4689 ne
2955 4634 3082 4708 quis
3114 4650 3218 4690 nos
3247 4634 3459 4689 talibus

1856 4725 2129 4780 monstris
2142 4723 2447 4778 hominum
2465 4721 2889 4790 favere,talibus
2902 4725 3148 4798 negotiis
3163 4738 3459 4782 assensum

1854 4815 2198 4887 prasbituros
2214 4816 2394 4885 putet,
2415 4811 2514 4866 sed
2531 4829 2635 4884 pro
2653 4813 2768 4868 ﬁde
2791 4831 2904 4886 qua
2923 4814 3163 4869 vivimus
3187 4811 3459 4868 omnibus

1859 4903 2142 4975 expositos
2166 4901 2450 4974 periculis,
2483 4901 2829 4956 sententiam
2864 4903 3124 4956 nostram
3155 4899 3236 4953 ita
3255 4896 3461 4951 confir-

1859 5010 2106 5058 mamus,
2156 4991 2494 5057 stabilimus,
2560 4990 3004 5044 corroboramus
3038 5005 3051 5042 :
3083 4983 3460 5040 ΛΝΑΤΗΕΜΑ

1858 5084 1927 5137 ΙΝ
1969 5081 2165 5137 REOS.
2196 5080 2550 5135 Auctoritate
2583 5076 2997 5148 omnipotentis
3037 5074 3137 5130 Dei
3187 5071 3372 5128 Patris
3401 5075 3461 5128 et

1860 5172 1982 5228 Filii
2009 5175 2066 5226 et
2096 5170 2338 5243 Spiritus
2377 5168 2579 5231 sancti,
2617 5163 3036 5221 interveniente
3068 5165 3128 5216 et
3147 5162 3461 5233 adjuvante

1861 5265 2033 5319 beata
2060 5260 2233 5317 Maria
2258 5274 2489 5330 semper
2518 5255 2738 5325 virgine
2764 5268 2895 5305 cum
2923 5250 3190 5306 omnibus
3230 5251 3464 5322 sanctis,

1869 5347 2218 5409 auctoritate
2239 5363 2466 5418 quoque
2516 5359 2581 5398 ac
2631 5343 2914 5412 potestate
2945 5341 3214 5412 apostolis
3253 5339 3468 5397 tradita

1873 5443 2152 5514 nobisque
2181 5438 2398 5504 relicta,
2418 5430 3002 5501 excommunicamus,
3027 5431 3473 5488 anathematiza-

2191 5518 2213 5544 ο

1468 5571 1697 5626 VARUS
1746 5566 2036 5625 LECTION
2043 5563 2148 5618 ES.

215 5684 263 5721 ⁸⁵
291 5677 428 5735 Haec
455 5675 645 5730 desunt
683 5674 731 5738 1,
809 5678 882 5713 55'
912 5689 983 5726 ne
1018 5673 1066 5726 1.
1144 5678 1189 5712 ⁵ο
1219 5669 1514 5742 quodnam
1540 5673 1593 5724 2.
1672 5669 1744 5709 ω’
1785 5681 1949 5742 supp.
1987 5669 2084 5742 2-”
2118 5666 2162 5701 ⁵⁷
2185 5658 2334 5742 Ωίοεει
2358 5655 2534 5742 ﬁdae“
2562 5652 2869 5742 Βυξνθίξίῼθ
2901 5655 3041 5742 if."
3070 5655 3314 5742 ’3‘?ij
3351 5653 3460 5724 ίὶθδο

145 5750 395 5808 vocabulo
419 5763 573 5805 eraso
603 5744 758 5800 carie
782 5747 835 5800 2.
911 5752 955 5784 ⁵⁸
984 5743 1028 5797 f.
1050 5759 1108 5814 q.
1138 5745 1192 5797 2.
1237 5740 1316 5782 "59
1341 5740 1481 5796 deest
1508 5744 1558 5799 1.

662 5847 897 5900 Panos.
933 5844 1188 5902 CXXXIX.

1636 5748 1682 5782 60
1715 5753 1816 5792 exe
1849 5741 1899 5792 1.

1975 5743 2018 5776 οι
2050 5731 2118 5786 iis
2145 5725 2284 5786 corr.
2311 5727 2400 5784 his
2431 5731 2484 5783 2.
2559 5735 2606 5770 62
2635 5725 2772 5784 deest
2802 5730 2855 5784 1.
2933 5735 2978 5770 ⁸³
3000 5727 3179 5800 polul.
3207 5729 3265 5783 2.

3060 5826 3126 5882 10
