3918 6230
469 448 578 511 299
1779 427 2144 491 SILVESTER

2252 426 2456 487 PAPA.
3659 421 3662 423 Α
3675 417 3780 474 300

473 586 624 640 mus,
671 568 1084 641 dampnamus,
1107 562 1167 620 et
1202 578 1237 617 a
1263 557 1574 626 liminibus,
1627 557 1839 611 sancta:
1869 551 2076 608 matris
2093 557 2148 616 Α
2177 551 2550 604 commiserunt
2579 544 2841 600 claustris.
2868 541 2931 600 Si
2959 543 3077 641 puis
3119 545 3300 598 autem
3349 539 3445 594 hoc
3503 537 3774 640 decretum

450 686 452 688 ·
477 629 747 716 mcclesiaa
773 629 1130 728 separemus,
1153 649 1503 721 Adelgerum
1523 644 1936 718 presbiterum,
1961 640 2078 695 dia-
2177 640 2382 695 violare
2403 637 2754 708 temptaverit,
2787 639 2838 690 et
2864 633 3224 690 ecclesiastica
3240 629 3792 686 excommunicationi

455 748 595 806 -boli
626 719 978 812 membrum,
1010 738 1258 815 episcopi
1291 719 1426 792 cleri
1453 739 1509 790 et
1538 734 1710 789 totius
1736 730 1932 803 populi
1977 731 2079 783 Re-
2177 727 2468 797 subjaceat,
2529 732 2579 780 et
2655 724 2953 780 severitatis
3023 724 3178 793 regias
3228 721 3452 791 ferietur
3503 719 3787 774 sententia.

477 835 692 894 mensis
710 808 1072 901 traditorem;
1094 808 1441 900 eos—quoque
1455 823 1552 896 qui
1570 823 1738 892 hujus
1751 816 2077 874 traditionis
2179 817 2319 870 Ecce
2350 817 2441 870 hic
2468 816 2637 885 plane
2674 815 2900 879 dicitur,
2932 811 3088 883 quod
3115 810 3186 864 ab
3246 808 3526 880 episcopis
3557 821 3790 861 excom-

482 925 797 981 extiterunt
824 896 1171 985 inventores,
1206 896 1487 979 auctores,
1519 911 1786 975 factores,
1811 921 2080 978 coopera—
2184 903 2521 959 municandi
2555 904 2667 957 sint
2698 903 2756 956 lii
2809 900 3089 971 sacrilegi,
3123 901 3180 952 et
3206 914 3239 951 a
3279 913 3416 966 rege
3450 896 3630 965 digna
3688 910 3789 965 pro

481 1013 948 1083 tores,fautores,
971 982 1296 1078 civiumque
1327 1001 1774 1074 depopulatores
1797 1001 1854 1051 et
1882 1012 1914 1049 a
1944 1010 2078 1066 pro-
2183 992 2402 1046 meritis
2428 1008 2600 1062 poena
2641 985 3156 1043 animadvertendi.
3200 982 3312 1037 Sed
3345 982 3792 1083 quisepiscopus

485 1104 625 1175 priis
643 1070 896 1157 dominis
924 1070 1118 1154 rerum
1146 1070 1377 1149 su-arum
1394 1070 1500 1145 sub
1517 1088 1752 1142 nomine
1776 1081 2083 1154 emptionis
2188 1081 2477 1134 absolvere
2515 1082 2722 1149 potest,
2749 1075 3248 1147 nisipcenitentem
3275 1079 3321 1113 7°
3350 1074 3408 1124 et
3439 1070 3617 1140 digna
3641 1070 3794 1123 satis-

488 1158 1026 1246 abalienatoresl‘lis
1037 1181 1406 1254 adiungimus
1417 1175 1806 1234 Lauduucnsis
1819 1168 2084 1242 episcopii
2190 1170 2437 1223 factione
2451 1168 2678 1220 veniam
2697 1166 3083 1236 postulantem
3097 1162 3124 1215 ‘l
3148 1162 3219 1213 At
3247 1159 3305 1212 hi
3328 1159 3561 1230 quando
3582 1158 3797 1212 satisfe-

487 1248 1384 1352 pervasores,acipsius'episcopi
1421 1265 1787 1338 gravissimos
1819 1263 2086 1315 tortores.
2193 1261 2361 1312 erunt
2405 1259 2468 1309 ut
2512 1255 2722 1308 absolvi
2758 1255 3008 1325 possent,
3228 1248 3559 1352 “hominem.
3598 1263 3799 1352 revera

493 1335 618 1422 IFiat
636 1366 748 1423 illis
764 1335 1214 1434 sicutscriptura
1228 1335 1528 1421 dicit:bui
1541 1353 1792 1406 diaerunt
1821 1366 1837 1401 :
1863 1345 2091 1402 Heredi-
2196 1349 2428 1416 captum
2461 1343 2617 1396 abire
2643 1342 2892 1396 liberum
2923 1336 3204 1434 siverint?
3228 1335 3340 1389 Sed
3371 1335 3800 1433 esto.,Arnulfus

477 1455 986 1528 'tate'possideamus
1015 1423 1398 1506 sanctuarium
1427 1443 1548 1510 Dei,
1578 1439 1724 1494 Deus
1761 1454 1925 1503 meus,
1962 1450 2098 1506 pone
2199 1450 2296 1488 eos
2323 1431 2683 1496 absolverit.;
2716 1446 2816 1483 cur
2847 1444 2982 1498 ergo
3014 1426 3252 1483 clericus
3266 1429 3386 1499 ejus
3402 1425 3615 1480 Rainer
3650 1431 3698 1465 ἰι
3727 1423 3800 1478 vi-

497 1513 938 1609 illosfut'rotam,
968 1547 1019 1595 et
1059 1539 1194 1592 sicut
1231 1532 1483 1605 stipulam
1523 1537 1648 1585 ante
1683 1529 1882 1598 faciem
1933 1525 2094 1578 venti.
2201 1518 2929 1577 cedominiﬁliusretentus
2954 1517 3077 1572 est?
3104 1517 3161 1572 Si
3186 1535 3291 1590 per
3315 1517 3432 1571 vim
3449 1516 3672 1570 factum
3693 1513 3803 1576 est,

495 1632 657 1689 .Sicut
680 1633 822 1702 ignis
845 1603 938 1704 qui
959 1625 1220 1684 comburit
1246 1603 1459 1689 sileam,
1481 1623 1532 1674 et
1549 1619 1687 1676 sicut
1713 1618 1940 1685 ﬂamma
1955 1628 2098 1667 com-
2203 1613 2262 1664 et
2279 1608 2519 1664 Arnulfo
2533 1607 2734 1672 invito,
2748 1606 2808 1660 in
2821 1607 3064 1660 crimine
3077 1605 3358 1677 sacrilegii
3374 1603 3806 1675 permanentes,

507 1694 947 1781 burens'vmontes,
978 1718 1057 1770 ita
1069 1713 1398 1785 persequeris
1414 1723 1497 1765 eos
1536 1707 1595 1761 in
1642 1708 1942 1776 tempestate
1986 1708 2101 1766 tua,
2208 1698 2384 1753 etiam
2436 1697 2510 1751 ab
2538 1696 2749 1750 idoneo
2781 1695 3049 1765 episcopo
3081 1694 3294 1749 absolvi
3321 1710 3441 1748 non
3471 1694 3807 1763 potuerunt.

425 1833 428 1836 ’
507 1818 562 1865 et
583 1813 643 1866 in
665 1811 747 1864 ira
775 1815 868 1862 tua
898 1777 1130 1859 turbatus
1171 1777 1275 1856 eos.
1305 1796 1474 1869 Imple
1523 1795 1690 1865 facies
1730 1807 1910 1845 eorum
1958 1789 2107 1859 igno-
2128 1861 2173 1869 _
2208 1785 2266 1841 Si
2291 1790 2489 1841 autem
2511 1799 2580 1840 eo
2596 1781 3440 1853 consentiente,obligatiouem
3463 1795 3570 1850 pro
3591 1777 3813 1833 absolu-

722 1861 786 1953 et
801 1901 1036 1969 quaerent
1067 1907 1258 1947 nomen
1297 1861 1469 1955 tuum,
1493 1861 1745 1940 Domine.
1773 1881 2106 1936 Erubescant
2128 1861 2178 1920 Β
2207 1875 2367 1931 tione
2398 1871 2756 1969 ab-obligato
2783 1874 3152 1969 acceperunt.
3181 1872 3327 1924 ltem
3353 1873 3474 1924 esto
3499 1885 3522 1969 ς.
3545 1865 3815 1965 Arnulfus

513 1956 963 2046 et'conturbintur
1007 1985 1062 2035 in
1100 1977 1350 2035 saeculum
1376 1973 1573 2039 saeculi,
1618 1980 1671 2027 et
1701 1969 2110 2040 confundantur
2212 1980 2310 2019 eos
2339 1962 2661 2018 absolverit.
2687 1959 3061 2024 Quomodoid
3076 1959 3198 2014 sine
3213 1974 3450 2014 suorum
3475 1956 3814 2011 clericorum

512 2085 564 2133 et
583 2081 823 2149 pereant.
844 2069 922 2127 Et
941 2071 1254 2142 cognoscant
1282 2067 1407 2137 quia
1445 2077 1636 2118 nomen
1686 2059 1786 2113 tibi
1827 2057 2110 2149 Dominus,
2214 2049 2780 2149 prmseutia‘potuitl?
2808 2051 2882 2149 At
2930 2064 3042 2149 eos"
3067 2064 3186 2103 non
3217 2046 3545 2149 interfuisse
3557 2047 3818 2149 constan-

518 2130 746 2221 tu‘solus
765 2130 1064 2216 altissimus
1084 2159 1141 2211 in
1160 2130 1308 2210 omni
1327 2161 1471 2206 terra
1490 2148 1882 2222 (Psal.Lxxxn,
1907 2144 2111 2213 l3-l9).
2219 2141 2357 2195 dum
2390 2136 3252 2194 absolverentur.lnterfuerunt
3279 2139 3474 2189 autem
3514 2133 3656 2187 dum
3689 2130 3821 2222 obli-

599 2251 732 2325 quia
748 2249 1029 2322 pupillum
1049 2243 1349 2300 etviduam
1366 2254 1485 2295 non
1499 2219 1757 2292 miserati
1774 2236 2119 2325 summeque
2220 2230 2514 2325 gerentur.
2538 2226 2705 2322 Irrita
2725 2223 3205 2325 igitur‘babeuda'
3223 2226 3328 2325 est,
3343 2238 3471 2325 quae
3491 2219 3824 2325 sollemnpnis

522 2308 854 2412 templailei
871 2333 1124 2400 reveriti,
1149 2321 1991 2398 dominiumqueeecclesiarum
2017 2318 2123 2373 sibi
2225 2315 2422 2369 debuit
2450 2330 2593 2376 esse,
2644 2312 2689 2368 si
2722 2313 2780 2366 in
2819 2310 3027 2366 abditis
3051 2309 3332 2365 absolutio
3363 2310 3514 2364 facta
3545 2312 3650 2363 est.
3680 2308 3822 2363 Scri-

525 2397 968 2499 u‘surpaverunt,
983 2397 1126 2475 fiant
1140 2417 1241 2474 ﬁlii
1263 2429 1462 2471 eorum
1486 2397 1730 2484 orphani
1750 2413 1810 2463 et
1839 2424 2039 2463 uxores
2051 2406 2128 2460 vi-
2227 2402 2626 2499 ptumquippe
2649 2399 2811 2499 estin
2827 2398 3067 2453 conellio
3089 2397 3450 2499 Cartbaginis
3471 2397 3720 2470 capitulo
3741 2400 3823 2458 23,

531 2495 685 2582 dum;
699 2514 983 2568 scrutetur
1000 2507 1315 2563 faenerator
1331 2515 1569 2557 omnem
1585 2495 1964 2554 substantiam
1976 2495 2129 2566 ipso-

513 2614 692 2669 Irum,
725 2604 783 2654 et
813 2596 1088 2670 diripimt
1117 2592 1288 2647 alieni
1325 2590 1552 2644 labores
1583 2587 1834 2640 illorum.
1857 2585 2132 2670 Nutantes

533 2669 958 2744 transferantur
973 2682 1072 2737 filii
1089 2680 1377 2744 eorum,et
1393 2671 2050 2744 meudicent,ejiciantur
2061 2669 2132 2725 de

511 2773 986 2834 habitationibus
1003 2778 1050 2812 οι
1080 2767 1213 2823 suis.
1244 2765 1411 2820 Fiant
1454 2763 1574 2816 dies
1617 2776 1819 2815 eorum
1863 2759 2049 2831 pauci,
2076 2762 2135 2812 et

532 2865 929 2938 "principatum
959 2853 1436 2924 eorum'accipiat
1465 2851 1624 2905 alius.
1650 2847 1726 2902 Ἐἰ
1754 2848 1965 2919 duplici
1995 2863 2131 2938 con-

539 2933 784 3009 tricione
804 2952 1038 3005 contere
1057 2961 1175 3012 eos,
1197 2942 1442 2999 Domine
1466 2940 1615 2996 Deus
1637 2941 1849 3005 noster,
1879 2935 1983 2990 nisi
2001 2933 2136 2989 resi-

542 3041 768 3113 piscant
789 3041 848 3094 et
871 3035 1138 3092 mcclesice
1167 3029 1458 3088 catholicas
1486 3028 1776 3083 fructuosa
1799 3022 2137 3096 poenitentia

549 3126 919 3184 satisfaciant.
947 3125 1152 3178 Amen.
1183 3118 1327 3174 Fiat.
1357 3117 1498 3172 Fiat.
1534 3136 1563 3164 ››

619 3220 706 3272 15.
739 3213 1009 3286 Signinus
1037 3207 1495 3278 archiepiscopus
1516 3221 1575 3256 :«
1595 3200 1866 3257 Pervenit
1879 3200 1989 3255 hoc
2008 3197 2140 3253 scri-

544 3308 710 3380 ptum
736 3302 810 3359 ad
829 3300 1090 3358 notitiam
1112 3294 1331 3352 Arnulfi
1350 3294 1376 3348 ?
1402 3316 1428 3342 »
1458 3323 1530 3334 —
1557 3292 1786 3346 Dictum
1819 3293 1906 3380 est
1942 3304 2138 3361 perve-

544 3379 810 3449 uisse—6
823 3389 956 3460 Subj
965 3387 1127 3443 unxit
1141 3403 1158 3438 :
1181 3406 1210 3436 ‹‹
1232 3381 1542 3454 Suspendit
1565 3396 1625 3434 se
1636 3382 1766 3451 post
1790 3379 1861 3432 ab
1874 3385 1922 3420 ⁸⁸
1939 3391 2141 3432 eorum

546 3477 958 3537 communione
977 3489 1121 3548 quos
1139 3471 1451 3544 justissime
1481 3468 1786 3523 damnatos
1805 3464 2055 3535 accepit?
2073 3493 2144 3505 —

544 3572 752 3636 Immo,
781 3563 1074 3636 inquiunt,
1105 3577 1204 3616 eos
1233 3557 1393 3616 omni
1440 3555 1701 3610 ﬁdelium
1729 3550 2142 3609 communione

539 3655 756 3729 dignos
774 3652 999 3709 habuit.
1027 3681 1101 3694 —
1126 3649 1270 3720 Ego,
1300 3643 1508 3717 inquit,
1539 3659 1657 3698 non
1696 3640 1834 3695 satis
1870 3638 2144 3694 admirari

548 3726 696 3818 queo
728 3757 900 3815 super
922 3739 1046 3810 ejus
1073 3743 1122 3781 ⁸ο
1150 3734 1404 3791 audatia.
1436 3730 1708 3818 Primum
1749 3728 1871 3798 ipse
1916 3726 2144 3818 praedo-

547 3813 652 3888 nes
678 3813 814 3887 suos
839 3847 874 3884 a
904 3823 1320 3883 communione
1365 3817 1615 3874 removit
1660 3815 1856 3888 eisque
1904 3813 2146 3869 modum

514 3913 980 3992 rdampnationis
1009 3906 1374 3983 prescripsit,
1405 3908 1470 3959 ut
1493 3903 1693 3992 omnia
1721 3902 1932 3992 injuste
1957 3901 2149 3956 ablata

517 4023 520 4025 ‘
547 3989 920 4063 restituerent
931 4009 1314 4068 I7,coramque
1329 3991 1598 4048 Remensi
1616 3989 1868 4046 mcclesia
1885 3989 2148 4046 humilia-

521 4110 526 4116 '
550 4089 902 4162 renturgqui
927 4088 1187 4143 sanctam
1216 4084 1563 4137 Remeusem
1584 4078 1898 4135 mcclesiam
1918 4077 2149 4133 reveriti

552 4196 674 4237 non
699 4178 923 4246 essant;
951 4177 1010 4230 et
1027 4173 1172 4227 sicut
1195 4170 1367 4244 paulo
1384 4170 1520 4224 ante
1541 4185 1575 4222 a
1604 4166 1951 4239 quibusdam
1963 4167 2150 4222 fratri-

553 4269 662 4324 bus
685 4264 828 4321 mihi
853 4263 1099 4318 relatum
1131 4263 1234 4327 est,
1267 4255 1552 4312 restitutio
1584 4255 1926 4310 amissarum
1953 4270 2150 4310 rerum

555 4358 664 4410 aut
681 4354 774 4408 vix
800 4352 916 4407 ulla
941 4351 1092 4405 facta
1121 4352 1205 4404 est
1238 4351 1338 4402 aut
1363 4346 1558 4413 nulla;
1589 4343 1928 4416 poenitentia
1957 4345 2150 4398 autem

2233 2493 2294 2544 ut
2315 2489 2610 2561 episcopus
2633 2487 2843 2543 nullius
2869 2503 3099 2541 causam
3122 2486 3319 2540 audiat
3337 2487 3555 2557 absque
3583 2502 3829 2558 praesen-

2233 2578 2312 2632 tia
2327 2576 2667 2632 clericorum
2683 2575 3200 2646 suorum,alioquiu
3224 2575 3389 2630 irrita
3417 2575 3528 2630 erit
3543 2574 3826 2629 sententia

2235 2666 2506 2739 episcopi,
2525 2666 2630 2720 nisi
2657 2664 2996 2718 clericorum
3018 2663 3326 2733 praesentia
3351 2663 3752 2717 confirmetur.
3773 2662 3828 2714 Et

2235 2755 2369 2826 quia
2389 2754 2666 2826 scriptum
2700 2757 2824 2808 est:
2856 2752 3068 2823 Impius
3106 2769 3226 2807 cum
3259 2754 3313 2805 in
3341 2751 3684 2823 profundum
3723 2766 3831 2820 pec-

2235 2852 2476 2898 catorum
2515 2844 2735 2908 venerit,
2768 2842 3097 2912 contempnit
3133 2839 3326 2909 (Prov.
3359 2856 3514 2907 xvm,
3550 2841 3628 2910 3),
3675 2843 3828 2893 tanto

2237 2947 2366 2985 rum
2393 2931 2672 2986 scelerum
2704 2930 2826 3001 ipse
2855 2928 2962 2983 sibi
2991 2928 3271 2997 conscius,
3319 2932 3684 2983 sacrosancta
3724 2932 3829 2982 tra-

2238 3021 2393 3074 ctare
2433 3034 2551 3073 non
2589 3016 2836 3083 erubuit,
2889 3015 2950 3070 in
2987 3016 3244 3071 cecclesia
3297 3033 3473 3087 quam
3523 3015 3735 3069 fratres
3783 3021 3830 3069 ct

2161 3143 2208 3201 Ο
2239 3106 2560 3178 coepiscopi
2592 3105 2771 3160 nostri
2802 3104 3114 3159 Remorum
3145 3104 3432 3158 dioceseos
3470 3109 3668 3158 nostro
3711 3121 3832 3158 con-

2238 3195 2388 3249 sultu
2400 3211 2434 3249 a
2445 3192 2855 3248 communione
2869 3193 3289 3264 suspenderunt
3302 3192 3636 3262 justissimis
3658 3193 3728 3246 de
3739 3210 3828 3246 cau

2242 3283 2334 3336 sis.
2369 3280 2752 3352 Quapropter,
2787 3281 2829 3334 si
2856 3281 3063 3351 placet,
3097 3280 3652 3351 capitulacanouum
3674 3296 3830 3350 super

2241 3371 2330 3425 his
2355 3369 2781 3440 perquirantur,
2815 3372 2878 3421 ut
2907 3385 3082 3423 nemo
3120 3371 3404 3435 causetur,
3436 3369 3591 3423 hunc
3623 3372 3828 3432 nostro,

2244 3460 2344 3514 sed
2376 3462 2706 3514 sanctorum
2739 3459 2973 3512 Patrum
3005 3458 3389 3529 dampnatum
3419 3474 3542 3512 esse
3552 3455 3828 3527 judicio.»

2246 3547 2508 3618 Synodus
2537 3545 2678 3599 dixit
2713 3562 2726 3599 :
2759 3563 2792 3596 ‹‹
2823 3546 3032 3611 Placet,
3065 3544 3494 3616 perquirantur.
3535 3565 3563 3593 »
3605 3544 3831 3605 Perlatae

2244 3639 2378 3690 sunt
2407 3634 2598 3705 itaque
2628 3633 2686 3686 in
2708 3632 2967 3686 medium
2995 3633 3084 3686 11158
3114 3631 3449 3686 sententias:

2321 3726 2405 3778 16.
2458 3722 2542 3776 De
2595 3722 2895 3792 dampnatis
2953 3727 3002 3774 et
3031 3723 3335 3792 ministrare
3382 3721 3755 3792 temptantibus
3781 3736 3836 3773 ex

2247 3794 2465 3850 concilio
2489 3791 2786 3848 Antioceno
2837 3793 3134 3864 capitulo?)
3156 3794 3212 3846 4.
3255 3791 3313 3845 Si
3369 3791 3495 3864 quis
3552 3793 3836 3864 episcopus

2248 3866 2597 3935 dampnatus
2623 3881 2656 3918 a
2685 3861 2909 3935 synodo
2932 3861 3212 3935 presbiter
3234 3865 3334 3935 aut
3361 3861 3638 3935 diaconus
3685 3879 3718 3916 a
3745 3861 3834 3915 Suo

2249 3932 2539 4008 episeopo,
2582 3932 2937 4008 ausifuerint
2966 3932 3287 4008 aliquidde
3318 3932 3643 4008 ministerio
3688 3947 3833 3986 sacro

2249 4003 2608 4084 contingere,
2643 4005 2756 4084 sive
2785 4003 3253 4084 episcopusjuitta
3265 4004 3693 4084 praecedentem
3718 4019 3838 4084 con-

2249 4073 2634 4141 suetudinem,
2657 4075 2772 4129 sive
2785 4073 3178 4146 presbiteraut
3195 4075 3655 4146 diaconus,nullo
3675 4073 3835 4127 modo

2249 4147 2416 4202 liceat
2445 4145 2496 4200 ei
2527 4163 2630 4199 nec
2667 4146 2725 4199 in
2757 4144 2867 4199 alia
2909 4144 3126 4216 synodo
3157 4145 3536 4199 restitutionis
3562 4162 3722 4216 spem
3752 4146 3838 4197 aut

2251 4219 2441 4272 locum
2470 4217 2684 4270 habere
2711 4215 3133 4283 satisfactionis,
3152 4215 3251 4269 sed
3277 4219 3334 4269 et
3352 4215 3838 4269 communicantes

2251 4289 2303 4342 ei
2334 4303 2538 4342 omnes
2565 4287 2733 4356 abjici
2759 4287 2830 4341 de
2854 4286 3128 4352 (ecclesia,
3167 4290 3224 4340 et
3256 4287 3507 4340 maxime
3539 4287 3606 4353 si,
3632 4289 3842 4357 postea~

2294 4375 2428 4413 nam
2478 4357 2785 4412 didicerint
2833 4357 3133 4428 adversum
3186 4359 3536 4411 memeratos
3566 4359 3839 4428 prolatam

543 4462 594 4500 'a
619 4443 775 4498 nullo
797 4439 1022 4512 publice
1042 4439 1322 4509 suscepta,
1347 4436 1421 4490 ob
1445 4433 1674 4488 facinus
1693 4432 1921 4504 publice
1943 4431 2153 4487 admis—
2178 4433 2232 4494 D
2252 4427 2423 4512 fuisse
2437 4429 2822 4512 ,senteutiam,
2855 4427 3073 4480 eisdem
3097 4427 3842 4512 communicaretemptave-

556 4547 706 4587 sum.
740 4529 966 4586 Occulta
994 4530 1190 4581 autem
1215 4524 1312 4596 qui
1338 4522 1548 4596 potuit,
1580 4537 1714 4576 cum
1746 4520 2023 4591 scriptum
2047 4520 2150 4575 sit:

525 4639 527 4642 ·
559 4619 672 4688 Qui
701 4617 916 4692 publice
942 4621 1132 4688 peccat
1172 4613 1384 4685 publice
1421 4613 1706 4682 paeniteat;
1730 4610 1819 4663 vel
1859 4609 2152 4681 quomodo

540 4725 664 4782 'pro
689 4707 786 4762 vili
813 4703 1164 4777 supellectile
1183 4709 1230 4744 οδ
1253 4717 1382 4756 reos
1406 4696 1761 4768 dampnavit,
1803 4696 1948 4751 sicut
1977 4697 2157 4752 frater

559 4801 620 4853 et
646 4795 1009 4869 coepiscopus
1029 4795 1225 4847 noster
1249 4785 1564 4843 Gualterius
1585 4785 1754 4856 paulo
1779 4789 1912 4840 ante
1941 4785 2156 4851 retulit,

529 4891 532 4895 ’
555 4903 664 4960 pro
683 4880 1184 4940 violataecclesiaa
1201 4874 1612 4932 communione
1637 4873 1858 4928 nullum
1873 4873 2118 4928 removit
2132 4872 2159 4926 ‘t

556 4976 646 5031 An
674 4974 783 5028 vile
830 4968 1052 5042 putavit
1095 4981 1218 5020 esse
1259 4963 1499 5030 crimen,
1532 4960 1688 5033 quod
1739 4960 1944 5016 divinae
2003 4962 2159 5031 leges

557 5078 662 5136 per
690 5077 750 5116 se
778 5062 965 5113 totum
992 5053 1193 5110 ulcisci.
1213 5067 1377 5124 posse
1408 5066 1525 5105 non
1557 5051 1783 5120 putant,
1808 5048 1915 5102 nisi
1949 5048 2021 5102 ab
2050 5049 2156 5102 hu-

559 5135 737 5204 mana
746 5147 878 5219 jura
897 5141 1304 5199 transfundant
1321 5140 1349 5194 ‘?
1375 5137 1467 5194 Sic
1492 5136 1652 5191 enim
1678 5135 1952 5204 scriptum
1987 5139 2070 5189 est
2096 5135 2155 5190 in

555 5237 908 5292 Toletano‘"
937 5229 1176 5286 concilio
1233 5227 1480 5298 capitulo
1537 5227 1601 5277 10
1647 5239 1661 5276 :
1716 5221 1837 5276 Nul
1881 5229 2157 5276 teneantur

530 5326 742 5379 'sventu
788 5317 1198 5384 necessitudinis,
1245 5317 1341 5388 qui
1390 5311 1665 5367 dominicis
1701 5326 1754 5363 se
1802 5309 2153 5379 defendendos

2254 4501 2390 4556 rint.
2425 4499 2595 4553 Item:
2630 4499 2842 4570 Siquis
2871 4499 3395 4570 excommunicatus
3449 4501 3584 4552 ante
3615 4497 3842 4552 audien-

2252 4569 2848 4650 tiam_communica_re
2877 4569 3326 4650 praesumpserit,
3361 4572 3478 4650 ipse
3510 4569 3568 4622 in
3601 4585 3661 4623 se
3691 4570 3842 4650 dani-

2299 4641 2865 4712 nationemprotulit.
2881 4638 2978 4692 ’Ex
2991 4638 3208 4712 concilio
3227 4638 3591 4710 Carthaginis,
3624 4657 3734 4710 cap.
3758 4641 3840 4712 ‘29.

2256 4661 2591 4767 pnauonem
2611 4661 2865 4712 ριόιωιι.
2889 4661 2978 4692 ΠΙ
2991 4661 3208 4693 εοηειιιο
3227 4661 3591 4710 υανιηαθιηιε,
3624 4661 3734 4710 εαρ.
3760 4661 3840 4690 Ζυ-

2284 4718 2398 4767 tem
2425 4711 2638 4782 placuit
2668 4712 2927 4765 universo
2954 4710 3218 4782 concilio,
3251 4714 3314 4782 ut
3342 4712 3437 4781 qui
3462 4708 3844 4782 excommuni-

2260 4780 2620 4838 catusYuerit
2659 4798 2763 4851 pro
2799 4798 2900 4837 suo
2931 4781 3216 4851 neglectu,
3271 4780 3382 4835 sive
3415 4783 3722 4853 episcopus
3737 4780 3842 4853 sive

2261 4853 2502 4925 quilibet
2530 4849 2795 4925 clericus,
2837 4856 2894 4906 et
2937 4849 3203 4925 tempore
3247 4849 3844 4925 exconiinunicationis

2261 4921 2374 4978 suae
2393 4927 2526 4977 ante
2544 4923 2896 4976 audientiam
2911 4921 3385 4976 communionem
3405 4921 3841 4993 praesumpserit,

2257 4995 2381 5076 ipse
2408 4994 2538 5076 infe
2557 4993 3603 5076 dampnationisjudiceturprotulisse
3627 4997 3842 5073 senten-

2259 5063 2419 5120 tiam.
2444 5063 2534 5117 Ex
2556 5063 2774 5119 concilio
2809 5063 3136 5132 Cartagmis,
3154 5081 3268 5135 cap.
3297 5072 3342 5105 78
3378 5066 3540 5120 13.Ut
3565 5065 3843 5135 episc0pus

2259 5082 2419 5120 nam.
2444 5082 2534 5117 rex
2556 5082 2774 5119 concute
2809 5082 3136 5132 oarmgmzs,
3154 5082 3268 5135 cap.
3303 5082 3342 5105 ιδ
3378 5082 3540 5120 ισ.υι
3565 5082 3594 5119 e
3641 5082 3839 5132 Isc0pus

2259 5136 2356 5207 qui
2388 5138 2764 5207 contrasuam
2795 5135 3212 5207 professionem
3246 5135 3304 5188 in
3324 5136 3566 5191 concilio
3599 5082 3839 5207 iiabitani

2259 5202 2502 5272 venerit,
2523 5202 2864 5276 deponatur.
2887 5206 2942 5260 Si
2961 5206 3086 5276 quis
3098 5212 3300 5260 contra
3322 5207 3731 5276 professionem
3747 5202 3840 5276 ﬁ'el

2258 5274 2736 5358 subscriptionem
2766 5295 2925 5332 suam
2951 5274 3176 5330 venerit
3205 5277 3264 5330 in
3293 5274 3634 5350 aliqu0,ipsc
3664 5293 3716 5330 se
3744 5274 3841 5326 lio-

2241 5365 2382 5403 nore
2415 5349 2657 5419 privabit
2672 5390 2684 5401 .

1171 5527 1176 5538 1
1857 5466 2111 5521 ’νΑΗῐίΕ
2149 5467 2546 5523 LECTIONES.

623 5585 670 5620 σι
700 5576 770 5632 de
799 5561 858 5629 li.
889 5573 1077 5629 desunt
1109 5573 1158 5624 l.
1186 5575 1279 5642 μοι.
1307 5567 1422 5622 hab
1457 5570 1508 5623 l.
1558 5572 1604 5642 οξ
1630 5564 1800 5642 hujus
1829 5567 1882 5618 2.
1944 5574 1988 5607 67
2012 5567 2381 5624 restituerant
2411 5571 2462 5622 2.
2514 5575 2560 5608 σε
2587 5583 2711 5637 sup.
2737 5571 2789 5622 2.
2851 5575 2896 5610 ου
2927 5568 3201 5627 tolelanio
3249 5572 3300 5627 2.
3337 5578 3382 5613 70
3409 5567 3760 5642 poenitieutia
3793 5569 3837 5621 2.

552 5651 598 5694 τι
618 5647 840 5704 Υθίηρῐιί
860 5650 916 5705 2,
990 5652 1038 5686 τι
1067 5638 1322 5710 kapitulo
1355 5642 1409 5694 3.
1481 5645 1528 5679 ἠ
1555 5637 1695 5690 deest
1725 5642 1768 5690 t.
