3918 6230
429 466 526 527 3H

1737 459 2107 518 SILVESTER
2154 459 2203 516 II
2238 455 2423 516 PAPA

3629 449 3742 512 3l2

439 588 923 646 consultasanctaa
934 587 1214 644 Romanae
1233 583 1634 658 aecclesiie,pro
1664 583 1832 639 ruina
1860 585 2032 656 atque
2061 585 2314 649 Aduum
2347 595 2480 650 ante
2491 588 2700 660 januas
2714 587 2910 660 palatii
2929 585 3403 660 defatigatos,nec
3430 583 3740 643 admissos.

445 698 650 742 occasu
662 677 1032 738 sacerdotalis
1050 675 1285 734 ordinis.
1319 675 1432 732 Sed
1453 673 1819 730 multitudine
1842 677 2035 745 tyran-

432 789 643 832 norum
676 769 878 845 pressi,
902 767 1564 842 longitudineterrarum
1580 762 2033 827 semoti,deside-

431 863 516 920 ria
527 861 1010 918 nostrahactenus
1021 857 1269 930 implere
1287 853 1830 927 nequivimus.Nunc
1842 851 2033 922 itaque

451 953 643 1008 vestro
675 947 926 1006 examini
955 963 1074 1002 non
1103 944 1452 1016 sinemagno
1473 942 1672 997 dolore
1692 939 2034 1012 perferimus

437 1055 654 1096 novum
693 1035 1214 1110 atqueinusitatum
1237 1029 1702 1100 crimen,Arnulfl
1716 1030 2032 1084 Remorum

431 1123 867 1199 archiepiscOpi,
899 1123 1016 1197 qui,
1049 1122 1302 1178 famosus
1324 1122 1585 1194 apostata
1610 1119 1810 1185 factus,
1841 1119 2032 1172 locum

427 1215 588 1273 Iudas
617 1211 911 1270 traditoris
967 1210 1103 1267 olim
1127 1211 1186 1266 in
1235 1208 1472 1266 ecclesia
1519 1211 1716 1276 tenet;
1745 1207 1842 1280 qui
1885 1206 2033 1260 filius

429 1312 728 1388 quondam
757 1309 1024 1366 ecclesiae
1079 1308 1490 1374 Laudunensis,
1517 1323 1650 1361 cum
1699 1305 2030 1383 episcOppm

430 1386 599 1458 suum
621 1400 754 1455 dolo
787 1401 846 1454 et
870 1397 1072 1453 fraude
1099 1395 1335 1470 ceperit,
1358 1395 1656 1451 ecclesiam
1689 1393 1808 1464 ejus
1830 1386 2028 1464 per'va-

427 1487 588 1555 serit,
622 1487 696 1544 ad
722 1487 1018 1542 cumulum
1038 1502 1155 1541 suae
1186 1481 1635 1558 dampnationis,
1659 1481 2026 1547 Remensem,

424 1576 532 1632 sibi
561 1575 862 1642 creditam,
895 1591 1029 1630 cum
1059 1575 1213 1630 clero
1243 1576 1302 1629 et
1329 1573 1541 1646 populo
1572 1568 1890 1643 captivavit,
1923 1584 2029 1623 nec

427 1667 622 1721 movet
647 1680 782 1720 eum
799 1665 1002 1720 nostra
1028 1661 1271 1728 vocatio,
1306 1662 1394 1715 vel
1429 1658 1622 1733 potius
1650 1656 2030 1714 saluberrima

425 1753 749 1812 exhortatio
763 1761 832 1798 υτ
839 1770 897 1822 ,n
905 1769 980 1809 on
995 1751 1556 1824 archiepiscoporum
1571 1747 2026 1820 comprovincia-

2150 689 2363 745 infecto
2403 688 2636 760 negotio
2659 687 2893 744 redisse.
2917 687 3386 759 Astipulabantur
3407 687 3583 744 etiam
3601 688 3748 744 huic

2134 777 2344 833 rationi
2375 776 2658 832 Brunonis
2675 776 2925 848 episcopi
2965 778 3278 848 prasenms
3307 777 3519 844 clerici,
3550 777 3653 850 qui
3679 794 3745 834 se

2136 883 2240 939 pro
2263 867 2385 938 ejus
2426 866 2692 937 captione
2733 869 3061 923 Romanum
3084 875 3154 909 N0
3172 865 3509 938 pontificem
3552 866 3744 924 adisse

2134 955 2402 1012 dicebant
2417 971 2430 1021 ;
2455 971 2488 1010 a
2504 972 2616 1026 quo
2635 956 2943 1012 maledicta
2960 955 3018 1010 in
3031 971 3160 1010 reos
3172 971 3304 1010 cum
3317 971 3385 1010 ex
3395 955 3743 1012 auctoritate

2133 1043 2448 1115 apostolica
2477 1047 2832 1114 expeterent,
2864 1044 2986 1114 ejus
3015 1041 3266 1098 ministri
3288 1060 3580 1098 summam
3604 1043 3746 1099 soli-

2134 1133 2341 1188 dorum
2373 1133 2574 1189 decem
2605 1131 2729 1187 dari
2756 1131 3088 1187 censebant.
3141 1130 3358 1196 Quibus
3411 1131 3635 1200 derisis,
3667 1149 3742 1188 eo

2131 1221 2287 1297 quod
2316 1220 2359 1275 si
2383 1230 2451 1263 ίιί
2474 1221 2718 1293 pecunia
2734 1220 2942 1276 redimi
2965 1221 3176 1292 posset,
3197 1236 3304 1274 nec
3331 1219 3490 1275 mille
3515 1222 3744 1278 talenta

2130 1327 2323 1365 moras
2359 1309 2662 1376 inferrent,
2693 1310 2802 1366 hoc
2832 1309 3069 1364 tandem
3098 1307 3158 1363 in
3188 1309 3477 1380 responsis
3505 1309 3577 1364 ab
3605 1309 3740 1380 ipso

2130 1399 2398 1470 pontifice
2429 1400 2792 1468 acceperunt,
2828 1401 2892 1452 ut
2918 1397 2966 1452 is
2996 1413 3101 1468 pro
3141 1413 3255 1468 quo
3308 1399 3507 1468 captus
3561 1399 3737 1464 esset,

2128 1487 2276 1542 bene
2305 1485 2384 1542 illi
2409 1485 2780 1558 prospiceret.
2815 1487 2938 1541 Non
2971 1501 3112 1555 ergo
3131 1485 3326 1540 sedem
3351 1484 3737 1556 apostolicam

2128 1575 2260 1630 huic
2284 1574 2504 1646 judicio
2537 1573 2937 1645 prmjudicare.
2974 1573 3128 1628 Bene
3152 1589 3382 1646 quoque
3427 1571 3739 1628 Africanos

2128 1663 2425 1737 episcopos
2466 1679 2639 1734 super
2663 1663 2772 1718 hoc
2821 1663 3218 1717 Romanorum
3250 1661 3370 1734 tipo
3430 1664 3737 1733 permotos

2125 1751 2316 1817 fuisse,
2349 1751 2446 1824 qui
2476 1767 2647 1822 super
2669 1751 2778 1806 hac
2814 1767 2876 1805 re
2905 1751 3124 1820 synodo
3167 1753 3272 1806 217
3323 1748 3736 1821 episcoporum

423 1843 567 1900 lium
580 1842 914 1900 multotiens
943 1839 1188 1913 repetita
1217 1837 1584 1904 ammonitio,
1608 1853 1725 1891 non
1749 1835 2025 1891 canonice
2047 1909 2086 1913 _
2124 1841 2389 1912 tempore
2415 1839 2624 1896 Zosimi
2673 1856 2838 1912 papae
2885 1838 3156 1893 inchoata
3201 1841 3259 1892 et
3303 1853 3408 1908 per
3459 1840 3740 1908 tempora

424 1933 780 1989 factacoram
795 1931 915 1986 Deo
928 1931 986 1984 et
1007 1909 1234 2001 angelis
1257 1926 1381 1998 ejus
1419 1925 1839 1997 professio,non
1876 1923 2022 1980 ciro-
2046 1909 2096 1968 Β
2127 1909 2412 1985 Bonefacii
2437 1909 2704 1996 distenta,
2738 1909 3096 1998 tandemque
3126 1927 3231 1982 sub
3264 1926 3569 1982 Caelestino
3601 1943 3742 1982 con-

423 2019 625 2095 graphi
639 2018 696 2073 in
713 2019 1023 2090 conspectu
1043 2014 1309 2072 ecclesia:
1329 2013 1560 2069 recitata
1572 2011 2022 2084 descriptio,non

425 2123 734 2163 numerosa
757 2106 1144 2172 sacramenta,
1185 2102 1348 2160 miris
1398 2101 1718 2173 excogitata
1775 2099 2024 2156 consiliis

421 2194 588 2250 Stant
616 2209 716 2249 suo
746 2192 884 2248 vitio
916 2207 1091 2265 quam
1117 2191 1309 2264 plures
1333 2197 1401 2233 m
1413 2188 1682 2245 aecclesias
1701 2187 2022 2260 pastoribus

422 2282 697 2350 viduata;
737 2284 986 2355 pereunt
1003 2277 1454 2335 innumerabiles
1478 2276 1676 2350 populi
1704 2276 1825 2331 sine
1843 2291 2023 2330 sacer-

420 2371 598 2427 dotali
619 2369 1024 2426 benedictione
1038 2371 1096 2424 et
1113 2365 1558 2423 confirmatione
1580 2383 1594 2430 ;
1627 2365 1747 2435 ipse
1773 2363 2023 2418 factione

419 2457 741 2530 tyrannica,
775 2455 968 2511 divina
991 2455 1362 2525 humanaque
1407 2453 1542 2523 jura
1581 2455 2019 2523 contempnens,

421 2544 792 2619 tyrannidem
817 2543 1066 2606 exercet,
1087 2539 1336 2614 Regibus
1353 2539 1583 2606 nostris,
1606 2557 1641 2594 a
1678 2538 1883 2611 quibus
1900 2541 2024 2593 tan-

422 2637 543 2690 tam
574 2632 822 2706 gloriam
854 2630 1384 2704 gratisfconsecutus
1405 2631 1508 2695 est,
1532 2627 1830 2682 interitum
1845 2626 2024 2682 medi-

422 2722 754 2794 tatur.Ergo
765 2720 1005 2776 tandem
1024 2719 1098 2774 ad
1114 2721 1374 2774 monstra
1390 2715 2024 2788 perditissimihominis

426 2808 1047 2887 expergefacti,ivimus
1060 2807 1118 2862 in
1137 2805 1486 2862 sententiam
1502 2803 1733 2860 Domini
1751 2803 2020 2860 dicentis:

421 2899 490 2958 Si
500 2899 802 2974 peccaverit
830 2898 886 2952 in
916 2903 964 2951 te
1007 2895 1182 2967 frater
1224 2900 1365 2962 tuus,
1396 2893 1529 2948 vade
1557 2897 1607 2948 et
1653 2893 1855 2964 corripe
1903 2909 2025 2947 eum

421 2990 560 3047 inter
582 2995 633 3044 te
660 2993 711 3044 et
735 2988 905 3060 garum
931 2986 1122 3042 solum.
1169 2982 1240 3041 Si
1265 2991 1314 3040 te
1341 2982 1592 3050 audierit,
1647 2983 1883 3038 lucratus
1920 2983 2027 3038 eris

421 3079 649 3149 fratrem
681 3084 854 3143 tuum,-
879 3077 929 3130 εἰ
949 3080 1127 3130 autem
1155 3090 1261 3129 non
1291 3079 1339 3128 te
1365 3072 1613 3139 audierit,
1641 3071 1828 3126 adhibe
1859 3078 2028 3126 tecum

2123 2018 2581 2090 summata,quid
2609 2018 2680 2072 de
2703 2015 3216 2088 Romaniepiscopi
3233 2018 3517 2088 potestate
3530 2013 3740 2070 sentiri

2121 2107 2414 2176 vellent,in
2427 2107 2659 2162 aeternis
2672 2105 3048 2161 monimentis
3059 2108 3308 2160 statuero
3316 2104 3576 2168 ιιι.οαοᾶ
3597 2120 3742 2159 con-

2123 2196 2317 2252 cilium
2339 2194 2615 2269 quoniam
2639 2195 2861 2267 insigne
2893 2196 2976 2250 est
3001 2196 3058 2248 et
3074 2192 3228 2248 beati
3247 2191 3554 2264 Augustini
3583 2208 3739 2263 pras-

2123 2285 2310 2341 sentia
2333 2285 2705 2350 illustratum,
2759 2287 2816 2337 et
2845 2281 3166 2338 artificiosis
3215 2280 3741 2336 consultationibus

2121 2375 2463 2446 expolitum,
2486 2372 2720 2443 vimque
2735 2371 3067 2443 multiplicis
3080 2369 3406 2442 argumenti
3421 2371 3556 2425 huic
3567 2386 3742 2440 syno-

2123 2463 2195 2517 do
2213 2461 2479 2532 praebuit,
2533 2461 2605 2515 ad
2654 2461 2892 2532 plenum
2936 2457 3022 2513 his
3053 2457 3226 2530 gestis
3252 2458 3563 2513 adnectere
3593 2457 3739 2513 utile

2115 2549 2517 2622 judicavimus.

2191 2641 2280 2695 28.
2301 2638 2654 2708 Multasuper
2676 2635 2764 2690 his
2793 2637 2957 2690 Pater
2993 2635 3264 2690 Arnulfus
3311 2634 3540 2706 publice
3570 2635 3734 2690 locu-

2121 2730 2211 2784 tus
2235 2729 2340 2794 est,
2370 2727 2552 2782 multa
2580 2743 2708 2780 cum
2733 2723 2840 2780 sibi
2871 2727 3097 2779 tantum
3129 2722 3734 2779 assidentibuscontu-

2120 2816 2218 2884 lit;
2242 2831 2372 2888 qua:
2402 2832 2475 2870 ne
2497 2814 2646 2870 forte
2668 2813 2861 2868 minus
2886 2813 3177 2868 suavitatis
3195 2811 3544 2868 habeantita
3566 2828 3733 2883 spar-

2123 2903 2227 2959 sim
2247 2903 2433 2976 posita
2447 2905 2510 2958 ut
2524 2907 2656 2958 sunt
2669 2903 2740 2956 ab
2752 2919 2820 2958 eo
2841 2903 3086 2973 prolata,
3099 2917 3168 2956 ea
3180 2900 3240 2955 in
3259 2917 3437 2955 unum
3456 2899 3736 2972 colligere

2127 2992 2460 3057 maluimus,
2491 2993 2555 3046 ut
2580 2991 2916 3046 continuata
2946 2989 3130 3046 oratio
3152 2991 3278 3062 plus
3309 2989 3573 3044 utilitatis
3621 2993 3742 3046 stu-

2129 3079 2291 3136 dioso
2311 3077 2514 3134 lectori
2547 3078 2827 3134 conferat.
2853 3097 2886 3131 α
2913 3077 3024 3133 Nos
3053 3077 3312 3150 quidem,
3335 3077 3548 3149 inquit,
3579 3095 3744 3134 reve-

422 3166 596 3222 αάοἰιιο
623 3182 793 3220 unum
819 3164 904 3219 υει
950 3163 1101 3231 duos:
1130 3167 1192 3216 υτ
1243 3163 1299 3217 in
1328 3178 1417 3216 ονε
1444 3162 1656 3219 “mum
1705 3169 1774 3203 ¹⁸⁹
1802 3160 2030 3215 duorum
2065 3235 2096 3238 _
2129 3167 2440 3224 rentissimi
2460 3176 2528 3210 ιη
2551 3169 2766 3233 Patres,
2799 3169 3122 3222 Romanam
3149 3167 3465 3222 (ecclesiam
3495 3169 3744 3238 propter

423 3255 510 3313 vel
565 3256 732 3310 trium
784 3257 884 3308 stet
911 3268 1064 3308 omne
1117 3249 1342 3307 verbenr
1377 3248 1534 3316 Quod
1559 3251 1608 3304 si
1641 3266 1748 3304 non
1802 3248 2030 3304 audierit

2132 3255 2313 3313 beatri
2326 3255 2477 3312 Petri
2491 3256 2836 3311 memoriam
2855 3272 3084 3327 semper
3094 3255 3504 3310 honorandam
3537 3235 3742 3310 decer-

424 3359 530 3412 eor,
560 3343 646 3399 dic
674 3340 934 3400 (ecclesiae.
964 3338 1034 3396 Si
1057 3345 1234 3395 autem
1261 3345 1313 3393 et
1331 3337 1611 3392 (ecclesiam
1640 3355 1747 3392 uon
1775 3337 2030 3406 audierit,

425 3434 496 3488 sit
525 3431 623 3487 tibi
645 3431 781 3486 sicut
807 3429 1044 3484 ethnicus
1088 3435 1139 3482 et
1147 3426 1472 3499 publicanus
1498 3425 1725 3492 (Matth.
1753 3443 1910 3492 xvm,
1937 3425 2034 3481 15-

434 3520 542 3594 17).
569 3519 1009 3588 Adesto,Pater,
1027 3516 1219 3572 ruenti
1232 3515 1508 3582 ecclesias,
1526 3517 1585 3571 et
1597 3514 1945 3570 sententiam
1967 3533 2034 3570 ex

429 3607 603 3666 sacris
639 3605 959 3664 canonibus
976 3606 1435 3678 promulgatam;
1461 3605 1548 3659 vel
1571 3603 1762 3676 potius
1790 3603 1862 3658 ab
1911 3602 2036 3674 ipsa

429 3696 684 3754 Veritate
712 3695 1024 3768 prolatam,
1057 3693 1256 3766 profer
1283 3692 1345 3747 in
1378 3709 1563 3747 reum.
1623 3691 1950 3746 Sentiamus
1974 3691 2032 3746 in

428 3785 587 3842 vobis
602 3785 848 3840 alterum
869 3785 1106 3839 Petrum
1127 3782 1494 3838 defensorem
1535 3781 1594 3833 et
1631 3778 2032 3834 corroborato-

429 3891 557 3931 rem
589 3873 926 3930 Christiana:
943 3869 1077 3925 fidei
1093 3887 1107 3937 ;
1134 3870 1284 3924 ferat
1294 3870 1492 3924 sancta
1507 3867 1770 3922 Romana
1781 3867 2034 3924 {ecclesia

429 3963 778 4019 sententiam
791 3955 1222 4029 dampnationis
1246 3955 1305 4010 in
1325 3971 1512 4022 reum,
1543 3971 1717 4026 quem
1743 3955 2031 4012 universa-

429 4051 499 4108 lis
525 4051 807 4121 dampnat
837 4043 1110 4102 aacclesia.
1145 4044 1501 4114 Suffragetur
1526 4044 1690 4099 nobis
1705 4047 1890 4100 vestra
1904 4062 2034 4100 auc-

431 4138 654 4203 toritas,
676 4139 732 4190 ct
761 4134 822 4188 in
838 4132 1010 4204 hujus
1023 4135 1237 4204 apostaa
1259 4130 1603 4202 dejectione,
1629 4135 1688 4188 et
1707 4132 1765 4188 in
1780 4133 1828 4204 ej
1839 4151 1901 4188 us
1929 4134 2028 4206 qui

434 4222 633 4282 domui
647 4221 746 4279 Dei
763 4236 1007 4293 praeesse
1022 4219 1199 4292 possit
1217 4219 1629 4294 archiepiscopi
1643 4239 1792 4278 nova
1803 4223 2032 4278 ordina-

435 4313 618 4380 tione,
633 4311 928 4383 simulque
954 4307 1230 4364 invocatis
1244 4308 1526 4382 episcopis
1536 4311 1744 4366 nostris
1761 4311 2033 4367 fratribus

437 4398 758 4456 necessaria
781 4396 1171 4472 promotione,
1202 4401 1266 4453 ut
1293 4396 1539 4454 sciamus
1567 4402 1624 4454 et
1643 4398 2036 4472 intelligamus

435 4505 536 4544 cur
551 4488 705 4545 inter
725 4491 961 4544 caeteros
979 4489 1362 4559 apostolatum
1383 4489 1924 4562 vestrum'praeferre
1941 4490 2036 4546 de-

435 4579 692 4634 beamus.
727 4596 762 4630 »

509 4669 598 4724 27.
625 4665 720 4722 Ris
748 4665 1002 4738 epistolis
1027 4665 1086 4722 in
1113 4665 1308 4724 media
1331 4667 1537 4741 synodi
1569 4667 1841 4733 recitatis,
1897 4667 2032 4722 mis-

433 4753 606 4813 sionis
616 4771 817 4811 earum
831 4757 1061 4830 tempus
1071 4757 1319 4812 etrelata
1329 4755 1542 4829 legatio
1556 4755 1627 4811 ab
1641 4755 2035 4813 defensoribus

431 4844 653 4902 Arnulfi
671 4844 1134 4918 perquirebatur.
1153 4845 1222 4900 Et
1242 4845 1314 4900 de
1342 4843 1534 4917 primo
1567 4843 1802 4916 quidem
1822 4845 2036 4900 mensis

431 4933 769 4990 undecimus
809 4933 1274 5006 repperiebatur;
1309 4933 1380 4988 de
1410 4933 1590 4987 altero
1647 4935 1841 4988 autem
1893 4933 2036 4988 nihil

431 5021 717 5078 memoria
730 5021 1100 5094 dignum,sed
1111 5023 1333 5094 legatos
1348 5022 1576 5077 tantum
1593 5021 1804 5094 scripta
1825 5022 2034 5078 Roma-

431 5128 508 5168 no
518 5111 776 5185 pontifici
789 5110 1128 5184 porrexisse,
1141 5109 1449 5183 primoque
1475 5127 1533 5166 se
1551 5111 1762 5178 blande
1775 5115 2040 5184 acceptos

433 5215 577 5262 esse.
601 5203 804 5272 postea
825 5215 961 5255 vero
1007 5215 1182 5272 quam
1234 5199 1518 5255 Heriberti
1566 5199 1792 5255 comitis
1839 5199 2035 5271 legati,

435 5304 651 5360 equum
668 5303 912 5359 corpore
931 5290 1304 5358 praestantem
1325 5287 1491 5343 niveo
1509 5289 1701 5344 colore
1723 5289 2035 5360 insignem,

436 5391 568 5432 cum
595 5375 718 5432 aliis
746 5374 1082 5432 muneribus
1097 5375 1356 5451 pontifici
1377 5377 1795 5446 obtulerunt,se
1824 5393 1928 5450 per
1941 5377 2039 5432 tri-

2133 3345 2455 3407 nimus,nec
2468 3343 2713 3400 decretis
2726 3345 3123 3399 Romanorum
3141 3343 3488 3398 Pontificum
3505 3343 3744 3398 obviare

2133 3433 2464 3490 contendim
2476 3451 2538 3490 ns
2556 3451 2570 3502 ;
2594 3434 2748 3488 salva
2762 3436 2960 3488 tamen
2977 3432 3316 3487 auctoritate
3345 3431 3541 3486 Niceni
3554 3431 3747 3487 conci-

2132 3522 2216 3590 lii,
2250 3522 2408 3594 quod
2428 3521 2632 3576 eadem
2661 3522 2926 3576 Romana
2947 3520 3188 3576 ecclesia
3211 3535 3446 3591 semper
3465 3522 3749 3576 venerata

2134 3614 2238 3666 est.
2273 3609 2498 3665 Statuta
2513 3609 2689 3664 etiam
2721 3625 3014 3664 sacrorum
3041 3624 3332 3664 canonum
3375 3615 3446 3650 ιιι
3505 3607 3746 3662 diversis

2132 3699 2293 3764 locis,
2321 3697 2554 3754 diversis
2583 3697 2964 3770 temporibus,
2993 3697 3091 3752 sed
3137 3697 3344 3751 eodem
3378 3695 3479 3750 Dei
3532 3695 3744 3768 spiritu

2133 3786 2522 3854 conditorum,
2569 3785 2628 3840 in
2686 3787 2970 3840 aeternum
3022 3785 3208 3839 valere
3239 3783 3632 3856 praecipimus,
3664 3785 3740 3839 ab

2134 3873 2403 3931 omnibus
2431 3874 2711 3928 servanda
2728 3889 3047 3928 censemus.
3073 3873 3195 3927 Duo
3226 3875 3420 3927 autem
3441 3874 3579 3926 sunt
3607 3888 3740 3944 quas

2133 3979 2490 4034 magnopere
2519 3980 2552 4016 a
2577 3961 2743 4017 nobis
2775 3961 3073 4032 praevideri
3097 3960 3480 4026 mdebent,id
3503 3964 3590 4015 est
3607 3969 3678 4003 ιιι
3694 3961 3741 4016 si

2133 4050 2380 4107 Romani
2411 4050 2698 4122 pontificis
2728 4049 3020 4104 silentium
3074 4051 3173 4104 aut
3205 4066 3355 4103 nova
3401 4049 3740 4104 constitutio

2131 4138 2510 4212 promulgatis
2531 4138 2750 4211 legibus
2781 4155 3069 4194 canonum
3100 4139 3186 4192 vel
3217 4137 3460 4192 decretis
3474 4137 3739 4209 priorum

2132 4228 2508 4301 prmjudicare
2525 4235 2594 4270 ιω
2612 4227 2884 4298 potest.Si
2905 4226 3063 4282 enim
3083 4225 3374 4282 silentium
3399 4225 3746 4296 prmjudicat

2134 4333 2338 4373 omnes
2366 4317 2541 4387 leges,
2570 4315 2770 4370 omnia
2810 4314 3070 4385 priorum
3125 4315 3375 4380 decreta,
3409 4329 3480 4368 eo
3509 4313 3740 4385 silente,

2133 4406 2301 4462 silere
2331 4421 2560 4460 necesse
2586 4406 2690 4458 est.
2724 4403 2782 4458 Si
2815 4406 3009 4458 autem
3039 4419 3188 4458 nova
3209 4401 3569 4467 constitutio,
3603 4401 3744 4474 quid

2134 4491 2969 4568 prosuntlegesconditasmum
2988 4491 3060 4546 ad
3078 4491 3244 4546 unius
3273 4489 3580 4545 arbitrium
3613 4507 3742 4545 om-

2051 4595 2106 4655 D
2136 4583 2233 4638 nia
2248 4579 2813 4654 dirigantur?Videtis
2824 4579 3072 4652 quia,his
3086 4579 3306 4634 duabus
3331 4577 3514 4634 causis
3532 4577 3744 4633 admis-

2133 4669 2600 4738 sis,ecclesiarum
2616 4668 2715 4723 Dei
2729 4671 2907 4723 status
2917 4666 3504 4739 periclitatur,etdum
3517 4666 3740 4737 legibus

2132 4761 2288 4830 leges
2303 4757 2632 4830 quaerimus,
2661 4758 2842 4812 nullas
2859 4756 3098 4812 omnino
3125 4755 3575 4827 legeshabemus
3593 4753 3742 4820 Quid

2134 4847 2318 4920 ergo?
2347 4847 2493 4901 Num
2516 4845 2817 4918 privilegio
2847 4845 3095 4900 Romani
3121 4843 3410 4918 pontificis
3440 4843 3742 4917 derogabi-

2135 4936 2307 4992 mus?
2337 4935 2597 5000 Minime;
2629 4933 2728 4988 sed
2772 4934 2817 4988 si
2849 4935 3142 4990 Romanus
3195 4932 3497 5004 episcopus
3557 4933 3604 4988 is
3657 4935 3741 4988 est

2135 5041 2310 5096 quem
2340 5022 2580 5077 scientia
2630 5026 2689 5076 et
2725 5023 2854 5077 vitm
2885 5022 3159 5077 meritum
3190 5021 3587 5086 commendet,
3637 5037 3741 5076 nec

2136 5112 2429 5168 silentium
2457 5128 2562 5166 nec
2577 5127 2725 5166 nova
2740 5110 3072 5166 constitutio
3086 5109 3402 5166 metuenda
3416 5107 3742 5173 snnt.Quod

2137 5201 2182 5256 si
2213 5201 2299 5255 vel
2317 5199 2664 5271 ignorantia,
2695 5202 2778 5254 vel
2802 5203 2979 5266 metu,
3003 5199 3089 5253 vel
3117 5198 3431 5270 cupiditate
3451 5197 3741 5253 abaliena-

2139 5294 2251 5356 tur,
2271 5289 2358 5343 vel
2391 5288 2644 5344 conditio
2671 5287 2949 5343 invidiam
2980 5288 3134 5354 facit,
3163 5287 3319 5360 quod
3346 5287 3467 5342 fere
3494 5287 3599 5342 sub
3625 5287 3744 5340 hac

2137 5382 2405 5451 tempora
2421 5377 2685 5440 vidimus,
2707 5377 2904 5432 Romae
2927 5375 3218 5432 tirannide
3235 5376 3743 5448 praevalente,tunc

1756 5497 1986 5552 VARIrE
2026 5496 2425 5556 LEC'I‘IONES.

504 5623 575 5660 "7
603 5615 886 5672 exortatio
919 5621 968 5673 1.
1021 5624 1091 5660 m
1118 5615 1258 5674 deest
1286 5621 1342 5674 2.
1423 5627 1490 5664 m
1520 5619 1579 5678 d.
1602 5622 1648 5679 t.
1688 5624 1741 5676 2.
1829 5628 1900 5662 ιιο
1929 5636 2309 5678 romanorum
2344 5628 2392 5679 l.

2499 5630 2566 5665 ω
2597 5638 2656 5676 se
2689 5625 2709 5676 1
2738 5621 2766 5676 ?
2799 5629 2868 5665 ιιι
2897 5620 3202 5679 reverend.
3237 5623 3256 5675 1
3289 5619 3318 5674 ‘I
3399 5627 3472 5663 ιιι
3505 5615 3736 5675 canoni-

432 5703 564 5745 cum
591 5691 640 5746 1.
711 5697 778 5732 ιιι
805 5687 1090 5761 pervideri
1119 5692 1172 5743 2.
1238 5697 1305 5734 με
1336 5689 1491 5747 idem
1527 5695 1574 5747 1.
1637 5700 1704 5736 ιισ
1733 5691 2097 5764 praejudicari
2131 5695 2198 5748 l?
