3918 6230
403 439 526 508 315.
1710 443 2079 504 SILVESTER
2137 445 2183 500 Il
2220 445 2412 504 PAPA
2987 458 2997 464 ”
3624 453 3740 508 316

407 579 586 622 omnes
625 564 910 633 secundum
973 566 1248 624 rationm.
1299 567 1609 623 humilitatis
1649 583 1804 639 pares
1848 574 1972 624 sunt
2023 568 2336 638 A,_libellum
2374 586 2512 637 eum,
2565 571 2622 624 in
2659 587 2764 643 qua
2793 587 2853 626 ea
2879 570 2944 626 de
2983 571 3176 644 quibus
3201 577 3490 630 accusatus
3516 573 3735 643 fuerat,

405 653 700 711 Involutus
727 669 867 725 ergo
889 653 1242 724 criminibus,
1263 655 1472 710 sentiat
1491 672 1734 729 praeesse
1755 655 1860 710 sibi
1894 657 2005 712 Ro-
2105 675 2227 712 vera
2285 675 2386 712 esse
2413 659 2680 729 confessus
2727 666 2820 725 est,
2852 659 3122 716 obtulisse.
3157 659 3278 727 Qua
3309 660 3375 715 de
3404 677 3462 716 re
3491 659 3586 715 illo
3634 660 3738 715 de-

405 758 652 798 manum
681 743 1037 816 pontiﬁcem,
1061 746 1118 800 et
1147 743 1243 816 qui
1262 745 1436 799 nullis
1451 745 1831 800 atrocioribus
1844 745 2008 800 factis
2097 749 2292 817 posito,
2323 747 2606 818 episcOpali
2641 749 2920 815 sententia,
2954 751 3072 818 ejus
3106 747 3215 804 loco
3245 766 3372 822 cum
3397 750 3738 820 fraternita-

407 831 1108 906 pregravaturﬁntelligat
1119 833 1584 904 parem,dignam
1597 849 1654 887 se
1668 849 1731 887 ac
1745 833 2007 890 Romano
2109 837 2174 887 tis
2190 841 2369 892 vestra:
2391 851 2643 892 consensu
2669 851 2777 891 esse
2805 837 3102 908 episcopum
3157 837 3494 894 ordinatum.

409 917 682 990 pontifice
715 917 774 976 in
806 919 1064 991 quolibet
1092 920 1324 992 negotio
1369 921 1586 976 laturus
1637 921 2004 976 sententiam.
2182 945 2210 973 ‹‹
2245 923 2382 978 Ecce
2404 923 2495 977 hic
2522 925 2726 980 Paulus
2757 924 3057 996 episcopus
3077 925 3392 996 ignorante
3444 926 3737 999 Gregorio

411 1006 524 1062 Sed
550 1008 708 1074 esto;
735 1023 1022 1078 ponamus
1057 1023 1210 1062 nunc
1255 1009 1453 1065 Romae
1508 1025 1628 1064 esse
1655 1011 2006 1077 Damasum;
2115 1011 3374 1083 deponitur,alterinlocoejussubstituitur;
3401 1030 3732 1072 causacum

415 1093 553 1168 quid
608 1097 809 1151 contra
837 1095 958 1166 ejus
990 1095 1286 1152 decretum
1319 1101 1509 1152 actum
1559 1096 1698 1152 est?
1718 1097 1934 1168 Nempe
1965 1097 2012 1154 si
2113 1099 2225 1154 suis
2251 1099 2465 1154 effectis
2483 1116 2588 1170 per
2608 1101 2856 1154 latorem
2880 1100 3114 1172 apicum
3157 1103 3434 1174 Gregorio
3450 1103 3744 1174 signiﬁca-

415 1181 566 1239 bene
582 1183 1136 1257 recordor,primum
1157 1185 1474 1256 capitulum
1494 1183 2015 1257 fuit,quodepisco-
2114 1191 2225 1242 tur.
2242 1188 2362 1242 Non
2397 1187 2451 1242 ir.
2496 1187 2848 1258 depositores
2863 1187 3166 1260 Gregorius
3204 1189 3514 1258 ulciscitur,
3533 1189 3636 1246 sed
3681 1189 3744 1244 in

416 1286 626 1343 porum
647 1273 1085 1338 etsummorum
1111 1273 1482 1344 negotiorum
1501 1271 2012 1328 ecclesiasticorum
2117 1275 2441 1347 depositum
2465 1275 2897 1343 ulteriussazvit;
2927 1275 3008 1330 ait
3043 1277 3201 1335 enim
3229 1279 3360 1348 post
3382 1277 3689 1350 aliquanta
3726 1293 3742 1332 :

417 1374 846 1433 causaesemper
863 1359 936 1416 ad
953 1361 1150 1416 sedem
1173 1361 1548 1434 apostolicam
1566 1359 2014 1417 sintret‘erendte
2118 1362 2226 1432 Qui
2246 1365 2294 1418 si
2318 1365 2477 1433 forte,
2511 1363 2652 1435 quod
2699 1380 2805 1418 non
2859 1365 3146 1432 credimus,
3189 1372 3314 1436 post
3355 1365 3744 1436 depositionem

421 1446 627 1522 Utique
662 1449 864 1506 relate
889 1451 1024 1504 sunt
1075 1465 1194 1504 non
1248 1449 1436 1505 solum
1481 1449 1554 1504 ab
1585 1447 1884 1521 episcopis,
1917 1447 2017 1502 sed
2118 1469 2271 1508 suam
2300 1451 2647 1508 inverecunde
2671 1469 2736 1506 ac
2763 1459 2936 1506 mente
2953 1470 3203 1524 perversa
3223 1453 3438 1526 aliquid
3459 1453 3742 1525 deepisco-

419 1535 926 1610 etiamaprincipe
951 1539 1148 1594 nostro
1179 1536 1583 1593 serenissima:
1602 1535 1896 1608 liberaque
1916 1551 2019 1608 po-
2110 1547 2247 1612 patu
2277 1539 2440 1612 loqui,
2497 1545 2653 1612 atque
2710 1557 2893 1594 rursus
2947 1539 3020 1594 ad
3060 1541 3155 1594 hoc
3211 1541 3464 1612 qualibet_
3501 1541 3748 1612 aspirare

419 1627 596 1680 testas
611 1625 936 1698 apostolicae
957 1624 1224 1681 sedidata
1241 1628 1348 1693 est,
1379 1628 1437 1680 et
1461 1622 2017 1695 verainvesligandi,
2109 1631 2524 1702 praesumptione
2577 1631 2938 1700 temptaverit,
3021 1630 3385 1698 fraternitatis
3431 1636 3628 1686 vestra
3687 1645 3746 1685 se

423 1716 482 1768 et
510 1713 992 1788 cognoscendi,et
1007 1713 1490 1787 dijudicandi,per
1505 1711 2023 1784 temporuminter—
2122 1724 2305 1772 contra
2335 1717 2740 1788 improbitatem.
2775 1718 2937 1788 ipsius
2983 1719 3200 1772 omnino
3251 1719 3404 1787 vigor
3459 1716 3747 1784 accendat,

424 1801 574 1857 valla
603 1801 777 1858 nimis
798 1801 1192 1874 prolixainec
1218 1801 1376 1874 prius
1405 1801 1478 1856 ad
1507 1817 1740 1856 causam
1785 1797 2018 1854 accessi-
2123 1813 2282 1878 atque
2329 1806 2609 1860 Dominici
2663 1807 2898 1876 corporis
2952 1812 3001 1860 et
3045 1807 3319 1875 sanguinis
3369 1807 3760 1872 communione

423 1906 752 1963 mus,quam
769 1889 1195 1962 desperationej
1205 1889 1372 1946 udicii
1391 1889 1440 1960 ej
1450 1907 1511 1944 us
1521 1889 2021 1962 protraheremur.

2149 1899 2412 1962 privatum,
2445 1898 2500 1948 in
2525 1897 2856 1952 monasterio
2887 1912 3007 1948 eum
3064 1910 3226 1966 usque
3283 1893 3356 1947 ad
3376 1894 3516 1948 diem
3569 1893 3750 1948 obitus

427 1978 825 2034 Gonsultusest
845 1995 983 2050 ergo
1012 1979 1305 2036 Romanus
1323 1977 1628 2050 episcopus
1665 1973 2040 2047 utoportuit,
2127 1985 2216 2039 sui
2261 1983 2332 2036 ad
2383 1983 2644 2053 agendam
2692 1988 2836 2036 curet
2884 1985 3250 2054 ρωηίιρηίίαγη
3329 1981 3752 2046 retrudendum;

423 2065 1512 2137 etdehlriusArnullldepositione,etde
1532 2061 2028 2136 bujusquidomui
2131 2073 2383 2143 quatinus
2453 2073 2755 2143 μνρείναιι·
2806 2071 3008 2124 sceleri};
3064 2070 3304 2127 maculas
3355 2070 3534 2141 dignis
3578 2069 3755 2126 discat

423 2152 582 2224 digni
595 2169 841 2227 praeesse
872 2153 1051 2224 possit
1071 2161 1140 2196 1⁸9
1157 2153 1582 2210 substitutions.
1619 2152 1733 2207 Sed
1763 2166 1866 2205 cur
1885 2149 2028 2204 nihil
2132 2160 2342 2228 ﬂetibus
2372 2159 2682 2224 emundare,
2716 2176 2846 2230 quas
2877 2159 3046 2226 magis
3072 2159 3386 2221 inlinteritu
3415 2159 3619 2212 animae
3638 2175 3751 2212 suae

426 2241 810 2313 responderit,
845 2257 1094 2314 quorum
1111 2242 1352 2297 interest
1372 2241 1477 2314 ipsi
1493 2239 1769 2304 viderint;
1799 2255 1904 2294 1103
1937 2255 2034 2293 8η·
2133 2249 2371 2320 nequiter
2397 2264 2594 2318 augere
2619 2246 2898 2302 desiderat.
2930 2246 3236 2310 Quomodo
3267 2261 3422 2310 nunc
3443 2245 3758 2300 decretum

424 2330 547 2386 tem
567 2327 902 2387 Sardicense
925 2329 1423 2400 concilium,quod
1437 2325 1734 2401 privilegio
1750 2327 2031 2381 Romanas
2135 2334 2363 2390 Eusebii
2393 2351 2560 2408 papae
2591 2337 2879 2394 servatum
2893 2333 3018 2390 est?
3048 2333 3278 2388 Etenim
3311 2335 3484 2406 paulo
3517 2337 3662 2388 ante
3693 2333 3756 2388 in

427 2417 679 2477 ecclesia
699 2417 1015 2490 plurimum
1044 2417 1218 2484 favet,
1238 2416 1320 2470 ita
1343 2417 1418 2470 ad
1433 2417 1582 2470 hanc
1603 2429 1836 2470 causam
1861 2413 2028 2468 intle-

427 2505 656 2574 ctimus,
681 2507 746 2560 ut
777 2505 932 2579 quod
962 2506 1034 2560 de
1071 2506 1192 2562 solo
1223 2503 1492 2576 episcopo
1525 2503 1584 2558 in
1609 2502 1867 2574 qualibet
1896 2517 2030 2574 pro-

427 2592 614 2650 vincia
641 2593 848 2652 relicto.
868 2591 1026 2661 dicit,
1059 2593 1134 2648 ad
1162 2593 1492 2648 Romanum
1521 2591 1856 2664 episcopum
1891 2589 2028 2646 atie-

430 2683 588 2736 ctum
619 2697 740 2736 esse
769 2679 1092 2736 credamus.
1133 2679 1228 2736 Sic
1255 2679 1406 2734 enim
1456 2678 1724 2746 habetur,
1762 2677 1926 2732 titulo
1956 2681 1988 2732 6
2015 2694 2028 2732 :

433 2768 588 2826 Osius
605 2770 871 2841 episcopus
887 2767 1026 2824 dixit
1050 2783 1064 2823 :
1091 2767 1162 2826 Si
1202 2769 1478 2838 contigerit
1513 2765 1569 2823 in
1604 2783 1711 2822 una
1751 2767 2032 2837 provincia

433 2857 612 2930 inqua
631 2858 837 2928 fuerint
859 2857 1086 2930 plurimi
1099 2859 1342 2928 episcopi,
1390 2871 1557 2911 unum
1589 2855 1732 2926 forte
1757 2869 2031 2909 remuncre

431 2948 748 3018 episcopum,
776 2947 992 3006 illevero
1009 2963 1111 3018 per
1139 2943 1514 3015 negligentiam
1527 2943 1755 3000 noluerit
1775 2942 2028 2998 ordinare

433 3037 754 3106 episcopum,
803 3041 853 3090 et
890 3033 1081 3107 pepuli
1120 3033 1454 3088 convenerint
1527 3032 1790 3104 episcopos
1843 3031 2031 3084 vicine

429 3123 737 3198 provincia,
768 3123 952 3178 debere
980 3122 1130 3177 illum
1145 3123 1302 3193 prius
1331 3120 1601 3176 conveniri
1613 3121 1911 3190 episcOpum
1932 3119 2030 3189 qui

2139 2426 2300 2478 tomo
2320 2423 2821 2478 decretalilectum
2844 2425 2930 2477 est
2949 2439 2962 2476 :
2986 2421 3120 2477 Oves
3139 2439 3260 2492 ergo
3289 2424 3638 2494 quaepastori
3657 2439 3756 2477 suo

2135 2512 2424 2572 commissa
2451 2510 2678 2580 fuerint,
2717 2527 2836 2564 eum
2860 2527 2952 2564 nec
2983 2509 3373 2581 reprehendere,
3400 2510 3520 2576 nisi
3539 2527 3575 2562 a
3609 2515 3759 2566 recta

2123 2598 2228 2668 fide
2261 2599 2662 2666 exorbitaverit,
2685 2598 2892 2666 debent,
2911 2615 3003 2654 nec
3031 2598 3322 2652 ullatemus
3347 2614 3606 2652 accusare
3627 2615 3757 2670 pos-

2129 2692 2291 2750 sunt;
2323 2685 2458 2758 quia
2477 2686 2628 2741 facta
2657 2688 2958 2758 pastorum
2993 2686 3114 2742 ovis
3148 2693 3217 2729 ισι
3249 2685 3442 2758 gladio
3471 2685 3759 2740 ferienda

2137 2792 2254 2830 non
2273 2779 2786 2848 sunt,quamquam
2801 2778 2954 2831 recte
2975 2775 3462 2846 reprehendenda
3507 2774 3758 2838 videan-

2135 2863 2422 2918 tur.Certe
2438 2863 2528 2920 hic
2543 2865 2746 2918 Paulus
2761 2881 2794 2918 a
2808 2863 2921 2918 suis
2936 2863 3225 2931 ovibus,id
3245 2866 3329 2918 est
3341 2879 3376 2917 a
3390 2863 3505 2916 suis
3525 2863 3762 2918 clericis

2133 2951 2518 3023 reprehensus
2546 2954 2602 3006 et
2630 2955 2924 3006 accusatus
2955 2954 3060 3020 est,
3093 2969 3212 3006 non
3245 2951 3316 3008 dc
3369 2950 3484 3004 fide
3527 2951 3636 3006 sed
3688 2951 3762 3006 de

2133 3039 2418 3111 corporali
2449 3039 2714 3094 crimine.
2742 3042 2804 3094 In
2865 3041 2970 3094 hac
3003 3041 3195 3112 itaque
3264 3040 3766 3096 decretorum-ve.

2135 3142 2430 3181 canonum
2458 3125 2736 3180 varietate
2752 3127 2860 3180 hoc
2887 3127 3316 3182 observandum
3335 3128 3444 3192 est,
3469 3129 3535 3179 ut
3557 3142 3763 3181 causa-

438 3211 496 3266 in
519 3211 701 3268 eadem
715 3213 996 3284 provincia
1021 3217 1283 3278 moratur,
1300 3203 1364 3265 et
1388 3207 1658 3264 ostendere
1677 3207 1820 3280 quod
1836 3204 2034 3278 populi
2069 3203 2116 3263 C
2136 3231 2268 3270 rum
2298 3217 2535 3268 eventus
2563 3213 2742 3272 ﬁnem
2793 3213 3076 3286 accipiant,
3105 3215 3271 3285 juxta
3298 3223 3366 3256 ιω
3388 3213 3762 3285 aequitatem,

429 3304 620 3372 petant
669 3300 779 3356 sibi
813 3307 1084 3370 rectorem,
1118 3299 1292 3354 ethoc
1325 3299 1539 3368 justum
1567 3311 1696 3363 esse,
1747 3300 1885 3348 utet
1937 3295 2040 3365 ipsi

437 3389 678 3457 veniant,
711 3395 910 3446 etcum
957 3393 1065 3462 ipso
1103 3386 1350 3444 ordinent
1403 3389 1723 3458 episcopum.
1783 3381 1940 3450 Quod
1994 3385 2043 3436 si

433 3483 714 3536 conventus
735 3478 934 3535 litteris
961 3479 1206 3544 tacuerit,
1237 3483 1288 3531 et
1331 3473 1772 3539 dissimulaverit,
1801 3469 2042 3543 nihilque

437 3565 778 3638 responderit,
825 3572 949 3622 tunc
1021 3564 1458 3637 satisfaciendum
1537 3577 1641 3616 esse
1689 3559 1926 3632 populis,
1985 3564 2044 3612 ut

439 3656 652 3711 veniant
675 3672 740 3710 ea:
785 3657 970 3711 vicinis
1018 3653 1314 3727 provinciis
1346 3657 1396 3706 et
1424 3651 1670 3706 ordinent
1722 3650 2040 3719 episcopum.

435 3741 600 3798 Juxta
627 3744 795 3817 hujus
823 3744 1125 3800 sententiae
1155 3746 1446 3807 tenorem,
1476 3737 1550 3793 ad
1570 3735 1916 3808 petitionem
1947 3751 2048 3807 po-

439 3832 712 3905 pulorum
733 3833 806 3888 ab
840 3830 1209 3904 episcopiset
1230 3826 1494 3902 principe
1523 3827 1840 3880 conventus
1853 3826 1958 3889 est,
1987 3827 2048 3876 ut

440 3937 542 3978 sua
556 3919 897 3977 auctoritate
915 3915 1186 3975 Arnulfus
1206 3915 1620 3986 deponeretur,
1657 3915 1715 3966 et
1743 3911 1889 3966 alter
1914 3909 2045 3966 sub-

437 4011 789 4066 stitueretur.
827 4007 971 4072 Quia
999 4022 1138 4078 ergo
1186 4004 1503 4059 conventus
1523 3998 1734 4055 litteris
1757 3999 1957 4066 tacuit,
1991 4001 2049 4054 et

437 4093 1048 4162 dissimulavit,etnihil
1075 4090 1554 4164 respondit,nunc
1571 4087 2052 4143 satisfaciendum

440 4201 576 4240 esse.
592 4183 818 4256 populis
837 4184 1133 4248 censeo,ut
1156 4178 1407 4252 episcopi
1439 4176 1537 4250 qui
1563 4193 1637 4232 ex
1659 4176 1859 4231 vicinis
1909 4192 2044 4248 pro-

442 4271 640 4329 vinciis
662 4273 1078 4332 convenerunt,
1105 4272 1163 4325 et
1185 4268 1340 4324 hunc
1367 4263 1696 4334 Amulium,
1745 4264 1790 4320 si
1823 4264 2050 4336 deposi-

445 4361 604 4418 tione
621 4360 944 4434 dignusest,
967 4357 1346 4432 deponant,et
1365 4356 1410 4411 si
1439 4356 1590 4411 forte
1607 4353 1705 4428 qui
1729 4353 1930 4408 domui
1950 4353 2054 4408 Dei

447 4465 692 4523 prmesse
711 4448 888 4522 possit
909 4449 1169 4520 repertus
1194 4448 1300 4513 est,
1321 4445 1657 4516 episcopum
1676 4442 2050 4498 constituant.

449 4539 519 4594 Et
547 4536 824 4612 quoniam
849 4539 1125 4592 Damasus
1141 4534 1544 4607 episcoporum
1569 4547 1799 4586 summa
1815 4530 2056 4602 negotia

453 4623 1211 4699 metropolitanisdiscutere
1227 4620 1511 4690 concedit,
1532 4618 1944 4674 deﬁnitionem
1961 4634 2056 4673 eo-

452 4731 590 4772 rum
607 4730 725 4770 suaz
753 4712 1024 4785 potestati
1072 4710 1366 4779 attribuit;
1398 4711 1644 4764 Damaso
1677 4705 1915 4779 quidem
1937 4722 2054 4761 non

449 4801 788 4870 resistimus,
819 4801 920 4858 sed
955 4801 1230 4874 scriptum
1252 4797 1405 4856 beati
1425 4794 1684 4869 Gregorii
1705 4794 1767 4848 in
1794 4794 2056 4864 medium

451 4889 799 4965 proferimus
827 4907 842 4946 :
875 4889 1064 4957 Lator,
1087 4890 1286 4962 inquit,
1309 4885 1655 4959 praesentium
1677 4881 1969 4938 Nemesion
1989 4881 2060 4937 ad

454 4997 548 5040 nos
573 4978 1085 5047 veniens,indicavit
1107 4975 1347 5032 Paulum
1389 4972 1662 5028 Deaclina'
1693 4979 1766 5014 ιοο
1822 4971 2054 5026 civitatis

455 5083 772 5142 episcopum,
804 5069 940 5122 inter
967 5067 1076 5122 alia
1103 5063 1249 5120 mala
1297 5065 1355 5117 in
1402 5059 1670 5132 corporali
1693 5059 1922 5114 crimine
1970 5057 2055 5114 la-

450 5173 627 5230 psum,
659 5174 693 5210 a
717 5158 826 5213 suis
839 5156 1007 5228 fuisse
1031 5153 1230 5212 clericis
1244 5156 1574 5211 accusatum,
1589 5146 1942 5220 atquehabita
1971 5163 2058 5203 co-

458 5246 714 5315 gnitione,
743 5244 849 5312 ita,
875 5243 1016 5315 quod
1041 5243 1155 5298 sine
1205 5239 1384 5296 dolore
1414 5237 1584 5293 dicere
1613 5253 1720 5290 non
1755 5251 2058 5307 possumus.

459 5333 725 5402 claruisse,
757 5339 914 5403 atque
948 5333 1156 5403 insuper
1164 5336 1451 5402 postquam
1479 5327 1748 5382 convictus
1773 5331 1868 5391 est,
1903 5325 2064 5377 etiam

2142 3301 2312 3359 nullis
2336 3301 2674 3360 animorum.
2700 3301 3236 3374 perturbationibus
3267 3301 3601 3373 improvide
3663 3303 3764 3357 ad-

2148 3390 2357 3448 mixtis.
2385 3391 2453 3444 Et
2481 3389 2758 3462 quoniam
2791 3390 3005 3446 summi
3027 3389 3688 3463 negotiidiscussionem
3704 3394 3768 3444 et

2114 3478 2546 3552 .deﬁnitionem
2573 3495 2608 3532 a
2635 3478 3086 3549 metropolitano
3123 3478 3765 3551 prirnmlustitianmfa-

2143 3572 2296 3624 ctam
2313 3567 2483 3622 fuisse
2501 3565 3218 3638 cognovimus,doccamus
3230 3567 3404 3622 etiam
3419 3567 3766 3639 nunc,quod

2145 3656 2426 3728 episcopis
2457 3654 2634 3710 etiam
2661 3671 2896 3710 suorum
2919 3655 3510 3726 metropolitanorum
3527 3671 3768 3716 summa

2147 3745 2380 3818 negotia
2401 3744 2681 3799 discutere
2696 3743 2880 3798 liceat.
2904 3744 3118 3799 Scribit
3141 3744 3283 3798 item
3304 3743 3619 3816 Gregorius
3631 3744 3766 3800 uni-

2147 3836 2324 3892 versis
2375 3834 2677 3908 episcopis-
2715 3834 2942 3890 concilii
2973 3834 3218 3889 Vizachii
3254 3851 3266 3888 :
3299 3833 3484 3902 Sicut,
3546 3835 3764 3908 inquit,

2149 3924 2411 3980 laudabile
2463 3924 2848 3996 discretumque
2901 3929 2996 3992 est,
3031 3925 3376 3978 reverentiam
3407 3928 3459 3979 et
3509 3923 3768 3979 honorem

2147 4013 2380 4070 debitum
2435 4011 2674 4066 exhibere
2719 4011 3012 4083 prioribus,
3049 4013 3127 4067 ita
3185 4011 3528 4084 rectitudinis
3577 4011 3628 4067 et
3656 4011 3769 4067 Dei

2151 4103 2356 4156 timoris
2379 4107 2473 4166 est,
2499 4102 2548 4154 si
2568 4117 2676 4173 qua
2707 4102 2767 4155 in
2783 4117 2867 4155 eos
2919 4101 3257 4156 correctionis
3311 4100 3574 4170 indigent,
3609 4101 3763 4156 nulla

2150 4189 2573 4256 dissimulatione
2621 4195 2980 4260 postponere;
3033 4205 3099 4244 ne
3165 4195 3354 4254 totum,
3401 4188 3545 4260 quod
3602 4188 3764 4256 absit,

2151 4295 2337 4350 corpus
2363 4277 2588 4348 incipiat
2635 4275 2848 4330 morbus
2869 4275 3138 4343 invadere,
3190 4275 3238 4331 si
3291 4276 3479 4346 tangor
3528 4285 3600 4320 1⁸³
3658 4293 3768 4337 non

2149 4367 2320 4437 fuerit
2342 4371 2560 4420 curatus
2584 4367 2641 4418 in
2683 4365 2878 4436 capite.
2911 4365 3052 4421 Ante
3076 4364 3307 4426 multum
3333 4365 3600 4437 siquidem
3628 4372 3764 4426 tem-

2145 4457 2294 4526 poris
2341 4453 2582 4526 quaedam
2629 4451 2700 4507 ad
2750 4470 2846 4507 nos
2887 4452 2950 4507 de
2984 4453 3159 4522 fratre
3215 4459 3392 4508 nostr‘o
3443 4451 3767 4523 Clementia,

2147 4537 2383 4608 primate
2412 4539 2602 4594 vestro,
2615 4531 2828 4602 perlata
2878 4538 3024 4600 sunt,
3066 4550 3184 4603 quae
3212 4549 3302 4588 cor
3350 4539 3600 4588 nostrum
3659 4551 3769 4590 non

2155 4614 2359 4670 modico
2388 4628 2588 4667 merore
2607 4611 2978 4682 transfigerent
3001 4629 3018 4677 ;
3045 4612 3134 4667 sed
3149 4613 3512 4683 prementibus
3537 4613 3772 4668 diversis

2157 4701 2676 4767 tributationibus,et
2696 4701 2928 4754 maxime
2944 4701 3480 4757 circumsaevientibus
3503 4701 3768 4769 hostibus,

2155 4807 2215 4846 ea
2245 4791 2394 4846 nobis
2418 4805 2524 4844 non
2549 4789 2662 4858 fuit
2681 4790 2912 4860 spatium
2942 4789 3267 4860 requirendi.
3295 4786 3372 4842 Et
3400 4791 3658 4862 quoniam
3691 4791 3768 4844 ita

2155 4884 2277 4933 sunt
2312 4879 2524 4948 gravia,
2549 4883 2608 4930 ut
2630 4877 2858 4930 transire
2869 4875 3160 4930 indiscussa
3176 4875 3320 4930 nullo
3339 4877 3496 4931 modo
3515 4877 3763 4933 debeant.

2154 4967 2550 5037 fraternitatem
2571 4971 2800 5018 vestram
2823 4965 2902 5018 his
2930 4965 3208 5018 hortamur
3236 4965 3510 5037 aﬂ'atibus,
3541 4973 3604 5021 ut
3639 4983 3765 5020 cum

2157 5056 2306 5124 omni
2329 5053 2682 5108 sollicitudine
2761 5069 2825 5108 ac
2852 5055 3155 5122 vivacitate,
3207 5055 3444 5108 veritatis
3502 5054 3767 5124 indagare

2157 5143 2516 5200 substantiam
2534 5142 2713 5197 multis
2733 5141 2900 5198 modis
2933 5141 3220 5208 debeatur;
3251 5147 3380 5196 etut
3403 5141 3586 5196 audita
3611 5151 3769 5213 sunt,

2159 5231 2360 5288 ultione
2431 5231 2690 5287 canonica
2744 5235 3054 5296 resecentur,
3125 5236 3221 5283 aut
3259 5229 3426 5300 falsa,
3478 5237 3527 5284 et
3574 5230 3770 5300 fratris

2163 5321 2332 5374 nostri
2359 5320 2656 5374 innocentia
2687 5319 2786 5374 diu
2813 5318 2910 5374 sub
2937 5318 3186 5388 nefandae
3213 5319 3476 5390 opinionis
3503 5318 3768 5374 dilacera-

1777 5541 2010 5600 VABUE
2061 5539 2354 5600 LECTION
2359 5540 2461 5598 ES.

501 5765 509 5774 ο
544 5706 612 5744 ιη
649 5702 841 5773 posset
875 5705 929 5758 2.
972 5708 1041 5746 uo
1078 5701 1152 5755 ita
1195 5703 1242 5754 1.
1275 5702 1330 5756 2.
1360 5697 1615 5756 Tentinae
1651 5701 1714 5754 la
1743 5701 1834 5755 2a.
1901 5704 1970 5740 1°!
2011 5695 2124 5752 oris
2152 5699 2185 5752 2
2209 5696 2237 5752 ‘l
2295 5703 2364 5739 ω
2402 5695 2539 5749 deest
2569 5692 2650 5764 2?
2713 5700 2783 5737 108
2811 5691 3060 5762 languor
3091 5694 3143 5748 2.
