3918 6230
221 482 319 541 317

1119 481 1371 540 SPURIA
1405 481 1541 539 AU'l‘
1570 481 1844 541 ALIENA.
1874 480 2121 541 -—ACT.
2167 479 2368 540 GONC.
2407 478 2653 537 BASOL.

3432 483 3561 552 Μῦν

225 604 361 660 tiam
386 617 496 657 non
527 598 735 671 iaceat.
772 599 926 659 Unde
952 619 1019 657 ne
1041 603 1163 675 quis
1182 602 1396 657 desidit!
1421 609 1565 673 tepor
1584 604 1646 661 in
1659 605 1832 674 requi-
1858 605 1915 666 Α
1934 604 2092 677 regis
2116 602 2372 660 amicitia
2408 619 2541 658 usus
2573 600 2745 658 fuisse
2778 601 3075 659 convictus
3096 600 3191 658 est
3209 600 3283 660 ad
3313 602 3539 662 Childe-

227 693 408 747 sitione
442 692 536 757 sit,
567 706 941 746 ammonemus
970 698 1040 734 ιιι
1074 698 1133 745 ut
1164 709 1270 746 non
1300 693 1578 763 cujusdam
1599 709 1836 764 persona:

225 783 291 835 sit
311 780 517 850 gratia,
548 796 662 834 non
690 780 872 849 favor,
905 796 1008 833 non
1051 779 1434 843 blandimenta,
1462 780 1545 833 vel
1571 781 1837 852 quodlibet

224 868 389 934 aliud,
414 883 749 940 quemquam
775 874 1006 922 vestrum
1038 867 1120 921 vel
1150 868 1218 922 ab
1250 868 1330 921 his
1356 885 1476 939 qua
1521 869 1668 922 nobis
1702 887 1836 923 nun-

224 961 357 1012 tiata
384 963 514 1011 sum
554 955 789 1022 molliat,
831 955 914 1009 vel
958 974 990 1009 a
1034 958 1246 1011 tramite
1284 960 1516 1010 veritatis
1566 958 1834 1023 excutiat;

223 1046 309 1100 sed
360 1044 773 1101 sacerdotaliter
820 1044 892 1098 ad
947 1045 1371 1115 investigandum
1426 1063 1512 1099 vos
1564 1049 1837 1102 ceritatem

216 1142 440 1208 propter
457 1133 643 1188 Deum
671 1134 953 1201 accingite.
977 1132 1127 1188 Nam
1154 1135 1201 1186 si
1228 1137 1344 1205 quis
1376 1137 1431 1187 in
1460 1134 1553 1186 hoc
1574 1142 1669 1187 aut
1684 1138 1839 1204 piger

226 1236 344 1286 esse,
371 1227 471 1275 aut
493 1221 856 1291 neglegentem
884 1238 936 1275 se
958 1224 1360 1292 praesumpserit
1392 1222 1651 1289 exhibere,
1686 1223 1838 1275 dictis

224 1311 539 1367 criminibus
584 1309 730 1381 apud
771 1313 1183 1381 omnipotentem
1219 1309 1513 1364 Dominum
1543 1328 1595 1363 se
1637 1312 1839 1365 noverit

222 1413 330 1454 esse
342 1400 697 1470 participem,
730 1397 886 1469 cujus
914 1398 1019 1453 zelo
1036 1397 1107 1452 ad
1114 1400 1531 1468 perscrutandas
1545 1406 1615 1442 ιιι
1631 1399 1841 1454 subtili-

229 1492 308 1540 ter
330 1486 567 1555 nefandi
593 1502 786 1541 causas
817 1487 1073 1547 facinoris
1094 1503 1199 1541 non
1222 1493 1477 1541 movetur.
1513 1486 1686 1541 Ethic
1712 1503 1840 1558 pro-

224 1575 379 1631 fecto
429 1574 840 1646 intelligimus,
876 1576 1094 1630 nullam
1144 1589 1454 1645 personam
1500 1578 1841 1645 peccantem

225 1680 367 1730 esse,
395 1680 531 1734 qua:
551 1662 774 1733 judicio
831 1662 1164 1717 universalis
1209 1662 1478 1717 mcclesias
1508 1679 1625 1718 non
1656 1664 1843 1734 subja-

223 1756 371 1807 ceat.
395 1751 604 1807 Omnis
624 1751 785 1806 enim
801 1750 1183 1806 criminaliter
1200 1753 1645 1823 peccans,velut,
1663 1752 1743 1807 ita
1763 1752 1843 1807 di-

224 1856 377 1905 cam,
398 1841 704 1905 alteratus,
728 1842 787 1895 et
807 1840 970 1911 quasi
992 1839 1215 1909 legibus
1227 1840 1415 1910 capite
1434 1840 1628 1894 minor
1648 1857 1840 1894 cense-

223 1932 339 1983 tur.
361 1929 685 1983 Accusatur
706 1928 857 2000 apud
880 1928 1117 1983 beatum
1139 1936 1207 1970 m
1233 1928 1574 2000 Gregorium
1602 1929 1845 1983 Lucilius

220 2016 417 2072 Militia
454 2023 611 2060 167-08
642 2016 756 2087 (41)
787 2016 1028 2071 civitatis
1059 2016 1379 2087 episcopus,
1411 2020 1469 2071 et
1498 2034 1565 2071 ex
1592 2017 1844 2088 epistolis

223 2104 634 2177 coepiscorum
666 2104 827 2159 illata
854 2105 1099 2159 crimina
1120 2120 1251 2158 vera
1277 2122 1395 2159 esse
1428 2105 1741 2175 cognoscit.
1770 2104 1846 2158 Et

222 2192 717 2264 ideo,inquit,quia
738 2193 885 2246 tanti
906 2192 1163 2261 facinoris
1188 2192 1317 2245 ultio
1346 2192 1495 2246 nulla
1525 2193 1672 2247 debet
1704 2193 1844 2246 dila-

221 2282 611 2355 abscedi/ferri,
616 2283 929 2355 fraternitas
949 2290 1120 2338 vestra
1139 2288 1241 2337 tres
1259 2283 1341 2336 vel
1362 2288 1620 2355 quattuor
1639 2283 1702 2337 de
1721 2285 1840 2353 fra-

217 2372 394 2428 tribus
413 2389 481 2426 ac
519 2371 978 2427 consacerdotibus
999 2372 1103 2425 sibi
1119 2374 1309 2427 nostris
1335 2372 1604 2438 adhibeat,
1626 2378 1685 2425 ut
1717 2373 1843 2443 ipsis

220 2477 436 2533 quoque
454 2459 839 2532 praesentibus,
861 2460 1121 2530 prwdicta
1150 2477 1213 2514 ac
1262 2461 1546 2530 satis/acta
1602 2462 1845 2533 veritate,

208 2549 550 2621 praedictum
581 2547 855 2604 Lucillum
884 2548 947 2602 de
985 2549 1308 2619 episcopatus
1336 2548 1518 2602 ordine
1537 2590 1551 2619 ,
1572 2565 1724 2619 quem
1743 2550 1845 2604 hu-

214 2638 311 2708 ius
335 2638 571 2704 sceleris,
598 2639 908 2707 contagium
933 2637 1245 2705 maculavit,
1276 2638 1483 2691 studeat
1533 2639 1646 2691 sine
1674 2638 1844 2693 ambi-

217 2728 435 2796 guitate
470 2727 751 2798 deponere.
799 2725 1175 2797 Progreditur
1204 2726 1373 2794 ultra,
1403 2731 1460 2780 et
1504 2725 1562 2780 in
1594 2727 1848 2782 conscios

223 2814 553 2869 criminum
567 2813 806 2883 dignam
827 2814 1090 2868 Romano
1114 2813 1383 2885 pontifice
1399 2814 1751 2869 sententiam
1764 2814 1851 2885 ja-

222 2904 456 2958 culatur
474 2920 493 2955 :
519 2901 663 2968 Quia
683 2918 828 2965 vero,
859 2901 1057 2974 inquit,
1077 2902 1363 2972 presbiteri
1388 2902 1475 2959 vel
1492 2903 1704 2957 diaconi
1730 2904 1848 2974 qui-

222 2992 355 3046 dam
404 2990 647 3064 proditae
689 2991 995 3063 iniquitatis
1032 2992 1196 3060 fuisse
1232 2993 1431 3046 conscii
1463 3008 1525 3045 ac
1559 2992 1851 3062 participes

226 3086 629 3144 memorantur,
648 3081 906 3133 sanctitas
919 3091 1087 3133 vestra
1103 3079 1290 3133 subtili
1312 3079 1658 3148 indagatione
1677 3079 1849 3134 discu-

231 3170 354 3235 tiat,-
387 3176 439 3225 ct
472 3171 521 3221 si
567 3170 644 3220 ita
692 3169 994 3239 reppererit,
1014 3168 1082 3220 ab
1106 3168 1316 3221 honoris
1342 3169 1430 3221 sui
1455 3174 1505 3221 et
1534 3169 1666 3238 ipsos
1709 3168 1850 3221 simi-

1876 1890 1925 1948 Β

1934 691 2084 749 berti
2110 692 2264 765 regis
2293 691 2378 748 sui
2396 690 2822 759 inﬁdelitatem,
2846 691 2903 748 in
2927 691 3068 747 urbe
3078 691 3385 749 Mettensia
3402 693 3536 750 Gal-

1938 781 2146 835 liarum
2192 780 2473 851 episcopis
2515 778 2827 853 depositus,
2862 780 3018 852 apud
3058 782 3534 850 Argentoratum,

1938 885 2064 941 quae
2077 884 2229 923 nunc
2246 867 2634 938 Strateburgis
2651 867 2873 937 dicitur,
2890 871 3169 941 perpetuo
3184 868 3351 925 exilio
3367 870 3532 927 dam-

1936 959 2145 1030 pnatus
2164 961 2267 1024 est;
2296 957 2384 1011 cui
2402 974 2533 1011 mox
2550 956 2868 1019 Romulius,
2893 956 3030 1029 Lupi
3050 957 3209 1013 ducis
3226 957 3534 1030 illius,jam

1938 1047 2222 1117 presbiter
2239 1046 2629 1113 substituitur;
2654 1063 2759 1101 nec
2780 1063 3030 1117 magnus
3057 1046 3383 1117 Gregorius.
3416 1047 3534 1120 pri-

1938 1133 2127 1204 vilegii
2166 1135 2442 1189 Romanae
2462 1134 2730 1190 (ecclesia:
2752 1135 3065 1189 acerrimus
3077 1134 3527 1208 defensor,quic-

1940 1239 2115 1294 quam
2148 1239 2252 1293 pro
2285 1224 2373 1278 his
2398 1226 2496 1279 aut
2534 1225 2738 1278 contra
2777 1224 2900 1277 haec
2944 1223 3146 1279 dixisse
3185 1223 3531 1296 repperitur.

1940 1312 2057 1366 Eho
2081 1312 2282 1380 etiam,
2305 1312 2567 1381 ejusdem
2593 1312 2895 1368 Remensis
2908 1312 3178 1367 aacclesiai
3203 1312 3537 1384 metropoli-

1941 1403 2130 1465 tanus,
2154 1400 2227 1454 ob
2246 1399 2466 1455 crimen
2489 1399 2665 1471 regias
2680 1399 2996 1471 maiestatis
3016 1399 3169 1471 apud
3189 1399 3541 1457 Theodonis-

1939 1487 2133 1542 villam
2158 1495 2226 1530 "8
2256 1503 2290 1542 a
2318 1488 2629 1543 Galliarum
2661 1488 2941 1560 epiSCOpis
2969 1489 3300 1561 deponitur,
3332 1490 3536 1560 longe-

1942 1591 2053 1647 que
2085 1578 2213 1647 post
2242 1592 2276 1630 a
2304 1576 2540 1630 Nicolao
2572 1593 2721 1648 papa
2757 1576 3033 1648 requisita
3061 1579 3119 1630 et
3155 1576 3389 1649 cognita
3418 1576 3541 1647 ejus

1944 1663 2225 1735 depositio
2257 1667 2361 1729 est,
2386 1680 2450 1718 ac
2464 1664 2673 1719 deinde
2692 1664 2941 1735 aSergio
2965 1664 3356 1720 corroborata.
3393 1663 3541 1729 Quid

1944 1769 2083 1823 ergo
2100 1752 2288 1806 ?Num
2306 1751 2533 1807 Damasi
2547 1752 2779 1807 decreta
2799 1752 3277 1825 dampnabimus?
3287 1751 3539 1809 Minime.

1946 1839 2057 1894 Sed
2074 1839 2135 1892 in
2154 1838 2336 1892 causis
2360 1839 2673 1894 latentibus
2698 1844 2753 1894 et
2774 1840 2831 1895 in
2857 1841 3061 1912 quibus
3090 1841 3163 1895 ob
3191 1840 3546 1913 magnitudi-

1946 1944 2082 1982 nem
2107 1928 2190 1981 sui
2198 1928 2353 1999 justa
2366 1928 2698 1999 provocatio
2717 1928 2801 1996 ﬁt,
2822 1929 2896 1984 ad
2910 1928 3226 1986 universale
3238 1928 3547 1984 concilium

1944 2018 2035 2072 vel
2056 2016 2130 2071 ad
2156 2018 2465 2072 Damasum
2496 2034 2879 2084 recurremus,
2913 2016 3176 2073 si-tamen
3197 2034 3330 2073 eum
3352 2018 3553 2073 Romae

1946 2105 2298 2161 commorari
2328 2106 2707 2174 audierimus;
2740 2105 3000 2178 quamvis
3028 2106 3204 2162 etiam
3238 2106 3313 2161 ad
3339 2106 3550 2161 Dama-

1945 2210 2073 2248 sum
2113 2193 2441 2264 provocatio
2477 2193 2758 2251 Africanis
2802 2194 3132 2249 inhibeatur
3175 2192 3446 2261 conciliis,
3487 2196 3551 2253 ut

1946 2282 2208 2356 superius
2229 2282 2450 2337 dictum
2467 2286 2524 2337 et
2543 2282 2731 2337 adhuc
2750 2281 3061 2337 dicendum
3076 2284 3180 2337 est.
3195 2283 3269 2339 At
3287 2281 3348 2337 in
3364 2282 3549 2343 causis

1947 2371 2303 2427 evidentibus
2327 2374 2386 2424 et
2412 2371 2472 2426 in
2500 2370 2709 2443 quibus
2729 2371 2803 2426 ad
2848 2372 3175 2427 Romanum
3215 2370 3549 2443 episcopum

1947 2462 2107 2516 nulla
2132 2459 2461 2533 provocatio
2489 2460 2573 2527 ﬁt,
2605 2458 3050 2531 provincialibus
3075 2460 3164 2515 vel
3182 2459 3549 2532 comprovin-

1948 2548 2182 2603 cialibus
2233 2550 2464 2603 utemur
2493 2546 2766 2603 conciliis.
2809 2547 2974 2612 Quod
3013 2546 3191 2605 etiam
3233 2548 3556 2605 Autiocena

1948 2635 2184 2691 sinodus
2212 2637 2356 2691 velle
2377 2635 2604 2691 videtur
2628 2634 2877 2707 capitulo
2913 2636 3006 2692 14⁰
3040 2653 3054 2692 :
3080 2635 3148 2694 Si
3174 2638 3313 2708 quis,
3344 2635 3552 2709 inquit.

1948 2727 2212 2797 episcopus
2241 2724 2304 2779 de
2332 2725 2597 2797 aliquibus
2628 2727 2804 2782 causis
2854 2725 3231 2782 criminalibus
3266 2727 3322 2780 in
3341 2725 3552 2796 judicio

1948 2814 2308 2884 episcoporum
2334 2813 2500 2881 fuerit
2530 2820 2600 2855 1⁸η
2626 2820 2925 2881 accusatus,
2965 2817 3243 2886 contingat
3284 2820 3462 2870 autem
3491 2814 3554 2870 de

1953 2903 2076 2971 ipsis
2099 2901 2352 2972 episcopis
2372 2904 2661 2972 provintiae
2686 2904 2781 2975 qui
2806 2910 3183 2972 convenerunt,
3204 2903 3437 2960 diversas
3464 2903 3557 2958 ha-

1957 2990 2072 3044 bere
2101 2992 2407 3057 sententias,
2450 2996 2499 3044 et
2535 2991 2667 3046 alios
2695 2990 2907 3063 quidem
2934 2993 3267 3050 innocentem
3292 3008 3414 3051 eum
3429 3009 3557 3065 pro-

1952 3079 2229 3145 nuntiare,
2260 3079 2391 3133 alios
2418 3096 2566 3134 reum
2593 3098 2605 3135 :
2629 3087 2849 3151 propter
2885 3082 3194 3152 huiusmodi
3229 3084 3407 3154 itaque
3430 3099 3553 3138 con-

1955 3169 2265 3225 troversiam
2296 3167 2697 3238 amputandam,
2734 3168 2946 3238 placuit
2988 3176 3185 3225 sanetae
3211 3170 3412 3240 synodo
3451 3187 3557 3225 me-

234 3229 363 3312 liter
373 3256 561 3327 gradu
579 3229 818 3326 defieret,
839 3262 888 3310 et
909 3258 964 3309 in
981 3229 1339 3322 monasteriis,
1360 3256 1456 3309 ubi
1466 3229 1624 3325 digne
1642 3257 1854 3312 valeant
1883 3229 1931 3291 Ο
1958 3254 2342 3325 tropolitanum
2370 3229 2668 3326 episcopum
2683 3229 2916 3311 alterius
2939 3229 3441 3328 vicina-provincia
3457 3257 3554 3312 ad—

232 3362 390 3415 agere
409 3345 807 3416 paenitentiam,
835 3344 1168 3413 deputentur.
1215 3345 1339 3399 Non
1365 3344 1552 3399 adhuc
1583 3344 1717 3399 satis
1744 3348 1850 3413 est,

236 3433 374 3506 quia
393 3433 506 3488 scit
537 3432 760 3487 dictum
801 3431 1091 3487 Iezechieli
1126 3440 1196 3474 ιω
1228 3433 1526 3504 propheta:
1559 3449 1572 3487 :
1610 3431 1725 3486 Fili
1759 3433 1852 3486 ho-

236 3524 417 3588 minis,
435 3521 673 3594 per/ode
691 3524 954 3592 parietem
989 3520 1201 3591 (Ezech.
1240 3521 1365 3591 xu.)
1391 3552 1458 3560 —
1490 3544 1517 3571 «
1553 3520 1665 3575 Sed
1696 3520 1851 3593 quia,

237 3608 448 3682 inquit,
476 3626 584 3683 per
595 3610 702 3665 hos
718 3610 885 3665 multi
906 3610 1075 3681 hujus
1096 3611 1224 3666 labe
1238 3610 1458 3681 peccati
1481 3610 1756 3683 perhibeo
1767 3614 1857 3664 tur

239 3715 359 3754 esse
389 3698 676 3770 conlapsi,
709 3702 946 3754 cunctos
985 3699 1084 3771 qui
1116 3699 1198 3754 rei
1228 3707 1298 3742 ιτο
1342 3716 1465 3754 esse
1513 3698 1854 3767 claruerint,

237 3787 531 3844 Dominici
557 3786 816 3857 corporis
835 3803 901 3840 ac
915 3786 1208 3858 sanguinis
1221 3785 1658 3858 participatione
1672 3787 1857 3858 priva-

239 3892 301 3930 re
329 3893 431 3931 vos
446 3875 738 3931 convenit.
773 3896 800 3923 »
825 3876 965 3930 Ecce
990 3875 1082 3930 hic
1102 3874 1408 3947 Gregorius
1429 3891 1546 3929 non
1577 3875 1760 3929 nutrit
1779 3876 1859 3930 vi-

240 3963 342 4029 tia,
362 3963 468 4019 sed
499 3964 786 4035 amputat.
822 3961 971 4026 Quid
990 3964 1075 4016 est
1100 3960 1256 4015 enim
1278 3961 1432 4016 aliud
1464 3961 1534 4015 de
1547 3961 1862 4017 manifestis

241 4051 493 4124 peccatis
528 4054 745 4118 tacere,
780 4067 960 4122 quam
1005 4052 1221 4106 scelera
1253 4048 1515 4105 nutrire?
1562 4049 1673 4104 Sed
1701 4054 1857 4120 esto;

244 4142 540 4196 taceamus
562 4138 634 4193 de
650 4138 739 4192 his
755 4138 814 4193 in
836 4138 1044 4210 quibus
1062 4154 1235 4193 nemo
1256 4154 1315 4192 se
1332 4137 1445 4193 ledi
1465 4138 1856 4209 conqueritur;

246 4229 381 4300 quid
406 4227 593 4284 acturi
624 4227 866 4290 erimus,
898 4228 944 4282 si
988 4228 1197 4283 armati
1229 4228 1401 4283 duces
1430 4228 1675 4300 genialis
1728 4228 1860 4284 lecti

245 4319 532 4373 nocturna
550 4316 705 4370 furta
719 4315 1238 4386 deprehenderint?
1253 4315 1309 4370 Si
1326 4315 1457 4370 irati
1475 4332 1642 4387 reges
1664 4333 1864 4389 quem-

244 4404 385 4461 libet
414 4407 685 4460 nostrum
708 4403 1026 4473 majestatis
1056 4420 1221 4459 reum
1264 4403 1660 4459 convicerint?
1692 4405 1860 4469 Quid,

1954 3344 2138 3396 vocari
2164 3349 2213 3396 et
2243 3343 2542 3413 aliquantos
2568 3360 2689 3396 cum
2720 3361 2778 3397 eo
2805 3347 3065 3416 episcopos
3094 3345 3226 3401 alios
3247 3374 3265 3413 ,-
3297 3348 3393 3419 qui
3407 3363 3558 3418 pari-

1958 3435 2035 3482 ter
2060 3429 2356 3495 residentes,
2388 3446 2731 3501 quaecumque
2774 3431 3003 3499 fuerint,
3034 3432 3292 3490 dirimunt
3318 3435 3559 3507 quaestio-

1956 3533 2096 3583 nem,
2112 3524 2333 3587 propter
2375 3518 2491 3583 hoc,
2524 3523 2584 3570 ut
2611 3519 2830 3586 firmum
2874 3522 2943 3573 sit
2976 3520 3271 3590 iudicium,
3301 3523 3442 3594 quod
3490 3523 3556 3577 ab

1956 3606 2126 3660 unius
2144 3604 2444 3675 provinciae
2454 3606 2702 3676 episcopis
2720 3606 2887 3675 fuerit
2903 3608 3556 3678 promulgatum.Quam-
3601 3604 3605 3608 ’

1958 3693 2041 3749 vis
2059 3697 2117 3748 et
2134 3693 2245 3748 hoc
2262 3692 2573 3749 concilium
2596 3693 2752 3765 quod
2774 3693 2845 3748 de
2867 3694 3090 3766 privata
3107 3694 3431 3767 coepiscopi
3453 3714 3562 3754 no-

1960 3781 2063 3838 stri
2093 3798 2265 3837 causa
2292 3780 2504 3853 agitur,
2533 3780 2853 3837 universale
2885 3781 3066 3838 videri
3098 3782 3328 3851 debeat,
3362 3786 3559 3855 utpote

1962 3870 2214 3943 plurium
2228 3869 2653 3942 provinciarum
2660 3869 2878 3941 judicia
2894 3869 3217 3927 continens.
3241 3872 3309 3927 Et
3319 3888 3393 3937 ne
3411 3871 3561 3928 forte

1963 3960 2038 4015 ad
2062 3958 2337 4031 placitum
2359 3956 2518 4029 loqui
2536 3957 2839 4015 videamur
2850 3962 3228 4031 veterumque
3248 3959 3563 4021 sententias

1964 4049 2117 4103 male
2139 4045 2529 4117 interpretari,
2544 4046 2738 4102 audite
2758 4046 2896 4120 quid
2913 4046 3047 4103 hinc
3068 4048 3279 4105 sentiat
3294 4048 3561 4109 Hincma-

1963 4153 2059 4190 rus
2073 4134 2897 4208 Remorum'arcbiepiscopus,
2914 4138 2972 4191 et
3006 4136 3066 4193 in
3101 4138 3235 4210 lege
3249 4136 3352 4194 Dei
3372 4136 3565 4195 erudi-

1963 4222 2233 4278 tissimus.
2255 4222 2524 4277 Scribens
2540 4222 2698 4278 enim
2715 4223 2790 4278 ad
2807 4224 3105 4280 Nicolaum
3134 4242 3353 4299 papam
3378 4224 3459 4282 ita
3472 4225 3562 4283 in-

1964 4311 2124 4383 quit:
2148 4310 2309 4366 Absit
2335 4329 2368 4365 a
2410 4311 2579 4378 nobis,
2606 4317 2666 4364 ut
2686 4312 3040 4383 privilegium
3055 4315 3250 4385 primae
3274 4320 3330 4371 et
3346 4331 3565 4371 summa:

1961 4400 2096 4454 sedis
2125 4406 2321 4453 sanctae
2344 4398 2608 4454 Romanae
2655 4399 2902 4455 ecclesiae
2937 4401 3211 4474 pontiﬁcis
3250 4420 3354 4474 pro
3390 4405 3467 4467 sic
3495 4410 3565 4445 νη

248 4493 510 4566 inquam,
541 4492 724 4547 acturi
753 4490 991 4558 erimus,
1023 4492 1068 4546 si
1100 4493 1356 4564 quodam
1395 4493 1645 4548 colludio
1674 4493 1862 4563 longis
1953 4487 2429 4559 parvipendamus,
2470 4494 2529 4541 ut
2558 4490 2939 4543 controversias
2968 4498 3017 4544 et
3038 4492 3233 4562 jurgia
3261 4497 3373 4547 tam
3423 4508 3568 4563 supe-

251 4582 612 4654 ambagibus,
640 4579 933 4651 proplexis
959 4579 1414 4635 cavillationibus
1433 4597 1491 4634 se
1514 4580 1706 4636 deludi
1734 4598 1861 4636 sen-
1886 4575 1941 4635 D
1966 4579 2121 4633 rioris
2152 4592 2315 4649 quam
2349 4577 2509 4631 etiam
2556 4576 2837 4647 inferioris
2886 4577 3106 4646 ordinis,
3147 4596 3265 4652 quae
3297 4578 3495 4637 Niceni
3519 4585 3570 4636 et

253 4669 465 4725 serint?
494 4670 644 4723 Num
673 4667 985 4738 eosjudicii
1015 4669 1268 4723 formam
1293 4669 1493 4724 Romae
1512 4668 1757 4740 pecunia
1771 4686 1862 4725 re-

252 4758 584 4831 dempturos
618 4755 856 4827 putatis,
888 4772 1172 4827 reumque
1197 4756 1303 4811 sibi
1332 4757 1690 4820 defuturum,
1721 4758 1863 4829 quin

254 4846 371 4901 auri
389 4849 452 4902 et
468 4843 704 4917 argenti
728 4845 960 4898 montes
980 4844 1256 4899 Romanis
1285 4853 1353 4888 ιτι
1384 4845 1608 4913 offerat,
1635 4845 1680 4900 si
1697 4863 1756 4901 se
1776 4863 1864 4902 re-

254 4934 388 4991 dimi
407 4933 657 5007 pecunia
676 4932 913 5004 speret?
930 4935 1001 4986 At
1022 4933 1065 4986 si
1092 4936 1321 4989 remota
1334 4934 1406 4989 ab
1431 4951 1533 4989 usu
1555 4937 1613 4989 et
1631 4951 1866 4990 consue-

254 5022 443 5079 tudine
469 5024 531 5078 et
554 5019 745 5092 spatio
779 5022 1066 5074 terrarum
1098 5037 1219 5075 esse
1251 5020 1463 5092 putatis
1496 5037 1625 5093 quae
1656 5037 1865 5094 propo-

1965 4668 2140 4721 coeteri
2181 4682 2453 4721 sacrorum
2496 4664 2841 4721 conciliorum
2891 4682 3138 4736 canones,
3176 4672 3226 4724 et
3276 4666 3575 4727 Innocentii

1966 4762 2126 4828 atque
2155 4754 2386 4810 aliorum
2414 4760 2613 4813 sancte
2656 4753 2917 4811 Romanis
2966 4756 3100 4812 sedis
3137 4756 3456 4827 pontiﬁcum
3478 4756 3569 4813 de-

1966 4851 2110 4901 creta
2142 4846 2198 4898 in
2228 4843 2448 4915 synodis
2468 4844 2896 4916 provincialibus
2916 4862 2949 4898 a
2977 4842 3397 4914 metropolitanis
3416 4859 3565 4914 pras-

1966 4935 2169 5005 cipiunt
2202 4933 2498 5001 terminari,
2541 4932 2612 4987 ad
2654 4938 2887 4988 vestram
2911 4947 3175 4986 summam
3201 4931 3574 4989 auctoritatem

1967 5021 2313 5091 fatigandam
2337 5021 2613 5076 ducamus.
2646 5020 2727 5076 At
2754 5022 2804 5075 si
2833 5020 2976 5089 forte
3015 5018 3079 5073 de
3125 5018 3375 5088 episcopis
3411 5034 3574 5076 causa

255 5110 456 5177 nimus,
500 5109 621 5165 sint
648 5106 814 5163 vobis
844 5109 1109 5180 exempla
1138 5126 1170 5163 e
1209 5109 1396 5164 vicino
1426 5109 1869 5182 petita.Egidius
1970 5117 2096 5166 nota
2146 5111 2336 5180 fuerit,
2368 5109 2509 5165 unde
2545 5114 2688 5164 certa
2725 5113 2775 5161 et
2822 5122 3061 5176 cupresso
3093 5107 3152 5159 in
3193 5106 3356 5161 sacris
3384 5107 3575 5176 regulis

255 5203 428 5268 certe,
458 5199 789 5255 Remorum
829 5196 1311 5269 archiepiscopus,
1346 5214 1480 5270 quia
1509 5198 1778 5270 Hilperici
1799 5207 1871 5242 ιη
1969 5218 2077 5255 non
2102 5198 2389 5256 habeamus
2419 5196 2655 5270 judicia,
2697 5200 2747 5250 et
2774 5193 2837 5249 ob
2881 5192 2937 5248 id
2967 5194 3023 5248 in
3038 5192 3371 5264 provinciali
3394 5195 3478 5253 vel
3514 5198 3572 5251 in

1585 5323 1815 5379 νΑΗΙιΕ
1847 5323 2248 5381 LECTIONES.

315 5429 382 5465 1M
413 5422 574 5478 adm.
610 5424 663 5476 2.
720 5427 791 5463 165

821 5436 1048 5491 prreser.
1083 5426 1136 5476 2.
1201 5429 1270 5464 m
1298 5421 1455 5476 deest.
1489 5425 1539 5479 2.
1616 5429 1758 5463 107-08
1785 5422 2022 5477 mellita
2053 5425 2108 5476 2.

250 5510 447 5549 manes
481 5497 531 5548 l.
608 5499 682 5535 ¹τ²
712 5489 1003 5562 obii—periei
1044 5494 1152 5548 alia
1178 5509 1346 5551 mam:
1375 5493 1495 5549 otiis
1524 5495 1685 5548 erasis
1708 5497 1761 5551 2.
1820 5501 1889 5536 1η
1917 5493 2027 5549 fuit
2055 5495 2104 5552 l.

2200 5428 2267 5462 ιω
2295 5416 2561 5490 ezechieli
2592 5420 2644 5473 2.
2732 5423 2801 5459 17°
2838 5415 2963 5490 regi
2986 5434 3125 5477 corr.
3152 5416 3237 5482 rei
3262 5422 3316 5481 2.
3388 5427 3454 5465 m
3475 5436 3573 5478 ro-

2186 5497 2254 5535 m
2291 5486 2501 5544 Persia:
2532 5492 2621 5546 2a.

1821 5610 2024 5668 ΝΟΤΑ.

318 5712 435 5786 (il)
460 5713 658 5769 Multa.
