3918 6230
261 388 361 448 32!

1177 389 1431 450 SPUBIA
1457 380 1593 451 aut
1621 388 1897 453 ALIENA.
1925 424 1997 438 -
2024 390 2174 456 ACT.
2201 396 2405 457 CONC.
2448 397 2689 457 BASOL.

3478 409 3587 468 ω

262 512 361 602 illa
375 527 549 602 jque‘ej
563 509 972 602 adversatust:
1180 513 1457 602 sputaqui
1487 513 1565 602 ad‘
1589 530 1656 602 eia
1677 514 1886 602 ‘confu:
1909 520 1963 579 Α
1994 519 2326 586 monachos,
2354 522 2752 588 suoselerieos,
2776 538 2906 577 suos
2935 523 3190 589 abbates,
3224 527 3429 596 quibus
3460 547 3591 602 quin

259 582 459 655 tand’a
475 582 686 655 adesse
717 583 966 638 minime
993 585 1139 650 vult;
1170 587 1228 637 et
1256 582 1443 638 nullus
1472 584 1715 651 dubitat,
1736 586 1889 655 quod

260 653 343 707 ita
360 654 659 724 judicium
686 672 909 709 nocens
926 655 1287 724 subterfugit,
1305 653 1891 725 quemadmodummt

258 725 626 791 absolvatur,
662 725 763 796 qui
822 730 911 779 est
956 725 1243 796 innocens
1299 724 1521 796 quaerit.
1554 724 1665 778 Sed
1705 731 1891 780 astuta

256 796 567 867 cavillatio
602 795 835 867 eorum,
868 795 964 867 qui
1019 796 1257 867 versutis
1310 795 1601 867 agendum
1648 798 1892 850 credunt

254 882 385 937 esse
408 866 695 933 consiliis,
713 865 1013 937 nunquam
1028 865 1373 921 innocentia;
1394 882 1608 920 nomen
1628 867 1885 936 accipiet.

254 936 600 1008 Conﬁtetur
621 937 783 991 enim
818 936 890 991 de
922 938 1189 991 omnibus
1219 937 1472 1008 quisquis
1492 938 1888 1008 subterfugere

243 1006 552 1078 judicium
567 1008 948 1062 dilationibus
964 1011 1143 1078 putat;
1159 1006 1348 1061 veniet
1371 1006 1563 1061 tamen
1578 1006 1885 1078 aliquando

254 1077 356 1132 ille
385 1081 490 1149 qui
524 1077 1024 1150 talisperhibetur
1043 1079 1101 1131 in
1127 1078 1536 1150 medium,rnec
1552 1077 1784 1150 prodest
1808 1079 1885 1132 illi

255 1149 491 1203 tociens
541 1149 797 1215 latuisse,
842 1149 1059 1203 tociens
1107 1149 1753 1220 subterfugisse,’quem
1802 1150 1885 1203 sui

254 1222 425 1272 actus
442 1224 506 1273 et
527 1236 660 1291 com
674 1220 844 1273 missa
865 1236 1228 1291 quocumque
1250 1219 1482 1289 fugerit,
1502 1237 1570 1274 ea
1588 1219 1716 1291 quat
1735 1220 1883 1289 obji-

255 1290 500 1344 ciuntur
528 1290 609 1344 illi
641 1291 685 1343 si
716 1307 848 1344 vera
871 1295 1007 1344 sunt
1028 1290 1273 1344 crimina
1299 1290 1709 1360 persecuntur;
1745 1293 1808 1343 ut
1836 1291 1881 1343 si

253 1361 466 1414 adesse
488 1361 743 1415 voluerit
765 1378 1036 1431 praesens,
1064 1361 1107 1414 si
1140 1360 1398 1427 conﬁdit,
1432 1361 1504 1415 ad
1536 1361 1762 1431 objecta
1791 1376 1879 1413 re-

254 1432 579 1503 spondeat;
603 1432 760 1503 quod
773 1431 1029 1503 siadesse
1048 1431 1383 1503 neglexerit,
1399 1431 1737 1503 dilationem
1759 1447 1883 1484 sen-

252 1501 464 1555 tentiae
499 1502 573 1555 de
606 1501 872 1556 absentia
890 1519 1005 1556 non
1034 1501 1303 1556 lucretur.
1328 1502 1472 1555 Nam
1506 1502 1879 1556 manifestum

254 1575 347 1644 est
374 1572 805 1644 conﬁterieum
827 1572 898 1625 de
929 1573 1193 1644 crimine,
1213 1572 1309 1644 qui
1332 1571 1556 1644 indultu
1584 1576 1643 1627 et
1662 1571 1881 1644 tociens

255 1643 538 1714 delegato
552 1643 797 1712 judicio,
816 1642 1503 1714 purgandiseo'ccasione
1536 1660 1653 1714 non
1679 1642 1877 1714 utitur.

252 1713 411 1766 Nihil
446 1714 612 1767 enim
646 1714 904 1778 interest,
938 1718 1131 1768 utrum
1178 1713 1237 1767 in
1295 1713 1562 1784 prmsenti
1609 1713 1880 1784 examine

259 1784 470 1837 omnia
490 1802 625 1855 qua:
648 1784 796 1838 dicta
819 1788 953 1837 sunt
968 1782 1439 1855 cou'iprobeutur,
1460 1800 1588 1837 cum
1604 1782 1725 1854 ipsa
1742 1800 1880 1855 quio-

1991 610 2159 662 vellet
2183 610 2495 681 precipere
2526 614 2746 682 posset:
2778 612 3015 683 quod”0
3033 612 3247 666 dictum
3270 615 3463 672 insulsi
3481 619 3590 675 ho-

1994 697 2164 751 minis
2194 714 2314 751 esse
2360 699 2687 767 putabatur.
2723 722 2749 748 «
2788 700 2853 752 Et
2878 699 3179 772 quidnam,
3214 701 3402 773 inquit
3425 706 3594 762 Pater

1989 786 2280 852 Arnulfus,
2340 785 2407 839 iis
2439 795 2505 828 ηι
2548 786 3001 858 praecipiendum
3055 789 3181 844 est?
3212 790 3355 844 Num
3385 794 3448 845 ut
3477 797 3531 847 te
3560 811 3593 849 a

1990 874 2168 943 culpis
2190 874 2490 929 eximant?
2522 883 2590 917 ω
2626 876 2905 947 Equidem
2939 885 3007 920 ιω
3038 877 3084 930 si
3114 893 3218 948 pro
3251 880 3586 937 testimonio

1989 960 2227 1016 ferendo
2256 962 2502 1029 dicis,en
2524 963 2605 1018 tui
2627 964 2896 1035 episcopi,
2928 965 3025 1036 qui
3050 968 3103 1019 te
3133 966 3588 1039 frequenterpro

1987 1050 2317 1121 temetipso,
2355 1054 2414 1104 ut
2445 1051 2516 1105 ad
2548 1051 2815 1106 sinodum
2848 1053 3089 1119 venires,
3129 1054 3299 1108 ortati
3339 1059 3492 1124 sunt,
3516 1073 3590 1112 en

1988 1136 2069 1189 tui
2098 1138 2354 1203 abbates,
2388 1143 2629 1210 tuusque
2661 1142 2844 1194 clerus
2875 1157 3005 1195 cum
3028 1141 3137 1195 sibi
3168 1142 3454 1213 praelatis!
3493 1145 3588 1200 His

1986 1226 2254 1280 omnibus
2285 1227 2453 1281 datur
2484 1227 2715 1282 licentia
2744 1232 2800 1283 te
2847 1230 3220 1291 defendendi,
3252 1248 3370 1286 non
3402 1233 3587 1287 solum

1983 1313 2324 1380 voluntaria,
2353 1331 2553 1369 verum
2598 1317 2936 1371 necessitate
2967 1317 3297 1388 imposita.»
3329 1319 3415 1373 Ad
3461 1320 3588 1374 haac

1981 1400 2075 1455 ille
2090 1401 2161 1455 ad
2181 1402 2375 1472 priora
2397 1404 2788 1471 relabebatur;
2814 1421 2930 1460 non
2948 1421 3006 1459 se
3033 1404 3235 1460 vidisse
3254 1406 3587 1479 episcopum

1980 1488 2059 1542 sic
2091 1492 2464 1545 attractatum
2496 1491 2714 1559 dicens,
2757 1510 2862 1547 nec
2901 1493 2982 1548 ita
3033 1510 3093 1549 se
3131 1494 3396 1549 habitum
3442 1494 3587 1550 scire

1982 1578 2356 1669 respondege.
2390 1581 2633 1635 Doctum
2668 1581 2852 1635 etiam
2891 1581 3192 1637 hominem
3217 1580 3369 1636 inter
3388 1585 3476 1637 tot
3493 1600 3584 1639 sa-

1979 1666 2601 1737 pientes,in‘sipientem
2627 1669 2805 1724 videri
2838 1686 3022 1741 posse.
3058 1689 3089 1722 α
3123 1671 3235 1725 Cur
3263 1687 3459 1741 ergo,»
3492 1671 3580 1726 in-

1980 1754 2104 1825 quit
2142 1756 2440 1826 episeopus
2472 1756 2673 1823 Guido,
2713 1780 2741 1805 «
2762 1758 3078 1812 secundum
3108 1762 3205 1812 tua
3248 1761 3380 1812 vota
3414 1759 3580 1814 habi-

255 1871 378 1925 que
400 1840 905 1927 pro‘confessione
944 1840 1249 1927 procurata
1277 1840 1495 1908 tociens
1526 1840 1877 1908 conistet‘ab-
1900 1840 1950 1897 Β
1978 1844 2089 1909 tus?
2123 1843 2453 1915 tociensque
2498 1845 2569 1899 ab
2614 1844 2893 1917 episcopis
2933 1850 2989 1900 et
3025 1846 3263 1900 domino
3298 1850 3397 1901 ιιιο
3442 1864 3577 1918 rege

248 1926 469 1979 sentia.

321 2014 415 2064 30.
445 2013 542 2067 His
563 2012 838 2066 omnibus
863 2012 1245 2083 pertractatis,
1262 2013 1333 2066 ab
1353 2012 1751 2065 defensoribus
1772 2013 1874 2063 Ar-

242 2098 395 2152 nulﬁ
418 2100 590 2153 venia
620 2102 965 2170 postulatur,
999 2104 1057 2153 et
1081 2100 1235 2171 quod
1269 2100 1391 2169 eius
1422 2100 1655 2170 negotia
1682 2099 1875 2152 minus

240 2191 418 2241 caute
451 2187 618 2258 prius
646 2188 1034 2257 inquisieriut,
1064 2193 1122 2239 et
1152 2188 1307 2258 quod
1339 2187 1645 2240 concilium
1681 2187 1868 2255 longis

241 2276 633 2329 dilationibus
664 2275 1126 2346 defatigaverint.
1152 2276 1371 2329 Deinde
1391 2276 1735 2346 adjungunl,
1754 2293 1868 2328 non

237 2381 305 2417 se
338 2363 875 2418 controversiarum
907 2380 1119 2433 genere
1176 2364 1454 2418 adductos
1495 2364 1567 2417 ad
1620 2363 1871 2417 studium

238 2452 612 2506 defensionis
634 2451 960 2519 accessisse,
992 2453 1091 2506 sed
1118 2452 1522 2524 episcoporum
1553 2453 1872 2506 anathema

237 2541 788 2597 sibinecessitatem
808 2540 1035 2596 dicendi
1067 2541 1422 2613 imposuisse.
1447 2541 1707 2612 Episcopi
1736 2558 1870 2596 vero

238 2634 305 2684 et
336 2630 434 2702 qui
461 2634 677 2685 contra
700 2631 1007 2684 Arnulfum
1041 2630 1262 2685 stetisse
1302 2630 1665 2696 videbantur,
1699 2646 1870 2701 aequo

237 2720 452 2775 animo
484 2737 549 2774 se
585 2720 814 2790 objecta
846 2720 1128 2790 accepisse
1160 2720 1467 2788 dicebant;
1500 2720 1607 2775 sibi
1639 2736 1868 2791 quoque

236 2810 501 2879 placere,
521 2807 974 2879 quodjudicium
1002 2824 1165 2878 posse
1192 2807 1316 2862 ﬁeri
1333 2808 1457 2878 jam
1483 2807 1540 2860 in
1557 2823 1870 2862 commune

235 2897 586 2968 legitimum
605 2899 928 2968 putaretur,
944 2897 1199 2968 nihilque
1212 2896 1367 2951 aliud
1379 2912 1674 2968 superesse
1696 2913 1870 2967 quam

242 2989 314 3039 ut
332 2986 454 3057 ipse
476 2986 758 3040 Arnulfus
778 2986 838 3040 in
856 2987 1116 3041 medium
1143 2986 1541 3052 deduceretur,
1567 2989 1625 3039 et
1648 2986 1719 3039 de
1737 3002 1875 3057 qua-

239 3074 412 3129 litate
434 3075 525 3129 sui
544 3074 680 3128 facti
692 3075 857 3145 juxta
873 3075 1027 3146 quod
1040 3075 1208 3129 vellet
1223 3074 1622 3146 responderet.
1650 3075 1871 3145 Itaque,

1978 1932 2229 1997 vocatus,
2252 1931 2604 2003 respondere
2628 1932 2937 1987 noluisti?»
2972 1934 3039 1987 Et
3064 1934 3185 1987 ille:
3214 1955 3241 1982 «
3257 1935 3486 1987 Delatus
3505 1935 3579 1988 ad

1977 2034 2175 2087 regem
2203 2035 2391 2084 eram,
2414 2023 2471 2073 et
2496 2020 2623 2074 ideo
2647 2037 2760 2091 quo
2775 2021 3017 2074 vocabar
3030 2021 3111 2074 ire
3132 2037 3249 2074 non
3269 2021 3575 2076 audebam.

1976 2137 2043 2143 ——
2070 2107 2191 2159 Non
2246 2107 2325 2160 ita
2375 2111 2479 2173 est,
2516 2130 2541 2155 ››
2596 2108 2782 2179 inquit
2825 2108 3008 2162 Guido
3058 2108 3384 2179 episcopus;
3420 2128 3451 2159 «
3478 2110 3578 2162 sed

1974 2212 2105 2249 cum
2139 2199 2192 2248 te
2226 2195 2279 2248 in
2306 2195 2511 2249 vicinia
2533 2205 2599 2237 ηδ
2625 2196 3020 2249 Laudunensis
3049 2196 3204 2249 urbis
3232 2195 3385 2265 apud
3416 2196 3574 2251 Cavi-

1975 2284 2210 2337 nionem
2233 2286 2853 2349 convenissem,coram
2872 2285 3133 2337 ﬁdelibus
3156 2285 3577 2350 testibus,cleri-

1972 2371 2049 2424 eis
2077 2372 2333 2437 aclaicis,
2353 2372 2523 2425 tertio
2544 2375 2597 2425 te
2617 2372 2690 2425 ad
2710 2373 2955 2426 fratrum
2985 2375 3215 2425 tuorum
3228 2376 3575 2426 conventum

1973 2458 2225 2527 invitavi,
2252 2460 2354 2513 sub
2390 2460 2775 2514 obtestatione
2807 2456 2984 2513 divini
3014 2459 3290 2527 nominis,
3315 2476 3381 2514 ex
3405 2476 3576 2517 cano-

1972 2564 2112 2602 num
2148 2548 2513 2615 auctoritate,
2546 2551 2604 2602 et
2627 2548 2899 2602 societate
2919 2547 3182 2602 omnium
3201 2547 3483 2617 ﬁdelium;
3502 2551 3575 2605 ad

1972 2635 2342 2690 dominorum
2359 2652 2590 2708 quoque
2605 2640 2839 2691 tuorum
2853 2635 3225 2706 praesentiam
3250 2636 3334 2691 ire
3349 2638 3571 2706 monui,

1972 2740 2075 2797 per
2121 2725 2465 2780 ﬁdelitatem
2499 2742 2672 2796 quam
2723 2725 2803 2779 eis
2836 2724 3207 2796 promiseras,
3249 2741 3352 2795 per
3378 2727 3575 2781 omnia

1972 2817 2333 2868 sacramenta
2350 2831 2475 2885 quae
2492 2813 2987 2884 ipsispraebueras.
3004 2812 3164 2867 Unde
3186 2813 3485 2884 perjurum
3515 2816 3572 2868 te

1973 2918 2091 2955 esse
2115 2919 2328 2974 negare
2346 2919 2463 2957 non
2487 2905 2779 2973 potes,per
2794 2900 3320 2972 cirographum,cui
3334 2900 3573 2956 subscri-

1971 2991 2130 3062 psisti
2150 3008 2215 3046 ac
2233 3008 2436 3047 omnes
2457 3008 2561 3046 nos
2591 2990 2945 3045 subscribere
2974 2990 3177 3047 fecisti.
3211 2989 3325 3044 Sed
3353 3006 3484 3044 cum
3510 2992 3572 3044 tu

1974 3080 2497 3150 responderes,non
2512 3095 2675 3152 posse
2690 3082 2745 3133 te
2759 3078 2839 3132 ire
2859 3077 2982 3133 sine
2996 3077 3571 3133 ductoribusOddone

234 3163 493 3233 jubente
515 3162 821 3229 sinodo,in
839 3162 1242 3235 episcoporum
1264 3162 1467 3217 ordine
1483 3161 1873 3217 consedit.Cui
1894 3159 1941 3218 C
1974 3170 2033 3221 et
2058 3167 2378 3232 Heriberto,
2407 3184 2478 3222 eo
2507 3167 2663 3239 quod
2692 3166 2805 3220 vim
2830 3166 2935 3221 tibi
2965 3165 3165 3221 inferri
3192 3165 3575 3234 timeres,fra-

246 3251 426 3307 Pater
452 3251 738 3305 Arnulfus
766 3251 918 3305 circa
940 3267 1073 3304 eum
1104 3250 1252 3321 regis
1283 3250 1584 3317 beneﬁcia,
1618 3250 1873 3321 itemque

246 3340 431 3410 ipsius
451 3340 513 3394 in
540 3356 745 3410 regem
767 3338 1071 3405 maleﬁcia,
1090 3339 1218 3392 miti
1249 3346 1318 3380 18°
1344 3338 1594 3409 alloquio
1614 3354 1873 3393 comme-

246 3433 469 3485 morat.
486 3428 678 3499 Negat
701 3428 795 3481 ille
818 3444 878 3481 se
898 3428 1203 3498 quicquam
1222 3430 1425 3481 contra
1446 3426 1600 3497 regis
1624 3427 1874 3480 salutem

252 3517 462 3587 egisse,
482 3517 584 3571 sed
607 3532 714 3589 pro
738 3515 852 3570 ﬁde
866 3523 933 3556 187
961 3515 1033 3569 ad
1060 3531 1193 3569 eum
1215 3517 1549 3569 conservata
1568 3530 1700 3568 cum
1719 3514 1872 3567 clero

252 3607 314 3658 et
339 3606 561 3678 pepulo
591 3622 652 3659 se
682 3604 743 3658 in
799 3603 1036 3674 propria
1064 3604 1206 3657 urbe
1232 3604 1304 3657 ab
1348 3602 1605 3657 hostibus
1639 3604 1872 3672 captum

250 3692 451 3761 fuisse;
488 3693 752 3764 nihilque
783 3691 973 3746 solatii
1007 3692 1250 3763 proinde
1283 3708 1318 3744 a
1360 3707 1497 3761 rege
1524 3690 1742 3756 tulisse,
1774 3689 1875 3744 sed

254 3782 494 3854 insuper
515 3781 803 3836 maleﬁcia
831 3798 935 3851 pro
972 3779 1266 3834 beneﬁciis
1287 3781 1728 3850 recompensata
1767 3777 1874 3832 sibi

259 3887 401 3929 esse.
431 3870 689 3943 Opponit
718 3871 892 3923 Pater
918 3868 1188 3922 Arnulfus
1215 3870 1561 3939 praesentem
1594 3866 1871 3939 presbite-

260 3976 412 4026 rum,
433 3961 531 4032 qui
566 3959 727 4013 urbis
752 3960 969 4029 portas,
1011 3956 1258 4028 acceptis
1287 3974 1321 4011 a
1348 3973 1525 4010 manu
1552 3955 1674 4025 ejus
1705 3955 1872 4008 clavi-

265 4048 387 4114 bus,
415 4065 578 4118 jussu
614 4047 792 4118 ipsius
821 4046 1156 4101 afﬁrmabat
1184 4063 1242 4101 se
1273 4044 1532 4099 hostibus
1560 4042 1870 4115 aperuisse.

266 4138 361 4191 llle
387 4137 704 4208 respondet
725 4143 818 4201 1³8,
852 4134 1238 4205 presbiterum
1270 4135 1444 4204 longe
1476 4132 1756 4186 meditata
1788 4130 1873 4184 di-

269 4226 686 4295 cere,falsaque
709 4241 815 4295 pro
837 4222 983 4276 veris
1009 4239 1269 4288 narrare,
1293 4237 1573 4291 suamque
1602 4219 1877 4274 innocen-

271 4314 404 4368 tiam
435 4315 557 4385 ejus
588 4313 736 4367 ﬁctis
775 4311 1281 4366 criminationibus
1317 4309 1517 4364 liaberi
1548 4311 1875 4379 suspectam

272 4418 383 4455 non
408 4402 642 4456 debere.
678 4401 779 4455 Cui
808 4405 1043 4454 econtra
1063 4399 1347 4469 presbiter
1370 4396 1696 4468 ingerebat,
1721 4394 1876 4466 quod

1972 3258 2123 3310 trem
2146 3272 2341 3310 meum
2362 3254 2711 3310 Gualterium
2730 3253 3023 3309 obsideem
3050 3253 3150 3309 tibi
3174 3253 3373 3322 obtuli,
3401 3271 3493 3308 me
3515 3256 3573 3308 et

1974 3347 2200 3414 patrem
2223 3360 2441 3411 meum,
2460 3342 2732 3398 comitem
2751 3341 3127 3409 Gualterium,
3146 3341 3365 3397 itineris
3381 3342 3575 3396 ducto-

1974 3447 2066 3484 res
2092 3431 2375 3502 pollicitus
2395 3446 2544 3496 sum,
2572 3432 2636 3484 ut
2664 3429 2786 3483 sine
2808 3429 3061 3499 periculo
3092 3428 3244 3492 vita’,
3276 3430 3573 3484 membro-

1974 3535 2126 3585 rum,
2179 3518 2479 3590 captionis,
2514 3518 2587 3572 ad
2644 3520 2744 3571 tua
2790 3515 3028 3571 redires.
3062 3516 3221 3571 Idem
3252 3533 3479 3588 quoque
3514 3518 3574 3571 in

1974 3606 2179 3662 eodem
2199 3608 2497 3660 momento
2519 3608 2880 3659 sacramento
2900 3604 3133 3658 ﬁrmare
3152 3603 3386 3674 propria
3398 3620 3576 3659 manu

1974 3698 2183 3767 praesto
2215 3694 2314 3749 fui.
2349 3693 2609 3764 Cumque
2638 3694 2696 3745 te
2726 3708 2760 3745 a
2791 3690 2999 3744 Karolo
3029 3693 3263 3759 captum
3289 3706 3409 3744 esse
3435 3706 3576 3760 prse-

1975 3784 2261 3849 tenderes,
2297 3782 2464 3854 eique
2496 3782 2859 3834 sacramenta
2905 3780 2963 3832 et
2990 3777 3216 3833 obsides
3244 3777 3575 3848 prazbuisse,

1974 3872 2219 3943 ideoque
2237 3871 2357 3925 sine
2376 3870 2424 3941 ej
2434 3887 2497 3924 us
2516 3867 2749 3923 licentia
2766 3868 2850 3921 ire
2869 3883 2987 3921 non
3006 3865 3579 3938 posse,pereontabar

1975 3978 2008 4015 a
2036 3963 2111 4028 te,
2136 3960 2376 4032 quinam
2410 3957 2637 4013 obsides
2659 3956 2837 4029 pluris
2867 3955 2971 4009 tibi
2990 3955 3353 4021 viderentur;
3382 3956 3577 4009 utrum

1976 4049 2288 4103 Richardus
2317 4049 2494 4102 frater
2520 4047 2864 4112 tuus,Bruno
2880 4044 3179 4115 episcopus
3203 4041 3581 4098 consobrinus

1975 4142 2127 4205 tuus,
2143 4138 2378 4209 ejusque
2403 4135 2616 4191 sororis
2636 4134 2803 4202 ﬁlius,
2828 4134 2885 4187 in
2914 4149 3119 4205 regum
3147 4133 3429 4204 potestate
3449 4147 3583 4186 con-

1977 4227 2195 4294 stituti;
2229 4243 2299 4280 an
2344 4225 2554 4279 milites
2602 4224 2683 4277 tui
2716 4222 3008 4276 Sehardus
3050 4223 3109 4274 et
3136 4219 3464 4291 Baynoldus
3488 4209 3614 4287 1",.

1977 4315 2074 4388 qui
2107 4315 2255 4369 datis
2284 4330 2388 4384 pro
2411 4329 2469 4367 se
2482 4312 2675 4382 pueris
2707 4310 2867 4365 abire
2882 4308 3141 4379 permissi
3154 4310 3587 4379 sunt,quorum-

1977 4420 2088 4474 que
2119 4401 2403 4456 beneﬁcia
2449 4399 2733 4454 simulatis
2763 4396 3210 4469 captivatoribus
3258 4396 3372 4451 tuis
3420 4394 3582 4450 attri-

273 4507 328 4544 se
351 4491 419 4544 ad
438 4490 831 4546 accusandum
853 4487 1353 4559 nemoimpulerit;
1381 4487 1535 4559 quod
1554 4488 1710 4539 locus
1724 4485 1875 4555 fugae
1898 4480 1950 4538 D
1976 4492 2369 4563 buisti,palam
2393 4489 2632 4555 faciens,
2656 4489 2876 4560 quanta
2903 4486 2962 4540 in
2984 4486 3161 4540 dante
3190 4488 3248 4539 et
3274 4484 3586 4554 accipiente

273 4578 370 4634 sibi
416 4580 690 4651 patuerit,
723 4577 883 4650 quod
911 4577 1015 4631 sibi
1070 4593 1300 4646 semper
1341 4575 1649 4630 ﬁdissimus
1678 4574 1872 4641 fuerit,

276 4669 549 4741 nicliilque
571 4668 730 4723 aliud
749 4667 807 4721 in
830 4667 1131 4721 accusandi
1153 4683 1322 4720 causa
1351 4681 1409 4720 se
1441 4665 1675 4730 habere,
1696 4680 1873 4735 quam

275 4759 580 4814 utcrimine
602 4756 950 4831 proditionis
976 4755 1335 4821 liberaretur,
1357 4754 1454 4826 qui
1477 4754 1599 4824 ejus
1624 4751 1870 4823 imperio

272 4849 569 4917 paruisset;
628 4851 687 4901 et
722 4846 766 4899 si
801 4844 938 4916 quid
970 4844 1024 4898 in
1078 4843 1196 4898 veri
1250 4843 1609 4898 confessione
1638 4841 1871 4895 sinodus

274 4936 496 5005 dubitet,
529 4938 617 4990 vel
651 4952 754 4989 suo
787 4933 924 4988 vitio
974 4933 1279 4999 adscribat,
1313 4931 1501 4985 sinodi
1532 4929 1777 4984 decretis
1808 4946 1867 4983 se

270 5027 544 5097 subjacere
577 5023 998 5097 pollicebatur;
1027 5024 1254 5075 tantum
1289 5018 1684 5074 ecclesiasticae
1712 5034 1867 5071 com-

269 5115 513 5171 munioni
566 5113 992 5169 restitueretur.
1024 5111 1111 5163 Ad
1141 5110 1264 5163 haec
1290 5109 1562 5163 Arnulfus
1594 5107 1778 5162 teucri
1805 5123 1865 5159 se

270 5207 323 5260 ab
372 5205 637 5260 hostibus
671 5210 743 5244 189
770 5200 1253 5271 conquerebatur,
1286 5214 1392 5251 nec
1443 5195 1754 5268 aliquando
1805 5212 1865 5249 se

268 5296 444 5351 vidisse
475 5293 829 5365 episcopum
862 5289 939 5343 sic
966 5291 1359 5353 attractatum,
1393 5286 1639 5357 ideoque
1672 5300 1731 5339 se
1773 5301 1866 5338 re-

267 5385 531 5459 spondere
554 5379 810 5438 nescire.
826 5378 1022 5450 Neque
1044 5393 1178 5431 vero
1201 5375 1305 5430 sibi
1328 5374 1560 5430 relictos
1582 5390 1703 5428 esse
1735 5389 1866 5427 suos

1979 4580 2244 4637 obsidum
2275 4578 2578 4650 diligentia
2602 4576 2795 4631 fuerit.
2831 4574 3135 4639 Quodnam
3166 4573 3340 4627 etiam
3367 4572 3469 4627 tibi
3497 4589 3586 4626 sa-

1979 4672 2341 4725 cramentum
2370 4666 2564 4738 potius
2597 4664 2943 4721 servandum
2971 4663 3140 4731 foret,
3176 4660 3541 4733 requirebam
3567 4677 3582 4727 ;

1977 4759 2191 4814 scilicet
2221 4757 2375 4829 quod
2408 4755 2530 4826 regi
2550 4758 2607 4809 et
2624 4753 2863 4809 domino
2882 4756 2980 4807 tuo
3005 4754 3209 4822 sponte
3224 4749 3589 4815 dederas,aut

1975 4848 2131 4920 quod
2160 4845 2308 4900 hosti
2332 4851 2559 4899 armato
2591 4843 2802 4897 invitus
2830 4842 2969 4896 dare
2987 4840 3269 4894 debueras
3293 4835 3321 4890 τ
3338 4835 3470 4888 Tria
3492 4851 3589 4888 au-

1969 4950 2091 5000 tem
2111 4938 2277 4990 erant
2301 4935 2685 5000 sacramenta,
2709 4947 2835 5002 quae
2855 4928 3012 4983 nulla
3025 4923 3331 4990 arte,nullo
3350 4920 3586 4991 ingenio

1968 5024 2223 5097 effugere
2255 5025 2483 5094 poteras
2511 5038 2524 5075 :
2558 5020 2817 5091 primum
2850 5031 2964 5086 quo
2987 5016 3042 5067 te
3075 5008 3377 5097 obligasti,
3397 5011 3458 5097 ut
3478 5024 3583 5078 pro

1975 5095 2130 5171 nullo
2148 5132 2181 5168 a
2209 5118 2263 5167 te
2276 5112 2428 5165 facto
2453 5110 2540 5163 vel
2570 5105 2837 5161 faciendo
2865 5100 3228 5155 sacramento
3259 5095 3583 5151 aﬁdelitate

1969 5203 2343 5259 dominorum
2364 5200 2699 5253 nostrorum
2722 5184 3364 5252 recederes;secundum
3380 5183 3582 5239 utsiab

1968 5293 2229 5348 hostibus
2282 5286 2635 5353 interceptus
2685 5295 2855 5347 esses,
2891 5276 3035 5330 sicut
3079 5277 3217 5328 tunc
3244 5272 3576 5359 simulabas,

1592 5491 1822 5547 ἾΑΗΙΑΞ
1864 5487 2033 5542 LECT
2039 5485 2155 5541 [ON
2163 5482 2264 5537 ES.

317 5607 374 5644 ηδ
403 5595 567 5655 mitti
596 5598 655 5651 2.
704 5596 775 5632 1⁸⁷
806 5586 907 5642 sed
936 5586 1152 5658 perﬁde
1173 5588 1227 5641 2.
1277 5592 1372 5658 _1§8
1402 5581 1782 5658 respondit_2.
1810 5649 1823 5658 _
1848 5584 1925 5658 38°
1958 5575 2175 5631 ossibus
2197 5574 2248 5626 2.
2330 5575 2400 5610 19°
2421 5563 2597 5638 quod.
2681 5569 2750 5605 ίοι
2783 5561 2853 5638 iis
2881 5576 3022 5619 corr.
3054 5557 3142 5614 his
3163 5561 3216 5615 2.
3299 5564 3368 5599 ¹⁰²
3398 5551 3586 5612 existi-

264 5648 631 5732 mant—5:39;
656 5664 722 5718 et
744 5648 983 5735 quidem
1013 5664 1067 5715 2.
1142 5664 1211 5700 ίοι
1237 5656 1387 5714 vicia
1420 5660 1470 5714 ιε
1498 5648 1515 5656 ’
1543 5660 1613 5698 19³
1640 5648 1963 5705 rainoldus.
