3918 6230
210 372 297 427 333
1107 368 1358 426 SPURIA
1390 371 1525 427 AUT
1570 371 1847 426 ALIENA.
1883 401 1952 411 —
1987 372 2139 428 ACT.
2176 375 2375 431 CONC.
2407 375 2647 433 BASOL.

3428 387 3536 443 334

221 490 278 545 de
298 489 503 562 quibus
524 490 845 561 impetitus
872 493 930 544 et
952 491 1136 545 adhuc
1168 491 1512 561 inpetendus
1543 494 1692 558 erat,
1726 509 1835 563 pu-
1860 499 1913 555 Α
1937 491 2081 546 sima
2099 493 2421 565 jacula,pro
2444 496 2565 566 ejus
2587 496 2908 551 munimine
2925 497 3536 560 excitassemus.Tanta

220 579 345 634 blice
374 578 678 633 convictus
698 580 876 635 foret.
912 579 1193 633 Libellum
1214 596 1351 649 ergo
1368 580 1489 648 ejus
1522 578 1834 650 depositio-

221 666 297 722 nis
314 667 686 735 dictandum,
708 672 769 722 et
799 684 995 722 coram
1017 684 1083 723 eo
1098 667 1436 737 ipsiusjussu
1466 667 1834 722 scribendum

224 756 544 822 censebant,
561 759 623 809 et
635 756 879 827 propria
892 773 1069 810 manu
1088 756 1589 810 corroborandum
1602 759 1677 822 ,et
1695 755 1833 810 vivae

221 842 360 898 vocis
388 844 763 899 confessione
808 845 1222 911 attestandum,
1258 847 1319 897 ut
1348 845 1469 914 ejus
1516 844 1825 912 abdicatio,

222 949 316 987 nec
340 933 631 1004 exquisita
646 950 754 986 nec
779 933 958 987 invita
978 935 1064 987 vel
1088 936 1313 987 extorta
1342 932 1467 987 fore
1499 933 1789 986 videretur
1812 949 1825 997 ;

219 1024 297 1076 tot
325 1021 484 1075 enim
507 1020 823 1075 sceleribus
852 1021 1173 1075 involutum
1209 1022 1383 1075 sacris
1414 1021 1691 1075 altaribus
1724 1021 1824 1074 ad-

220 1113 361 1164 stare
394 1126 516 1164 non
551 1127 737 1181 posse.
769 1110 936 1173 Quod
957 1111 1001 1163 si
1024 1128 1264 1181 corpore
1296 1111 1580 1180 languens
1611 1110 1829 1181 episco-

217 1214 334 1268 pus,
352 1198 743 1252 abdicationis
759 1202 1027 1268 porrecto
1042 1198 1257 1261 libello,
1279 1198 1599 1251 secundum
1614 1200 1825 1268 Grego-

214 1285 356 1339 rium
375 1302 768 1340 successorem
796 1285 1051 1356 accipere
1068 1289 1277 1357 potest,
1313 1286 1496 1339 multo
1520 1287 1706 1356 magis
1726 1287 1823 1357 qui

217 1372 271 1427 in
292 1373 493 1428 anima
522 1375 640 1428 Deo
674 1378 938 1429 mortuus
968 1374 1467 1440 est,abdicationis
1484 1378 1747 1444 porrecto
1766 1375 1829 1428 li-

214 1460 385 1529 bello,
419 1478 810 1516 successorem
829 1462 1087 1532 accipere
1114 1479 1298 1532 posse.
1333 1462 1641 1515 Addebant
1680 1478 1827 1531 prae-

215 1551 394 1617 terea,
430 1550 569 1621 quia
586 1551 633 1604 si
662 1551 786 1603 haec
817 1549 898 1604 ita
926 1550 1121 1603 festive
1135 1554 1192 1603 et
1214 1551 1617 1620 sollempniter
1640 1550 1827 1604 deter-

215 1639 442 1693 minata
468 1639 685 1707 forent,
719 1638 959 1692 omnino
982 1638 1265 1709 judicium
1291 1638 1399 1692 huc
1426 1638 1688 1692 innovari
1713 1657 1830 1693 non

211 1730 432 1801 posset,
466 1726 640 1798 idque
672 1727 895 1781 ﬁrmari
922 1744 986 1781 ex
1013 1727 1271 1797 {concilio
1302 1727 1645 1795 Antioceno,
1678 1728 1831 1798 capi-

222 1817 345 1870 tulo
382 1819 448 1869 l5
484 1833 496 1869 :
1078 1818 1085 1827 ’

279 1907 375 1959 48.
415 1905 473 1957 Si
498 1904 629 1975 quis
656 1903 956 1975 episcopus
986 1903 1371 1959 criminaliter
1411 1908 1730 1973 accusatus,
1765 1907 1836 1960 ab

211 1976 495 2048 omnibus
516 1975 616 2046 qui
646 1978 778 2028 sunt
798 1976 954 2029 intra
976 1976 1333 2048 provinciam
1357 1977 1641 2048 episcopis
1668 1994 1832 2031 exce-

209 2047 365 2117 perit
403 2062 583 2099 unam
615 2047 1431 2116 consonamquesententiam,
1457 2050 1527 2103 ab
1541 2047 1665 2102 aliis
1686 2050 1831 2103 ulte-

209 2116 333 2171 rius
355 2117 611 2187 judicari
645 2132 761 2170 non
794 2119 1025 2187 poterit.
1050 2116 1161 2170 Sed
1196 2134 1436 2172 manere
1488 2120 1641 2173 circa
1697 2135 1831 2173 eum

207 2191 467 2257 oportet,
490 2190 794 2310 tamquam
814 2188 1275 2255 convenientem,
1295 2206 1421 2259 quae
1449 2190 1520 2243 ab
1556 2190 1830 2245 omnibus

208 2260 449 2310 prolata
476 2262 584 2310 est.
639 2275 851 2310 lrmam
872 2261 1176 2310 ratamaue
1200 2260 1567 2310 sententiam.

206 2260 449 2330 prolata
476 2262 584 2324 est,
618 2260 851 2313 ﬁrmam
872 2261 1176 2330 ratamque
1200 2260 1567 2314 sententiam.

359 2347 459 2400 His
479 2346 561 2400 ita
582 2346 858 2413 deﬁnitis,
890 2350 1012 2400 tum
1045 2355 1114 2387 257
1141 2346 1450 2401 discessum
1476 2351 1582 2402 est.

279 2438 378 2490 49.
413 2434 694 2505 Sequenti
722 2437 915 2488 autem
938 2435 1049 2501 die,
1065 2436 1506 2489 consedentibus
1528 2445 1597 2477 ηε
1615 2436 1831 2507 episco-

205 2523 299 2595 pis
324 2524 385 2578 in
420 2522 658 2576 basilica
686 2522 888 2577 domui
912 2523 1092 2576 Basoli
1129 2524 1491 2585 confessoris,
1544 2524 1832 2595 totiusque

205 2612 350 2667 clcri
366 2611 652 2682 disposito
672 2614 982 2679 conventu,
1002 2627 1184 2681 pauca
1205 2612 1274 2665 de
1298 2611 1833 2682 civilibus,plurima

205 2718 349 2755 vero
396 2701 471 2755 de
527 2700 930 2755 ecclesiasticis
971 2701 1218 2771 negotiis
1276 2704 1627 2772 pertractata
1681 2705 1830 2755 sunt.

208 2789 587 2861 Rursumque
608 2789 1190 2843 Arnulfusllemcnsis
1205 2789 1261 2843 in
1278 2789 1623 2845 memoriam
1639 2790 1827 2843 rediit.

209 2878 480 2948 Cumque
501 2894 674 2931 causa
703 2877 965 2947 ejusjam
991 2894 1107 2931 non
1137 2878 1194 2930 in
1209 2877 1564 2944 defensione,
1593 2879 1693 2932 sed
1712 2895 1832 2932 ma-

207 2966 370 3020 xime
396 2967 456 3019 in
490 2965 911 3036 conquestione
929 2969 1265 3032 versaretur,
1282 2966 1405 3019 aliis
1421 2966 1580 3019 illum
1599 2970 1836 3037 propter

212 3071 427 3125 genus,
443 3054 833 3126 aliisprOpter
855 3054 1832 3124 lloremjuventutismiserantibus,

212 3143 531 3212 episcopos
562 3141 733 3195 ruina
764 3142 959 3195 fratris
981 3144 1039 3195 et
1095 3142 1425 3212 ignominia
1470 3143 1839 3197 sacerdotalis

211 3230 524 3302 dignitatis
553 3230 787 3302 gravius
806 3229 1571 3302 stimulabat.Unusquisque
1590 3231 1729 3285 csim
1752 3250 1840 3287 ca-

208 3336 345 3374 sum
378 3320 509 3390 ejus
539 3336 609 3373 ex
637 3337 696 3373 se
730 3318 853 3391 ipso
884 3319 1256 3387 metiebatur,
1283 3337 1459 3392 seque
1490 3320 1561 3373 ab
1597 3320 1840 3376 infamia

207 3408 457 3463 liberari
487 3408 758 3478 putabat,
792 3406 836 3460 si
864 3408 928 3469 is,
959 3407 1057 3478 qui
1106 3408 1334 3477 publice
1366 3407 1774 3479 impetebatur,
1809 3427 1841 3462 a

206 3496 566 3551 criminibus
595 3496 746 3550 liber
777 3495 926 3549 foret
966 3495 1073 3566 [vel
1103 3495 1438 3565 periclitari,
1497 3495 1543 3551 si
1606 3513 1839 3551 causam

200 3588 492 3659 perderet
522 3594 615 3655 ἐῢ]
629 3626 642 3639 .

277 3678 375 3730 '50.
397 3674 515 3729 Sed
548 3690 683 3728 cum
710 3675 817 3727 has
846 3672 906 3725 in
938 3674 1178 3744 longum
1206 3674 1484 3727 ducerent
1540 3674 1835 3745 querimo-

200 3762 504 3830 nias,ecre
523 3763 891 3817 Francorum
906 3778 1225 3832 reges,cum
1240 3762 1595 3831 primoribus
1608 3764 1834 3833 palatii,

200 3868 378 3907 sacro
422 3849 740 3906 conventui
782 3866 902 3903 sese
953 3849 1228 3903 inferunt.
1287 3849 1576 3920 Episcopis
1625 3852 1837 3921 gratias

200 3943 417 4011 agunt,
452 3940 611 4011 quod
635 3955 743 4010 pro
778 3938 956 3991 salute
995 3937 1325 4007 principum
1370 3938 1580 3992 diutius
1611 3941 1835 3993 consul-

200 4028 809 4098 tando,devotionem
829 4043 991 4080 suam
1016 4027 1190 4098 plena
1210 4027 1321 4080 ﬁde
1348 4027 1838 4098 signassent.Lau-

206 4118 379 4186 dant,
398 4118 559 4190 quod
571 4135 606 4171 a
618 4131 936 4189 pravorum
951 4115 1025 4169 ho
1037 4115 1256 4168 minum
1272 4115 1698 4186 conspiratione
1719 4133 1837 4171 non

203 4209 401 4262 solum
427 4224 490 4261 se
511 4204 920 4271 removissent,
945 4221 1143 4258 verum
1176 4205 1352 4258 etiam
1395 4204 1517 4275 ipsa
1549 4208 1747 4259 mente
1780 4222 1838 4259 se

204 4296 438 4351 alienos
470 4296 643 4349 fuisse
666 4309 773 4347 suo
793 4292 979 4347 studio
994 4292 1492 4347 demonstrassent
1508 4293 1838 4365 ;isimulque

1938 597 2042 634 nos
2072 581 2252 652 pietas
2283 584 2613 651 commovit,
2630 588 2821 639 tantus
2842 586 3093 642 caritatis
3121 588 3313 645 fervor
3341 608 3538 648 accen-

1937 668 2039 722 dit.
2074 670 2333 741 Denique
2365 689 2482 726 non
2514 674 2698 727 solum
2731 691 2829 728 eos
2879 674 2976 746 qui
3003 675 3319 732 defendere
3349 681 3537 749 parati

1936 761 2102 811 erant
2127 775 2229 829 pro
2271 776 2339 813 eo
2369 761 2716 829 exacuimns,
2750 779 2948 817 verum
2984 763 3161 819 etiam
3195 782 3292 819 eos
3321 766 3420 838 qui
3449 767 3538 822 in-

1933 860 2192 915 pugnare
2206 846 2567 911 videbantur,
2586 854 2780 904 nostro
2803 860 2872 893 ³⁸³
2888 853 3259 906 anathemate
3273 853 3539 911 dubitare

1933 937 2091 1003 coegi
2100 950 2153 986 m
2165 952 2242 987 us.
2254 936 2447 1007 Itaque
2465 936 3397 1008 utrimquemnumeroszePatrum
3415 958 3542 997 sen-

1933 1020 2129 1075 tentia:
2162 1025 2399 1093 prolata:
2427 1028 2578 1091 sunt,
2607 1026 2706 1080 sed
2736 1028 2893 1081 nulla
2926 1044 3127 1082 earum
3168 1028 3397 1101 adjutus
3429 1033 3532 1086 est.

1933 1108 2216 1163 Deductus
2239 1128 2465 1182 quoque
2490 1112 2546 1167 in
2569 1114 2825 1169 medium
2843 1119 3003 1169 estet
3024 1116 3539 1191 interrogatus;qui

1930 1196 2122 1267 primo
2152 1199 2386 1270 quidem
2411 1204 2607 1257 omnia
2628 1204 2877 1274 negavit,
2894 1204 3141 1275 sedjcnm
3166 1205 3270 1261 sibi
3288 1205 3541 1278 singilla-

1933 1284 2037 1338 tim
2070 1287 2285 1357 species
2318 1306 2617 1344 causarum
2638 1296 3129 1362 proponerentur,
3160 1310 3392 1349 necesse
3415 1299 3544 1350 erat

1932 1372 2038 1427 sibi
2063 1376 2325 1429 conﬁteri
2358 1379 2512 1448 quod
2536 1380 2759 1450 publice
2786 1380 3001 1434 factum
3029 1382 3345 1437 constabat.
3367 1382 3538 1438 Cum-

1933 1479 2043 1533 que
2059 1481 2123 1517 ex
2142 1465 2227 1520 his
2254 1483 2380 1537 quae
2399 1468 3300 1541 conﬁtebatur,consequerentur
3321 1487 3389 1526 ea
3410 1488 3538 1544 qua:

1935 1556 2264 1622 negaverat,
2294 1555 2351 1608 ill
2416 1572 2645 1627 quoque
2668 1574 2794 1629 quas
2826 1558 3140 1627 plurimum
3172 1560 3358 1614 celare
3389 1559 3538 1615 nite-

1934 1638 2122 1707 batur,
2156 1640 2214 1694 in
2229 1642 2466 1697 dubium
2506 1644 2842 1700 adducebat.
2878 1648 3036 1700 Inter
3060 1648 3164 1701 has
3196 1648 3535 1718 tergiversa-

1937 1727 2123 1782 tioncs
2150 1746 2279 1783 cum
2310 1731 2943 1805 hmreret,propositum
2960 1735 3065 1789 sibi
3089 1738 3263 1803 est,ut
3278 1736 3383 1791 sibi
3411 1753 3545 1792 con-

1861 1804 1912 1862 B
1936 1817 2166 1870 suleret.
2203 1817 2307 1880 Qui
2335 1835 2616 1873 secessum
2648 1804 2868 1890 petens,
2898 1822 3196 1893 episcopos
3243 1824 3313 1878 ad
3346 1840 3536 1879 remo-

1938 1902 2087 1957 tiora
2116 1904 2294 1958 duxit.
2328 1906 2522 1977 Ibique
2558 1908 2694 1960 dum
2727 1908 2797 1961 de
2826 1910 3101 1979 qualitate
3128 1911 3542 1981 purgationum

1939 2006 2111 2060 agere
2143 1994 2465 2063 putaretur,
2490 1994 2824 2048 stimulante
2853 1998 3225 2066 conscientia,
3258 1999 3447 2054 subito
3480 2000 3538 2054 in

1938 2079 2362 2134 confessionem
2391 2085 2762 2152 peccatorum
2780 2099 3016 2138 suorum
3040 2086 3251 2156 erupit,
3277 2090 3538 2142 cunctos-

1938 2182 2049 2236 que
2062 2167 2159 2238 qui
2184 2168 2427 2223 aderant
2452 2170 2727 2225 attonitos
2749 2171 3318 2244 reddidit.Episcopis
3345 2177 3538 2229 autem

1937 2255 2178 2309 salutem
2197 2256 2276 2310 illi
2292 2258 3231 2333 premittentibus,nihilquefgrave
3245 2279 3540 2334 passurum

1935 2342 1979 2396 si
2003 2359 2264 2397 rumores
2281 2344 2548 2400 adversos
2570 2355 2638 2388 ’δι
2667 2349 3034 2418 propelleret,
3054 2350 3147 2403 ille
3168 2350 3543 2408 nihilominus

1936 2430 1993 2485 in
2011 2432 2093 2485 sui
2115 2432 2476 2488 confessione
2494 2436 3010 2508 permansit,seque
3024 2437 3344 2493 sacerdotio
3364 2439 3549 2509 priva-

1936 2518 1984 2572 ri
2006 2520 2282 2590 poposcit.
2315 2522 2452 2575 Huic
2480 2522 2823 2577 confessioni
2855 2524 3090 2594 quidam
3118 2542 3184 2578 ex
3215 2526 3541 2595 abbatibus,

1937 2608 2103 2661 multi
2132 2626 2197 2661 ex
2222 2610 2376 2663 clero
2409 2610 2818 2678 interfuerunt,
2838 2616 3195 2667 secretorum
3215 2614 3437 2668 Arnulﬁ
3465 2618 3545 2670 te-

1938 2699 2048 2750 stes
2079 2715 2183 2769 per
2212 2700 2387 2769 longa
2410 2702 2614 2754 saecula
2640 2701 2837 2757 futuri.
2873 2700 2983 2754 Sed
3015 2702 3060 2755 si
3087 2703 3293 2772 placet,
3322 2703 3379 2757 in
3402 2721 3545 2774 pres-

1938 2785 2185 2839 sentiam
2201 2788 2463 2841 omnium
2490 2788 3146 2861 deducatur,coramque
3169 2791 3539 2845 multitudine

1939 2872 2056 2943 ipse
2078 2874 2182 2929 sibi
2221 2877 2375 2929 testis
2406 2880 2462 2930 ct
2485 2877 2682 2948 judcx,
2715 2895 2944 2932 causam
2970 2896 3134 2932 suam
3166 2883 3436 2951 exponat,
3472 2881 3545 2941 si.

1937 2963 2172 3033 mulun
2200 2968 2583 3031 accusatores,
2616 2969 2808 3032 testes,
2842 2971 3013 3038 atque
3055 2968 3279 3038 judices
3329 2968 3546 3023 invidia

1862 3083 1909 3142 Ο
1938 3050 2223 3117 liberet,iu
2241 3070 2298 3106 se
2318 3070 2431 3107 uno
2448 3054 2937 3116 horumomnium
2952 3073 3257 3126 personam
3278 3074 3543 3128 gerens.»

2013 3161 2099 3211 5'2.
2130 3158 2251 3221 Quo
2288 3167 2359 3199 265
2384 3160 2643 3229 ingresso
2687 3178 2819 3215 cum
2853 3161 3116 3217 universo
3148 3164 3384 3233 populo,
3417 3166 3548 3234 post

1944 3246 2239 3315 paululum
2260 3247 2557 3301 silentium
2586 3249 2865 3304 indictum
2882 3253 2990 3305 est.
3020 3251 3239 3305 Deinde
3254 3254 3421 3322 pater
3437 3254 3541 3305 Ar-

1943 3333 2134 3386 nulfus
2164 3334 2235 3387 ad
2268 3335 2613 3390 Arnulfum:
2648 3358 2674 3385 α
2707 3338 2949 3391 Videsne
2980 3338 3244 3393 omnium
3266 3355 3369 3394 ora
3398 3338 3454 3392 in
3489 3342 3544 3393 te

1942 3438 2125 3475 unum
2155 3424 2466 3477 conversa?
2494 3424 2605 3477 Cur
2635 3440 2741 3494 pro
2770 3427 2829 3479 te
2870 3424 2992 3495 ipso
3025 3444 3141 3482 non
3171 3427 3424 3498 loqueris
3454 3427 3482 3483 ?
3514 3450 3543 3476 »

1944 3508 2199 3571 Quicum
2214 3511 2365 3564 male
2390 3511 2673 3565 concinna
2697 3513 2869 3566 verba
2886 3512 3544 3586 effunderct,minusque

1942 3596 2184 3667 intelligi
2204 3600 2413 3667 posset,
2444 3596 2524 3650 ait
2540 3600 2704 3668 pater
2723 3598 2993 3652 Arnulfus
3019 3617 3031 3653 ε
3054 3620 3081 3652 α
3101 3601 3248 3653 Esne
3270 3601 3456 3655 adhuc
3483 3602 3543 3657 in

1939 3685 2230 3738 sententia
2257 3685 2316 3738 in
2350 3701 2463 3756 qua
2490 3688 2544 3739 te
2574 3702 2701 3739 sero
2728 3686 3097 3757 reliquimus?
3122 3706 3242 3739 »——
3266 3707 3297 3740 ‹‹
3320 3687 3482 3757 Sum,
3513 3712 3541 3739 ››

1939 3774 2145 3845 inquit.
2178 3804 2242 3816 -—
2268 3797 2295 3821 «
2330 3773 2496 3827 Visne
2526 3776 2580 3827 te
2612 3773 2877 3827 abdicare
2918 3792 2951 3827 a
2975 3774 3277 3829 sacerdotii
3297 3775 3542 3845 honore,

1940 3880 2053 3935 quo
2081 3863 2356 3916 hactenus
2373 3862 2579 3916 abusus
2611 3879 2669 3916 es
2688 3862 2716 3916 ?
2735 3884 2763 3911 ››
2794 3863 2860 3916 Et
2889 3862 3012 3917 ille:
3036 3886 3063 3913 ‹‹
3089 3863 3245 3918 Sicut
3270 3863 3477 3920 dicitis.
3514 3887 3542 3915 ››

1937 3952 2078 4005 Tum
2112 3968 2306 4006 comes
2339 3950 2732 4006 Brochardus:
2771 3975 2797 4002 ‹‹
2822 3951 2968 4015 Quid
2999 3954 3103 4021 est,
3138 3951 3346 4025 inquit,
3366 3952 3540 4009 istud:

1938 4040 2094 4094 Sicut
2123 4040 2297 4093 dicitis
2321 4041 2349 4091 ?
2370 4041 2567 4094 Palam
2602 4041 2925 4112 eloquatur,
2960 4042 3155 4112 palam
3177 4042 3541 4111 conﬁteatur,

1941 4146 2014 4183 ne
2032 4130 2400 4199 postmodum
2423 4129 2719 4201 episcopos
2732 4130 2976 4184 crimina
2996 4147 3123 4202 quae
3134 4131 3421 4187 voluerint
3436 4132 3545 4189 ﬁn-

1940 4218 2082 4272 xisse
2108 4217 2414 4285 dictitet,se
2434 4218 2763 4273 confessum
2784 4235 2906 4274 esse
2933 4220 3215 4291 abneget.
3240 4239 3271 4273 ›
3298 4221 3366 4275 Et
3398 4220 3495 4278 ille
3529 4240 3543 4279 :

1940 4325 1972 4359 ς
1995 4307 2213 4374 Palam,
2234 4306 2441 4377 inquit,
2473 4306 2600 4361 dico
2631 4310 2688 4361 et
2719 4308 2997 4378 proﬁteor
3028 4325 3124 4363 me
3160 4325 3403 4374 errasse,
3430 4313 3488 4366 et
3513 4330 3548 4368 a

207 4389 518 4457 gestorum
534 4384 754 4438 seriem
772 4381 1021 4456 breviter
1048 4382 1256 4453 exponi
1286 4385 1512 4453 petunt,
1553 4387 1612 4437 et
1632 4383 1691 4437 in
1725 4400 1831 4454 quo

1941 4394 2215 4450 fidelitate
2232 4395 2393 4465 regia
2410 4394 2804 4450 deviasse.Sed
2826 4399 3052 4466 peto,ut
3068 4397 3287 4453 domno
3304 4400 3546 4455 Arnulfo

208 4472 335 4528 ﬁne
368 4472 771 4528 constiterint.

286 4565 378 4617 51.
420 4584 449 4610 ‹‹
474 4562 623 4628 Non,
656 4583 684 4610 ››
712 4559 902 4632 inquit
931 4561 1095 4629 pater
1133 4561 1424 4629 Arnulfus,
1461 4585 1487 4612 ‹‹
1518 4562 1627 4616 hoc
1673 4561 1840 4615 nobis

212 4667 473 4723 adscribi
505 4669 683 4723 debet
718 4670 877 4739 quod
922 4669 1162 4723 minime
1188 4669 1542 4741 promeritos
1584 4671 1834 4722 constat.

211 4756 330 4811 Pro
361 4759 546 4812 salute
574 4756 740 4812 enim
773 4757 1225 4829 vestraquamvis
1239 4758 1398 4811 omni
1433 4760 1694 4827 tempore
1709 4773 1841 4811 con-

211 4846 560 4900 sultandum
580 4846 674 4911 sit,
694 4846 804 4899 hoc
830 4848 1028 4900 tamen
1063 4849 1290 4916 tempus
1324 4846 1491 4899 saluti
1520 4844 1715 4898 fratris
1739 4863 1841 4901 n0-

213 4935 340 5002 stri,
375 4935 436 4989 in
462 4934 727 5006 periculo
746 4932 937 5004 positi,
970 4935 1160 4989 totum
1193 4934 1575 5002 contulimus;
1607 4934 1725 4988 etsi
1750 4951 1841 4989 res

192 5039 289 5078 eo
320 5024 728 5095 quovolumus
749 5030 819 5062 260
849 5022 1094 5077 deducta
1147 5039 1264 5077 non
1325 5026 1433 5089 est,
1470 5040 1585 5077 non
1640 5022 1838 5095 utique

220 5128 423 5167 amore
454 5116 516 5165 et
544 5110 1025 5165 benevolentiam
1055 5112 1229 5165 vestri
1256 5112 1341 5164 vel
1372 5111 1504 5165 odio
1527 5111 1705 5182 ipsius
1734 5113 1842 5166 hoc

222 5204 411 5256 actum
438 5204 547 5267 est,
578 5200 683 5253 sed
716 5214 1018 5253 causarum
1050 5200 1391 5254 difﬁcultate
1422 5200 1520 5267 ;in
1551 5200 1756 5271 quibus
1788 5201 1835 5255 si

224 5289 414 5361 aliqua
434 5287 771 5344 similitudo
791 5287 1139 5342 defensionis
1150 5288 1840 5359 apparuisset,argumen-

223 5380 416 5436 torum
440 5378 628 5435 fortia
652 5375 1143 5449 machinamenta,
1174 5371 1593 5445 sententiarum
1619 5377 1841 5432 validis-

1941 4500 2047 4555 pro
2075 4499 2169 4538 me
2197 4482 2453 4554 loquenti
2470 4482 2737 4550 credatis,
2762 4483 3075 4557 ipsumque
3100 4484 3158 4539 in
3186 4489 3374 4542 vestra
3404 4505 3549 4561 pra:-

1942 4573 2127 4627 sentia
2146 4573 2447 4642 deprecor,
2482 4571 2626 4626 sicut
2648 4572 2792 4627 mihi
2824 4573 3088 4628 conscius
3108 4577 3195 4628 est
3216 4577 3273 4629 et
3294 4576 3402 4632 sibi
3419 4579 3543 4649 pla-

1942 4664 2054 4728 cet,
2082 4661 2237 4738 utita
2265 4676 2497 4714 causam
2528 4677 2723 4715 meam
2746 4666 3019 4733 exponat.
3051 4682 3169 4715 »—-—
3188 4686 3215 4714 ‹‹
3246 4665 3482 4734 Natura,
3516 4689 3545 4717 ››

1941 4749 2129 4822 inquit
2158 4752 2324 4820 pater
2350 4749 2641 4817 Arnulfus,
2677 4773 2704 4799 «
2740 4750 3058 4805 taciturnus
3089 4755 3195 4818 est,
3226 4756 3284 4806 et
3314 4754 3549 4825 insuper

1944 4856 2071 4911 quae
2100 4839 2203 4891 sub
2252 4837 2586 4892 testimonio
2639 4838 2848 4892 Christi
2894 4841 3111 4893 nostra:
3141 4839 3274 4892 ﬁde‘i
3306 4842 3548 4897 celanda

1943 4925 2252 4989 commisit,
2281 4927 2474 4998 palam
2501 4926 2765 4981 conﬁteri
2798 4926 3100 4981 erubescit.
3119 4926 3377 4981 Sufﬁciat
3389 4930 3548 4985 vobis

1942 5018 2049 5073 hoc
2064 5020 2293 5072 tantum
2323 5032 2511 5084 nosse,
2543 5016 2695 5087 quod
2716 5014 2943 5086 publice
2977 5014 3305 5082 conﬁtetur,
3333 5016 3549 5073 scilicet

1944 5109 2306 5162 sacramenta
2343 5123 2470 5178 quae
2503 5103 2741 5175 regibus
2771 5103 2889 5157 suis
2940 5110 3012 5143 πο
3051 5103 3277 5174 publice
3301 5091 3552 5177 praebuit

1945 5196 2185 5251 minime
2209 5210 2573 5249 conservasse
2600 5210 2613 5259 ;
2646 5194 2848 5246 contra
2878 5190 3299 5261 professionem
3330 5197 3387 5249 et
3416 5196 3545 5252 sub-

1946 5286 2321 5357 scriptionem
2336 5301 2498 5338 suam
2530 5282 2633 5335 sub
2663 5281 2851 5352 specie
2871 5281 3423 5351 cirograpliifactam
3441 5303 3545 5358 pu-

1943 5376 2091 5431 blice
2116 5370 2633 5429 venissem—«Non
2655 5374 2741 5426 est
2758 5370 2902 5427 mihi
2918 5370 3114 5425 satis.»
3135 5370 3325 5445 inquit
3353 5392 3550 5438 comes

1556 5498 1793 5553 VARI/E
1840 5496 2131 5553 LECTION
2141 5493 2240 5552 ES.

289 5628 360 5666 πῖ
389 5620 542 5677 deest
558 5624 618 5677 ‘2.
683 5625 755 5661 2‘3
776 5618 989 5676 consid.
1025 5624 1076 5679 2.
1132 5628 1202 5663 ιω
1228 5617 1364 5674 Haec
1381 5617 1568 5689 desum
1602 5623 1659 5678 1.
1717 5627 1789 5662 ²⁶ο
1818 5617 2104 5682 voluimus
2132 5618 2167 5673 2
2220 5618 2291 5659 ³⁸1
2322 5608 2714 5671 benivolentia
2733 5615 2786 5674 2.
2843 5621 2914 5663 an
2931 5617 3119 5676 vestro
3135 5621 3188 5679 2,
3234 5628 3304 5669 που
3329 5623 3554 5685 utrum.

224 5711 331 5779 que
360 5699 414 5753 2.
475 5701 552 5737 ιω
582 5706 817 5750 aversos
848 5695 898 5749 2.
952 5699 1020 5736 203
1047 5691 1239 5767 glolssa
1268 5691 1534 5766 episcopo
1562 5695 1615 5751 2.
1677 5700 1749 5735 ιοα
1777 5690 1917 5750 deest
1945 5693 1999 5753 1.
2778 5690 2788 5694 ⁴
