3918 6230
195 489 284 545 337
1057 487 1306 543 SPURIA
1337 487 1471 542 AUT
1502 487 1861 543 Al.lENA.—-
1890 487 2136 545 LEONIS
2171 487 2409 544 LEGATI
2443 484 2652 541 EPIST.

3404 489 3507 541 338

192 631 218 657 α
249 607 405 661 Cassa
429 605 506 661 ab
531 605 770 662 ofﬁcio!
797 626 825 656 »
856 606 1074 663 Deinde
1092 624 1196 679 per
1213 607 1534 678 legitimam
1547 599 1808 663 reconci-
1833 612 1886 671 Α
1981 613 2011 662 5
2091 606 2195 663 Ubi
2225 606 2524 663 Faustinus
2537 604 2832 677 episcopus
2845 600 3004 669 dixit,
3034 603 3096 656 ut
3117 603 3382 657 Romano
3407 618 3507 672 pa-

187 694 485 750 liationem
511 695 734 750 laicam
762 696 844 750 illi
870 698 1090 750 tantum
1115 695 1592 751 communionem
1609 713 1808 750 conce-

187 783 341 847 dunt,
369 799 437 837 ac
477 784 850 855 paenitentiae
881 785 1148 839 subdunt.
1188 785 1294 839 Eos
1335 801 1470 839 vero
1500 784 1806 854 sacrilegos

184 871 449 944 urbisque
485 873 853 944 proditores,
894 872 990 944 qui
1025 889 1129 927 nec
1158 877 1364 945 sponte
1397 889 1501 926 nec
1533 872 1583 926 vi
1615 873 1686 926 ad
1717 890 1803 927 sa-

185 960 573 1015 tisfactionem
624 961 1142 1027 venerant,ilerato
1193 961 1561 1016 anathemate
1602 961 1802 1032 damp-

186 1051 336 1104 nant.
347 1049 492 1104 Post
508 1049 950 1104 haecconcilium
965 1049 1797 1121 sollempniterdeterminatur.

506 1155 783 1194 exrucrr
817 1155 1059 1194 smonus
1085 1155 1373 1194 REMEMSIS
1405 1146 1496 1192 m.

252 1230 340 1282 56.
377 1227 594 1300 Incipit.
615 1227 1047 1299 Cartaginiense
1067 1227 1376 1282 concilium
1392 1226 1795 1283 Africanorum

186 1315 591 1388 episc0porum
609 1333 645 1370 a
666 1316 927 1370 Girberto
955 1313 1235 1386 superiori
1258 1314 1460 1369 siuodo
1485 1314 1791 1385 conjuncto

188 1406 472 1476 quantum
505 1422 576 1459 ex
603 1422 671 1460 eo
700 1405 835 1459 utile
861 1404 968 1459 fuit
990 1412 1080 1459 πυ.

253 1493 314 1546 ln
331 1494 446 1547 hoc
467 1492 716 1547 concilio
744 1495 938 1547 actum
959 1495 1064 1558 est,
1099 1495 1160 1547 ut
1186 1492 1464 1546 Nicenum
1485 1490 1791 1546 concilium

193 1581 258 1635 ab
283 1580 572 1652 episcopis
600 1581 972 1636 orientalibus
996 1584 1307 1652 peteretur.
1329 1579 1430 1634 Cui
1451 1579 1670 1651 synodo
1700 1579 1788 1632 in-

193 1668 380 1724 terfuit
411 1668 631 1740 legatio
656 1669 906 1724 ecclesiae
938 1670 1234 1734 Romanae,
1259 1667 1556 1723 Faustinus
1581 1666 1794 1722 scilicet

194 1756 511 1830 episcopus,
529 1757 849 1829 Phylippus
880 1760 938 1812 et
958 1757 1178 1812 Asellus
1206 1756 1543 1828 presbyteri.

262 1849 310 1898 1.
385 1845 672 1900 Allocutio
695 1845 906 1900 Aurelii
925 1844 1174 1917 episcopi
1191 1845 1370 1900 sancti
1389 1845 1461 1900 ad
1487 1843 1794 1916 synodum.

259 1936 311 1990 2.
388 1933 710 2004 Responsio
743 1934 990 1988 Faustini
1023 1934 1274 2006 episcopi
1319 1934 1494 2004 legati
1523 1934 1797 1987 Romanae

472 2022 730 2077 ecclesia:
748 2023 819 2077 de
833 2022 920 2076 his
939 2039 1065 2094 quae
1079 2022 1139 2076 in
1154 2022 1384 2077 ecclesia
1402 2021 1611 2092 partim
1625 2037 1796 2076 cano-

472 2127 570 2177 ne,
591 2111 805 2181 partim
824 2111 1260 2178 consuetudine,
1279 2112 1414 2165 sunt
1435 2111 1689 2165 ﬁrmata.

262 2201 311 2252 3.
385 2199 466 2252 De
489 2197 940 2253 commonitorio
976 2198 1220 2252 Romani
1253 2214 1416 2270 papae
1443 2197 1704 2251 recitato.

262 2287 312 2340 4.
383 2285 594 2359 Alippii
623 2302 788 2356 papae
811 2285 1109 2357 responsio
1139 2302 1244 2358 pro
1271 2285 1419 2340 veris
1458 2285 1799 2356 exemplari-

465 2375 573 2429 bus
599 2373 798 2429 Niceni
835 2373 1060 2429 concilii
1093 2373 1512 2446 perquirendis.

2190 712 2277 768 pas
2296 695 2545 766 synodus
2562 691 2948 766 perquirenda
2967 689 3162 746 Niceni
3189 689 3393 762 synodi
3409 707 3503 744 ve-

2188 784 2356 838 ritate
2386 783 2724 839 innotescat.

1977 875 2009 927 6
2085 874 2164 928 De
2210 872 2497 928 sententia
2548 869 2897 926 Sardicensis
2948 866 3171 922 concilii
3220 865 3441 922 recitati
3471 883 3505 923 ει

2195 961 2518 1032 postulante
2541 960 2756 1014 Novato
2789 958 3076 1030 episcopo.

1974 1056 2028 1106 7.
2113 1049 2217 1104 Ubi
2241 1048 2591 1120 Augustinus
2621 1047 2919 1118 episcopus
2944 1063 3074 1100 cum
3090 1043 3310 1116 synodo
3344 1043 3500 1100 Nice-

2186 1154 2328 1192 num
2359 1137 2666 1192 concilium
2689 1151 3027 1191 conservare
3054 1132 3358 1204 promittit.

1972 1229 2022 1281 8.
2103 1225 2205 1281 Ubi
2222 1225 2516 1281 Faustinus
2533 1225 2834 1297 episcopus
2855 1241 2960 1296 pro
2976 1222 3267 1279 dubietate
3279 1220 3501 1278 recitati

2179 1315 2414 1386 capituli
2452 1318 2713 1371 Romano
2747 1331 2912 1388 papa:
2939 1314 3083 1386 petit
3111 1313 3496 1370 scribendum.

1967 1407 2018 1458 9.
2100 1403 2202 1458 Ubi
2223 1404 2478 1476 synodus
2499 1403 2852 1476 exemplaria
2863 1403 2906 1457 N
2914 1402 3060 1458 iceni
3077 1401 3303 1458 concilii
3319 1401 3502 1472 magis

2173 1491 2245 1546 ab
2295 1491 2668 1547 orientalibus
2715 1489 2996 1563 episcopis
3039 1489 3362 1564 expetenda
3399 1489 3499 1545 deo

2170 1579 2366 1633 crevit.

1931 1670 2015 1721 10.
2098 1667 2382 1723 Professio
2413 1668 2546 1724 fidei
2575 1669 2767 1725 Niceni
2799 1667 3046 1724 concilii.

1934 1757 1954 1809 1
1972 1758 2019 1810 1.
2099 1753 2325 1827 Scripta
2343 1757 2595 1812 Africani
2615 1755 2938 1814 Concilii'ab
2956 1754 3326 1812 Bonel‘acium
3348 1753 3502 1812 urbis

2183 1845 2382 1899 Romae
2411 1845 2766 1916 episcopum.

1939 1935 2020 1988 l2.
2100 1932 2456 2002 Rescriptum
2475 1933 2722 2003 episcopi
2737 1933 2955 1998 Romae,
2973 1929 3502 1991 Alexandriae,Con-

2189 2019 2846 2092 stantinopolitani,cum
2869 2017 3288 2089 exemplaribus
3307 2015 3501 2072 Niceni

2183 2107 2410 2162 concilii
2435 2107 2718 2163 Africanae
2748 2107 2966 2178 synodo
3004 2104 3325 2161 destinatis.

1939 2199 2023 2251 13.
2103 2195 2326 2268 Scripta
2354 2195 2844 2250 Africaniconcilii
2866 2195 2939 2249 ad
2962 2194 3332 2251 leestinum
3346 2190 3503 2248 urbis

2186 2285 2385 2339 Romae
2412 2284 2770 2355 episcopum.

2120 2373 2350 2430 Tcxtum
2377 2372 2596 2428 concilii
2624 2370 3084 2443 Carthaginiensis
3112 2372 3403 2429 omisimus.

1504 2497 1739 2551 VARUE
1789 2496 1958 2552 LEC'I‘
1963 2497 2079 2553 ΙΟΝ
2085 2497 2186 2552 ES.

256 2603 322 2636 ’τι
351 2611 396 2651 r.
424 2593 678 2649 Girberti
709 2611 874 2666 papa:
904 2597 954 2653 1.
1013 2602 1084 2636 ³⁷³
1116 2594 1437 2650 Concilium
1461 2598 1676 2666 carlag.
1711 2595 1905 2650 africae
1925 2595 1992 2649 Vl
2025 2600 2276 2667 gestum.
2311 2611 2410 2650 era
2433 2594 2764 2650 CCCCLVII.
2791 2593 2861 2650 ab
2885 2591 3167 2666 episcopis
3183 2591 3378 2648 CCXVI
3408 2635 3422 2650 .
3485 2635 3500 2650 .

654 2852 1274 2980 LEONIS
1333 2853 2054 2979 ABBATIS
2126 2855 2336 2979 ET
2417 2853 3032 2980 LEGATI

1481 3089 2038 3179 EPISTOLA
2085 3087 2219 3174 (42)

1209 3275 1302 3329 AD
1341 3273 1673 3330 HUGONEM
1713 3273 1796 3330 ET
1841 3274 2213 3332 ROBERTUM
2244 3275 2485 3336 REGES.

796 3420 998 3490 (Pertz,
1027 3417 1380 3477 Monumenta
1411 3420 1718 3478 Germaniae
1748 3421 2020 3489 historica,
2049 3421 2258 3494 Script.
2287 3423 2433 3478 tom.
2465 3421 2556 3489 III,
2579 3435 2720 3494 pag.
2753 3420 2899 3492 686.)

225 3706 362 3760 Lm
380 3702 732 3777 Postquam
746 3705 947 3760 vestrae
965 3705 1188 3760 caritati
1203 3706 1460 3778 legatum
1481 3709 1740 3762 nostrum
1759 3723 1794 3762 a
1819 3709 1866 3768 C
1897 3703 2153 3761 Christus
2183 3703 2344 3772 dixit,
2367 3703 2464 3777 qui
2483 3703 2691 3761 veritas
2707 3707 2794 3762 est
2813 3707 2872 3762 et
2895 3706 3130 3763 mentiri
3150 3723 3270 3764 non
3286 3708 3496 3780 potuit,

162 3793 413 3849 Iosomo
446 3793 800 3860 direximus,
849 3795 913 3847 ut
938 3810 1168 3848 causam
1195 3795 1419 3849 Arnulﬁ
1447 3797 1505 3850 et
1532 3795 1791 3850 Gerberti

173 3879 449 3936 kanouice
499 3897 642 3935 cum
677 3880 892 3935 timore
925 3879 1026 3934 Dei
1058 3897 1122 3935 ac
1149 3881 1497 3953 regulariter
1524 3883 1679 3936 intra
1704 3900 1794 3937 ve-

181 3971 350 4024 strum
367 3987 628 4042 regnum
647 3970 682 4023 ﬁ
693 3970 1033 4036 niretur,die
1049 3974 1244 4026 sancto
1259 3973 1628 4042 pentecosten
1642 3973 1794 4027 abla-

183 4059 262 4112 tus
274 4068 342 4102 ’τι
353 4064 441 4115 est
453 4060 627 4116 nobis
647 4059 960 4126 libellus,in
975 4077 1088 4132 quo
1107 4064 1294 4116 vestra
1313 4063 1566 4133 synodus
1590 4065 1791 4118 contra

190 4147 481 4206 Arnulfum
496 4151 660 4205 facta
677 4149 1290 4217 continebatur,immo
1307 4153 1574 4208 adversus
1587 4154 1791 4207 Roma-

196 4252 320 4291 nam
341 4238 671 4303 ecclesiam,
705 4240 830 4293 tota
855 4237 1081 4310 injuriis
1109 4243 1167 4294 et
1195 4240 1567 4311 blasphemiis
1598 4242 1786 4311 plena.

199 4322 308 4386 Quo
329 4325 464 4393 viso,
491 4326 886 4381 admiratione
910 4330 967 4381 et
995 4331 1230 4398 stupore
1252 4328 1501 4395 attoniti,
1527 4330 1793 4400 cogitavi-

199 4427 316 4466 mus
365 4415 560 4469 statim
621 4415 694 4468 ad
728 4415 1013 4469 domuum
1069 4417 1444 4486 apostolicum
1475 4417 1704 4484 reverti,
1736 4422 1793 4473 et

197 4496 370 4568 ipsum
389 4502 441 4556 ei
455 4502 836 4574 apostaticum
853 4503 1108 4558 libellum
1123 4506 1496 4576 portare.Sed
1509 4506 1603 4560 ubi
1621 4507 1791 4561 michi

199 4589 578 4657 renuntiastis,
605 4592 762 4662 quod
786 4591 985 4646 omnia
1010 4592 1293 4647 kanonice
1318 4593 1502 4647 velitis
1519 4594 1790 4663 difﬁnire,

195 4679 464 4748 compulsi
479 4679 745 4734 venimus
758 4679 830 4734 ad
851 4680 1313 4752 cognoscendam
1330 4681 1500 4752 hujus
1518 4682 1601 4736 rei
1621 4684 1793 4738 ratio.

197 4767 524 4838 nem.Nam,
542 4773 606 4822 ut
626 4767 817 4822 verius
839 4767 1025 4822 fateor
1045 4769 1267 4824 caritati
1300 4774 1521 4836 vestrm,
1551 4771 1610 4825 in
1636 4771 1793 4826 vobis

197 4854 376 4908 evenit
393 4855 700 4928 prophetia
720 4856 872 4910 beati
887 4857 1125 4928 apostoli
1139 4861 1196 4911 et
1208 4859 1572 4930 evangelista:
1587 4860 1796 4914 Johan-

196 4940 296 5008 nis,
320 4943 417 5015 qui
442 4943 580 4999 dicit
609 4961 621 4998 :
654 4943 828 4998 Multi
852 4945 1158 5000 antzchrisli
1176 4947 1316 5016 facti
1340 4955 1465 5001 sunt
1486 4977 1502 5015 ,-
1536 4948 1673 5003 unde
1696 4949 1795 5004 sci-

1893 3795 2048 3868 quod
2072 3793 2310 3848 ecclesia
2330 3793 2480 3848 beati
2503 3794 2656 3850 Petri
2680 3795 2923 3865 apostoli
2949 3795 3394 3853 fundamentum
3425 3797 3499 3854 sit

1893 3882 2156 3938 omnium
2187 3881 2650 3938 ecclesiarum.Et
2671 3883 2768 3939 ubi
2790 3884 3040 3939 ecclesiae
3061 3901 3294 3956 sperare
3320 3884 3495 3941 debe-

1891 3988 2019 4026 mus
2042 3971 2358 4043 fastigium,
2377 3972 2484 4026 nisi
2502 3972 2597 4028 ubi
2614 3973 2869 4028 locatum
2897 3976 2984 4029 est
3004 3972 3496 4030 fundamentum?

1891 4062 1970 4117 ibi
1996 4063 2196 4132 procul
2219 4061 2392 4116 dubio
2414 4064 2758 4117 etcacumen
2779 4065 2836 4116 et
2861 4065 2983 4118 tota
3003 4064 3257 4119 (ecclesia
3270 4081 3498 4137 perma-

1893 4153 2008 4204 net.
2044 4151 2292 4205 Econtra
2323 4151 2600 4206 anticristi
2640 4151 2812 4206 vestri
2864 4152 3082 4220 dicunt,
3113 4154 3269 4226 quod
3317 4153 3395 4209 ibi
3421 4154 3495 4210 sit

1891 4241 2079 4294 statua
2108 4256 2462 4306 marmorea,
2483 4244 2540 4295 et
2565 4242 2626 4295 ut
2651 4243 2936 4312 templum
2969 4243 3044 4296 sit
3070 4243 3495 4300 idolorum.Ah—

1891 4329 1982 4394 sit,
2011 4328 2177 4394 absit,
2210 4332 2272 4382 ut
2317 4329 2466 4383 hanc
2518 4329 2788 4399 injuriam
2822 4331 2996 4399 Petri,
3027 4331 3210 4388 immo
3263 4332 3492 4400 Christi,

1893 4417 2096 4489 aliquis
2123 4416 2478 4472 Christianus
2506 4417 2753 4473 libenter
2781 4419 2997 4489 audiat,
3027 4424 3087 4476 et
3113 4423 3231 4476 zelo
3262 4421 3364 4477 Dei
3393 4437 3494 4476 cor

1892 4507 2014 4576 ejus
2036 4509 2238 4561 contra
2261 4506 2436 4560 talem
2457 4505 2707 4561 heresim
2730 4524 2848 4563 non
2872 4509 3250 4565 accendatur!
3271 4512 3340 4565 Et
3360 4510 3496 4582 quia

1888 4592 2238 4648 vicariiPetri
2250 4593 2356 4663 etej
2368 4610 2430 4648 us
2442 4593 2700 4664 discipuli
2712 4596 3138 4654 nolunthabere
3154 4599 3494 4672 magistrum

1891 4683 2216 4750 Platonem,
2234 4699 2420 4755 neque
2447 4683 2767 4756 Virgilium,
2788 4703 2979 4759 neque
3004 4689 3362 4755 Terentium,
3396 4705 3496 4743 ne-

1893 4787 2003 4842 que
2034 4775 2254 4826 ceteros
2283 4772 2531 4843 pecudes
2588 4773 3085 4845 philosophorum,
3118 4776 3214 4847 qui
3245 4774 3496 4830 volando

1893 4860 2160 4930 superbe,
2194 4863 2256 4916 ut
2283 4859 2403 4915 avis
2433 4878 2650 4929 aerem,
2684 4864 2742 4916 et
2767 4867 3132 4933 emergentes
3161 4863 3221 4916 in
3252 4861 3492 4934 profun-

1896 4950 2056 5017 dum,
2089 4953 2150 5005 ut
2171 4949 2352 5023 pisces
2385 4965 2565 5017 mare,
2593 4953 2651 5005 et
2672 4953 2736 5006 ut
2758 4967 3001 5022 peccora
3025 4950 3354 5022 gradientes
3378 4953 3494 5006 ter.

201 5044 328 5098 mus,
353 5035 611 5104 quoniam
640 5035 925 5096 novissima
965 5034 1095 5088 hora
1126 5042 1199 5089 est
1239 5035 1296 5106 (Ι
1311 5035 1473 5094 Joan.
1495 5055 1553 5104 ιι,
1590 5037 1694 5107 18).
1730 5039 1797 5093 Et
1821 5038 1873 5097 D
1896 5055 2023 5094 ram
2045 5039 2497 5111 descripserunt:
2523 5038 2706 5094 dicitis
2721 5055 2818 5094 eos
2840 5055 2946 5093 nec
2963 5037 3268 5094 hostiarios
3283 5039 3499 5095 debere,

197 5117 323 5188 quid
339 5124 424 5176 est
447 5121 843 5188 antichristus,
878 5121 986 5178 nisi
1017 5123 1342 5180 contrarius
1360 5125 1582 5182 Christo
1600 5127 1627 5181 ἱ)
1654 5127 1794 5183 Ecce

1897 5143 2038 5194 esse,
2054 5128 2187 5201 quia
2207 5128 2308 5184 tali
2333 5127 2590 5184 carmine
2609 5125 2814 5182 imbuti
2835 5143 2954 5183 non
2979 5129 3130 5183 sunt.
3157 5129 3266 5183 Pro
3288 5143 3401 5202 qua
3431 5143 3494 5187 re

1494 5247 1728 5304 VARUE
1780 5247 2179 5305 LECTIONES.

257 5373 325 5408 ,τε
355 5367 393 5421 ἰ.
423 5384 468 5422 e.
504 5365 640 5426 Leo.
699 5373 772 5409 ’τι
802 5373 898 5422 aut
930 5367 1131 5425 allatus
1169 5377 1265 5425 aut
1297 5371 1520 5429 oblatus
1547 5374 1842 5446 legendum.

1728 5496 1949 5552 NOT/E.

259 5585 360 5651 (42)
401 5585 600 5660 Inveni
634 5603 764 5660 eam
791 5586 980 5660 codici
1024 5589 1185 5660 regio
1221 5591 1572 5646 Bruxellensi
1603 5612 1661 5646 n.
1692 5596 1794 5647 503

191 5655 439 5728 signato,
504 5657 642 5712 olim
699 5659 761 5711 B.
791 5655 1488 5727 MarieelAifreaevallensis
1545 5666 1793 5718 membr.

192 5744 296 5785 sec.
330 5745 384 5794 ι,
417 5729 517 5784 fol.
565 5731 668 5785 2l9
699 5746 827 5802 sqq.
863 5745 1038 5786 manu
1100 5749 1289 5789 coazva
1342 5734 1700 5805 inscriptam,
1732 5752 1788 5792 ν.

1895 5595 2119 5650 Archiv.
2158 5596 2269 5662 VII,
2306 5594 2441 5663 812;
2473 5598 2529 5651 et
2567 5613 2700 5652 cum
2750 5598 2823 5654 ad
2861 5597 3164 5656 historiam
3193 5598 3411 5656 Arnum
3444 5603 3503 5654 et

1896 5666 2151 5720 Gerberti
2169 5666 2362 5734 faciat,
2384 5667 2491 5723 aV.
2514 5669 2595 5726 Cl.
2613 5669 2912 5732 Ludowico
2943 5669 3270 5732 Bethmann
3299 5670 3502 5728 exscri-

1898 5741 2058 5808 ptam
2089 5737 2179 5792 hic
2209 5755 2494 5812 propono.
