3918 6230
429 569 537 634 339

1743 571 2116 630 SILVESLER
2145 575 2191 630 II
2224 573 2426 632 ΡΑΡᾹ.

3635 579 3750 640 340

431 699 622 758 sciatis
654 717 752 759 eos
781 716 904 758 esse
953 701 1228 759 mentitos
1258 701 1355 776 qui
1387 702 1522 759 talia
1571 703 1854 760 dixerunt.
1891 706 2033 761 Nam
2057 704 2112 763 A
2137 701 2353 758 cientes
2395 702 3216 778 Athanasiusarchiepiscopus
3237 704 3294 760 et
3314 703 3562 764 universi
3581 707 3751 782 Egi-

436 791 638 847 Petrus
671 809 788 848 non
821 791 978 847 novit
1025 792 1178 859 talia,
1211 793 1267 845 et
1310 793 1618 848 hostiarius
1657 793 1778 847 caeli
1804 794 2038 850 effectus

438 882 544 947 est,
565 879 688 952 ipso
717 880 964 936 Domino
989 881 1040 936 ei
1072 881 1300 936 dicente
1329 900 1340 934 :
1378 881 1502 935 Tibi
1527 883 1662 936 dabo
1693 883 1858 936 claves
1889 889 2040 954 regni

437 969 684 1024 calorum
710 969 933 1039 (Matth.
966 986 1092 1037 XVI,
1125 969 1234 1041 l9).
1268 970 1426 1024 Unde
1457 970 1578 1041 ejus
1611 971 1800 1026 vicarii
1833 976 1888 1026 et
1919 973 2039 1042 ejus

437 1057 699 1130 discipuli
725 1058 1051 1130 apostolicis
1077 1061 1134 1114 et
1159 1059 1498 1130 evangelicis
1515 1064 1646 1114 sunt
1671 1061 1911 1115 instituti
1936 1062 2035 1116 do~

439 1146 659 1216 ctrinis,
693 1151 752 1203 et
782 1164 898 1203 non
955 1151 1162 1203 ornatu
1206 1165 1567 1217 sermonum,
1601 1150 1699 1204 sed
1731 1151 1952 1206 ratione
1983 1155 2041 1205 et

443 1253 612 1290 sensu
641 1238 983 1301 verborum;
1013 1237 1148 1310 quia
1177 1237 1450 1310 scriptum
1483 1243 1568 1293 est
1599 1255 1613 1294 :
1645 1239 1824 1295 Stulta
1856 1242 2043 1294 minuti

439 1325 593 1394 elegit
622 1325 784 1396 Deus,
810 1332 870 1380 ut
903 1327 1196 1397 confundat
1225 1329 1390 1396 fortia
1422 1329 1468 1400 (1
1501 1327 1625 1383 Cor.
1650 1345 1694 1392 1,
1729 1331 1836 1399 ‘27).
1870 1331 1938 1384 Et
1969 1332 2039 1385 ab

438 1413 602 1470 initio
627 1415 830 1470 mundi
876 1431 992 1470 non
1021 1417 1196 1487 elegit
1219 1419 1367 1472 Deus
1409 1423 1667 1474 oratores
1694 1423 1752 1473 et
1790 1421 2039 1490 philoso-

437 1501 710 1574 phos,sed
725 1502 1045 1559 illitteratos
1057 1508 1115 1559 et
1128 1504 1508 1560 rusticos.Sed
1524 1524 1639 1561 non
1658 1509 1742 1561 est
1757 1507 1861 1561 mir
1873 1525 1965 1561 um
1977 1507 2040 1573 ,si

438 1588 804 1646 vicariiPetri
827 1609 856 1646 a
885 1593 1390 1664 pseudoepiscopis
1406 1595 1650 1649 audiunt
1673 1597 1828 1667 quod
1862 1596 1980 1667 ipse
2010 1613 2042 1650 a

440 1677 640 1733 scribis
657 1682 714 1732 et
731 1680 1013 1734 Phariseis
1031 1681 1369 1753 audivit,qui
1385 1683 1457 1736 ad
1478 1683 1599 1752 ejus
1615 1682 1879 1752 injuriam
1897 1683 2042 1737 dicc-

438 1767 582 1821 bant
631 1785 766 1822 eum
819 1767 999 1824 idiota
1023 1776 1094 1812 2⁷⁸
1120 1772 1177 1823 et
1223 1770 1345 1824 sine
1377 1770 1581 1825 litteris
1629 1787 1770 1836 esse,
1805 1775 1860 1824 et
1891 1771 2039 1825 deri-

441 1853 633 1908 dendo
663 1855 930 1910 dicebant
961 1873 980 1910 :
1011 1855 1192 1910 Musto
1212 1858 1364 1928 pleni
1389 1865 1513 1912 sunt
1539 1859 1630 1912 isti
1653 1859 1800 1928 (Act.
1836 1875 1904 1926 Il,
1933 1859 2037 1929 l3).

441 1941 603 1996 Unde
629 1943 791 1998 Johel
851 1945 1132 2015 propheta
1173 1945 1487 2000 caecitatem
1549 1944 1776 2001 illorum
1836 1947 2040 2002 redar-

2139 791 2393 861 ptiorum
2433 795 2491 846 et
2546 793 2972 849 Thebaidorum
3025 799 3083 849 et
3139 794 3430 851 Libiarum
3461 797 3744 868 episcopi,

2141 881 2373 950 quando
2409 898 2443 934 a
2480 885 2677 935 sancto
2709 883 2890 936 Felice
2937 882 3230 953 pontifice,
3260 901 3412 938 nunc
3459 889 3745 958 martyre,

2141 969 2346 1022 eodem
2371 971 2485 1023 tem
2496 987 2632 1040 pore
2653 972 2805 1041 apud
2817 971 2984 1025 vestri
3007 971 3222 1027 similes
3233 973 3502 1028 homines
3521 974 3749 1030 invaso-

2139 1072 2264 1110 rcm
2297 1057 2671 1124 mstimatum,
2693 1059 2991 1112 consilium
3021 1059 3619 1118 adversumhcreticos
3641 1080 3746 1136 pe-

2142 1144 2414 1212 tiverunt,
2436 1147 2590 1217 quod
2610 1149 2724 1202 Deo
2744 1149 2970 1202 volente
2994 1150 3480 1220 acceperunt.Sed
3497 1151 3657 1222 quod
3670 1151 3748 1206 ad

2141 1249 2238 1285 eos
2290 1233 2633 1304 pertinebat,
2667 1235 3087 1307 qumsiverunt;
3146 1238 3304 1308 quod
3333 1237 3407 1292 ad
3437 1239 3564 1293 illos
3623 1255 3747 1295 non

2143 1319 2490 1390 pertinebat,
2525 1323 2637 1376 Deo
2669 1323 3017 1378 dimiserunt
3045 1343 3058 1392 ;
3090 1330 3148 1379 et
3178 1324 3235 1378 in
3263 1326 3645 1397 derogatione
3673 1335 3746 1369 270

2147 1409 2422 1463 Romana:
2442 1411 2692 1464 ecclesiae
2725 1411 3025 1466 siluerunt.
3064 1413 3188 1467 Fuit
3219 1430 3474 1486 namque
3504 1413 3747 1486 quidam

2143 1495 2443 1550 Dioscorus
2474 1499 2888 1554 Alexandrinus
2947 1500 3428 1573 archiepiscopus,
3457 1501 3617 1574 cujus
3647 1520 3749 1558 vos

2144 1587 2468 1655 exemplum
2494 1587 2698 1640 imitati
2722 1589 2876 1654 estis,
2895 1589 2988 1660 qui
3015 1589 3365 1660 prcsumpsit
3384 1595 3587 1644 contra
3610 1591 3752 1646 Leo-

2144 1689 2278 1725 nem
2305 1675 2634 1742 pontiﬁcem
2657 1679 2712 1728 et
2731 1680 2932 1730 contra
2955 1678 3275 1732 Romanam
3291 1679 3586 1734 ecclesiam
3613 1681 3752 1734 serio

2142 1762 2278 1815 bere
2305 1780 2317 1828 ;
2347 1763 2445 1816 scd
2477 1763 2532 1816 in
2565 1767 2790 1819 tantum
2848 1765 2994 1820 illius
3033 1768 3531 1838 presumptiouem
3562 1769 3751 1824 sancti

2144 1850 2337 1902 Patres
2351 1851 2505 1920 apud
2519 1851 2924 1907 Calcedoniam
2947 1852 3211 1908 detestati
3236 1859 3389 1922 sunt,
3411 1861 3472 1911 ut
3489 1856 3613 1911 sine
3633 1858 3752 1912 ulla

2142 1937 2506 1993 restitutione
2528 1957 2661 1994 eum
2685 1942 3092 2014 dampnarent.
3109 1943 3175 1996 Et
3191 1943 3406 1996 nullam
3422 1944 3750 2016 inquisitio-

441 2027 595 2098 guit;
629 2029 727 2102 qui
779 2029 932 2086 inter
986 2035 1178 2088 cetera
1229 2033 1307 2088 sic
1357 2033 1482 2088 ait:
1524 2035 1600 2089 Et
1638 2035 1850 2106 quidem
1887 2053 2037 2106 super

2143 2041 2276 2078 nem
2310 2026 2591 2094 fecerunt,
2620 2030 2810 2083 utrum
2849 2029 3004 2100 juste
3036 2046 3109 2085 an
3154 2029 3364 2102 injuste
3391 2033 3474 2086 vel
3510 2049 3750 2105 quoquo

440 2132 610 2170 servos
657 2134 796 2173 meos
839 2127 890 2174 et
927 2137 1080 2192 super
1119 2122 1342 2176 ancillas
1370 2139 1512 2176 meas
1540 2125 1815 2194 effundam
1843 2122 1906 2177 dc
1932 2125 2042 2194 spi-

440 2205 548 2258 ritu
574 2222 686 2261 meo
709 2207 868 2268 (Joel.
901 2222 971 2276 II,
1004 2209 1123 2281 28);
1157 2227 1274 2266 non
1308 2228 1480 2283 super
1527 2211 1739 2266 scribas
1789 2216 1847 2266 et
1901 2213 2042 2267 Pha-

437 2291 617 2350 riseos
663 2299 762 2350 aut
788 2295 960 2352 falsos
993 2299 1341 2367 sacerdotes,
1374 2299 1472 2371 qui
1515 2300 1712 2354 dicunt
1764 2317 1820 2353 se
1875 2318 2039 2356 nosse

438 2381 645 2451 Deum,
684 2383 850 2439 factis
879 2387 1074 2440 autem
1127 2390 1364 2458 negant.
1409 2387 1476 2440 Et
1522 2387 1798 2458 quoniam
1829 2389 2040 2444 calum-

440 2469 612 2525 niatis
642 2471 971 2527 Romanum
1023 2473 1382 2544 pontiﬁcem,
1412 2474 1509 2546 qui
1552 2491 1798 2530 munera
1837 2484 1907 2518 =76
1931 2476 2038 2530 sibi

439 2557 633 2613 oblata
659 2559 878 2632 recepit
903 2577 916 2615 :
943 2560 1002 2614 in
1027 2561 1140 2616 hoc
1170 2577 1287 2616 non
1317 2562 1502 2616 solum
1535 2563 1748 2628 illi,sed
1771 2564 2040 2620 omnibus

440 2645 714 2718 apostolis
727 2663 1044 2720 eorumque
1065 2649 1480 2705 successoribus
1497 2651 1836 2721 detraxistis,
1857 2653 2037 2708 immo

435 2731 545 2804 ipsi
572 2733 844 2803 Domino,
875 2735 974 2808 qui
1001 2737 1187 2808 capud
1217 2737 1480 2794 omnium
1531 2743 1618 2794 est
1645 2742 2036 2810 ecclesiarum,

441 2821 576 2894 quia
604 2821 790 2894 magis
813 2823 1005 2879 oblata
1022 2824 1128 2880 sibi
1155 2843 1400 2883 munera
1425 2845 1543 2884 non
1569 2831 2039 2900 respuit.Etenim

441 2909 576 2982 quia
607 2910 665 2965 in
701 2913 888 2966 vestro
919 2913 1163 2969 concilio
1190 2915 1349 2970 vobis
1378 2933 1514 2971 cura
1543 2917 1670 2979 fuit,
1698 2919 1767 2973 de
1814 2919 2040 2990 pontiﬁ-

437 2997 595 3054 cibus
605 2999 734 3070 jam
759 2999 1043 3056 defunctis
1059 3002 1414 3058 mentionem
1443 3005 1653 3072 facere,
1681 3008 1836 3078 quod
1863 3024 2037 3078 quam

441 3087 514 3144 sit
535 3089 890 3145 contrarium
915 3089 1074 3145 omni
1099 3089 1670 3158 Christiano,temere
1681 3093 1943 3162 judicare
1967 3095 2038 3149 de

441 3175 532 3230 his
561 3177 660 3248 qui
689 3178 762 3232 ad
785 3179 966 3233 Deum
991 3178 1405 3250 migraverunt,
1433 3179 1490 3234 in
1511 3182 1761 3235 secundo
1789 3183 2038 3253 capitulo

435 3265 715 3321 Anastasii
745 3282 911 3337 papae
941 3267 1013 3322 ad
1039 3267 1400 3322 Anastasium
1444 3269 1856 3338 imperatorem
1889 3271 2038 3326 dirc-

2139 2113 2315 2167 modo
2340 2115 2464 2185 jam
2495 2115 2677 2170 fatum
2692 2117 3030 2172 Dioscorum
3061 2121 3266 2173 contra
3295 2119 3624 2174 Romanam
3655 2137 3751 2175 ec-

2140 2202 2368 2257 clesiam
2388 2203 2670 2272 dictasset;
2696 2206 2794 2260 sed
2813 2207 3024 2278 absque
3047 2207 3206 2262 omni
3235 2209 3626 2263 controversia
3639 2209 3753 2264 hoc

2143 2288 2200 2344 in
2229 2307 2298 2344 eo
2323 2291 2424 2345 ulti
2449 2297 2603 2359 sunt,
2629 2293 2784 2365 quia,
2806 2311 2936 2348 cum
2961 2298 3109 2350 esset
3132 2295 3396 2363 inferior,
3417 2314 3520 2352 suo
3551 2297 3752 2368 priore

2141 2380 2198 2430 et
2229 2379 2572 2450 magistrum
2604 2384 2843 2436 conatus
2894 2385 2979 2437 est
3035 2384 3310 2438 lacessere
3355 2385 3748 2440 contumeliis.

2138 2467 2452 2522 Voluerunt
2466 2471 2761 2541 nempe,in
2782 2471 2954 2525 domo
2969 2471 3067 2526 Dei
3085 2472 3259 2527 nichil
3277 2473 3398 2528 ﬁeri
3411 2475 3750 2544 confusum,

2139 2555 2308 2608 nichil
2325 2555 3148 2615 inordinatum.Verumtamcn
3161 2561 3282 2616 haec
3293 2561 3754 2633 parvipendebat

2141 2645 2308 2712 pater
2345 2645 2638 2708 Arnull‘us,
2674 2663 2806 2700 cum
2856 2665 2956 2702 suo
3003 2648 3287 2703 nescimus
3332 2652 3596 2720 apostata
3625 2650 3747 2706 ﬁlio

2139 2731 2520 2803 (43),quando
2547 2737 2706 2788 tanta
2732 2738 2934 2790 contra
2950 2736 3273 2793 Romanam
3300 2739 3599 2793 ecclesiam
3625 2739 3750 2794 ausi

2138 2821 2526 2876 suntscribere
2541 2824 2794 2896 180,quod
2811 2841 2914 2879 nec
2926 2825 3152 2880 Arriani
3169 2827 3406 2882 heretici
3427 2828 3748 2899 aliquando

2139 2915 2617 2980 presumpserunt
2679 2917 2874 2982 (siqua,
2954 2931 3098 2967 conc.
3167 2914 3354 2969 Basol.
3413 2933 3564 2969 num.
3630 2917 3744 2987 28).

2141 2996 2306 3051 Certe
2337 2998 2612 3068 scriptum
2663 3004 2770 3066 est,
2801 2999 2937 3072 quia
2984 3002 3279 3057 venenatis
3317 3001 3446 3057 ﬁliis
3473 3005 3749 3060 venenati

2141 3089 2410 3156 parentes
2427 3091 2759 3142 nascuntur.
2781 3089 2992 3143 Contra
3013 3107 3185 3162 quem
3208 3091 3576 3146 beatissimus
3594 3109 3748 3165 papa

2141 3174 2456 3228 Bonifatius
2505 3175 2584 3229 ait
2617 3193 2630 3230 :
2664 3176 2837 3230 Nemo
2882 3195 3136 3249 umquam
3185 3180 3468 3249 apostolico
3497 3181 3742 3250 culmini,

2139 3263 2203 3315 de
2227 3263 2376 3332 cuius
2390 3264 2598 3332 jmlilio
2616 3283 2720 3317 non
2753 3265 2867 3318 licet
2896 3269 3191 3334 retractari,
3222 3285 3411 3320 inaniis
3439 3268 3624 3324 obvias
3643 3285 3743 3325 au-

439 3356 596 3409 ctum
617 3361 688 3396 ³⁷⁷
713 3353 971 3410 invenire
1000 3355 1284 3426 poteritis,
1309 3359 1367 3410 et
1397 3359 1690 3429 quomodo
1714 3362 1916 3412 contra
1944 3376 2037 3414 or-

2140 3351 2324 3404 dactcr
2346 3360 2410 3392 18!
2442 3355 2623 3406 intulit
2639 3381 2653 3417 ,-
2683 3371 2832 3406 nemo
2859 3355 2914 3406 in
2944 3355 3038 3407 hoc
3069 3355 3270 3408 rebellis
3293 3358 3493 3421 extitit,
3528 3359 3746 3430 nisiqui

439 3441 637 3498 dinem
663 3445 914 3498 vestrum
945 3443 1179 3513 fecistis,
1207 3443 1427 3499 facilius
1465 3446 1840 3516 cognoscetis.
1878 3449 2038 3504 Unde

441 3528 710 3602 liquidius
728 3533 906 3603 patet,
923 3532 1077 3604 quod
1099 3533 1426 3588 Romanam
1449 3535 1773 3601 ecclesiam,
1790 3538 2037 3592 matrem

438 3621 708 3687 vestram,
733 3635 767 3674 a
789 3620 950 3675 vobis
975 3621 1300 3693 separastis,
1333 3637 1462 3675 cum
1499 3623 1568 3676 de
1599 3639 1667 3676 ea
1699 3626 1919 3677 tantam
1947 3625 2041 3678 in-

429 3706 645 3778 juriam
675 3707 927 3763 scribere
976 3725 1098 3763 non
1151 3709 1439 3763 timuistis.
1468 3709 1592 3762 Non
1648 3726 1787 3780 ergo
1821 3727 1884 3764 ex
1944 3713 2038 3782 pio

434 3793 609 3850 corde
623 3797 709 3851 vel
737 3812 837 3852 ore
859 3795 1170 3868 aliquando
1195 3799 1314 3850 tam
1329 3795 1629 3868 prophana
1646 3799 1885 3868 tamque
1909 3814 2037 3869 per-

431 3899 596 3939 versa
646 3886 850 3940 contra
893 3885 1219 3938 Romanam
1259 3882 1568 3950 ecclesiam
1617 3888 2036 3954 processerunt.

435 3972 850 4028 Verumtamen
875 3971 924 4027 si
949 3975 1136 4026 vestra
1155 3971 1391 4026 fuerunt
1404 3971 1731 4044 verba,ques
1755 3974 1813 4028 in
1837 3975 2038 4046 despe-

436 4063 533 4114 ctu
556 4059 712 4115 beati
759 4058 914 4114 Petri
939 4059 1334 4130 apostolorum
1371 4059 1668 4134 principis,
1698 4061 1881 4118 immo
1913 4064 2035 4134 Dei,

434 4147 598 4218 cujus
618 4143 972 4201 ordinationi
1004 4146 1285 4216 resistitis,
1316 4147 1547 4220 scripta,
1569 4153 1627 4204 et
1653 4151 1810 4222 quasi
1845 4152 2036 4208 detra-

434 4233 636 4291 hentia
666 4233 1113 4290 sacratissimam
1167 4237 1466 4292 ecclesiam
1527 4239 1848 4311 composita
1880 4244 2034 4309 sunt,

435 4323 645 4390 fateor,
663 4339 780 4378 non
813 4339 909 4377 vos
938 4323 1188 4380 studiose
1219 4343 1407 4382 sacras
1437 4329 1685 4400 regulas,
1723 4345 1837 4384 non
1871 4347 2039 4385 vene-

434 4412 753 4466 randarum
777 4411 1117 4469 sinodorum
1145 4415 1416 4482 actiones,
1447 4432 1563 4472 non
1586 4434 1816 4472 veraces
1829 4420 2038 4490 proba-

435 4499 638 4555 bilium
667 4499 924 4556 virorum
956 4518 1204 4560 canones
1252 4505 1556 4573 lectitasse,
1602 4508 1836 4578 quando
1872 4511 2036 4564 tanta

433 4583 627 4644 conati
646 4589 780 4646 estis
797 4590 856 4646 in
881 4592 1258 4664 derogatione
1287 4595 1562 4650 Romana:
1580 4596 1832 4651 ecclesia:
1863 4596 2034 4652 inuti-

431 4676 570 4732 liter
599 4681 771 4750 atque
801 4678 1264 4753 incompetenter
1292 4699 1643 4738 memorare.
1697 4684 1957 4756 Denique
1991 4687 2032 4742 si
2055 4661 2109 4721 D

432 4765 636 4836 Cham,
653 4767 802 4824 ﬁlius
823 4769 960 4837 Noe,
984 4769 1184 4827 videns
1204 4773 1478 4834 verenda,
1501 4772 1679 4843 patris
1712 4773 1906 4840 irrisit,
1929 4792 2036 4830 nec

432 4856 679 4928 operuit,
713 4858 1185 4914 maledictionem
1230 4865 1572 4932 perpetuam
1603 4862 1923 4936 percepisse
1955 4866 2032 4919 le-

429 4945 618 5018 gitur:
645 4950 865 5020 quanto
889 4947 1080 5020 potius
1103 4947 1183 5016 hi,
1211 4949 1308 5022 qui
1340 4952 1533 5021 patres
1557 4952 1885 5022 spirituales
1916 4970 2032 5009 non

429 5034 618 5090 solum
639 5034 886 5092 minime
905 5037 1268 5110 cooperiunt,
1293 5039 1394 5093 sed
1411 5039 1800 5096 etderidendo
1819 5045 1877 5096 et
1892 5042 2034 5098 falso

428 5122 502 5178 ad
523 5129 596 5166 m
625 5123 1138 5181 subsannationem
1169 5127 1254 5182 sui
1305 5127 1485 5182 moris
1513 5129 1780 5184 homines
1829 5147 2034 5201 provo-

425 5210 588 5265 cant?
607 5209 896 5282 Scriptum
919 5213 1130 5288 quippe
1151 5217 1270 5270 est:
1308 5213 1420 5282 Qui
1437 5217 1730 5273 subsannat
1744 5225 1958 5288 patrem
1987 5227 2036 5272 et

423 5305 682 5367 Matrem,-
713 5302 771 5354 et
819 5300 1043 5375 reliqua
1089 5303 1280 5375 (Prov.
1333 5321 1459 5371 xxx,
1508 5306 1614 5376 l7).
1667 5307 1782 5362 Hoc
1839 5307 2033 5380 itaque

2139 3441 2202 3493 de
2229 3459 2281 3494 se
2311 3440 2480 3496 voluit
2501 3442 2760 3511 )udicari.
2793 3443 2932 3496 Nam
2967 3443 3067 3496 etsi
3115 3443 3426 3516 aliquando
3457 3446 3518 3500 in
3549 3447 3740 3519 aliquo

2143 3530 2402 3582 Romana
2435 3528 2671 3583 ecclesia
2710 3530 2998 3597 titubavit,
3049 3548 3180 3586 cum
3237 3533 3529 3603 adjutorio
3589 3536 3739 3590 Petri

2142 3617 2383 3688 apostoli
2408 3617 2528 3686 ipsa
2545 3634 2603 3670 se
2622 3618 2821 3685 erexit,
2839 3622 2896 3672 ct
2922 3618 3191 3674 omnibus
3221 3621 3488 3676 mcclesiis
3519 3639 3746 3696 semper

2143 3705 2210 3758 ad
2212 3708 2233 3776 j
2243 3705 2488 3758 utorium
2505 3705 2880 3776 prebuit;ipsa
2892 3709 3090 3761 tamen
3105 3708 3175 3761 ab
3189 3708 3378 3780 aliqua
3390 3709 3745 3780 adjutorium

2143 3791 2385 3846 minime
2412 3793 2694 3864 quaesivit.
2725 3811 2841 3847 non
2861 3795 2978 3848 suis
2996 3795 3230 3857 viribus,
3255 3797 3356 3852 scd
3386 3798 3490 3852 Dei
3518 3800 3746 3871 adjuto-

2141 3879 2248 3948 rio,
2293 3881 2388 3953 qui
2422 3881 2500 3935 ait
2529 3883 2603 3935 ad
2635 3884 2865 3937 Petrum
2893 3901 2905 3938 :
2939 3884 3016 3938 Et
3057 3891 3114 3937 tu
3144 3885 3434 3956 aliquando
3468 3904 3745 3943 conversus

2139 3970 2395 4037 conﬁrma
2415 3971 2618 4039 fratres
2644 3977 2757 4024 tuos
2778 3971 2940 4042 (Luc.
2967 3987 3114 4040 χχιι,
3149 3972 3261 4046 32).
3291 3976 3400 4029 Ista
3425 3974 3608 4048 igitur
3637 3975 3742 4049 pri-

2140 4057 2346 4129 vilegia
2368 4061 2510 4113 teste
2525 4059 2704 4114 beoto
2725 4075 2877 4131 papa
2893 4061 3126 4116 Nicolao
3144 4061 3424 4118 Romanas
3437 4065 3690 4121 ecclesias
3712 4082 3744 4120 a

2141 4145 2365 4202 Christo
2393 4147 2629 4214 donata,
2655 4165 2689 4202 a
2708 4148 2942 4218 synodis
2963 4167 3078 4204 non
3101 4150 3336 4219 donata,
3368 4153 3470 4208 sed
3499 4157 3743 4210 tantum-

2138 4235 2316 4290 modo
2339 4237 2627 4290 cclebrata
2646 4241 3143 4311 etvenerata,quaa
3167 4241 3505 4296 nullatenus
3515 4244 3743 4314 possunt

2141 4323 2348 4393 minui,
2379 4325 2702 4380 nullatenus
2733 4325 3342 4397 infringi,nullatenus
3371 4330 3737 4398 commutari;

2139 4413 2415 4483 quoniam
2449 4413 2902 4469 fundamentum
2933 4416 3089 4486 quod
3119 4417 3268 4471 Deus
3294 4417 3510 4489 posuit,
3543 4419 3738 4474 huma-

2139 4519 2246 4554 nus
2267 4519 2382 4556 non
2406 4503 2555 4556 valet
2582 4519 2852 4557 amovere
2885 4507 3148 4568 conatus,
3179 4507 3237 4559 ct
3267 4506 3426 4577 quod
3458 4508 3612 4562 Deus
3638 4511 3739 4562 sta-

2139 4590 2268 4658 tuit,
2289 4590 2522 4644 ﬁrmum
2542 4591 2910 4662 validumque
2927 4593 3207 4647 consistit.
3224 4594 3436 4648 Verum
3454 4593 3552 4649 ille
3575 4595 3739 4668 potis-

2138 4679 2342 4735 simum
2362 4679 2681 4752 peccat,qui
2705 4681 2802 4734 Dei
2823 4680 3174 4735 ordinationi
3193 4680 3459 4737 resistere
3483 4686 3733 4758 temptat.

2137 4771 2264 4840 Ipsa
2281 4785 2532 4840 namque
2564 4767 2864 4840 privilegia
2894 4769 3173 4823 Romanae
3205 4770 3479 4825 aecclesiaa
3507 4771 3736 4843 impingi

2138 4857 2705 4929 possunt,transferri
2726 4873 2840 4910 non
2859 4863 3121 4926 possunt;
3144 4857 3292 4911 trahi
3321 4858 3734 4930 possunt,evelli

2139 4963 2256 5000 non
2289 4949 2556 5017 possunt;
2589 4962 2716 5016 quae
2741 4946 3048 5016 permanet
3073 4953 3142 4986 ³8³
3175 4945 3413 5002 illibata.
3445 4947 3732 5018 Quousque

2138 5035 2514 5090 Christianum
2532 5049 2740 5088 nomen
2756 5033 3128 5105 praedicatum
3141 5033 3439 5102 fuerit,illa
3449 5035 3734 5091 subsistere

2140 5142 2255 5179 non
2275 5123 2522 5178 cessabit
2544 5123 2874 5178 inmutilata
2899 5131 2990 5178 283.
3009 5125 3077 5177 Et
3106 5124 3391 5194 quoniam
3412 5131 3614 5181 contra
3633 5125 3732 5178 Ro-

2140 5229 2376 5267 manam
2405 5211 2707 5266 ecclesiam
2730 5229 2982 5266 canones
3007 5211 3376 5284 opposuistis,
3395 5215 3588 5268 audite
3607 5211 3730 5284 quid

2137 5303 2296 5356 vobis
2327 5301 2601 5369 Gelasius,
2635 5302 2950 5356 multarum
2981 5302 3266 5357 bereseon
3313 5302 3647 5366 destructor,
3675 5300 3729 5354 in

1742 5405 1974 5460 VARl/E
2028 5399 2427 5459 LECTIONES.

492 5492 565 5560 ξπ
598 5486 673 5540 ita
702 5503 751 5540 c.
809 5496 881 5531 ιτα
909 5504 1152 5560 numera
1177 5491 1293 5560 cod.
1369 5499 1440 5534 277
1465 5499 1539 5546 ita
1561 5510 1606 5546 c.
1681 5501 1752 5534 278
1773 5493 1844 5546 ab
1875 5494 1988 5548 cod.
2068 5501 2139 5537 ’τυ
2165 5490 2299 5546 inde
2330 5486 2634 5560 rogatione
2667 5504 2715 5543 c.

423 5555 538 5612 cod.
609 5565 680 5600 ³³³
713 5560 804 5612 sic.
875 5568 946 5601 m
981 5559 1332 5617 immulitata
1355 5564 1475 5620 cod.

2803 5495 2873 5531 290
2905 5486 3120 5542 scibere
3152 5487 3262 5542 cod.
3346 5497 3414 5532 ὀί
3449 5487 3728 5544 aucdacter
3805 5487 3807 5544 i

2067 5634 2197 5688 ΤᾸΞ.

2067 5636 2197 5688 TE.

489 5716 604 5788 (43)
636 5716 978 5800 Gerbertum
1011 5716 1305 5800 intelligit,
1351 5738 1643 5800 summum
1675 5727 1876 5795 postea
1908 5636 2270 5795 poifitlcem,
2306 5727 2401 5798 qui
2434 5743 2490 5780 se
2543 5729 2680 5780 tunc
2729 5726 3008 5796 temporis
3039 5725 3342 5780 Rcmensis
3379 5725 3574 5800 synodi
3604 5722 3724 5778 scri‘

421 5787 657 5860 ptorem
690 5787 953 5843 nondum
985 5787 1274 5862 professus
1305 5809 1427 5847 esse
1458 5787 1700 5849 videtur'.
