3918 6230
215 469 303 527 3H

1072 467 1324 523 SPURIA
1356 470 1492 524 AUT
1521 468 1776 525 ALIENA
1823 501 1893 514 --
1929 470 2173 526 LEONIS
2208 471 2450 529 LEGATI
2482 472 2694 531 EPIST.

3430 476 3535 540 342

208 592 902 658 commonitorio,Fausto
917 592 1463 664 magistroﬁngenti
1478 594 1827 663 legationem
1853 596 1905 657 Α
1937 611 2100 667 papae
2125 594 2234 650 illis
2253 596 2469 651 directa
2490 596 2632 652 sicut
2648 594 3007 667 evangelium
3025 595 3531 656 conﬁrmaverunt.

214 679 821 750 Constantinopolym,
843 679 1000 746 dato,
1016 678 1166 733 inter
1186 683 1403 746 ceter,a
1421 681 1498 735 sic
1519 681 1631 745 ait;
1660 682 1827 736 Nobis

208 769 405 841 inquit,
432 769 721 837 opportuni
741 769 997 829 kanones,
1031 767 1157 821 dum
1182 770 1427 822 nesciunt
1454 770 1584 839 quid
1606 770 1826 840 loquan-

210 866 308 923 tur,
350 862 545 911 contra
579 872 711 925 quos
742 856 845 925 ipsi
882 856 1059 910 venire
1103 872 1156 908 se
1179 856 1441 925 produnt,
1475 857 1615 927 quod
1637 860 1830 927 primae

209 945 314 999 sedi
332 952 401 986 εει
424 961 563 997 sana
587 950 840 1015 rectaque
868 944 1121 998 suadenti
1157 960 1350 1012 parere
1398 945 1691 1013 refugiunt.
1720 946 1827 1016 Ipsi

211 1036 337 1087 sunt
370 1033 643 1086 kanones
673 1031 773 1102 qui
807 1031 1224 1103 appellationes
1274 1031 1447 1085 totius
1477 1031 1723 1086 ecclesia)
1757 1033 1829 1087 ad

211 1122 377 1191 hujus
404 1119 561 1173 sedis
591 1135 840 1173 examen
872 1120 1102 1173 voluere
1136 1118 1368 1183 deferri,
1406 1119 1477 1172 ab
1513 1118 1645 1190 ipsis
1694 1137 1826 1174 vero

210 1224 500 1279 nusquam
533 1223 776 1279 prorsus
816 1205 1095 1277 appellari
1130 1206 1344 1260 debere
1384 1209 1713 1272 sanxerunt,
1767 1222 1830 1262 ac

211 1313 310 1369 per
339 1296 452 1349 hoc
484 1295 649 1348 illam
683 1294 754 1347 de
794 1296 915 1347 tota
941 1292 1176 1347 ecclesia
1214 1293 1495 1363 judicare,
1528 1293 1709 1366 ipsam
1758 1296 1829 1349 ad

214 1386 435 1439 nullum
466 1398 807 1437 commeare
832 1380 1126 1451 juditium,
1164 1398 1269 1435 nec
1300 1382 1371 1435 de
1403 1383 1523 1452 ejus
1550 1399 1829 1453 umquam

212 1474 609 1545 preceperunt
629 1471 849 1541 juditio
874 1470 1141 1540 judicari,
1180 1470 1647 1542 sententiamque
1684 1472 1830 1526 illius

215 1579 331 1616 non
365 1563 675 1630 oporteret
702 1557 949 1613 dissolvi.
982 1558 1047 1610 Et
1074 1558 1350 1629 quoniam
1383 1575 1511 1629 quae
1548 1559 1603 1612 in
1639 1558 1828 1613 detra-

215 1647 407 1701 ctione
423 1647 709 1701 Romanae
736 1645 989 1700 ecclesiae
1020 1661 1287 1699 evomere
1314 1645 1571 1715 potuisti,
1605 1646 1827 1717 scripsi-

217 1736 316 1803 stif;
358 1734 523 1807 quod
553 1736 752 1788 autem
783 1734 973 1787 honor
1003 1737 1060 1787 et
1088 1733 1259 1787 decus
1282 1732 1431 1787 illius
1461 1736 1565 1799 est,
1585 1734 1832 1787 latenter

217 1823 600 1879 subtraxisti:
651 1824 1051 1875 verumtamen
1100 1821 1590 1875 medicamentum
1623 1821 1831 1875 anima:

217 1910 597 1977 abscondisti,
622 1914 681 1964 et
708 1910 1175 1974 venenum,unde
1203 1909 1460 1963 incautos
1476 1913 1529 1962 et
1549 1909 1834 1979 simplices

218 2001 555 2054 interﬁcere
575 1998 780 2068 possis,
803 1997 1437 2053 ostendisti.Enimvero
1459 1997 1730 2067 quicquid
1750 1996 1829 2051 in-

218 2088 604 2158 terrogando,
638 2089 700 2139 ut
728 2085 826 2139 ﬁlii
862 2086 935 2139 ad
964 2089 1175 2156 patres,
1207 2085 1469 2139 Aurelius
1485 2088 1542 2139 et
1565 2086 1834 2156 Augusti-

218 2191 322 2228 nus
349 2178 408 2227 et
438 2174 774 2245 Alippiuset
798 2174 971 2228 ceteri
1004 2174 1253 2246 episc0pi
1285 2174 1342 2227 in
1374 2174 1585 2229 ΑΠ’Γὶοᾶ
1620 2175 1831 2229 consti-

217 2262 323 2315 tuti
356 2260 654 2314 Bonifatio
681 2278 849 2332 papaa
880 2261 1182 2327 miserunt,
1212 2278 1308 2316 vos
1320 2266 1585 2332 proterve
1603 2266 1659 2317 et
1673 2280 1835 2317 arro-

219 2353 432 2420 ganter
465 2349 777 2419 posuistis;
810 2349 967 2420 quod
994 2366 1126 2403 vero
1153 2349 1836 2421 proptertribulationem

221 2440 277 2491 et
306 2437 671 2508 angustiam,
701 2453 829 2507 quas
857 2436 1270 2492 eiimminebat
1293 2438 1609 2503 abEulalio,
1644 2438 1740 2509 qui
1776 2438 1834 2493 in

220 2525 550 2579 intentione
579 2541 696 2579 uno
717 2524 810 2579 die
827 2541 956 2578 cum
970 2524 1226 2596 predicto
1240 2525 1522 2580 Bonifatio
1541 2525 1835 2580 ordinatus

218 2614 434 2677 fuerat,
469 2617 529 2667 et
557 2629 792 2683 semper
824 2612 882 2666 in
898 2613 1251 2668 dissensione
1285 2614 1409 2680 fuit,
1444 2630 1557 2685 quo
1579 2617 1714 2668 v1x1t
1735 2632 1837 2669 an-

221 2719 326 2757 nos
347 2704 379 2755 3
407 2704 469 2755 et
489 2717 723 2755 menses
738 2705 789 2767 5,
807 2704 863 2755 et
878 2705 1186 2773 prOpterea
1200 2701 1310 2755 illis
1326 2702 1574 2756 scribere
1594 2701 1838 2757 minime

221 2789 411 2860 potuit
439 2792 589 2843 teste
623 2789 909 2843 Celestino
938 2805 1107 2859 papa,
1141 2789 1331 2843 dicere
1356 2790 1836 2860 noluisti.Episto-

222 2880 342 2933 lam
376 2896 517 2934 vero
553 2878 860 2933 ostendere
893 2878 1133 2949 predicti
1186 2878 1451 2932 Celestini
1479 2896 1663 2955 papae,
1709 2895 1836 2950 qua:

225 2967 470 3022 laudans
491 2983 591 3021 eos
620 2970 679 3021 et
708 2967 1062 3036 amplectens
1088 2982 1288 3020 eorum
1323 2966 1836 3037 sententiam,qute

224 3055 292 3108 de
321 3054 511 3108 libero
540 3053 783 3107 arbitrio
812 3062 883 3096 28⁸
914 3054 1292 3119 diffinierunt,
1316 3058 1373 3107 et
1404 3070 1653 3123 arguens
1683 3055 1836 3126 quod

227 3142 541 3197 orientales
569 3141 824 3196 ecclesia:
845 3141 1130 3195 deNiceno
1146 3140 1386 3195 concilio
1404 3142 1831 3207 consuluerunt,

1936 682 1993 736 Si
2022 699 2158 737 vero
2192 684 2493 749 ultionem,
2530 689 2589 740 ut
2621 685 2876 751 audistis,
2910 684 3241 740 Dioscorum
3266 688 3533 743 Antioce-

1932 770 1991 824 ni
2026 771 2412 839 patriareham
2442 775 2720 839 fecerunt,
2756 774 2989 827 obsecro
3021 789 3124 844 per
3147 774 3353 842 Deum,
3386 775 3532 830 noli—

1930 860 1986 910 te
2018 860 2324 923 occultare,
2359 861 2493 931 quia
2522 862 2669 915 Deus
2700 861 2905 913 veritas
2946 864 3049 925 est,
3094 863 3152 913 et
3202 861 3297 932 qui
3334 862 3536 916 verita-

1932 948 2048 997 tem
2096 948 2362 1008 occultat,
2414 964 2518 1017 pro
2566 952 2720 1002 certo
2771 950 2956 1002 Deum
3007 952 3200 1018 negat.
3226 949 3368 1003 Nam
3401 948 3535 1019 quia

1929 1031 2098 1085 beato
2128 1033 2403 1104 Gregorio
2448 1035 2781 1105 derogastis,
2817 1039 2879 1089 ut
2920 1036 2989 1089 de
3027 1035 3383 1107 depositione
3413 1036 3534 1106 epi-

1930 1134 2234 1188 scoporum
2260 1140 2375 1177 non
2402 1122 3100 1195 requireret,considerate
3116 1122 3535 1179 rationabiliter

1931 1222 1987 1273 et
2018 1216 2278 1287 probate,
2301 1212 2453 1283 quod
2472 1211 2618 1265 illius
2642 1211 2997 1283 temporibus
3014 1214 3111 1265 aut
3131 1228 3298 1266 suum
3340 1211 3535 1265 defen-

1930 1320 2143 1368 sorem,
2176 1304 2274 1356 aut
2296 1300 2611 1364 notarium,
2646 1302 2743 1353 aut
2778 1298 3213 1366 subdiaconum,
3239 1301 3335 1353 aut
3365 1316 3533 1356 suum

1929 1391 2202 1444 vicarium
2237 1388 2509 1453 habebat,
2536 1386 2676 1439 sicut
2696 1386 2753 1441 in
2778 1387 2927 1440 illius
2958 1385 3342 1440 vitainvenire
3364 1388 3528 1456 pote-

1930 1478 2072 1539 ritis,
2105 1477 2199 1547 qui
2234 1474 2432 1530 omnia
2457 1491 2558 1528 sua
2582 1474 2701 1527 vice
2730 1473 3034 1528 ordinabat
3064 1476 3121 1527 et
3163 1472 3527 1544 disponebat,

1933 1569 1989 1619 et
2020 1565 2174 1636 quod
2218 1565 2441 1617 rectum
2483 1561 2782 1628 fatiebant,
2824 1561 3094 1616 laudabat
3143 1564 3201 1615 et
3226 1561 3533 1616 confirma-

1934 1653 2052 1711 bat.
2087 1650 2318 1721 quando
2351 1649 2698 1716 inordinate,
2728 1650 3054 1720 corrigebat
3082 1651 3139 1702 et
3159 1647 3531 1703 emendabat.

1936 1739 2096 1793 Unde
2132 1738 2307 1791 etiam
2338 1738 2539 1791 Itienne
2572 1737 2835 1809 episcopo
2869 1736 2927 1789 in
2976 1753 3079 1790 sua
3117 1735 3423 1807 praesentia
3474 1752 3534 1792 se

1935 1826 2296 1897 puriﬁcante,
2320 1828 2377 1878 e‘.
2404 1824 2748 1895 dignitatem
2783 1825 3019 1879 honoris
3041 1827 3097 1877 et
3114 1824 3358 1895 gratiam
3383 1840 3536 1878 com-

1938 1914 2228 1968 munionis
2255 1912 2523 1966 reddidit.
2546 1912 2821 1966 Similiter
2848 1911 3184 1966 Ianuarium
3204 1909 3536 1982 episcopum

1936 2006 1994 2056 et
2036 2002 2413 2071 Stephanum,
2466 2017 2572 2071 per
2626 2000 2989 2054 defensorem
3016 2016 3182 2053 suum
3212 2000 3537 2053 Johannem

1937 2090 2134 2144 audire
2154 2093 2210 2143 et
2231 2088 2451 2143 restitui
2476 2088 2609 2142 fecit
2642 2088 2700 2140 in
2714 2087 2939 2141 ordine.
2962 2087 3173 2140 Verum
3206 2086 3382 2139 etiam
3416 2102 3537 2140 non

1936 2180 2120 2232 solum
2147 2177 2444 2248 episcopis,
2478 2176 2576 2229 sed
2608 2175 2783 2228 etiam
2808 2174 3171 2244 presbyteris,
3198 2172 3295 2244 qui
3326 2172 3539 2227 inordi-

1937 2270 2070 2319 nate
2098 2265 2340 2335 depositi
2368 2272 2436 2305 29!
2456 2264 2686 2317 fuerant
2715 2261 2911 2317 ordini
2938 2261 3155 2331 pariter
3184 2266 3241 2314 et
3269 2260 3329 2314 in
3350 2260 3537 2330 digni-

1938 2356 2054 2407 tate
2085 2352 2350 2407 restituit.
2388 2352 2516 2404 Ηωο
2539 2350 2714 2404 etiam
2742 2349 2954 2420 partim
2987 2348 3044 2401 in
3069 2348 3183 2403 vita
3209 2348 3376 2414 illius,
3410 2364 3541 2420 par-

1938 2440 2045 2494 tim
2074 2440 2133 2494 in
2163 2443 2390 2510 regesto
2425 2439 2547 2509 ejus
2565 2437 2820 2493 invenire
2842 2436 3121 2509 poteritis.
3155 2438 3353 2506 Itaque
3375 2435 3538 2489 Nico-

1938 2529 2094 2583 laum
2124 2544 2336 2599 papam
2368 2527 2441 2580 ad
2472 2529 2724 2580 vestrum
2748 2523 3144 2579 testimonium
3165 2522 3539 2590 deduxisti,eo

1939 2616 2093 2687 quod
2107 2616 2408 2669 adversum
2434 2615 2758 2669 Romanam
2780 2612 3077 2667 ecclesiam
3095 2610 3153 2665 in
3183 2610 3540 2681 depositione

1940 2703 2341 2775 episcoporum
2369 2702 2629 2757 siluisset.
2661 2701 2916 2766 Qualiter
2960 2702 3163 2754 contra
3191 2698 3419 2753 Fotium
3450 2697 3539 2752 in-

1937 2808 2200 2845 vasorem
2241 2788 2895 2860 Constantinopolitanae
2928 2786 3178 2841 ecclesias
3210 2784 3450 2840 asterius
3467 2793 3540 2827 ὀι

1938 2878 2067 2945 fuit,
2100 2895 2396 2951 quousque
2418 2877 2705 2948 Ignatium
2728 2876 2785 2929 in
2809 2876 2942 2930 sede
2972 2874 3206 2945 propria
3221 2874 3538 2939 revocaret,

1940 2967 1998 3021 in
2045 2967 2299 3039 epistolis
2358 2966 2504 3021 illius
2535 2964 2790 3020 invenire
2835 2963 3115 3035 poteritis.
3175 2960 3361 3016 Etiam
3395 2960 3532 3014 etin

1936 3056 2201 3110 Mettensi
2232 3055 2451 3121 synodo
2493 3057 2697 3108 contra
2733 3069 2899 3123 reges
2927 3055 2982 3105 et
3013 3050 3319 3123 episcopos
3346 3048 3404 3102 in
3438 3064 3534 3102 ex-

1936 3142 2423 3197 communicando
2454 3145 2511 3195 et
2542 3158 2660 3195 non
2708 3138 3138 3194 reconciliando
3190 3153 3362 3209 quam
3397 3139 3541 3190 aste-

227 3245 353 3283 cum
384 3246 495 3301 per
533 3228 770 3300 triginta
811 3232 870 3283 et
922 3246 989 3283 eo
1032 3228 1278 3299 amplius
1311 3245 1495 3282 annos
1521 3229 1578 3282 in
1608 3231 1832 3282 tantum
1861 3226 1909 3286 C
1938 3249 2032 3285 rus
2062 3231 2188 3295 fuit,
2230 3230 2559 3300 diligentius
2598 3228 2911 3299 previdete.
2956 3227 3199 3297 Semper
3244 3226 3352 3280 hoc
3405 3241 3539 3295 pro-

220 3318 458 3372 heretici
493 3316 819 3371 orientales
847 3316 1108 3371 ecclesias
1141 3317 1537 3382 devastabant,
1574 3319 1636 3369 ut
1662 3332 1832 3386 poene

222 3407 443 3460 nullum
473 3406 695 3461 librum
729 3405 801 3459 de
827 3404 940 3458 ﬁde
965 3403 1243 3459 catholica
1271 3404 1629 3457 dimittentes
1659 3420 1833 3476 quem

220 3510 333 3548 non
349 3494 821 3549 falsaveruntaut
846 3508 962 3546 non
980 3477 1624 3562 incenderuntJnshper
1644 3491 1833 3562 ipsum

216 3582 537 3638 simbolum
561 3580 759 3635 Niceni
774 3580 998 3636 concilii
1014 3581 1401 3650 conscriptum
1417 3579 1578 3652 pauci
1599 3579 1832 3633 abscon-

216 3670 351 3725 dere
364 3668 871 3742 potuerunt,unde
891 3668 1152 3740 plurimas
1172 3672 1511 3722 memorata:
1526 3667 1831 3721 orientales

215 3760 473 3813 ecclesme
506 3775 543 3812 a
574 3758 840 3812 Romana
883 3756 1117 3811 ecclesia
1160 3756 1348 3828 ipsum
1389 3756 1699 3809 simbolum
1725 3755 1829 3809 sibi

214 3846 505 3901 conscribi
535 3845 893 3917 petiverunt;
924 3847 982 3898 et
997 3845 1339 3898 Athanasius
1370 3842 1830 3914 archiepiscopus

213 3934 667 4001 Alexandrinus,
702 3932 799 4004 qui
827 3932 885 3986 in
909 3932 1215 3987 diaconatu
1239 3931 1455 4003 positus
1472 3930 1592 4001 ipso
1616 3929 1826 3983 Niceno

213 4021 503 4089 interfuit,
556 4022 742 4078 Marco
786 4020 1079 4091 pontifice,
1114 4022 1176 4074 ut
1204 4019 1257 4074 ei
1307 4019 1644 4091 dignaretur
1689 4034 1827 4072 con-

215 4111 412 4177 scribi,
446 4109 831 4181 supplicando
869 4108 1182 4162 mandavit.
1227 4108 1295 4161 Et
1322 4106 1600 4178 quoniam
1631 4108 1831 4178 postea

215 4197 595 4270 temporibus
625 4196 946 4252 Constantii
977 4200 1035 4251 et
1056 4196 1265 4250 Juliani
1290 4196 1409 4265 ipse
1422 4194 1657 4267 pestifer
1672 4209 1829 4247 mor-

217 4286 322 4341 bus
354 4303 539 4358 usque
571 4286 645 4340 ad
678 4286 1003 4340 Romanam
1034 4285 1356 4349 ecclesiam,
1391 4299 1518 4354 qua:
1538 4285 1622 4336 est
1645 4280 1830 4352 capud

218 4382 289 4415 ιω
319 4374 597 4428 omnium
654 4373 1064 4439 mcclesiarum,
1116 4371 1396 4444 pervenit,
1454 4370 1697 4440 ideoque
1729 4383 1831 4438 per

222 4462 479 4517 diversas
511 4464 807 4517 Romanas
838 4461 1103 4516 ecclesias
1129 4461 1412 4532 dispersas
1462 4460 1585 4512 tam
1638 4456 1829 4528 predi-

224 4553 378 4606 ctam
436 4550 714 4605 sinodum
773 4566 949 4621 quam
1003 4548 1179 4603 etiam
1212 4548 1443 4602 decreta
1491 4544 1832 4616 pontificum

225 4639 518 4710 predictus
552 4636 887 4692 Caelestinus
912 4636 970 4689 in
1001 4652 1183 4691 unum
1201 4651 1560 4707 congregans
1586 4633 1834 4687 maxime

232 4745 264 4782 a
290 4728 606 4783 Melchiade
639 4742 811 4797 papa,
862 4726 1004 4779 sicut
1052 4726 1104 4780 ei
1145 4728 1421 4780 Damasus
1467 4723 1721 4796 pontifex
1753 4739 1839 4777 re-

234 4817 604 4887 promiserat,
636 4815 742 4886 ipsi
769 4814 999 4869 Aurelio
1038 4813 1404 4869 remandavit
1433 4813 1639 4866 eadem
1681 4828 1837 4882 quae-

235 4922 343 4977 que
377 4913 449 4946 387
499 4903 753 4958 Isidorus
804 4901 1004 4956 asserit
1060 4911 1150 4957 ³⁸8.
1211 4902 1323 4956 Sed
1368 4918 1465 4955 vos
1494 4901 1617 4954 haec
1648 4899 1836 4954 omni-

238 4994 407 5047 modo
433 4991 738 5046 reticendo
794 4990 1016 5044 cetastis
1064 5000 1158 5053 289,
1229 4993 1307 5044 De
1337 4990 1655 5043 Antioceno
1708 5004 1840 5042 vero

238 5082 476 5135 concilio
528 5080 686 5150 quod
742 5068 1159 5149 scripsistisfsi
1200 5094 1331 5132 cum
1376 5086 1447 5118 290
1513 5075 1701 5147 ligatis
1734 5076 1841 5129 Ro-

243 5168 427 5223 mana:
483 5167 757 5223 ascclesia}
808 5167 1022 5219 factum
1074 5170 1178 5234 est,
1240 5169 1297 5219 et
1332 5165 1437 5236 ipsi
1482 5164 1699 5218 ibidem
1729 5163 1843 5234 pri-

246 5263 459 5312 matum
494 5258 848 5322 habuerunt,
883 5259 944 5309 ut
993 5256 1235 5326 judices,
1285 5259 1342 5309 et
1376 5254 1519 5308 sicut
1562 5253 1617 5306 in
1663 5253 1850 5307 omni-

247 5344 343 5399 bus
405 5344 627 5400 sinodis
676 5343 1153 5415 subscripserunt,
1215 5348 1273 5397 et
1331 5343 1577 5414 epistola
1643 5340 1847 5395 Leonis

1852 4509 1905 4567 D

1937 3319 2128 3389 prium
2160 3317 2360 3372 habuit
2387 3318 2649 3371 Romana
2681 3314 2938 3380 ecclesia,
2967 3310 3537 3384 utjustosjustiﬁcet,

1936 3410 1993 3460 et
2007 3406 2212 3478 impios
2229 3403 2838 3474 conﬂempnet,hostes
2856 3400 3277 3485 expellatJilips
3295 3403 3535 3453 recreet.

1938 3494 2003 3546 Et
2034 3492 2307 3563 quoniam
2341 3488 2771 3561 imprOperasti,
2800 3489 2956 3559 quod
2987 3489 3295 3543 orientales
3310 3487 3537 3541 etAlfri-

1935 3598 2107 3635 canas
2128 3597 2226 3633 seu
2249 3578 2649 3648 Hispanienses
2665 3577 2931 3629 ecclesias
2945 3576 3015 3629 ab
3032 3592 3100 3629 ea
3112 3592 3169 3629 se
3184 3577 3537 3646 separarent,

1934 3673 1991 3723 et
2043 3668 2101 3721 in
2155 3669 2262 3721 hoc
2311 3684 2407 3721 vos
2456 3666 2598 3719 falsa
2624 3664 2828 3718 dixisse
2862 3663 3214 3733 cognoscite,
3261 3661 3540 3731 quoniam

1934 3773 2089 3811 nunc
2106 3755 2442 3810 Theodorus
2465 3751 2922 3823 archiepiscopus
2941 3748 3256 3820 Egypti,et
3272 3749 3540 3803 Horestus

1932 3843 2713 3913 Hierosolimitanus,legatos
2735 3856 2866 3894 suos
2885 3847 2955 3881 29³
2978 3838 3052 3892 ad
3090 3838 3373 3892 domnum
3400 3853 3540 3908 apo-

1929 3933 2192 3989 stolicum
2224 3932 2499 4004 preterito
2523 3940 2595 3973 29*
2625 3946 2780 3984 anno
2800 3928 3152 3993 direxerunt,
3182 3929 3240 3980 et
3257 3925 3329 3979 de
3351 3926 3540 3981 heresi

1928 4023 2317 4078 Jacohitarum
2344 4037 2667 4087 conversos,
2692 4021 2889 4073 utrum
2907 4016 2979 4072 ad
2991 4015 3323 4070 clericatum
3343 4013 3540 4068 venire

1932 4109 2509 4176 debeant,consilium
2526 4107 2938 4179 petiverunt,et
2958 4102 3235 4175 quoniam
3258 4118 3362 4174 pro
3379 4103 3541 4156 metu

1933 4199 2383 4254 Sarracenorum
2407 4197 2465 4250 in
2489 4196 2649 4251 omni
2678 4194 2918 4250 ecclesia
2948 4193 3129 4247 altare
3151 4190 3395 4249 minime
3408 4206 3542 4244 con-

1931 4302 2153 4341 secrare
2174 4288 2464 4356 poterant,
2494 4286 2560 4338 nt
2587 4284 2667 4338 eis
2698 4297 2961 4355 pannum
2990 4296 3325 4336 consecrare
3343 4278 3542 4333 liceret

1931 4375 2386 4445 postulaverunt.
2442 4371 2719 4426 Similiter
2766 4371 2836 4425 de
2889 4369 3083 4424 Africa
3132 4366 3542 4440 Cartaginense

1934 4462 2118 4515 clerus
2144 4464 2202 4513 et
2231 4461 2475 4530 populus
2508 4457 2863 4530 temporibus
2889 4456 3091 4511 domni
3131 4454 3424 4509 Benedicti
3455 4470 3543 4507 se-

1935 4548 2104 4621 ptimi
2133 4564 2299 4620 papa:
2324 4564 2503 4601 unum
2531 4546 2913 4613 sacerdotem,
2966 4544 3245 4599 Iacobum
3283 4540 3543 4619 nomine,

1937 4638 2239 4707 elegerunt
2286 4639 2344 4689 et
2378 4652 2513 4690 eum
2562 4635 2830 4701 Romam,
2874 4636 2936 4687 ut
2966 4632 3062 4687 ubi
3091 4632 3544 4690 consecraretur,

1940 4725 2380 4779 mandaverunt.
2420 4709 2691 4796 Epistola,
2723 4739 2898 4796 quam
2925 4738 3117 4775 secum
3142 4718 3365 4784 detulit,
3397 4717 3549 4769 inter

1941 4816 2131 4867 cetera
2179 4813 2258 4867 ita
2306 4813 2684 4867 continebat:
2740 4835 2767 4873 ς(
2831 4812 3057 4865 Domno
3107 4805 3437 4860 beatissimo
3492 4805 3550 4854 et

1943 4900 2254 4971 apostolico
2280 4916 2446 4970 papas
2477 4900 2753 4952 Romanae
2784 4915 2818 4951 a
2848 4898 2965 4949 Deo
2997 4895 3269 4965 protectae
3313 4888 3551 4943 civitatis

1944 4989 2127 5042 clerus
2157 4991 2215 5041 et
2244 4989 2488 5058 populus
2520 4984 2964 5055 Cartaginensis.
2992 4980 3352 5036 Postulamus
3376 4975 3554 5029 beati-

1946 5077 2209 5131 tudinem
2249 5078 2525 5136 vestram,
2586 5076 2647 5126 ut
2670 5071 3011 5126 succurratis
3044 5068 3266 5123 misera:
3301 5068 3359 5118 et
3388 5063 3554 5117 deso-

1948 5167 2080 5219 lata:
2106 5164 2387 5218 Africana;
2415 5160 2646 5226 civitati,
2679 5176 2805 5229 quae
2830 5159 2907 5212 ita
2934 5159 3006 5212 ad
3029 5155 3302 5211 nichilum
3326 5151 3559 5205 redacta

1950 5256 2057 5317 est,
2084 5256 2146 5305 ut
2175 5252 2269 5305 ubi
2302 5252 2455 5321 olym
2493 5245 2828 5317 metropolis
2860 5244 2988 5311 fuit,
3019 5244 3110 5298 vix
3147 5242 3225 5299 ibi
3254 5240 3429 5297 modo
3464 5238 3560 5293 'sa-

1951 5340 2212 5396 cerdotes
2243 5339 2610 5392 habeantur:
2655 5335 2713 5386 et
2752 5331 2893 5386 sicut
2916 5332 3097 5387 nostri
3143 5329 3462 5387 anteriores
3491 5326 3564 5381 ad

1560 5472 1795 5527 VARI/E
1844 5470 2245 5529 LECTIONES.

319 5613 395 5646 ηε
416 5601 565 5657 sedis
590 5600 713 5665 cod,
776 5606 847 5639 383
880 5597 1079 5652 arbitri
1105 5597 1220 5654 cod.
1279 5604 1349 5638 18°
1380 5594 1534 5668 apud
1555 5593 1669 5647 cod.
1709 5600 1793 5668 .287
1974 5611 2019 5647 c.
2081 5597 2151 5630 ’⁸⁸
2173 5588 2312 5642 assir
2339 5606 2385 5643 ε.
2449 5594 2519 5629 =89
2543 5584 2734 5641 celasti
2754 5586 2869 5643 cod.
2930 5593 3001 5626 290
3027 5578 3146 5640 sicﬁ
3175 5583 3331 5639 codd.
3387 5592 3563 5657 mpo-

267 5673 354 5730 siti
379 5692 424 5729 c.
483 5682 553 5715 ιη
585 5674 631 5728 ἰ.
666 5662 712 5726 ε’.
745 5668 1027 5726 austerius
1078 5678 1148 5711 298
1179 5683 1295 5723 vos.
1331 5686 1377 5722 c.
1416 5662 1510 5710 'm
1540 5662 1784 5739 peterito
1814 5662 1931 5719 ced.
