  <div class='ocr_page' id='page_1' title='image "/cluster/home/n/w/nwhite01/storage/ocr_20150623/139/uva.x000829787/179.png"; bbox 0 0 3918 6230; ppageno 0'>
   <div class='ocr_carea' id='block_1_1' title="bbox 394 445 499 502">
    <p class='ocr_par' dir='ltr' id='par_1_1' title="bbox 394 445 499 502">
     <span class='ocr_line' id='line_1_1' title="bbox 394 445 499 502; baseline -0.038 1"><span class='ocrx_word' id='word_1_1' title='bbox 394 445 499 502; x_wconf 73' lang='grc'><strong>343</strong></span> 
     </span>
    </p>
   </div>
   <div class='ocr_carea' id='block_1_2' title="bbox 1697 438 2398 500">
    <p class='ocr_par' dir='ltr' id='par_1_2' title="bbox 1697 438 2398 500">
     <span class='ocr_line' id='line_1_2' title="bbox 1697 438 2398 500; baseline -0.004 -4"><span class='ocrx_word' id='word_1_2' title='bbox 1697 439 2069 500; x_wconf 80' lang='lat' dir='ltr'><strong>SILVESTER</strong></span> <span class='ocrx_word' id='word_1_3' title='bbox 2105 442 2152 496; x_wconf 86' lang='lat' dir='ltr'><strong>ll</strong></span> <span class='ocrx_word' id='word_1_4' title='bbox 2197 438 2398 496; x_wconf 80' lang='grc' dir='ltr'><strong>ΡΑΡΑ.</strong></span> 
     </span>
    </p>
   </div>
   <div class='ocr_carea' id='block_1_3' title="bbox 3603 433 3716 493">
    <p class='ocr_par' dir='ltr' id='par_1_3' title="bbox 3603 433 3716 493">
     <span class='ocr_line' id='line_1_3' title="bbox 3603 433 3716 493; baseline 0 -1"><span class='ocrx_word' id='word_1_5' title='bbox 3603 433 3716 493; x_wconf 67' lang='grc'><strong>344</strong></span> 
     </span>
    </p>
   </div>
   <div class='ocr_carea' id='block_1_4' title="bbox 404 555 3720 659">
    <p class='ocr_par' dir='ltr' id='par_1_4' title="bbox 404 555 3720 659">
     <span class='ocr_line' id='line_1_4' title="bbox 404 555 3720 659; baseline -0.002 -41"><span class='ocrx_word' id='word_1_6' title='bbox 404 563 625 618; x_wconf 86' lang='lat' dir='ltr'><strong>vestros</strong></span> <span class='ocrx_word' id='word_1_7' title='bbox 652 557 972 618; x_wconf 78' lang='lat' dir='ltr'><strong>anteriores</strong></span> <span class='ocrx_word' id='word_1_8' title='bbox 1017 559 1420 630; x_wconf 82' lang='lat' dir='ltr'><strong>confugerunt,</strong></span> <span class='ocrx_word' id='word_1_9' title='bbox 1458 561 1538 615; x_wconf 91' lang='lat' dir='ltr'><strong>ita</strong></span> <span class='ocrx_word' id='word_1_10' title='bbox 1566 577 1718 615; x_wconf 90' lang='lat' dir='ltr'><strong>nunc</strong></span> <span class='ocrx_word' id='word_1_11' title='bbox 1739 560 1995 633; x_wconf 86' lang='lat' dir='ltr'><strong>quamvis</strong></span> <span class='ocrx_word' id='word_1_12' title='bbox 2021 600 2075 659; x_wconf 69' lang='grc' dir='ltr'><strong>Α</strong></span> <span class='ocrx_word' id='word_1_13' title='bbox 2107 560 2316 614; x_wconf 90' lang='lat' dir='ltr'><strong>habere</strong></span> <span class='ocrx_word' id='word_1_14' title='bbox 2337 557 2648 628; x_wconf 85' lang='lat' dir='ltr'><strong>potuimus.</strong></span> <span class='ocrx_word' id='word_1_15' title='bbox 2674 555 2846 612; x_wconf 90' lang='lat' dir='ltr'><strong>Nobis</strong></span> <span class='ocrx_word' id='word_1_16' title='bbox 2878 572 3011 612; x_wconf 89' lang='lat' dir='ltr'><strong>vero</strong></span> <span class='ocrx_word' id='word_1_17' title='bbox 3033 555 3270 612; x_wconf 85' lang='lat' dir='ltr'><strong>reversis</strong></span> <span class='ocrx_word' id='word_1_18' title='bbox 3291 556 3720 630; x_wconf 86' lang='lat' dir='ltr'><strong>domum,apo-</strong></span> 
     </span>
    </p>
   </div>
   <div class='ocr_carea' id='block_1_5' title="bbox 397 647 1995 726">
    <p class='ocr_par' dir='ltr' id='par_1_5' title="bbox 397 647 1995 726">
     <span class='ocr_line' id='line_1_5' title="bbox 397 647 1995 726; baseline -0.003 -20"><span class='ocrx_word' id='word_1_19' title='bbox 397 648 557 726; x_wconf 88' lang='lat' dir='ltr'><strong>parvi</strong></span> <span class='ocrx_word' id='word_1_20' title='bbox 583 651 642 704; x_wconf 90' lang='lat' dir='ltr'><strong>et</strong></span> <span class='ocrx_word' id='word_1_21' title='bbox 659 647 882 719; x_wconf 87' lang='lat' dir='ltr'><strong>indigni</strong></span> <span class='ocrx_word' id='word_1_22' title='bbox 913 647 1095 701; x_wconf 89' lang='lat' dir='ltr'><strong>advos</strong></span> <span class='ocrx_word' id='word_1_23' title='bbox 1119 648 1450 718; x_wconf 81' lang='lat' dir='ltr'><strong>confugium</strong></span> <span class='ocrx_word' id='word_1_24' title='bbox 1479 648 1752 715; x_wconf 83' lang='lat' dir='ltr'><strong>facimus;</strong></span> <span class='ocrx_word' id='word_1_25' title='bbox 1782 652 1838 703; x_wconf 91' lang='lat' dir='ltr'><strong>et</strong></span> <span class='ocrx_word' id='word_1_26' title='bbox 1867 649 1995 703; x_wconf 92' lang='lat' dir='ltr'><strong>ideo</strong></span> 
     </span>
    </p>
   </div>
   <div class='ocr_carea' id='block_1_6' title="bbox 400 735 1997 803">
    <p class='ocr_par' dir='ltr' id='par_1_6' title="bbox 400 735 1997 803">
     <span class='ocr_line' id='line_1_6' title="bbox 400 735 1997 803; baseline -0.001 -10"><span class='ocrx_word' id='word_1_27' title='bbox 400 741 460 794; x_wconf 90' lang='lat' dir='ltr'><strong>et</strong></span> <span class='ocrx_word' id='word_1_28' title='bbox 487 735 847 792; x_wconf 82' lang='lat' dir='ltr'><strong>sacerdotem</strong></span> <span class='ocrx_word' id='word_1_29' title='bbox 876 735 1150 789; x_wconf 90' lang='lat' dir='ltr'><strong>Jacobum</strong></span> <span class='ocrx_word' id='word_1_30' title='bbox 1195 735 1269 789; x_wconf 92' lang='lat' dir='ltr'><strong>ad</strong></span> <span class='ocrx_word' id='word_1_31' title='bbox 1318 752 1414 789; x_wconf 92' lang='lat' dir='ltr'><strong>vos</strong></span> <span class='ocrx_word' id='word_1_32' title='bbox 1444 736 1721 803; x_wconf 86' lang='lat' dir='ltr'><strong>misimus,</strong></span> <span class='ocrx_word' id='word_1_33' title='bbox 1757 739 1818 790; x_wconf 94' lang='lat' dir='ltr'><strong>ut</strong></span> <span class='ocrx_word' id='word_1_34' title='bbox 1864 753 1997 791; x_wconf 91' lang='lat' dir='ltr'><strong>eum</strong></span> 
     </span>
    </p>
   </div>
   <div class='ocr_carea' id='block_1_7' title="bbox 399 821 1998 896">
    <p class='ocr_par' dir='ltr' id='par_1_7' title="bbox 399 821 1998 896">
     <span class='ocr_line' id='line_1_7' title="bbox 399 821 1998 896; baseline -0.003 -14"><span class='ocrx_word' id='word_1_35' title='bbox 399 823 569 882; x_wconf 88' lang='lat' dir='ltr'><strong>nobis</strong></span> <span class='ocrx_word' id='word_1_36' title='bbox 598 821 920 879; x_wconf 89' lang='lat' dir='ltr'><strong>ordinando</strong></span> <span class='ocrx_word' id='word_1_37' title='bbox 952 823 1220 878; x_wconf 80' lang='lat' dir='ltr'><strong>solatium</strong></span> <span class='ocrx_word' id='word_1_38' title='bbox 1247 823 1568 896; x_wconf 73' lang='lat' dir='ltr'><strong>przebeatis.</strong></span> <span class='ocrx_word' id='word_1_39' title='bbox 1593 845 1621 872; x_wconf 86' lang='lat'><strong>»</strong></span> <span class='ocrx_word' id='word_1_40' title='bbox 1656 825 1837 888; x_wconf 87' lang='lat' dir='ltr'>Quem</span> <span class='ocrx_word' id='word_1_41' title='bbox 1869 841 1998 896; x_wconf 92' lang='lat' dir='ltr'><strong>pre-</strong></span> 
     </span>
    </p>
   </div>
   <div class='ocr_carea' id='block_1_8' title="bbox 401 911 1998 986">
    <p class='ocr_par' dir='ltr' id='par_1_8' title="bbox 401 911 1998 986">
     <span class='ocr_line' id='line_1_8' title="bbox 401 911 1998 986; baseline -0.002 -17"><span class='ocrx_word' id='word_1_42' title='bbox 401 914 582 970; x_wconf 90' lang='lat' dir='ltr'><strong>dictus</strong></span> <span class='ocrx_word' id='word_1_43' title='bbox 610 911 867 986; x_wconf 81' lang='lat' dir='ltr'><strong>pontifex</strong></span> <span class='ocrx_word' id='word_1_44' title='bbox 898 911 956 966; x_wconf 91' lang='lat' dir='ltr'><strong>in</strong></span> <span class='ocrx_word' id='word_1_45' title='bbox 988 914 1182 967; x_wconf 87' lang='lat' dir='ltr'><strong>nostro</strong></span> <span class='ocrx_word' id='word_1_46' title='bbox 1210 912 1583 978; x_wconf 89' lang='lat' dir='ltr'><strong>monasterio,</strong></span> <span class='ocrx_word' id='word_1_47' title='bbox 1613 929 1907 984; x_wconf 83' lang='lat' dir='ltr'>quousque</span> <span class='ocrx_word' id='word_1_48' title='bbox 1929 913 1998 966; x_wconf 89' lang='lat' dir='ltr'><strong>de</strong></span> 
     </span>
    </p>
   </div>
   <div class='ocr_carea' id='block_1_9' title="bbox 399 999 1997 1071">
    <p class='ocr_par' dir='ltr' id='par_1_9' title="bbox 399 999 1997 1071">
     <span class='ocr_line' id='line_1_9' title="bbox 399 999 1997 1071; baseline -0.003 -12"><span class='ocrx_word' id='word_1_49' title='bbox 399 1002 516 1060; x_wconf 82' lang='lat' dir='ltr'><strong>ﬂde</strong></span> <span class='ocrx_word' id='word_1_50' title='bbox 551 999 834 1057; x_wconf 89' lang='lat' dir='ltr'><strong>catholica</strong></span> <span class='ocrx_word' id='word_1_51' title='bbox 862 1000 1227 1071; x_wconf 84' lang='lat' dir='ltr'><strong>probaretur,</strong></span> <span class='ocrx_word' id='word_1_52' title='bbox 1261 999 1448 1068; x_wconf 88' lang='lat' dir='ltr'><strong>misit;</strong></span> <span class='ocrx_word' id='word_1_53' title='bbox 1507 1004 1564 1054; x_wconf 92' lang='lat' dir='ltr'><strong>at</strong></span> <span class='ocrx_word' id='word_1_54' title='bbox 1606 1009 1676 1043; x_wconf 71' lang='grc' dir='ltr'><strong>επ</strong></span> <span class='ocrx_word' id='word_1_55' title='bbox 1713 1001 1808 1054; x_wconf 90' lang='lat' dir='ltr'><strong>ubi</strong></span> <span class='ocrx_word' id='word_1_56' title='bbox 1863 1018 1997 1055; x_wconf 93' lang='lat' dir='ltr'>eum</span> 
     </span>
    </p>
   </div>
   <div class='ocr_carea' id='block_1_10' title="bbox 405 1087 1995 1160">
    <p class='ocr_par' dir='ltr' id='par_1_10' title="bbox 405 1087 1995 1160">
     <span class='ocr_line' id='line_1_10' title="bbox 405 1087 1995 1160; baseline -0.002 -14"><span class='ocrx_word' id='word_1_57' title='bbox 405 1089 791 1146; x_wconf 83' lang='lat' dir='ltr'><strong>orthodoxum</strong></span> <span class='ocrx_word' id='word_1_58' title='bbox 820 1087 1098 1160; x_wconf 83' lang='lat' dir='ltr'><strong>repperit,</strong></span> <span class='ocrx_word' id='word_1_59' title='bbox 1128 1103 1466 1143; x_wconf 89' lang='lat' dir='ltr'><strong>consecrans</strong></span> <span class='ocrx_word' id='word_1_60' title='bbox 1483 1088 1995 1160; x_wconf 85' lang='lat' dir='ltr'><strong>archiepiscopum,</strong></span> 
     </span>
    </p>
   </div>
   <div class='ocr_carea' id='block_1_11' title="bbox 399 1175 1996 1250">
    <p class='ocr_par' dir='ltr' id='par_1_11' title="bbox 399 1175 1996 1250">
     <span class='ocr_line' id='line_1_11' title="bbox 399 1175 1996 1250; baseline -0.003 -15"><span class='ocrx_word' id='word_1_61' title='bbox 399 1194 536 1236; x_wconf 86' lang='lat' dir='ltr'><strong>eum</strong></span> <span class='ocrx_word' id='word_1_62' title='bbox 565 1193 697 1232; x_wconf 90' lang='lat' dir='ltr'><strong>cum</strong></span> <span class='ocrx_word' id='word_1_63' title='bbox 726 1175 1023 1250; x_wconf 90' lang='lat' dir='ltr'><strong>privilegio</strong></span> <span class='ocrx_word' id='word_1_64' title='bbox 1056 1175 1127 1230; x_wconf 91' lang='lat' dir='ltr'><strong>ad</strong></span> <span class='ocrx_word' id='word_1_65' title='bbox 1157 1175 1390 1248; x_wconf 91' lang='lat' dir='ltr'><strong>propria</strong></span> <span class='ocrx_word' id='word_1_66' title='bbox 1418 1176 1657 1232; x_wconf 78' lang='lat' dir='ltr'><strong>remisit.</strong></span> <span class='ocrx_word' id='word_1_67' title='bbox 1699 1176 1996 1248; x_wconf 86' lang='lat' dir='ltr'>Simulque</span> 
     </span>
    </p>
   </div>
   <div class='ocr_carea' id='block_1_12' title="bbox 401 1263 1995 1338">
    <p class='ocr_par' dir='ltr' id='par_1_12' title="bbox 401 1263 1995 1338">
     <span class='ocr_line' id='line_1_12' title="bbox 401 1263 1995 1338; baseline -0.003 -15"><span class='ocrx_word' id='word_1_68' title='bbox 401 1268 472 1324; x_wconf 88' lang='lat' dir='ltr'><strong>de</strong></span> <span class='ocrx_word' id='word_1_69' title='bbox 504 1264 773 1338; x_wconf 82' lang='lat' dir='ltr'><strong>Hispania</strong></span> <span class='ocrx_word' id='word_1_70' title='bbox 803 1263 1158 1336; x_wconf 83' lang='lat' dir='ltr'><strong>temporibus</strong></span> <span class='ocrx_word' id='word_1_71' title='bbox 1178 1263 1453 1318; x_wconf 82' lang='lat' dir='ltr'><strong>Johannis</strong></span> <span class='ocrx_word' id='word_1_72' title='bbox 1482 1280 1667 1335; x_wconf 61' lang='lat' dir='ltr'><strong>papa},</strong></span> <span class='ocrx_word' id='word_1_73' title='bbox 1700 1263 1798 1318; x_wconf 80' lang='lat' dir='ltr'><strong>filii</strong></span> <span class='ocrx_word' id='word_1_74' title='bbox 1827 1266 1995 1319; x_wconf 82' lang='lat' dir='ltr'><strong>Albe-</strong></span> 
     </span>
    </p>
   </div>
   <div class='ocr_carea' id='block_1_13' title="bbox 397 1350 1997 1426">
    <p class='ocr_par' dir='ltr' id='par_1_13' title="bbox 397 1350 1997 1426">
     <span class='ocr_line' id='line_1_13' title="bbox 397 1350 1997 1426; baseline -0.003 -15"><span class='ocrx_word' id='word_1_75' title='bbox 397 1353 523 1421; x_wconf 90' lang='lat' dir='ltr'><strong>rici,</strong></span> <span class='ocrx_word' id='word_1_76' title='bbox 552 1370 722 1426; x_wconf 83' lang='lat' dir='ltr'>quem</span> <span class='ocrx_word' id='word_1_77' title='bbox 754 1367 852 1408; x_wconf 89' lang='lat' dir='ltr'><strong>vos</strong></span> <span class='ocrx_word' id='word_1_78' title='bbox 882 1350 1196 1422; x_wconf 83' lang='lat' dir='ltr'><strong>incongrue</strong></span> <span class='ocrx_word' id='word_1_79' title='bbox 1227 1351 1563 1420; x_wconf 85' lang='lat' dir='ltr'><strong>derogastis,</strong></span> <span class='ocrx_word' id='word_1_80' title='bbox 1585 1353 1841 1406; x_wconf 84' lang='lat' dir='ltr'><strong>Julianus</strong></span> <span class='ocrx_word' id='word_1_81' title='bbox 1863 1353 1997 1407; x_wconf 87' lang='lat' dir='ltr'><strong>Cor-</strong></span> 
     </span>
    </p>
   </div>
   <div class='ocr_carea' id='block_1_14' title="bbox 399 1437 1998 1510">
    <p class='ocr_par' dir='ltr' id='par_1_14' title="bbox 399 1437 1998 1510">
     <span class='ocr_line' id='line_1_14' title="bbox 399 1437 1998 1510; baseline -0.003 -11"><span class='ocrx_word' id='word_1_82' title='bbox 399 1441 671 1499; x_wconf 88' lang='lat' dir='ltr'><strong>dubensis</strong></span> <span class='ocrx_word' id='word_1_83' title='bbox 701 1437 1158 1510; x_wconf 80' lang='lat' dir='ltr'><strong>archiepiscopus</strong></span> <span class='ocrx_word' id='word_1_84' title='bbox 1180 1440 1248 1494; x_wconf 92' lang='lat' dir='ltr'><strong>de</strong></span> <span class='ocrx_word' id='word_1_85' title='bbox 1268 1439 1464 1494; x_wconf 87' lang='lat' dir='ltr'><strong>multis</strong></span> <span class='ocrx_word' id='word_1_86' title='bbox 1490 1442 1546 1493; x_wconf 91' lang='lat' dir='ltr'><strong>et</strong></span> <span class='ocrx_word' id='word_1_87' title='bbox 1574 1440 1643 1494; x_wconf 89' lang='lat' dir='ltr'><strong>de</strong></span> <span class='ocrx_word' id='word_1_88' title='bbox 1667 1440 1998 1495; x_wconf 85' lang='lat' dir='ltr'><strong>difﬁciliori-</strong></span> 
     </span>
    </p>
   </div>
   <div class='ocr_carea' id='block_1_15' title="bbox 397 1525 2000 1602">
    <p class='ocr_par' dir='ltr' id='par_1_15' title="bbox 397 1525 2000 1602">
     <span class='ocr_line' id='line_1_15' title="bbox 397 1525 2000 1602; baseline -0.004 -14"><span class='ocrx_word' id='word_1_89' title='bbox 397 1531 504 1588; x_wconf 85' lang='lat' dir='ltr'><strong>bus</strong></span> <span class='ocrx_word' id='word_1_90' title='bbox 540 1525 722 1586; x_wconf 81' lang='lat' dir='ltr'><strong>causis</strong></span> <span class='ocrx_word' id='word_1_91' title='bbox 766 1527 1071 1602; x_wconf 88' lang='lat' dir='ltr'><strong>epistolam</strong></span> <span class='ocrx_word' id='word_1_92' title='bbox 1115 1543 1245 1583; x_wconf 79' lang='lat' dir='ltr'><strong>cum</strong></span> <span class='ocrx_word' id='word_1_93' title='bbox 1278 1527 1480 1598; x_wconf 85' lang='lat' dir='ltr'><strong>legatis</strong></span> <span class='ocrx_word' id='word_1_94' title='bbox 1515 1527 1771 1594; x_wconf 88' lang='lat' dir='ltr'><strong>mittens,</strong></span> <span class='ocrx_word' id='word_1_95' title='bbox 1815 1527 2000 1582; x_wconf 88' lang='lat' dir='ltr'><strong>consi-</strong></span> 
     </span>
    </p>
   </div>
   <div class='ocr_carea' id='block_1_16' title="bbox 395 1614 1998 1692">
    <p class='ocr_par' dir='ltr' id='par_1_16' title="bbox 395 1614 1998 1692">
     <span class='ocr_line' id='line_1_16' title="bbox 395 1614 1998 1692; baseline -0.003 -17"><span class='ocrx_word' id='word_1_96' title='bbox 395 1619 542 1676; x_wconf 89' lang='lat' dir='ltr'>lium</span> <span class='ocrx_word' id='word_1_97' title='bbox 598 1619 823 1692; x_wconf 83' lang='lat' dir='ltr'><strong>petens,</strong></span> <span class='ocrx_word' id='word_1_98' title='bbox 887 1632 1006 1671; x_wconf 84' lang='lat' dir='ltr'><strong>non</strong></span> <span class='ocrx_word' id='word_1_99' title='bbox 1052 1615 1443 1688; x_wconf 82' lang='lat' dir='ltr'><strong>interrogans,</strong></span> <span class='ocrx_word' id='word_1_100' title='bbox 1489 1614 1616 1686; x_wconf 87' lang='lat' dir='ltr'><strong>quis</strong></span> <span class='ocrx_word' id='word_1_101' title='bbox 1663 1619 1760 1669; x_wconf 93' lang='lat' dir='ltr'><strong>aut</strong></span> <span class='ocrx_word' id='word_1_102' title='bbox 1818 1617 1998 1687; x_wconf 86' lang='lat' dir='ltr'>qualis</span> 
     </span>
    </p>
   </div>
   <div class='ocr_carea' id='block_1_17' title="bbox 398 1703 1996 1775">
    <p class='ocr_par' dir='ltr' id='par_1_17' title="bbox 398 1703 1996 1775">
     <span class='ocr_line' id='line_1_17' title="bbox 398 1703 1996 1775; baseline -0.004 -12"><span class='ocrx_word' id='word_1_103' title='bbox 398 1707 618 1774; x_wconf 79' lang='lat' dir='ltr'><strong>fuisset,</strong></span> <span class='ocrx_word' id='word_1_104' title='bbox 639 1705 740 1763; x_wconf 85' lang='lat' dir='ltr'><strong>sed</strong></span> <span class='ocrx_word' id='word_1_105' title='bbox 761 1703 1196 1760; x_wconf 77' lang='lat' dir='ltr'><strong>venerationem</strong></span> <span class='ocrx_word' id='word_1_106' title='bbox 1222 1704 1486 1774; x_wconf 67' lang='lat' dir='ltr'><strong>pmbens</strong></span> <span class='ocrx_word' id='word_1_107' title='bbox 1507 1704 1830 1775; x_wconf 82' lang='lat' dir='ltr'><strong>apostolicae</strong></span> <span class='ocrx_word' id='word_1_108' title='bbox 1855 1704 1996 1772; x_wconf 90' lang='lat' dir='ltr'><strong>sedi,</strong></span> 
     </span>
    </p>
   </div>
   <div class='ocr_carea' id='block_1_18' title="bbox 397 1790 1997 1868">
    <p class='ocr_par' dir='ltr' id='par_1_18' title="bbox 397 1790 1997 1868">
     <span class='ocr_line' id='line_1_18' title="bbox 397 1790 1997 1868; baseline -0.003 -18"><span class='ocrx_word' id='word_1_109' title='bbox 397 1794 556 1868; x_wconf 88' lang='lat' dir='ltr'><strong>quod</strong></span> <span class='ocrx_word' id='word_1_110' title='bbox 584 1793 694 1856; x_wconf 63' lang='grc' dir='ltr'><strong>εἰ)ιὶ</strong></span> <span class='ocrx_word' id='word_1_111' title='bbox 710 1791 848 1848; x_wconf 82' lang='lat' dir='ltr'><strong>utile</strong></span> <span class='ocrx_word' id='word_1_112' title='bbox 874 1795 998 1848; x_wconf 83' lang='lat' dir='ltr'><strong>erat</strong></span> <span class='ocrx_word' id='word_1_113' title='bbox 1015 1791 1291 1863; x_wconf 69' lang='lat' dir='ltr'><strong>quaesivit.</strong></span> <span class='ocrx_word' id='word_1_114' title='bbox 1313 1790 1388 1846; x_wconf 80' lang='lat' dir='ltr'><strong>Ex</strong></span> <span class='ocrx_word' id='word_1_115' title='bbox 1416 1807 1528 1863; x_wconf 93' lang='lat' dir='ltr'><strong>qua</strong></span> <span class='ocrx_word' id='word_1_116' title='bbox 1561 1807 1623 1845; x_wconf 93' lang='lat' dir='ltr'><strong>re</strong></span> <span class='ocrx_word' id='word_1_117' title='bbox 1649 1792 1997 1858; x_wconf 76' lang='lat' dir='ltr'><strong>cognoscite,</strong></span> 
     </span>
    </p>
   </div>
   <div class='ocr_carea' id='block_1_19' title="bbox 2102 644 3718 713">
    <p class='ocr_par' dir='ltr' id='par_1_19' title="bbox 2102 644 3718 713">
     <span class='ocr_line' id='line_1_19' title="bbox 2102 644 3718 713; baseline 0.001 -14"><span class='ocrx_word' id='word_1_118' title='bbox 2102 645 2332 700; x_wconf 89' lang='lat' dir='ltr'><strong>stolicus</strong></span> <span class='ocrx_word' id='word_1_119' title='bbox 2359 662 2456 699; x_wconf 91' lang='lat' dir='ltr'><strong>vos</strong></span> <span class='ocrx_word' id='word_1_120' title='bbox 2487 646 2733 699; x_wconf 85' lang='lat' dir='ltr'>Romam</span> <span class='ocrx_word' id='word_1_121' title='bbox 2767 644 3060 713; x_wconf 80' lang='lat' dir='ltr'><strong>invitavit;</strong></span> <span class='ocrx_word' id='word_1_122' title='bbox 3101 662 3205 699; x_wconf 90' lang='lat' dir='ltr'><strong>nec</strong></span> <span class='ocrx_word' id='word_1_123' title='bbox 3245 647 3444 700; x_wconf 86' lang='lat' dir='ltr'><strong>tamen</strong></span> <span class='ocrx_word' id='word_1_124' title='bbox 3468 645 3541 700; x_wconf 92' lang='lat' dir='ltr'><strong>ad</strong></span> <span class='ocrx_word' id='word_1_125' title='bbox 3575 662 3718 700; x_wconf 88' lang='lat' dir='ltr'><strong>eum</strong></span> 
     </span>
    </p>
   </div>
   <div class='ocr_carea' id='block_1_20' title="bbox 2100 732 3720 806">
    <p class='ocr_par' dir='ltr' id='par_1_20' title="bbox 2100 732 3720 806">
     <span class='ocr_line' id='line_1_20' title="bbox 2100 732 3720 806; baseline 0.001 -18"><span class='ocrx_word' id='word_1_126' title='bbox 2100 732 2292 788; x_wconf 91' lang='lat' dir='ltr'><strong>venire</strong></span> <span class='ocrx_word' id='word_1_127' title='bbox 2317 733 2571 787; x_wconf 85' lang='lat' dir='ltr'><strong>voluistis</strong></span> <span class='ocrx_word' id='word_1_128' title='bbox 2595 733 3019 804; x_wconf 62' lang='lat' dir='ltr'><strong>(4i).thuiain</strong></span> <span class='ocrx_word' id='word_1_129' title='bbox 3037 733 3241 788; x_wconf 89' lang='lat' dir='ltr'><strong>itinere</strong></span> <span class='ocrx_word' id='word_1_130' title='bbox 3262 734 3627 806; x_wconf 89' lang='lat' dir='ltr'><strong>positus,non</strong></span> <span class='ocrx_word' id='word_1_131' title='bbox 3651 737 3720 789; x_wconf 91' lang='lat' dir='ltr'><strong>ut</strong></span> 
     </span>
    </p>
   </div>
   <div class='ocr_carea' id='block_1_21' title="bbox 2100 821 3719 893">
    <p class='ocr_par' dir='ltr' id='par_1_21' title="bbox 2100 821 3719 893">
     <span class='ocr_line' id='line_1_21' title="bbox 2100 821 3719 893; baseline 0.002 -19"><span class='ocrx_word' id='word_1_132' title='bbox 2100 821 2402 888; x_wconf 91' lang='lat' dir='ltr'><strong>voluimus,</strong></span> <span class='ocrx_word' id='word_1_133' title='bbox 2448 821 2545 874; x_wconf 91' lang='lat' dir='ltr'><strong>sed</strong></span> <span class='ocrx_word' id='word_1_134' title='bbox 2597 824 2659 875; x_wconf 90' lang='lat' dir='ltr'><strong>ut</strong></span> <span class='ocrx_word' id='word_1_135' title='bbox 2707 821 3019 893; x_wconf 89' lang='lat' dir='ltr'><strong>potuimus,</strong></span> <span class='ocrx_word' id='word_1_136' title='bbox 3071 821 3419 892; x_wconf 89' lang='lat' dir='ltr'><strong>scripsimus,</strong></span> <span class='ocrx_word' id='word_1_137' title='bbox 3452 839 3608 877; x_wconf 91' lang='lat' dir='ltr'><strong>nunc</strong></span> <span class='ocrx_word' id='word_1_138' title='bbox 3637 823 3719 878; x_wconf 86' lang='lat' dir='ltr'><strong>ad</strong></span> 
     </span>
    </p>
   </div>
   <div class='ocr_carea' id='block_1_22' title="bbox 2102 909 3718 982">
    <p class='ocr_par' dir='ltr' id='par_1_22' title="bbox 2102 909 3718 982">
     <span class='ocr_line' id='line_1_22' title="bbox 2102 909 3718 982; baseline 0.002 -19"><span class='ocrx_word' id='word_1_139' title='bbox 2102 913 2350 963; x_wconf 88' lang='lat' dir='ltr'><strong>vestram</strong></span> <span class='ocrx_word' id='word_1_140' title='bbox 2374 909 2643 963; x_wconf 90' lang='lat' dir='ltr'><strong>sinodum</strong></span> <span class='ocrx_word' id='word_1_141' title='bbox 2671 909 3034 977; x_wconf 85' lang='lat' dir='ltr'><strong>revertimur,</strong></span> <span class='ocrx_word' id='word_1_142' title='bbox 3052 926 3178 982; x_wconf 63' lang='lat' dir='ltr'><strong>quae</strong></span> <span class='ocrx_word' id='word_1_143' title='bbox 3195 927 3228 964; x_wconf 90' lang='lat' dir='ltr'><strong>a</strong></span> <span class='ocrx_word' id='word_1_144' title='bbox 3255 910 3413 964; x_wconf 91' lang='lat' dir='ltr'>vobis</span> <span class='ocrx_word' id='word_1_145' title='bbox 3433 915 3518 965; x_wconf 90' lang='lat' dir='ltr'><strong>est</strong></span> <span class='ocrx_word' id='word_1_146' title='bbox 3543 926 3718 966; x_wconf 84' lang='lat' dir='ltr'><strong>vene-</strong></span> 
     </span>
    </p>
   </div>
   <div class='ocr_carea' id='block_1_23' title="bbox 2103 996 3716 1070">
    <p class='ocr_par' dir='ltr' id='par_1_23' title="bbox 2103 996 3716 1070">
     <span class='ocr_line' id='line_1_23' title="bbox 2103 996 3716 1070; baseline 0.002 -20"><span class='ocrx_word' id='word_1_147' title='bbox 2103 1000 2228 1051; x_wconf 91' lang='lat' dir='ltr'><strong>rata</strong></span> <span class='ocrx_word' id='word_1_148' title='bbox 2249 1000 2306 1050; x_wconf 87' lang='lat' dir='ltr'><strong>et</strong></span> <span class='ocrx_word' id='word_1_149' title='bbox 2329 997 2582 1063; x_wconf 87' lang='lat' dir='ltr'><strong>laudata,</strong></span> <span class='ocrx_word' id='word_1_150' title='bbox 2613 1014 2645 1051; x_wconf 92' lang='lat' dir='ltr'><strong>a</strong></span> <span class='ocrx_word' id='word_1_151' title='bbox 2675 996 2890 1050; x_wconf 90' lang='lat' dir='ltr'><strong>cunctis</strong></span> <span class='ocrx_word' id='word_1_152' title='bbox 2912 997 3178 1069; x_wconf 88' lang='lat' dir='ltr'><strong>vero,qui</strong></span> <span class='ocrx_word' id='word_1_153' title='bbox 3201 997 3461 1052; x_wconf 89' lang='lat' dir='ltr'><strong>audiunt.</strong></span> <span class='ocrx_word' id='word_1_154' title='bbox 3499 998 3716 1070; x_wconf 89' lang='lat' dir='ltr'><strong>depra-</strong></span> 
     </span>
    </p>
   </div>
   <div class='ocr_carea' id='block_1_24' title="bbox 2099 1085 3716 1158">
    <p class='ocr_par' dir='ltr' id='par_1_24' title="bbox 2099 1085 3716 1158">
     <span class='ocr_line' id='line_1_24' title="bbox 2099 1085 3716 1158; baseline 0.002 -20"><span class='ocrx_word' id='word_1_155' title='bbox 2099 1088 2229 1139; x_wconf 91' lang='lat' dir='ltr'><strong>vata</strong></span> <span class='ocrx_word' id='word_1_156' title='bbox 2259 1088 2317 1138; x_wconf 92' lang='lat' dir='ltr'><strong>et</strong></span> <span class='ocrx_word' id='word_1_157' title='bbox 2346 1085 2683 1156; x_wconf 87' lang='lat' dir='ltr'><strong>vituperata.</strong></span> <span class='ocrx_word' id='word_1_158' title='bbox 2711 1085 2846 1149; x_wconf 86' lang='lat' dir='ltr'><strong>Quis</strong></span> <span class='ocrx_word' id='word_1_159' title='bbox 2869 1085 3126 1140; x_wconf 78' lang='lat' dir='ltr'><strong>fidelium</strong></span> <span class='ocrx_word' id='word_1_160' title='bbox 3151 1086 3330 1158; x_wconf 74' lang='lat' dir='ltr'><strong>aequis</strong></span> <span class='ocrx_word' id='word_1_161' title='bbox 3360 1087 3594 1142; x_wconf 88' lang='lat' dir='ltr'><strong>auribus</strong></span> <span class='ocrx_word' id='word_1_162' title='bbox 3615 1103 3716 1141; x_wconf 87' lang='lat' dir='ltr'><strong>au-</strong></span> 
     </span>
    </p>
   </div>
   <div class='ocr_carea' id='block_1_25' title="bbox 2099 1173 3715 1246">
    <p class='ocr_par' dir='ltr' id='par_1_25' title="bbox 2099 1173 3715 1246">
     <span class='ocr_line' id='line_1_25' title="bbox 2099 1173 3715 1246; baseline 0.001 -18"><span class='ocrx_word' id='word_1_163' title='bbox 2099 1173 2222 1228; x_wconf 93' lang='lat' dir='ltr'><strong>dire</strong></span> <span class='ocrx_word' id='word_1_164' title='bbox 2250 1175 2457 1244; x_wconf 87' lang='lat' dir='ltr'><strong>potest,</strong></span> <span class='ocrx_word' id='word_1_165' title='bbox 2490 1173 2979 1245; x_wconf 85' lang='lat' dir='ltr'><strong>archiepiscOpum</strong></span> <span class='ocrx_word' id='word_1_166' title='bbox 3032 1190 3136 1246; x_wconf 88' lang='lat' dir='ltr'><strong>per</strong></span> <span class='ocrx_word' id='word_1_167' title='bbox 3165 1175 3345 1230; x_wconf 85' lang='lat' dir='ltr'><strong>ﬁdem</strong></span> <span class='ocrx_word' id='word_1_168' title='bbox 3401 1175 3715 1246; x_wconf 89' lang='lat' dir='ltr'><strong>deceptum</strong></span> 
     </span>
    </p>
   </div>
   <div class='ocr_carea' id='block_1_26' title="bbox 2101 1260 3710 1324">
    <p class='ocr_par' dir='ltr' id='par_1_26' title="bbox 2101 1260 3710 1324">
     <span class='ocr_line' id='line_1_26' title="bbox 2101 1260 3710 1324; baseline 0.002 -10"><span class='ocrx_word' id='word_1_169' title='bbox 2101 1265 2158 1315; x_wconf 91' lang='lat' dir='ltr'><strong>et</strong></span> <span class='ocrx_word' id='word_1_170' title='bbox 2183 1261 2240 1314; x_wconf 90' lang='lat' dir='ltr'><strong>in</strong></span> <span class='ocrx_word' id='word_1_171' title='bbox 2268 1277 2494 1315; x_wconf 88' lang='lat' dir='ltr'><strong>carcere</strong></span> <span class='ocrx_word' id='word_1_172' title='bbox 2519 1260 2612 1315; x_wconf 90' lang='lat' dir='ltr'><strong>diu</strong></span> <span class='ocrx_word' id='word_1_173' title='bbox 2631 1262 3167 1324; x_wconf 84' lang='lat' dir='ltr'><strong>maceratum,etsic</strong></span> <span class='ocrx_word' id='word_1_174' title='bbox 3183 1263 3404 1318; x_wconf 89' lang='lat' dir='ltr'><strong>nudum</strong></span> <span class='ocrx_word' id='word_1_175' title='bbox 3426 1263 3710 1318; x_wconf 90' lang='lat' dir='ltr'><strong>vinctum.</strong></span> 
     </span>
    </p>
   </div>
   <div class='ocr_carea' id='block_1_27' title="bbox 2100 1349 3717 1424">
    <p class='ocr_par' dir='ltr' id='par_1_27' title="bbox 2100 1349 3717 1424">
     <span class='ocr_line' id='line_1_27' title="bbox 2100 1349 3717 1424; baseline 0.003 -21"><span class='ocrx_word' id='word_1_176' title='bbox 2100 1366 2228 1403; x_wconf 91' lang='lat' dir='ltr'><strong>cum</strong></span> <span class='ocrx_word' id='word_1_177' title='bbox 2262 1349 2627 1404; x_wconf 89' lang='lat' dir='ltr'><strong>multitudine</strong></span> <span class='ocrx_word' id='word_1_178' title='bbox 2646 1349 3021 1420; x_wconf 88' lang='lat' dir='ltr'><strong>strepentium</strong></span> <span class='ocrx_word' id='word_1_179' title='bbox 3053 1351 3304 1405; x_wconf 89' lang='lat' dir='ltr'><strong>militum</strong></span> <span class='ocrx_word' id='word_1_180' title='bbox 3325 1353 3398 1406; x_wconf 89' lang='lat' dir='ltr'><strong>ad</strong></span> <span class='ocrx_word' id='word_1_181' title='bbox 3423 1353 3717 1424; x_wconf 84' lang='lat' dir='ltr'><strong>synodum</strong></span> 
     </span>
    </p>
   </div>
   <div class='ocr_carea' id='block_1_28' title="bbox 2102 1438 3718 1508">
    <p class='ocr_par' dir='ltr' id='par_1_28' title="bbox 2102 1438 3718 1508">
     <span class='ocr_line' id='line_1_28' title="bbox 2102 1438 3718 1508; baseline 0.002 -16"><span class='ocrx_word' id='word_1_182' title='bbox 2102 1439 2360 1505; x_wconf 93' lang='lat' dir='ltr'><strong>ductum,</strong></span> <span class='ocrx_word' id='word_1_183' title='bbox 2397 1455 2509 1492; x_wconf 89' lang='lat' dir='ltr'><strong>uno</strong></span> <span class='ocrx_word' id='word_1_184' title='bbox 2533 1441 2673 1492; x_wconf 87' lang='lat' dir='ltr'><strong>teste</strong></span> <span class='ocrx_word' id='word_1_185' title='bbox 2701 1438 3122 1508; x_wconf 72' lang='lat' dir='ltr'><strong>dampnatum?</strong></span> <span class='ocrx_word' id='word_1_186' title='bbox 3145 1439 3280 1503; x_wconf 87' lang='lat' dir='ltr'>Quis</span> <span class='ocrx_word' id='word_1_187' title='bbox 3305 1441 3441 1495; x_wconf 88' lang='lat' dir='ltr'><strong>talia</strong></span> <span class='ocrx_word' id='word_1_188' title='bbox 3470 1441 3718 1496; x_wconf 89' lang='lat' dir='ltr'><strong>audiens</strong></span> 
     </span>
    </p>
   </div>
   <div class='ocr_carea' id='block_1_29' title="bbox 2103 1526 3719 1599">
    <p class='ocr_par' dir='ltr' id='par_1_29' title="bbox 2103 1526 3719 1599">
     <span class='ocr_line' id='line_1_29' title="bbox 2103 1526 3719 1599; baseline 0.001 -19"><span class='ocrx_word' id='word_1_189' title='bbox 2103 1530 2350 1580; x_wconf 88' lang='lat' dir='ltr'><strong>vestram</strong></span> <span class='ocrx_word' id='word_1_190' title='bbox 2383 1526 2666 1596; x_wconf 83' lang='lat' dir='ltr'><strong>synodum</strong></span> <span class='ocrx_word' id='word_1_191' title='bbox 2696 1543 2811 1581; x_wconf 94' lang='lat' dir='ltr'><strong>non</strong></span> <span class='ocrx_word' id='word_1_192' title='bbox 2847 1527 3187 1582; x_wconf 87' lang='lat' dir='ltr'><strong>maledicit?</strong></span> <span class='ocrx_word' id='word_1_193' title='bbox 3227 1529 3421 1599; x_wconf 84' lang='lat' dir='ltr'><strong>Neque</strong></span> <span class='ocrx_word' id='word_1_194' title='bbox 3453 1531 3515 1582; x_wconf 93' lang='lat' dir='ltr'><strong>ut</strong></span> <span class='ocrx_word' id='word_1_195' title='bbox 3546 1529 3607 1582; x_wconf 91' lang='lat' dir='ltr'><strong>in</strong></span> <span class='ocrx_word' id='word_1_196' title='bbox 3625 1545 3719 1582; x_wconf 89' lang='lat' dir='ltr'><strong>ve-</strong></span> 
     </span>
    </p>
   </div>
   <div class='ocr_carea' id='block_1_30' title="bbox 2103 1613 3721 1688">
    <p class='ocr_par' dir='ltr' id='par_1_30' title="bbox 2103 1613 3721 1688">
     <span class='ocr_line' id='line_1_30' title="bbox 2103 1613 3721 1688; baseline 0.002 -22"><span class='ocrx_word' id='word_1_197' title='bbox 2103 1615 2222 1667; x_wconf 90' lang='lat' dir='ltr'><strong>stro</strong></span> <span class='ocrx_word' id='word_1_198' title='bbox 2253 1613 2445 1667; x_wconf 89' lang='lat' dir='ltr'><strong>libello</strong></span> <span class='ocrx_word' id='word_1_199' title='bbox 2479 1613 2744 1680; x_wconf 87' lang='lat' dir='ltr'><strong>habetur,</strong></span> <span class='ocrx_word' id='word_1_200' title='bbox 2791 1617 2878 1668; x_wconf 83' lang='lat' dir='ltr'><strong>ter</strong></span> <span class='ocrx_word' id='word_1_201' title='bbox 2911 1619 3228 1686; x_wconf 87' lang='lat' dir='ltr'>quaterque</span> <span class='ocrx_word' id='word_1_202' title='bbox 3261 1624 3332 1658; x_wconf 69' lang='grc'><strong>³⁸⁸</strong></span> <span class='ocrx_word' id='word_1_203' title='bbox 3368 1633 3426 1670; x_wconf 91' lang='lat' dir='ltr'><strong>se</strong></span> <span class='ocrx_word' id='word_1_204' title='bbox 3455 1617 3721 1688; x_wconf 88' lang='lat' dir='ltr'><strong>culpabi-</strong></span> 
     </span>
    </p>
   </div>
   <div class='ocr_carea' id='block_1_31' title="bbox 2105 1701 3717 1772">
    <p class='ocr_par' dir='ltr' id='par_1_31' title="bbox 2105 1701 3717 1772">
     <span class='ocr_line' id='line_1_31' title="bbox 2105 1701 3717 1772; baseline 0.004 -19"><span class='ocrx_word' id='word_1_205' title='bbox 2105 1701 2223 1754; x_wconf 90' lang='lat' dir='ltr'><strong>lem</strong></span> <span class='ocrx_word' id='word_1_206' title='bbox 2268 1703 2580 1772; x_wconf 83' lang='lat' dir='ltr'><strong>negantem</strong></span> <span class='ocrx_word' id='word_1_207' title='bbox 2643 1717 2784 1769; x_wconf 89' lang='lat' dir='ltr'><strong>esse,</strong></span> <span class='ocrx_word' id='word_1_208' title='bbox 2837 1703 3023 1757; x_wconf 91' lang='lat' dir='ltr'><strong>nullus</strong></span> <span class='ocrx_word' id='word_1_209' title='bbox 3068 1706 3319 1758; x_wconf 90' lang='lat' dir='ltr'><strong>vestrum</strong></span> <span class='ocrx_word' id='word_1_210' title='bbox 3351 1721 3483 1758; x_wconf 91' lang='lat' dir='ltr'><strong>eum</strong></span> <span class='ocrx_word' id='word_1_211' title='bbox 3511 1704 3717 1759; x_wconf 88' lang='lat' dir='ltr'><strong>audire</strong></span> 
     </span>
    </p>
   </div>
   <div class='ocr_carea' id='block_1_32' title="bbox 2099 1789 3715 1864">
    <p class='ocr_par' dir='ltr' id='par_1_32' title="bbox 2099 1789 3715 1864">
     <span class='ocr_line' id='line_1_32' title="bbox 2099 1789 3715 1864; baseline 0.003 -22"><span class='ocrx_word' id='word_1_212' title='bbox 2099 1789 2295 1856; x_wconf 92' lang='lat' dir='ltr'><strong>voluit,</strong></span> <span class='ocrx_word' id='word_1_213' title='bbox 2330 1789 2429 1843; x_wconf 91' lang='lat' dir='ltr'><strong>sed</strong></span> <span class='ocrx_word' id='word_1_214' title='bbox 2461 1806 2591 1843; x_wconf 93' lang='lat' dir='ltr'><strong>cum</strong></span> <span class='ocrx_word' id='word_1_215' title='bbox 2623 1807 2738 1844; x_wconf 93' lang='lat' dir='ltr'><strong>uno</strong></span> <span class='ocrx_word' id='word_1_216' title='bbox 2771 1791 3087 1862; x_wconf 89' lang='lat' dir='ltr'><strong>presbitero</strong></span> <span class='ocrx_word' id='word_1_217' title='bbox 3121 1809 3254 1847; x_wconf 91' lang='lat' dir='ltr'><strong>eum</strong></span> <span class='ocrx_word' id='word_1_218' title='bbox 3313 1791 3715 1864; x_wconf 74' lang='lat' dir='ltr'><strong>da‘mpnastis;</strong></span> 
     </span>
    </p>
   </div>
   <div class='ocr_carea' id='block_1_33' title="bbox 396 1875 3715 1951">
    <p class='ocr_par' dir='ltr' id='par_1_33' title="bbox 396 1875 3715 1951">
     <span class='ocr_line' id='line_1_33' title="bbox 396 1875 3715 1951; baseline 0 -15"><span class='ocrx_word' id='word_1_219' title='bbox 396 1883 722 1939; x_wconf 78' lang='lat' dir='ltr'><strong>Romanam</strong></span> <span class='ocrx_word' id='word_1_220' title='bbox 774 1879 1075 1936; x_wconf 85' lang='lat' dir='ltr'><strong>ecclesiam</strong></span> <span class='ocrx_word' id='word_1_221' title='bbox 1111 1879 1297 1933; x_wconf 89' lang='lat' dir='ltr'><strong>adhuc</strong></span> <span class='ocrx_word' id='word_1_222' title='bbox 1328 1879 1397 1932; x_wconf 87' lang='lat' dir='ltr'><strong>ab</strong></span> <span class='ocrx_word' id='word_1_223' title='bbox 1441 1879 1707 1933; x_wconf 90' lang='lat' dir='ltr'><strong>omnibus</strong></span> <span class='ocrx_word' id='word_1_224' title='bbox 1751 1875 2070 1934; x_wconf 89' lang='lat' dir='ltr'><strong>ecclesiisB</strong></span> <span class='ocrx_word' id='word_1_225' title='bbox 2101 1879 2253 1950; x_wconf 91' lang='lat' dir='ltr'><strong>quod</strong></span> <span class='ocrx_word' id='word_1_226' title='bbox 2293 1878 2452 1932; x_wconf 90' lang='lat' dir='ltr'><strong>omni</strong></span> <span class='ocrx_word' id='word_1_227' title='bbox 2508 1879 2850 1933; x_wconf 88' lang='lat' dir='ltr'><strong>auctoritate</strong></span> <span class='ocrx_word' id='word_1_228' title='bbox 2901 1879 3256 1951; x_wconf 88' lang='lat' dir='ltr'><strong>prohibetur.</strong></span> <span class='ocrx_word' id='word_1_229' title='bbox 3302 1881 3465 1944; x_wconf 87' lang='lat' dir='ltr'><strong>Quod</strong></span> <span class='ocrx_word' id='word_1_230' title='bbox 3499 1881 3715 1937; x_wconf 88' lang='lat' dir='ltr'><strong>nullius</strong></span> 
     </span>
    </p>
   </div>
   <div class='ocr_carea' id='block_1_34' title="bbox 393 1965 2000 2032">
    <p class='ocr_par' dir='ltr' id='par_1_34' title="bbox 393 1965 2000 2032">
     <span class='ocr_line' id='line_1_34' title="bbox 393 1965 2000 2032; baseline -0.001 -8"><span class='ocrx_word' id='word_1_231' title='bbox 393 1968 671 2024; x_wconf 90' lang='lat' dir='ltr'><strong>honorari</strong></span> <span class='ocrx_word' id='word_1_232' title='bbox 701 1970 758 2023; x_wconf 82' lang='lat' dir='ltr'><strong>et</strong></span> <span class='ocrx_word' id='word_1_233' title='bbox 785 1966 1438 2032; x_wconf 80' lang='lat' dir='ltr'><strong>venerari,solummodo</strong></span> <span class='ocrx_word' id='word_1_234' title='bbox 1467 1965 1674 2021; x_wconf 89' lang='lat' dir='ltr'><strong>avobis</strong></span> <span class='ocrx_word' id='word_1_235' title='bbox 1691 1966 1912 2021; x_wconf 88' lang='lat' dir='ltr'><strong>detrahi</strong></span> <span class='ocrx_word' id='word_1_236' title='bbox 1941 1971 2000 2022; x_wconf 87' lang='lat' dir='ltr'><strong>et</strong></span> 
     </span>
    </p>
   </div>
   <div class='ocr_carea' id='block_1_35' title="bbox 394 2052 1996 2125">
    <p class='ocr_par' dir='ltr' id='par_1_35' title="bbox 394 2052 1996 2125">
     <span class='ocr_line' id='line_1_35' title="bbox 394 2052 1996 2125; baseline -0.001 -17"><span class='ocrx_word' id='word_1_237' title='bbox 394 2053 761 2112; x_wconf 69' lang='lat' dir='ltr'><strong>dehonestari</strong></span> <span class='ocrx_word' id='word_1_238' title='bbox 814 2061 905 2108; x_wconf 69' lang='grc' dir='ltr'><strong>ιω.</strong></span> <span class='ocrx_word' id='word_1_239' title='bbox 942 2052 1136 2109; x_wconf 91' lang='lat' dir='ltr'><strong>Dicitis</strong></span> <span class='ocrx_word' id='word_1_240' title='bbox 1165 2052 1320 2125; x_wconf 87' lang='lat' dir='ltr'><strong>quod</strong></span> <span class='ocrx_word' id='word_1_241' title='bbox 1351 2053 1489 2120; x_wconf 92' lang='lat' dir='ltr'><strong>Deo,</strong></span> <span class='ocrx_word' id='word_1_242' title='bbox 1522 2070 1638 2107; x_wconf 92' lang='lat' dir='ltr'><strong>non</strong></span> <span class='ocrx_word' id='word_1_243' title='bbox 1686 2053 1996 2125; x_wconf 86' lang='lat' dir='ltr'><strong>apostolico</strong></span> 
     </span>
    </p>
   </div>
   <div class='ocr_carea' id='block_1_36' title="bbox 390 2139 2000 2210">
    <p class='ocr_par' dir='ltr' id='par_1_36' title="bbox 390 2139 2000 2210">
     <span class='ocr_line' id='line_1_36' title="bbox 390 2139 2000 2210; baseline -0.001 -14"><span class='ocrx_word' id='word_1_244' title='bbox 390 2140 764 2207; x_wconf 89' lang='lat' dir='ltr'><strong>mandaretis,</strong></span> <span class='ocrx_word' id='word_1_245' title='bbox 795 2144 850 2195; x_wconf 92' lang='lat' dir='ltr'><strong>et</strong></span> <span class='ocrx_word' id='word_1_246' title='bbox 880 2139 1038 2195; x_wconf 88' lang='lat' dir='ltr'><strong>vobis</strong></span> <span class='ocrx_word' id='word_1_247' title='bbox 1078 2155 1416 2210; x_wconf 89' lang='lat' dir='ltr'><strong>responsum</strong></span> <span class='ocrx_word' id='word_1_248' title='bbox 1447 2157 1564 2195; x_wconf 92' lang='lat' dir='ltr'><strong>non</strong></span> <span class='ocrx_word' id='word_1_249' title='bbox 1596 2140 1861 2194; x_wconf 89' lang='lat' dir='ltr'><strong>dedisset.</strong></span> <span class='ocrx_word' id='word_1_250' title='bbox 1893 2141 2000 2195; x_wconf 90' lang='lat' dir='ltr'><strong>No-</strong></span> 
     </span>
    </p>
   </div>
   <div class='ocr_carea' id='block_1_37' title="bbox 393 2227 1999 2300">
    <p class='ocr_par' dir='ltr' id='par_1_37' title="bbox 393 2227 1999 2300">
     <span class='ocr_line' id='line_1_37' title="bbox 393 2227 1999 2300; baseline -0.002 -15"><span class='ocrx_word' id='word_1_251' title='bbox 393 2233 522 2285; x_wconf 88' lang='lat' dir='ltr'><strong>tum</strong></span> <span class='ocrx_word' id='word_1_252' title='bbox 574 2231 658 2284; x_wconf 90' lang='lat' dir='ltr'><strong>est</strong></span> <span class='ocrx_word' id='word_1_253' title='bbox 697 2228 986 2295; x_wconf 89' lang='lat' dir='ltr'><strong>omnibus,</strong></span> <span class='ocrx_word' id='word_1_254' title='bbox 1025 2228 1158 2300; x_wconf 89' lang='lat' dir='ltr'><strong>quia</strong></span> <span class='ocrx_word' id='word_1_255' title='bbox 1207 2227 1266 2282; x_wconf 93' lang='lat' dir='ltr'><strong>in</strong></span> <span class='ocrx_word' id='word_1_256' title='bbox 1316 2231 1477 2282; x_wconf 87' lang='lat' dir='ltr'><strong>tanta</strong></span> <span class='ocrx_word' id='word_1_257' title='bbox 1528 2228 1899 2283; x_wconf 90' lang='lat' dir='ltr'><strong>tribulatione</strong></span> <span class='ocrx_word' id='word_1_258' title='bbox 1941 2232 1999 2282; x_wconf 90' lang='lat' dir='ltr'><strong>et</strong></span> 
     </span>
    </p>
   </div>
   <div class='ocr_carea' id='block_1_38' title="bbox 394 2315 1994 2390">
    <p class='ocr_par' dir='ltr' id='par_1_38' title="bbox 394 2315 1994 2390">
     <span class='ocr_line' id='line_1_38' title="bbox 394 2315 1994 2390; baseline -0.002 -16"><span class='ocrx_word' id='word_1_259' title='bbox 394 2317 768 2390; x_wconf 85' lang='lat' dir='ltr'><strong>oppressione</strong></span> <span class='ocrx_word' id='word_1_260' title='bbox 812 2333 847 2372; x_wconf 91' lang='lat' dir='ltr'><strong>a</strong></span> <span class='ocrx_word' id='word_1_261' title='bbox 871 2315 1290 2371; x_wconf 89' lang='lat' dir='ltr'><strong>Crescentio....</strong></span> <span class='ocrx_word' id='word_1_262' title='bbox 1324 2324 1394 2359; x_wconf 67' lang='lat'><strong>897</strong></span> <span class='ocrx_word' id='word_1_263' title='bbox 1445 2333 1598 2370; x_wconf 91' lang='lat' dir='ltr'><strong>nunc</strong></span> <span class='ocrx_word' id='word_1_264' title='bbox 1626 2316 1841 2386; x_wconf 89' lang='lat' dir='ltr'><strong>positus</strong></span> <span class='ocrx_word' id='word_1_265' title='bbox 1866 2316 1994 2384; x_wconf 89' lang='lat' dir='ltr'><strong>fuit,</strong></span> 
     </span>
    </p>
   </div>
   <div class='ocr_carea' id='block_1_39' title="bbox 397 2403 1997 2478">
    <p class='ocr_par' dir='ltr' id='par_1_39' title="bbox 397 2403 1997 2478">
     <span class='ocr_line' id='line_1_39' title="bbox 397 2403 1997 2478; baseline -0.001 -19"><span class='ocrx_word' id='word_1_266' title='bbox 397 2405 706 2478; x_wconf 86' lang='lat' dir='ltr'><strong>utquando</strong></span> <span class='ocrx_word' id='word_1_267' title='bbox 729 2404 905 2459; x_wconf 86' lang='lat' dir='ltr'><strong>voluit</strong></span> <span class='ocrx_word' id='word_1_268' title='bbox 917 2407 975 2459; x_wconf 93' lang='lat' dir='ltr'><strong>et</strong></span> <span class='ocrx_word' id='word_1_269' title='bbox 995 2403 1562 2476; x_wconf 86' lang='lat' dir='ltr'><strong>qualitervoluit,nec</strong></span> <span class='ocrx_word' id='word_1_270' title='bbox 1581 2404 1739 2457; x_wconf 85' lang='lat' dir='ltr'><strong>vobis</strong></span> <span class='ocrx_word' id='word_1_271' title='bbox 1751 2420 1856 2457; x_wconf 91' lang='lat' dir='ltr'><strong>nec</strong></span> <span class='ocrx_word' id='word_1_272' title='bbox 1874 2404 1997 2458; x_wconf 89' lang='lat' dir='ltr'><strong>aliis</strong></span> 
     </span>
    </p>
   </div>
   <div class='ocr_carea' id='block_1_40' title="bbox 385 2490 1998 2564">
    <p class='ocr_par' dir='ltr' id='par_1_40' title="bbox 385 2490 1998 2564">
     <span class='ocr_line' id='line_1_40' title="bbox 385 2490 1998 2564; baseline -0.002 -16"><span class='ocrx_word' id='word_1_273' title='bbox 385 2508 729 2564; x_wconf 86' lang='lat' dir='ltr'><strong>responsum</strong></span> <span class='ocrx_word' id='word_1_274' title='bbox 750 2493 888 2546; x_wconf 89' lang='lat' dir='ltr'><strong>dare</strong></span> <span class='ocrx_word' id='word_1_275' title='bbox 908 2491 1221 2564; x_wconf 89' lang='lat' dir='ltr'><strong>potuit;sed</strong></span> <span class='ocrx_word' id='word_1_276' title='bbox 1233 2495 1430 2544; x_wconf 91' lang='lat' dir='ltr'><strong>tamen</strong></span> <span class='ocrx_word' id='word_1_277' title='bbox 1443 2490 1606 2543; x_wconf 92' lang='lat' dir='ltr'><strong>citius</strong></span> <span class='ocrx_word' id='word_1_278' title='bbox 1626 2508 1796 2561; x_wconf 86' lang='lat' dir='ltr'><strong>quam</strong></span> <span class='ocrx_word' id='word_1_279' title='bbox 1815 2491 1998 2562; x_wconf 90' lang='lat' dir='ltr'><strong>potuit</strong></span> 
     </span>
    </p>
   </div>
   <div class='ocr_carea' id='block_1_41' title="bbox 387 2577 1994 2651">
    <p class='ocr_par' dir='ltr' id='par_1_41' title="bbox 387 2577 1994 2651">
     <span class='ocr_line' id='line_1_41' title="bbox 387 2577 1994 2651; baseline -0.001 -16"><span class='ocrx_word' id='word_1_280' title='bbox 387 2597 494 2636; x_wconf 88' lang='lat' dir='ltr'><strong>nos</strong></span> <span class='ocrx_word' id='word_1_281' title='bbox 521 2581 593 2635; x_wconf 92' lang='lat' dir='ltr'><strong>ad</strong></span> <span class='ocrx_word' id='word_1_282' title='bbox 617 2579 1144 2650; x_wconf 88' lang='lat' dir='ltr'><strong>investigandamet</strong></span> <span class='ocrx_word' id='word_1_283' title='bbox 1166 2577 1574 2651; x_wconf 89' lang='lat' dir='ltr'><strong>inquirendam</strong></span> <span class='ocrx_word' id='word_1_284' title='bbox 1606 2583 1851 2634; x_wconf 87' lang='lat' dir='ltr'><strong>vestram</strong></span> <span class='ocrx_word' id='word_1_285' title='bbox 1867 2597 1994 2634; x_wconf 89' lang='lat' dir='ltr'><strong>cau-</strong></span> 
     </span>
    </p>
   </div>
   <div class='ocr_carea' id='block_1_42' title="bbox 385 2665 1994 2739">
    <p class='ocr_par' dir='ltr' id='par_1_42' title="bbox 385 2665 1994 2739">
     <span class='ocr_line' id='line_1_42' title="bbox 385 2665 1994 2739; baseline -0.001 -16"><span class='ocrx_word' id='word_1_286' title='bbox 385 2684 512 2723; x_wconf 89' lang='lat' dir='ltr'><strong>sam</strong></span> <span class='ocrx_word' id='word_1_287' title='bbox 531 2665 834 2722; x_wconf 71' lang='lat' dir='ltr'><strong>direxit.At</strong></span> <span class='ocrx_word' id='word_1_288' title='bbox 858 2665 955 2722; x_wconf 91' lang='lat' dir='ltr'><strong>ubi</strong></span> <span class='ocrx_word' id='word_1_289' title='bbox 979 2665 1154 2739; x_wconf 81' lang='lat' dir='ltr'><strong>Aquis</strong></span> <span class='ocrx_word' id='word_1_290' title='bbox 1175 2666 1453 2735; x_wconf 90' lang='lat' dir='ltr'><strong>venimus,</strong></span> <span class='ocrx_word' id='word_1_291' title='bbox 1472 2666 1596 2738; x_wconf 89' lang='lat' dir='ltr'><strong>jam</strong></span> <span class='ocrx_word' id='word_1_292' title='bbox 1616 2684 1747 2721; x_wconf 89' lang='lat' dir='ltr'><strong>eum</strong></span> <span class='ocrx_word' id='word_1_293' title='bbox 1774 2668 1994 2739; x_wconf 87' lang='lat' dir='ltr'><strong>deposi-</strong></span> 
     </span>
    </p>
   </div>
   <div class='ocr_carea' id='block_1_43' title="bbox 385 2752 1991 2828">
    <p class='ocr_par' dir='ltr' id='par_1_43' title="bbox 385 2752 1991 2828">
     <span class='ocr_line' id='line_1_43' title="bbox 385 2752 1991 2828; baseline -0.001 -16"><span class='ocrx_word' id='word_1_294' title='bbox 385 2757 514 2812; x_wconf 87' lang='lat' dir='ltr'><strong>tum</strong></span> <span class='ocrx_word' id='word_1_295' title='bbox 531 2752 942 2823; x_wconf 89' lang='lat' dir='ltr'><strong>invenimus,et</strong></span> <span class='ocrx_word' id='word_1_296' title='bbox 966 2771 1154 2827; x_wconf 90' lang='lat' dir='ltr'><strong>neque</strong></span> <span class='ocrx_word' id='word_1_297' title='bbox 1171 2754 1403 2828; x_wconf 91' lang='lat' dir='ltr'><strong>aliquod</strong></span> <span class='ocrx_word' id='word_1_298' title='bbox 1428 2771 1765 2826; x_wconf 87' lang='lat' dir='ltr'><strong>responsum</strong></span> <span class='ocrx_word' id='word_1_299' title='bbox 1781 2773 1813 2810; x_wconf 89' lang='lat' dir='ltr'><strong>a</strong></span> <span class='ocrx_word' id='word_1_300' title='bbox 1833 2755 1991 2811; x_wconf 89' lang='lat' dir='ltr'><strong>vobis</strong></span> 
     </span>
    </p>
   </div>
   <div class='ocr_carea' id='block_1_44' title="bbox 2099 1965 3716 2038">
    <p class='ocr_par' dir='ltr' id='par_1_44' title="bbox 2099 1965 3716 2038">
     <span class='ocr_line' id='line_1_44' title="bbox 2099 1965 3716 2038; baseline 0.003 -19"><span class='ocrx_word' id='word_1_301' title='bbox 2099 1965 2355 2033; x_wconf 91' lang='lat' dir='ltr'><strong>honoris,</strong></span> <span class='ocrx_word' id='word_1_302' title='bbox 2389 1965 2596 2020; x_wconf 91' lang='lat' dir='ltr'><strong>nullius</strong></span> <span class='ocrx_word' id='word_1_303' title='bbox 2627 1967 2921 2037; x_wconf 90' lang='lat' dir='ltr'><strong>dignitatis</strong></span> <span class='ocrx_word' id='word_1_304' title='bbox 2951 1967 3021 2020; x_wconf 84' lang='lat' dir='ltr'><strong>sit</strong></span> <span class='ocrx_word' id='word_1_305' title='bbox 3051 1970 3252 2022; x_wconf 90' lang='lat' dir='ltr'><strong>contra</strong></span> <span class='ocrx_word' id='word_1_306' title='bbox 3282 1969 3716 2038; x_wconf 88' lang='lat' dir='ltr'><strong>quemlibetlai-</strong></span> 
     </span>
    </p>
   </div>
   <div class='ocr_carea' id='block_1_45' title="bbox 2099 2054 3710 2129">
    <p class='ocr_par' dir='ltr' id='par_1_45' title="bbox 2099 2054 3710 2129">
     <span class='ocr_line' id='line_1_45' title="bbox 2099 2054 3710 2129; baseline 0.003 -22"><span class='ocrx_word' id='word_1_307' title='bbox 2099 2069 2251 2120; x_wconf 87' lang='lat' dir='ltr'><strong>cum,</strong></span> <span class='ocrx_word' id='word_1_308' title='bbox 2286 2070 2465 2107; x_wconf 91' lang='lat' dir='ltr'><strong>unum</strong></span> <span class='ocrx_word' id='word_1_309' title='bbox 2502 2054 2902 2108; x_wconf 90' lang='lat' dir='ltr'><strong>testimonium</strong></span> <span class='ocrx_word' id='word_1_310' title='bbox 2941 2055 3175 2109; x_wconf 88' lang='lat' dir='ltr'><strong>credere</strong></span> <span class='ocrx_word' id='word_1_311' title='bbox 3219 2057 3460 2111; x_wconf 89' lang='lat' dir='ltr'><strong>debere:</strong></span> <span class='ocrx_word' id='word_1_312' title='bbox 3487 2060 3710 2129; x_wconf 91' lang='lat' dir='ltr'><strong>quanto</strong></span> 
     </span>
    </p>
   </div>
   <div class='ocr_carea' id='block_1_46' title="bbox 2100 2141 3707 2215">
    <p class='ocr_par' dir='ltr' id='par_1_46' title="bbox 2100 2141 3707 2215">
     <span class='ocr_line' id='line_1_46' title="bbox 2100 2141 3707 2215; baseline 0.004 -21"><span class='ocrx_word' id='word_1_313' title='bbox 2100 2141 2286 2212; x_wconf 89' lang='lat' dir='ltr'><strong>magis</strong></span> <span class='ocrx_word' id='word_1_314' title='bbox 2317 2142 2584 2196; x_wconf 89' lang='lat' dir='ltr'><strong>adversus</strong></span> <span class='ocrx_word' id='word_1_315' title='bbox 2614 2142 3107 2215; x_wconf 88' lang='lat' dir='ltr'><strong>archiepiscopum</strong></span> <span class='ocrx_word' id='word_1_316' title='bbox 3145 2143 3321 2208; x_wconf 87' lang='lat' dir='ltr'><strong>lQuia</strong></span> <span class='ocrx_word' id='word_1_317' title='bbox 3338 2162 3471 2200; x_wconf 90' lang='lat' dir='ltr'><strong>vero</strong></span> <span class='ocrx_word' id='word_1_318' title='bbox 3495 2145 3707 2214; x_wconf 90' lang='lat' dir='ltr'><strong>dicitis,</strong></span> 
     </span>
    </p>
   </div>
   <div class='ocr_carea' id='block_1_47' title="bbox 2099 2229 3709 2300">
    <p class='ocr_par' dir='ltr' id='par_1_47' title="bbox 2099 2229 3709 2300">
     <span class='ocr_line' id='line_1_47' title="bbox 2099 2229 3709 2300; baseline 0.005 -19"><span class='ocrx_word' id='word_1_319' title='bbox 2099 2229 2285 2297; x_wconf 90' lang='lat' dir='ltr'><strong>ipsum</strong></span> <span class='ocrx_word' id='word_1_320' title='bbox 2307 2246 2364 2282; x_wconf 89' lang='lat' dir='ltr'>se</span> <span class='ocrx_word' id='word_1_321' title='bbox 2380 2246 2665 2284; x_wconf 90' lang='lat' dir='ltr'><strong>accusasse</strong></span> <span class='ocrx_word' id='word_1_322' title='bbox 2681 2233 2736 2284; x_wconf 90' lang='lat' dir='ltr'><strong>et</strong></span> <span class='ocrx_word' id='word_1_323' title='bbox 2752 2229 3079 2286; x_wconf 80' lang='lat' dir='ltr'><strong>confessum</strong></span> <span class='ocrx_word' id='word_1_324' title='bbox 3106 2232 3298 2299; x_wconf 91' lang='lat' dir='ltr'><strong>fuisse,</strong></span> <span class='ocrx_word' id='word_1_325' title='bbox 3320 2233 3709 2300; x_wconf 89' lang='lat' dir='ltr'><strong>considerate,</strong></span> 
     </span>
    </p>
   </div>
   <div class='ocr_carea' id='block_1_48' title="bbox 2101 2318 3708 2388">
    <p class='ocr_par' dir='ltr' id='par_1_48' title="bbox 2101 2318 3708 2388">
     <span class='ocr_line' id='line_1_48' title="bbox 2101 2318 3708 2388; baseline 0.006 -18"><span class='ocrx_word' id='word_1_326' title='bbox 2101 2318 2144 2370; x_wconf 93' lang='lat' dir='ltr'>si</span> <span class='ocrx_word' id='word_1_327' title='bbox 2187 2318 2293 2372; x_wconf 87' lang='lat' dir='ltr'><strong>fuit</strong></span> <span class='ocrx_word' id='word_1_328' title='bbox 2325 2319 2658 2388; x_wconf 91' lang='lat' dir='ltr'><strong>recipienda</strong></span> <span class='ocrx_word' id='word_1_329' title='bbox 2683 2320 2809 2374; x_wconf 90' lang='lat' dir='ltr'><strong>talis</strong></span> <span class='ocrx_word' id='word_1_330' title='bbox 2842 2321 3122 2375; x_wconf 88' lang='lat' dir='ltr'><strong>confessio</strong></span> <span class='ocrx_word' id='word_1_331' title='bbox 3140 2321 3167 2376; x_wconf 86' lang='lat'><strong>‘?</strong></span> <span class='ocrx_word' id='word_1_332' title='bbox 3189 2322 3333 2376; x_wconf 83' lang='lat' dir='ltr'><strong>Nam</strong></span> <span class='ocrx_word' id='word_1_333' title='bbox 3354 2326 3415 2376; x_wconf 95' lang='lat' dir='ltr'><strong>ut</strong></span> <span class='ocrx_word' id='word_1_334' title='bbox 3437 2322 3494 2376; x_wconf 93' lang='lat' dir='ltr'><strong>in</strong></span> <span class='ocrx_word' id='word_1_335' title='bbox 3513 2326 3708 2380; x_wconf 89' lang='lat' dir='ltr'><strong>vestro</strong></span> 
     </span>
    </p>
   </div>
   <div class='ocr_carea' id='block_1_49' title="bbox 2096 2405 3704 2473">
    <p class='ocr_par' dir='ltr' id='par_1_49' title="bbox 2096 2405 3704 2473">
     <span class='ocr_line' id='line_1_49' title="bbox 2096 2405 3704 2473; baseline 0.004 -14"><span class='ocrx_word' id='word_1_336' title='bbox 2096 2405 2288 2460; x_wconf 88' lang='lat' dir='ltr'><strong>libello</strong></span> <span class='ocrx_word' id='word_1_337' title='bbox 2321 2407 2585 2473; x_wconf 90' lang='lat' dir='ltr'><strong>habetur,</strong></span> <span class='ocrx_word' id='word_1_338' title='bbox 2611 2407 2883 2461; x_wconf 87' lang='lat' dir='ltr'><strong>dicebatis</strong></span> <span class='ocrx_word' id='word_1_339' title='bbox 2906 2407 2955 2461; x_wconf 90' lang='lat' dir='ltr'><strong>ei</strong></span> <span class='ocrx_word' id='word_1_340' title='bbox 2982 2425 2994 2462; x_wconf 93' lang='lat'>:</span> <span class='ocrx_word' id='word_1_341' title='bbox 3020 2407 3150 2462; x_wconf 77' lang='lat' dir='ltr'><strong>Pete</strong></span> <span class='ocrx_word' id='word_1_342' title='bbox 3167 2412 3374 2464; x_wconf 86' lang='lat' dir='ltr'><strong>veniam</strong></span> <span class='ocrx_word' id='word_1_343' title='bbox 3404 2417 3461 2464; x_wconf 76' lang='lat' dir='ltr'><strong>ut</strong></span> <span class='ocrx_word' id='word_1_344' title='bbox 3487 2413 3597 2465; x_wconf 84' lang='lat' dir='ltr'><strong>vita</strong></span> <span class='ocrx_word' id='word_1_345' title='bbox 3633 2414 3704 2466; x_wconf 77' lang='lat' dir='ltr'><strong>ti-</strong></span> 
     </span>
    </p>
   </div>
   <div class='ocr_carea' id='block_1_50' title="bbox 2102 2494 3706 2555">
    <p class='ocr_par' dir='ltr' id='par_1_50' title="bbox 2102 2494 3706 2555">
     <span class='ocr_line' id='line_1_50' title="bbox 2102 2494 3706 2555; baseline 0.005 -9"><span class='ocrx_word' id='word_1_346' title='bbox 2102 2494 2152 2546; x_wconf 82' lang='lat' dir='ltr'><strong>bi</strong></span> <span class='ocrx_word' id='word_1_347' title='bbox 2184 2495 2516 2548; x_wconf 61' lang='lat' dir='ltr'><strong>concedat-ur.</strong></span> <span class='ocrx_word' id='word_1_348' title='bbox 2554 2495 2597 2549; x_wconf 95' lang='grc' dir='ltr'>Ο</span> <span class='ocrx_word' id='word_1_349' title='bbox 2630 2495 2844 2549; x_wconf 83' lang='lat' dir='ltr'><strong>inutilis</strong></span> <span class='ocrx_word' id='word_1_350' title='bbox 2890 2496 3202 2551; x_wconf 82' lang='lat' dir='ltr'><strong>confessio!</strong></span> <span class='ocrx_word' id='word_1_351' title='bbox 3238 2497 3363 2551; x_wconf 89' lang='lat' dir='ltr'><strong>Acsi</strong></span> <span class='ocrx_word' id='word_1_352' title='bbox 3394 2498 3444 2551; x_wconf 88' lang='lat' dir='ltr'><strong>ei</strong></span> <span class='ocrx_word' id='word_1_353' title='bbox 3477 2499 3706 2555; x_wconf 86' lang='lat' dir='ltr'><strong>dicere-</strong></span> 
     </span>
    </p>
   </div>
   <div class='ocr_carea' id='block_1_51' title="bbox 2095 2581 3700 2657">
    <p class='ocr_par' dir='ltr' id='par_1_51' title="bbox 2095 2581 3700 2657">
     <span class='ocr_line' id='line_1_51' title="bbox 2095 2581 3700 2657; baseline 0.006 -23"><span class='ocrx_word' id='word_1_354' title='bbox 2095 2583 2223 2636; x_wconf 87' lang='lat' dir='ltr'><strong>tur:</strong></span> <span class='ocrx_word' id='word_1_355' title='bbox 2269 2581 2398 2635; x_wconf 81' lang='lat' dir='ltr'><strong>Nisi</strong></span> <span class='ocrx_word' id='word_1_356' title='bbox 2419 2583 2613 2636; x_wconf 70' lang='lat' dir='ltr'><strong>dixeris</strong></span> <span class='ocrx_word' id='word_1_357' title='bbox 2641 2600 2757 2654; x_wconf 74' lang='lat' dir='ltr'><strong>qua:</strong></span> <span class='ocrx_word' id='word_1_358' title='bbox 2804 2583 3071 2651; x_wconf 80' lang='lat' dir='ltr'><strong>volumus,</strong></span> <span class='ocrx_word' id='word_1_359' title='bbox 3123 2587 3297 2639; x_wconf 77' lang='lat' dir='ltr'><strong>vivere</strong></span> <span class='ocrx_word' id='word_1_360' title='bbox 3337 2603 3443 2640; x_wconf 90' lang='lat' dir='ltr'><strong>non</strong></span> <span class='ocrx_word' id='word_1_361' title='bbox 3475 2589 3700 2657; x_wconf 77' lang='lat' dir='ltr'><strong>poteris.</strong></span> 
     </span>
    </p>
   </div>
   <div class='ocr_carea' id='block_1_52' title="bbox 2095 2669 3702 2747">
    <p class='ocr_par' dir='ltr' id='par_1_52' title="bbox 2095 2669 3702 2747">
     <span class='ocr_line' id='line_1_52' title="bbox 2095 2669 3702 2747; baseline 0.004 -25"><span class='ocrx_word' id='word_1_362' title='bbox 2095 2669 2235 2724; x_wconf 90' lang='lat' dir='ltr'><strong>Ecce</strong></span> <span class='ocrx_word' id='word_1_363' title='bbox 2263 2671 2532 2725; x_wconf 87' lang='lat' dir='ltr'><strong>Arnulfus</strong></span> <span class='ocrx_word' id='word_1_364' title='bbox 2559 2670 3022 2742; x_wconf 86' lang='lat' dir='ltr'><strong>archiepiscopus</strong></span> <span class='ocrx_word' id='word_1_365' title='bbox 3062 2675 3124 2726; x_wconf 93' lang='lat' dir='ltr'><strong>ut</strong></span> <span class='ocrx_word' id='word_1_366' title='bbox 3145 2672 3472 2745; x_wconf 88' lang='lat' dir='ltr'><strong>patriarcha</strong></span> <span class='ocrx_word' id='word_1_367' title='bbox 3488 2675 3702 2747; x_wconf 90' lang='lat' dir='ltr'><strong>Joseph</strong></span> 
     </span>
    </p>
   </div>
   <div class='ocr_carea' id='block_1_53' title="bbox 2094 2759 3699 2836">
    <p class='ocr_par' dir='ltr' id='par_1_53' title="bbox 2094 2759 3699 2836">
     <span class='ocr_line' id='line_1_53' title="bbox 2094 2759 3699 2836; baseline 0.004 -24"><span class='ocrx_word' id='word_1_368' title='bbox 2094 2761 2291 2829; x_wconf 92' lang='lat' dir='ltr'><strong>captus</strong></span> <span class='ocrx_word' id='word_1_369' title='bbox 2321 2761 2380 2813; x_wconf 90' lang='lat' dir='ltr'><strong>et</strong></span> <span class='ocrx_word' id='word_1_370' title='bbox 2408 2759 2466 2814; x_wconf 89' lang='lat' dir='ltr'><strong>in</strong></span> <span class='ocrx_word' id='word_1_371' title='bbox 2488 2761 2674 2815; x_wconf 89' lang='lat' dir='ltr'><strong>lacum</strong></span> <span class='ocrx_word' id='word_1_372' title='bbox 2697 2761 3136 2828; x_wconf 85' lang='lat' dir='ltr'><strong>missus,timens</strong></span> <span class='ocrx_word' id='word_1_373' title='bbox 3169 2762 3318 2818; x_wconf 90' lang='lat' dir='ltr'>mori</span> <span class='ocrx_word' id='word_1_374' title='bbox 3341 2762 3573 2836; x_wconf 87' lang='lat' dir='ltr'><strong>negavit</strong></span> <span class='ocrx_word' id='word_1_375' title='bbox 3603 2773 3699 2819; x_wconf 67' lang='grc' dir='ltr'><strong>πο.</strong></span> 
     </span>
    </p>
   </div>
   <div class='ocr_carea' id='block_1_54' title="bbox 1699 2876 2380 2933">
    <p class='ocr_par' dir='ltr' id='par_1_54' title="bbox 1699 2876 2380 2933">
     <span class='ocr_line' id='line_1_54' title="bbox 1699 2876 2380 2933; baseline 0.007 -5"><span class='ocrx_word' id='word_1_376' title='bbox 1699 2876 1932 2931; x_wconf 80' lang='lat' dir='ltr'><strong>VARle</strong></span> <span class='ocrx_word' id='word_1_377' title='bbox 1980 2877 2380 2933; x_wconf 85' lang='lat' dir='ltr'><strong>LECTIOMES.</strong></span> 
     </span>
    </p>
   </div>
   <div class='ocr_carea' id='block_1_55' title="bbox 467 2970 3698 3040">
    <p class='ocr_par' dir='ltr' id='par_1_55' title="bbox 467 2970 3698 3040">
     <span class='ocr_line' id='line_1_55' title="bbox 467 2970 3698 3040; baseline 0.003 -13"><span class='ocrx_word' id='word_1_378' title='bbox 467 2978 538 3016; x_wconf 66' lang='grc' dir='ltr'><strong>ὀι</strong></span> <span class='ocrx_word' id='word_1_379' title='bbox 569 2972 737 3028; x_wconf 88' lang='lat' dir='ltr'><strong>autc.</strong></span> <span class='ocrx_word' id='word_1_380' title='bbox 796 2979 868 3015; x_wconf 71' lang='grc' dir='ltr'><strong>ίοσ</strong></span> <span class='ocrx_word' id='word_1_381' title='bbox 897 2970 1190 3027; x_wconf 90' lang='lat' dir='ltr'><strong>honestari</strong></span> <span class='ocrx_word' id='word_1_382' title='bbox 1219 2989 1266 3026; x_wconf 87' lang='lat' dir='ltr'><strong>c.</strong></span> <span class='ocrx_word' id='word_1_383' title='bbox 1325 2979 1394 3014; x_wconf 69' lang='lat'><strong>&quot;7</strong></span> <span class='ocrx_word' id='word_1_384' title='bbox 1417 2970 1519 3026; x_wconf 84' lang='lat' dir='ltr'><strong>duo</strong></span> <span class='ocrx_word' id='word_1_385' title='bbox 1548 2973 1643 3026; x_wconf 79' lang='lat' dir='ltr'><strong>vel.</strong></span> <span class='ocrx_word' id='word_1_386' title='bbox 1671 2980 1771 3027; x_wconf 81' lang='lat' dir='ltr'><strong>tres</strong></span> <span class='ocrx_word' id='word_1_387' title='bbox 1799 2974 1990 3030; x_wconf 74' lang='lat' dir='ltr'><strong>litterae</strong></span> <span class='ocrx_word' id='word_1_388' title='bbox 2019 2991 2212 3040; x_wconf 68' lang='lat' dir='ltr'><strong>exesae;</strong></span> <span class='ocrx_word' id='word_1_389' title='bbox 2245 2993 2314 3029; x_wconf 90' lang='lat' dir='ltr'><strong>an</strong></span> <span class='ocrx_word' id='word_1_390' title='bbox 2340 2977 2571 3030; x_wconf 92' lang='lat' dir='ltr'><strong>consule</strong></span> <span class='ocrx_word' id='word_1_391' title='bbox 2589 2977 2616 3031; x_wconf 84' lang='lat'><strong><em>?</em></strong></span> <span class='ocrx_word' id='word_1_392' title='bbox 2683 2984 2752 3019; x_wconf 69' lang='grc' dir='ltr'><strong>ενδ</strong></span> <span class='ocrx_word' id='word_1_393' title='bbox 2782 2977 2972 3032; x_wconf 90' lang='lat' dir='ltr'><strong>littera</strong></span> <span class='ocrx_word' id='word_1_394' title='bbox 3018 2995 3051 3034; x_wconf 89' lang='lat' dir='ltr'><strong>a</strong></span> <span class='ocrx_word' id='word_1_395' title='bbox 3079 2994 3228 3034; x_wconf 75' lang='lat' dir='ltr'><strong>exesa</strong></span> <span class='ocrx_word' id='word_1_396' title='bbox 3258 2987 3349 3034; x_wconf 83' lang='lat' dir='ltr'><strong>est.</strong></span> <span class='ocrx_word' id='word_1_397' title='bbox 3414 2988 3484 3024; x_wconf 75' lang='lat' dir='ltr'><strong>m</strong></span> <span class='ocrx_word' id='word_1_398' title='bbox 3511 2979 3581 3034; x_wconf 88' lang='grc' dir='ltr'><strong>ΙΙ</strong></span> <span class='ocrx_word' id='word_1_399' title='bbox 3604 2981 3698 3038; x_wconf 85' lang='lat' dir='ltr'><strong>de-</strong></span> 
     </span>
    </p>
   </div>
   <div class='ocr_carea' id='block_1_56' title="bbox 384 3042 3125 3122">
    <p class='ocr_par' dir='ltr' id='par_1_56' title="bbox 384 3042 3125 3122">
     <span class='ocr_line' id='line_1_56' title="bbox 384 3042 3125 3122; baseline 0.003 -22"><span class='ocrx_word' id='word_1_400' title='bbox 384 3043 517 3100; x_wconf 76' lang='lat' dir='ltr'><strong>sinit</strong></span> <span class='ocrx_word' id='word_1_401' title='bbox 533 3043 772 3118; x_wconf 81' lang='lat' dir='ltr'><strong>pagina;</strong></span> <span class='ocrx_word' id='word_1_402' title='bbox 802 3059 1007 3118; x_wconf 74' lang='lat' dir='ltr'><strong>sequees</strong></span> <span class='ocrx_word' id='word_1_403' title='bbox 1027 3042 1217 3101; x_wconf 77' lang='lat' dir='ltr'><strong>codicis</strong></span> <span class='ocrx_word' id='word_1_404' title='bbox 1241 3059 1356 3116; x_wconf 67' lang='lat' dir='ltr'><strong>quae</strong></span> <span class='ocrx_word' id='word_1_405' title='bbox 1385 3051 1459 3099; x_wconf 84' lang='lat' dir='ltr'><strong>est</strong></span> <span class='ocrx_word' id='word_1_406' title='bbox 1487 3044 1695 3111; x_wconf 83' lang='lat' dir='ltr'><strong>ultima,</strong></span> <span class='ocrx_word' id='word_1_407' title='bbox 1731 3046 2018 3116; x_wconf 80' lang='lat' dir='ltr'><strong>theologica</strong></span> <span class='ocrx_word' id='word_1_408' title='bbox 2040 3047 2285 3118; x_wconf 69' lang='lat' dir='ltr'><strong>quaedam</strong></span> <span class='ocrx_word' id='word_1_409' title='bbox 2305 3049 2556 3116; x_wconf 78' lang='lat' dir='ltr'><strong>continet,</strong></span> <span class='ocrx_word' id='word_1_410' title='bbox 2579 3047 2685 3102; x_wconf 82' lang='lat' dir='ltr'><strong>alia</strong></span> <span class='ocrx_word' id='word_1_411' title='bbox 2716 3065 2882 3103; x_wconf 89' lang='lat' dir='ltr'><strong>manu</strong></span> <span class='ocrx_word' id='word_1_412' title='bbox 2910 3051 3125 3122; x_wconf 81' lang='lat' dir='ltr'><strong>scripta.</strong></span> 
     </span>
    </p>
   </div>
   <div class='ocr_carea' id='block_1_57' title="bbox 1928 3143 2150 3199">
    <p class='ocr_par' dir='ltr' id='par_1_57' title="bbox 1928 3143 2150 3199">
     <span class='ocr_line' id='line_1_57' title="bbox 1928 3143 2150 3199; baseline 0 -1"><span class='ocrx_word' id='word_1_413' title='bbox 1928 3143 2150 3199; x_wconf 65' lang='grc' dir='ltr'><strong>ΝΟΤΛΕ.</strong></span> 
     </span>
    </p>
   </div>
   <div class='ocr_carea' id='block_1_58' title="bbox 457 3237 3698 3321">
    <p class='ocr_par' dir='ltr' id='par_1_58' title="bbox 457 3237 3698 3321">
     <span class='ocr_line' id='line_1_58' title="bbox 457 3237 3698 3321; baseline 0.002 -24"><span class='ocrx_word' id='word_1_414' title='bbox 457 3237 570 3313; x_wconf 73' lang='grc'><strong>(44)</strong></span> <span class='ocrx_word' id='word_1_415' title='bbox 601 3239 688 3297; x_wconf 79' lang='lat' dir='ltr'><strong>Cf.</strong></span> <span class='ocrx_word' id='word_1_416' title='bbox 720 3237 978 3315; x_wconf 82' lang='lat' dir='ltr'><strong>Hugonis</strong></span> <span class='ocrx_word' id='word_1_417' title='bbox 995 3238 1215 3296; x_wconf 87' lang='lat' dir='ltr'><strong>litteras</strong></span> <span class='ocrx_word' id='word_1_418' title='bbox 1238 3239 1314 3296; x_wconf 92' lang='lat' dir='ltr'><strong>ad</strong></span> <span class='ocrx_word' id='word_1_419' title='bbox 1343 3255 1557 3314; x_wconf 88' lang='lat' dir='ltr'><strong>papam</strong></span> <span class='ocrx_word' id='word_1_420' title='bbox 1587 3256 1654 3295; x_wconf 84' lang='lat' dir='ltr'><strong>ex</strong></span> <span class='ocrx_word' id='word_1_421' title='bbox 1679 3240 1807 3296; x_wconf 92' lang='lat' dir='ltr'><strong>cod.</strong></span> <span class='ocrx_word' id='word_1_422' title='bbox 1845 3239 2213 3313; x_wconf 84' lang='lat' dir='ltr'><strong>Lugdunensi</strong></span> <span class='ocrx_word' id='word_1_423' title='bbox 2244 3240 2302 3296; x_wconf 91' lang='lat' dir='ltr'><strong>in</strong></span> <span class='ocrx_word' id='word_1_424' title='bbox 2325 3240 2462 3296; x_wconf 89' lang='lat' dir='ltr'><strong>edit.</strong></span> <span class='ocrx_word' id='word_1_425' title='bbox 2492 3242 2944 3299; x_wconf 86' lang='lat' dir='ltr'><strong>Francofurtana</strong></span> <span class='ocrx_word' id='word_1_426' title='bbox 2971 3244 3174 3317; x_wconf 89' lang='lat' dir='ltr'><strong>synodi</strong></span> <span class='ocrx_word' id='word_1_427' title='bbox 3193 3246 3490 3302; x_wconf 84' lang='lat' dir='ltr'><strong>Remensis</strong></span> <span class='ocrx_word' id='word_1_428' title='bbox 3510 3266 3566 3321; x_wconf 93' lang='lat' dir='ltr'><strong>p.</strong></span> <span class='ocrx_word' id='word_1_429' title='bbox 3594 3251 3698 3306; x_wconf 75' lang='grc'><strong>149</strong></span> 
     </span>
    </p>
   </div>
   <div class='ocr_carea' id='block_1_59' title="bbox 486 3523 3580 3700">
    <p class='ocr_par' dir='ltr' id='par_1_59' title="bbox 486 3523 3580 3700">
     <span class='ocr_line' id='line_1_59' title="bbox 486 3523 3580 3700; baseline 0.001 -10"><span class='ocrx_word' id='word_1_430' title='bbox 486 3526 1046 3700; x_wconf 78' lang='lat' dir='ltr'><strong>ACTA.</strong></span> <span class='ocrx_word' id='word_1_431' title='bbox 1130 3523 2071 3692; x_wconf 77' lang='lat' dir='ltr'><strong>CONCILII</strong></span> <span class='ocrx_word' id='word_1_432' title='bbox 2178 3526 3580 3694; x_wconf 87' lang='lat' dir='ltr'><strong>MOSOMENSIS</strong></span> 
     </span>
    </p>
   </div>
   <div class='ocr_carea' id='block_1_60' title="bbox 1362 3769 2704 3830">
    <p class='ocr_par' dir='ltr' id='par_1_60' title="bbox 1362 3769 2704 3830">
     <span class='ocr_line' id='line_1_60' title="bbox 1362 3769 2704 3830; baseline 0.003 -5"><span class='ocrx_word' id='word_1_433' title='bbox 1362 3769 1684 3825; x_wconf 79' lang='lat' dir='ltr'><strong>AUCTORE</strong></span> <span class='ocrx_word' id='word_1_434' title='bbox 1719 3769 2082 3826; x_wconf 82' lang='lat' dir='ltr'><strong>GERBERTO</strong></span> <span class='ocrx_word' id='word_1_435' title='bbox 2129 3771 2704 3830; x_wconf 79' lang='lat' dir='ltr'><strong>ARCHIEPISCOPO.</strong></span> 
     </span>
    </p>
   </div>
   <div class='ocr_carea' id='block_1_61' title="bbox 1732 3887 2339 3962">
    <p class='ocr_par' dir='ltr' id='par_1_61' title="bbox 1732 3887 2339 3962">
     <span class='ocr_line' id='line_1_61' title="bbox 1732 3887 2339 3962; baseline 0.005 -19"><span class='ocrx_word' id='word_1_436' title='bbox 1732 3887 1897 3958; x_wconf 83' lang='lat' dir='ltr'><strong>(Ann.</strong></span> <span class='ocrx_word' id='word_1_437' title='bbox 1932 3891 2054 3958; x_wconf 78' lang='lat'><strong>995,</strong></span> <span class='ocrx_word' id='word_1_438' title='bbox 2097 3889 2231 3946; x_wconf 87' lang='lat' dir='ltr'><strong>Jun.</strong></span> <span class='ocrx_word' id='word_1_439' title='bbox 2263 3893 2339 3962; x_wconf 85' lang='lat'><strong>2.)</strong></span> 
     </span>
    </p>
   </div>
   <div class='ocr_carea' id='block_1_62' title="bbox 882 4011 3204 4091">
    <p class='ocr_par' dir='ltr' id='par_1_62' title="bbox 882 4011 3204 4091">
     <span class='ocr_line' id='line_1_62' title="bbox 882 4011 3204 4091; baseline 0.004 -24"><span class='ocrx_word' id='word_1_440' title='bbox 882 4014 1068 4086; x_wconf 83' lang='lat' dir='ltr'><strong>[Apud</strong></span> <span class='ocrx_word' id='word_1_441' title='bbox 1101 4014 1283 4081; x_wconf 89' lang='lat' dir='ltr'><strong>Pertz,</strong></span> <span class='ocrx_word' id='word_1_442' title='bbox 1312 4011 1661 4069; x_wconf 81' lang='lat' dir='ltr'><strong>Monumcnta</strong></span> <span class='ocrx_word' id='word_1_443' title='bbox 1694 4011 1996 4069; x_wconf 69' lang='lat' dir='ltr'><strong>Germania:</strong></span> <span class='ocrx_word' id='word_1_444' title='bbox 2026 4011 2296 4084; x_wconf 77' lang='lat' dir='ltr'><strong>historica,</strong></span> <span class='ocrx_word' id='word_1_445' title='bbox 2339 4015 2546 4088; x_wconf 81' lang='lat' dir='ltr'><strong>Script.</strong></span> <span class='ocrx_word' id='word_1_446' title='bbox 2581 4020 2726 4074; x_wconf 88' lang='lat' dir='ltr'><strong>tom.</strong></span> <span class='ocrx_word' id='word_1_447' title='bbox 2760 4018 2848 4085; x_wconf 87' lang='lat' dir='ltr'><strong>Ill,</strong></span> <span class='ocrx_word' id='word_1_448' title='bbox 2883 4035 3020 4091; x_wconf 88' lang='lat' dir='ltr'><strong>pag.</strong></span> <span class='ocrx_word' id='word_1_449' title='bbox 3054 4022 3204 4090; x_wconf 81' lang='lat'><strong>690.]</strong></span> 
     </span>
    </p>
   </div>
   <div class='ocr_carea' id='block_1_63' title="bbox 723 4281 1652 4339">
    <p class='ocr_par' dir='ltr' id='par_1_63' title="bbox 723 4281 1652 4339">
     <span class='ocr_line' id='line_1_63' title="bbox 723 4281 1652 4339; baseline -0.003 0"><span class='ocrx_word' id='word_1_450' title='bbox 723 4281 1095 4339; x_wconf 79' lang='lat' dir='ltr'><strong>CONClLlUM</strong></span> <span class='ocrx_word' id='word_1_451' title='bbox 1132 4283 1461 4339; x_wconf 83' lang='lat' dir='ltr'><strong>MOSOMEN</strong></span> <span class='ocrx_word' id='word_1_452' title='bbox 1468 4283 1548 4339; x_wconf 88' lang='lat' dir='ltr'>SE</span> <span class='ocrx_word' id='word_1_453' title='bbox 1580 4294 1652 4326; x_wconf 77' lang='lat'><strong>800</strong></span> 
     </span>
    </p>
   </div>
   <div class='ocr_carea' id='block_1_64' title="bbox 455 4370 1986 4439">
    <p class='ocr_par' dir='ltr' id='par_1_64' title="bbox 455 4370 1986 4439">
     <span class='ocr_line' id='line_1_64' title="bbox 455 4370 1986 4439; baseline 0 -13"><span class='ocrx_word' id='word_1_454' title='bbox 455 4375 622 4428; x_wconf 81' lang='lat' dir='ltr'><strong>Anno</strong></span> <span class='ocrx_word' id='word_1_455' title='bbox 642 4370 1122 4428; x_wconf 85' lang='lat' dir='ltr'><strong>abincarnatione</strong></span> <span class='ocrx_word' id='word_1_456' title='bbox 1149 4371 1376 4428; x_wconf 89' lang='lat' dir='ltr'><strong>Domini</strong></span> <span class='ocrx_word' id='word_1_457' title='bbox 1400 4375 1520 4438; x_wconf 76' lang='lat'><strong>995,</strong></span> <span class='ocrx_word' id='word_1_458' title='bbox 1544 4373 1853 4428; x_wconf 80' lang='lat' dir='ltr'><strong>indictione</strong></span> <span class='ocrx_word' id='word_1_459' title='bbox 1873 4390 1986 4439; x_wconf 86' lang='lat' dir='ltr'><strong>vm,</strong></span> 
     </span>
    </p>
   </div>
   <div class='ocr_carea' id='block_1_65' title="bbox 385 4460 1986 4534">
    <p class='ocr_par' dir='ltr' id='par_1_65' title="bbox 385 4460 1986 4534">
     <span class='ocr_line' id='line_1_65' title="bbox 385 4460 1986 4534; baseline -0.002 -17"><span class='ocrx_word' id='word_1_460' title='bbox 385 4477 418 4517; x_wconf 86' lang='lat' dir='ltr'><strong>a</strong></span> <span class='ocrx_word' id='word_1_461' title='bbox 441 4477 593 4534; x_wconf 88' lang='lat' dir='ltr'><strong>papa</strong></span> <span class='ocrx_word' id='word_1_462' title='bbox 619 4462 883 4517; x_wconf 89' lang='lat' dir='ltr'><strong>Johanne</strong></span> <span class='ocrx_word' id='word_1_463' title='bbox 911 4462 1158 4532; x_wconf 88' lang='lat' dir='ltr'><strong>synodus</strong></span> <span class='ocrx_word' id='word_1_464' title='bbox 1179 4461 1517 4516; x_wconf 91' lang='lat' dir='ltr'><strong>denuntiata</strong></span> <span class='ocrx_word' id='word_1_465' title='bbox 1537 4465 1621 4516; x_wconf 91' lang='lat' dir='ltr'><strong>est</strong></span> <span class='ocrx_word' id='word_1_466' title='bbox 1641 4461 1908 4516; x_wconf 88' lang='lat' dir='ltr'><strong>habenda</strong></span> <span class='ocrx_word' id='word_1_467' title='bbox 1929 4460 1986 4513; x_wconf 90' lang='lat' dir='ltr'><strong>in</strong></span> 
     </span>
    </p>
   </div>
   <div class='ocr_carea' id='block_1_66' title="bbox 384 4549 1989 4623">
    <p class='ocr_par' dir='ltr' id='par_1_66' title="bbox 384 4549 1989 4623">
     <span class='ocr_line' id='line_1_66' title="bbox 384 4549 1989 4623; baseline -0.001 -19"><span class='ocrx_word' id='word_1_468' title='bbox 384 4549 707 4623; x_wconf 76' lang='lat' dir='ltr'><strong>parrcechia</strong></span> <span class='ocrx_word' id='word_1_469' title='bbox 735 4549 1002 4604; x_wconf 77' lang='lat' dir='ltr'><strong>Remensi</strong></span> <span class='ocrx_word' id='word_1_470' title='bbox 1035 4549 1362 4623; x_wconf 90' lang='lat' dir='ltr'><strong>metropoli.</strong></span> <span class='ocrx_word' id='word_1_471' title='bbox 1393 4552 1587 4622; x_wconf 93' lang='lat' dir='ltr'><strong>ltaque</strong></span> <span class='ocrx_word' id='word_1_472' title='bbox 1615 4567 1665 4603; x_wconf 81' lang='lat' dir='ltr'><strong>IV</strong></span> <span class='ocrx_word' id='word_1_473' title='bbox 1694 4550 1989 4603; x_wconf 86' lang='lat' dir='ltr'><strong>NonasJu-</strong></span> 
     </span>
    </p>
   </div>
   <div class='ocr_carea' id='block_1_67' title="bbox 383 4636 1989 4708">
    <p class='ocr_par' dir='ltr' id='par_1_67' title="bbox 383 4636 1989 4708">
     <span class='ocr_line' id='line_1_67' title="bbox 383 4636 1989 4708; baseline -0.001 -16"><span class='ocrx_word' id='word_1_474' title='bbox 383 4637 464 4694; x_wconf 92' lang='lat' dir='ltr'><strong>nii</strong></span> <span class='ocrx_word' id='word_1_475' title='bbox 503 4637 974 4694; x_wconf 89' lang='lat' dir='ltr'><strong>convenientibus</strong></span> <span class='ocrx_word' id='word_1_476' title='bbox 1004 4639 1320 4695; x_wconf 87' lang='lat' dir='ltr'><strong>Mosomum</strong></span> <span class='ocrx_word' id='word_1_477' title='bbox 1351 4636 1852 4694; x_wconf 88' lang='lat' dir='ltr'><strong>venerabilissimis</strong></span> <span class='ocrx_word' id='word_1_478' title='bbox 1873 4637 1989 4708; x_wconf 92' lang='lat' dir='ltr'><strong>epi-</strong></span> 
     </span>
    </p>
   </div>
   <div class='ocr_carea' id='block_1_68' title="bbox 383 4725 1985 4801">
    <p class='ocr_par' dir='ltr' id='par_1_68' title="bbox 383 4725 1985 4801">
     <span class='ocr_line' id='line_1_68' title="bbox 383 4725 1985 4801; baseline -0.002 -17"><span class='ocrx_word' id='word_1_479' title='bbox 383 4725 568 4800; x_wconf 84' lang='lat' dir='ltr'><strong>scopis</strong></span> <span class='ocrx_word' id='word_1_480' title='bbox 597 4726 858 4801; x_wconf 86' lang='lat' dir='ltr'><strong>Liodulfo</strong></span> <span class='ocrx_word' id='word_1_481' title='bbox 889 4736 958 4770; x_wconf 71' lang='grc' dir='ltr'><strong>δοί</strong></span> <span class='ocrx_word' id='word_1_482' title='bbox 988 4727 1342 4795; x_wconf 90' lang='lat' dir='ltr'><strong>Treverensi,</strong></span> <span class='ocrx_word' id='word_1_483' title='bbox 1371 4729 1632 4798; x_wconf 85' lang='lat' dir='ltr'><strong>Aymone</strong></span> <span class='ocrx_word' id='word_1_484' title='bbox 1667 4734 1737 4768; x_wconf 66' lang='grc' dir='ltr'><strong>θοι</strong></span> <span class='ocrx_word' id='word_1_485' title='bbox 1769 4725 1985 4780; x_wconf 89' lang='lat' dir='ltr'><strong>Verdu-</strong></span> 
     </span>
    </p>
   </div>
   <div class='ocr_carea' id='block_1_69' title="bbox 381 4813 1987 4886">
    <p class='ocr_par' dir='ltr' id='par_1_69' title="bbox 381 4813 1987 4886">
     <span class='ocr_line' id='line_1_69' title="bbox 381 4813 1987 4886; baseline -0.003 -14"><span class='ocrx_word' id='word_1_486' title='bbox 381 4815 567 4885; x_wconf 89' lang='lat' dir='ltr'><strong>nensi,</strong></span> <span class='ocrx_word' id='word_1_487' title='bbox 599 4815 849 4873; x_wconf 83' lang='lat' dir='ltr'><strong>Notkero</strong></span> <span class='ocrx_word' id='word_1_488' title='bbox 879 4825 951 4860; x_wconf 76' lang='grc' dir='ltr'><strong>³ο³</strong></span> <span class='ocrx_word' id='word_1_489' title='bbox 983 4815 1334 4884; x_wconf 80' lang='lat' dir='ltr'><strong>Laodicensi,</strong></span> <span class='ocrx_word' id='word_1_490' title='bbox 1363 4815 1628 4886; x_wconf 87' lang='lat' dir='ltr'><strong>Suitgero</strong></span> <span class='ocrx_word' id='word_1_491' title='bbox 1651 4823 1721 4856; x_wconf 71' lang='grc' dir='ltr'><strong>θοι</strong></span> <span class='ocrx_word' id='word_1_492' title='bbox 1748 4813 1987 4869; x_wconf 86' lang='lat' dir='ltr'><strong>civitatis</strong></span> 
     </span>
    </p>
   </div>
   <div class='ocr_carea' id='block_1_70' title="bbox 377 4902 1982 4978">
    <p class='ocr_par' dir='ltr' id='par_1_70' title="bbox 377 4902 1982 4978">
     <span class='ocr_line' id='line_1_70' title="bbox 377 4902 1982 4978; baseline -0.002 -16"><span class='ocrx_word' id='word_1_493' title='bbox 377 4904 910 4978; x_wconf 68' lang='lat' dir='ltr'><strong>Iinigardevurdaa,</strong></span> <span class='ocrx_word' id='word_1_494' title='bbox 945 4904 1056 4960; x_wconf 90' lang='lat' dir='ltr'><strong>Leo</strong></span> <span class='ocrx_word' id='word_1_495' title='bbox 1081 4905 1260 4962; x_wconf 91' lang='lat' dir='ltr'><strong>abbas</strong></span> <span class='ocrx_word' id='word_1_496' title='bbox 1302 4903 1635 4960; x_wconf 87' lang='lat' dir='ltr'><strong>manasterii</strong></span> <span class='ocrx_word' id='word_1_497' title='bbox 1666 4902 1844 4958; x_wconf 90' lang='lat' dir='ltr'><strong>sancti</strong></span> <span class='ocrx_word' id='word_1_498' title='bbox 1878 4905 1982 4958; x_wconf 89' lang='lat' dir='ltr'><strong>Bo-</strong></span> 
     </span>
    </p>
   </div>
   <div class='ocr_carea' id='block_1_71' title="bbox 377 4991 1984 5064">
    <p class='ocr_par' dir='ltr' id='par_1_71' title="bbox 377 4991 1984 5064">
     <span class='ocr_line' id='line_1_71' title="bbox 377 4991 1984 5064; baseline -0.003 -14"><span class='ocrx_word' id='word_1_499' title='bbox 377 4994 587 5050; x_wconf 79' lang='lat' dir='ltr'><strong>nefacii</strong></span> <span class='ocrx_word' id='word_1_500' title='bbox 618 4995 775 5051; x_wconf 90' lang='lat' dir='ltr'><strong>urbis</strong></span> <span class='ocrx_word' id='word_1_501' title='bbox 803 4995 1002 5050; x_wconf 66' lang='lat' dir='ltr'><strong>Romae</strong></span> <span class='ocrx_word' id='word_1_502' title='bbox 1032 4992 1217 5048; x_wconf 87' lang='lat' dir='ltr'><strong>vicem</strong></span> <span class='ocrx_word' id='word_1_503' title='bbox 1249 5010 1428 5064; x_wconf 85' lang='lat' dir='ltr'><strong>agens</strong></span> <span class='ocrx_word' id='word_1_504' title='bbox 1456 4991 1656 5048; x_wconf 85' lang='lat' dir='ltr'><strong>domui</strong></span> <span class='ocrx_word' id='word_1_505' title='bbox 1708 4991 1984 5046; x_wconf 84' lang='lat' dir='ltr'><strong>Johannis</strong></span> 
     </span>
    </p>
   </div>
   <div class='ocr_carea' id='block_1_72' title="bbox 377 5080 1984 5156">
    <p class='ocr_par' dir='ltr' id='par_1_72' title="bbox 377 5080 1984 5156">
     <span class='ocr_line' id='line_1_72' title="bbox 377 5080 1984 5156; baseline -0.004 -16"><span class='ocrx_word' id='word_1_506' title='bbox 377 5099 565 5156; x_wconf 62' lang='lat' dir='ltr'><strong>papa,</strong></span> <span class='ocrx_word' id='word_1_507' title='bbox 597 5083 823 5139; x_wconf 88' lang='lat' dir='ltr'><strong>medius</strong></span> <span class='ocrx_word' id='word_1_508' title='bbox 854 5082 1008 5137; x_wconf 89' lang='lat' dir='ltr'><strong>inter</strong></span> <span class='ocrx_word' id='word_1_509' title='bbox 1023 5098 1121 5137; x_wconf 91' lang='lat' dir='ltr'><strong>eos</strong></span> <span class='ocrx_word' id='word_1_510' title='bbox 1135 5081 1414 5149; x_wconf 90' lang='lat' dir='ltr'><strong>consedit,</strong></span> <span class='ocrx_word' id='word_1_511' title='bbox 1438 5082 1496 5135; x_wconf 90' lang='lat' dir='ltr'><strong>in</strong></span> <span class='ocrx_word' id='word_1_512' title='bbox 1527 5080 1780 5136; x_wconf 71' lang='lat' dir='ltr'><strong>aecclesia</strong></span> <span class='ocrx_word' id='word_1_513' title='bbox 1800 5081 1984 5134; x_wconf 72' lang='lat' dir='ltr'><strong>beata:</strong></span> 
     </span>
    </p>
   </div>
   <div class='ocr_carea' id='block_1_73' title="bbox 377 5169 1986 5243">
    <p class='ocr_par' dir='ltr' id='par_1_73' title="bbox 377 5169 1986 5243">
     <span class='ocr_line' id='line_1_73' title="bbox 377 5169 1986 5243; baseline -0.002 -17"><span class='ocrx_word' id='word_1_514' title='bbox 377 5171 481 5226; x_wconf 89' lang='lat' dir='ltr'><strong>Dei</strong></span> <span class='ocrx_word' id='word_1_515' title='bbox 535 5170 843 5243; x_wconf 86' lang='lat' dir='ltr'><strong>genetricis</strong></span> <span class='ocrx_word' id='word_1_516' title='bbox 871 5170 1088 5238; x_wconf 79' lang='lat' dir='ltr'><strong>Marie;</strong></span> <span class='ocrx_word' id='word_1_517' title='bbox 1142 5174 1312 5242; x_wconf 90' lang='lat' dir='ltr'><strong>atque</strong></span> <span class='ocrx_word' id='word_1_518' title='bbox 1353 5169 1410 5224; x_wconf 91' lang='lat' dir='ltr'><strong>in</strong></span> <span class='ocrx_word' id='word_1_519' title='bbox 1459 5186 1660 5224; x_wconf 90' lang='lat' dir='ltr'><strong>eorum</strong></span> <span class='ocrx_word' id='word_1_520' title='bbox 1679 5172 1986 5242; x_wconf 90' lang='lat' dir='ltr'><strong>prospectu</strong></span> 
     </span>
    </p>
   </div>
   <div class='ocr_carea' id='block_1_74' title="bbox 377 5258 1990 5330">
    <p class='ocr_par' dir='ltr' id='par_1_74' title="bbox 377 5258 1990 5330">
     <span class='ocr_line' id='line_1_74' title="bbox 377 5258 1990 5330; baseline -0.001 -16"><span class='ocrx_word' id='word_1_521' title='bbox 377 5258 684 5314; x_wconf 87' lang='lat' dir='ltr'><strong>Gerbertus</strong></span> <span class='ocrx_word' id='word_1_522' title='bbox 716 5260 1032 5313; x_wconf 83' lang='lat' dir='ltr'><strong>Remorum</strong></span> <span class='ocrx_word' id='word_1_523' title='bbox 1064 5259 1540 5330; x_wconf 91' lang='lat' dir='ltr'><strong>archiepiscopus,</strong></span> <span class='ocrx_word' id='word_1_524' title='bbox 1573 5275 1676 5328; x_wconf 90' lang='lat' dir='ltr'><strong>pro</strong></span> <span class='ocrx_word' id='word_1_525' title='bbox 1709 5275 1809 5312; x_wconf 86' lang='lat' dir='ltr'><strong>sua</strong></span> <span class='ocrx_word' id='word_1_526' title='bbox 1838 5258 1990 5312; x_wconf 88' lang='lat' dir='ltr'><strong>ordi-</strong></span> 
     </span>
    </p>
   </div>
   <div class='ocr_carea' id='block_1_75' title="bbox 380 5345 1982 5402">
    <p class='ocr_par' dir='ltr' id='par_1_75' title="bbox 380 5345 1982 5402">
     <span class='ocr_line' id='line_1_75' title="bbox 380 5345 1982 5402; baseline -0.002 0"><span class='ocrx_word' id='word_1_527' title='bbox 380 5345 618 5402; x_wconf 88' lang='lat' dir='ltr'><strong>natione</strong></span> <span class='ocrx_word' id='word_1_528' title='bbox 687 5345 972 5401; x_wconf 89' lang='lat' dir='ltr'><strong>rationem</strong></span> <span class='ocrx_word' id='word_1_529' title='bbox 1015 5347 1362 5402; x_wconf 89' lang='lat' dir='ltr'><strong>redditurus.</strong></span> <span class='ocrx_word' id='word_1_530' title='bbox 1392 5347 1780 5402; x_wconf 80' lang='lat' dir='ltr'><strong>lntcrfuerunt</strong></span> <span class='ocrx_word' id='word_1_531' title='bbox 1808 5346 1982 5400; x_wconf 90' lang='lat' dir='ltr'><strong>etiam</strong></span> 
     </span>
    </p>
   </div>
   <div class='ocr_carea' id='block_1_76' title="bbox 377 5432 1988 5506">
    <p class='ocr_par' dir='ltr' id='par_1_76' title="bbox 377 5432 1988 5506">
     <span class='ocr_line' id='line_1_76' title="bbox 377 5432 1988 5506; baseline -0.002 -16"><span class='ocrx_word' id='word_1_532' title='bbox 377 5435 510 5496; x_wconf 83' lang='lat' dir='ltr'><strong>huic</strong></span> <span class='ocrx_word' id='word_1_533' title='bbox 535 5432 776 5490; x_wconf 90' lang='lat' dir='ltr'><strong>concilio</strong></span> <span class='ocrx_word' id='word_1_534' title='bbox 799 5433 1152 5490; x_wconf 88' lang='lat' dir='ltr'><strong>diversarum</strong></span> <span class='ocrx_word' id='word_1_535' title='bbox 1175 5433 1403 5489; x_wconf 89' lang='lat' dir='ltr'><strong>urbium</strong></span> <span class='ocrx_word' id='word_1_536' title='bbox 1427 5435 1662 5490; x_wconf 89' lang='lat' dir='ltr'><strong>ahbates</strong></span> <span class='ocrx_word' id='word_1_537' title='bbox 1691 5452 1803 5489; x_wconf 82' lang='lat' dir='ltr'><strong>non</strong></span> <span class='ocrx_word' id='word_1_538' title='bbox 1824 5435 1988 5506; x_wconf 84' lang='lat' dir='ltr'><strong>igno-</strong></span> 
     </span>
    </p>
   </div>
   <div class='ocr_carea' id='block_1_77' title="bbox 2013 4284 3704 4361">
    <p class='ocr_par' dir='ltr' id='par_1_77' title="bbox 2013 4284 3704 4361">
     <span class='ocr_line' id='line_1_77' title="bbox 2013 4284 3704 4361; baseline 0.005 -23"><span class='ocrx_word' id='word_1_539' title='bbox 2013 4288 2058 4346; x_wconf 88' lang='lat' dir='ltr'>C</span> <span class='ocrx_word' id='word_1_540' title='bbox 2091 4284 2254 4350; x_wconf 88' lang='lat' dir='ltr'><strong>biles,</strong></span> <span class='ocrx_word' id='word_1_541' title='bbox 2287 4287 2385 4340; x_wconf 89' lang='lat' dir='ltr'><strong>sed</strong></span> <span class='ocrx_word' id='word_1_542' title='bbox 2417 4287 2552 4353; x_wconf 88' lang='lat' dir='ltr'><strong>vita,</strong></span> <span class='ocrx_word' id='word_1_543' title='bbox 2587 4286 2847 4342; x_wconf 88' lang='lat' dir='ltr'><strong>moribus</strong></span> <span class='ocrx_word' id='word_1_544' title='bbox 2876 4291 2933 4343; x_wconf 86' lang='lat' dir='ltr'><strong>et</strong></span> <span class='ocrx_word' id='word_1_545' title='bbox 2966 4287 3204 4343; x_wconf 89' lang='lat' dir='ltr'><strong>scientia</strong></span> <span class='ocrx_word' id='word_1_546' title='bbox 3230 4289 3380 4344; x_wconf 87' lang='lat' dir='ltr'><strong>inter</strong></span> <span class='ocrx_word' id='word_1_547' title='bbox 3409 4307 3704 4361; x_wconf 68' lang='lat' dir='ltr'><strong>suospraa-</strong></span> 
     </span>
    </p>
   </div>
   <div class='ocr_carea' id='block_1_78' title="bbox 2089 4373 3705 4448">
    <p class='ocr_par' dir='ltr' id='par_1_78' title="bbox 2089 4373 3705 4448">
     <span class='ocr_line' id='line_1_78' title="bbox 2089 4373 3705 4448; baseline 0.006 -23"><span class='ocrx_word' id='word_1_548' title='bbox 2089 4373 2244 4426; x_wconf 85' lang='lat' dir='ltr'><strong>clari.</strong></span> <span class='ocrx_word' id='word_1_549' title='bbox 2285 4376 2358 4428; x_wconf 84' lang='lat' dir='ltr'><strong>Ex</strong></span> <span class='ocrx_word' id='word_1_550' title='bbox 2387 4375 2543 4429; x_wconf 83' lang='lat' dir='ltr'><strong>laicis</strong></span> <span class='ocrx_word' id='word_1_551' title='bbox 2569 4393 2798 4448; x_wconf 86' lang='lat' dir='ltr'><strong>quoque</strong></span> <span class='ocrx_word' id='word_1_552' title='bbox 2827 4377 3060 4431; x_wconf 90' lang='lat' dir='ltr'><strong>admissi</strong></span> <span class='ocrx_word' id='word_1_553' title='bbox 3083 4380 3218 4433; x_wconf 88' lang='lat' dir='ltr'><strong>sunt</strong></span> <span class='ocrx_word' id='word_1_554' title='bbox 3245 4377 3591 4433; x_wconf 80' lang='lat' dir='ltr'><strong>Godefridus</strong></span> <span class='ocrx_word' id='word_1_555' title='bbox 3616 4396 3705 4434; x_wconf 90' lang='lat' dir='ltr'><strong>co-</strong></span> 
     </span>
    </p>
   </div>
   <div class='ocr_carea' id='block_1_79' title="bbox 2090 4461 3701 4534">
    <p class='ocr_par' dir='ltr' id='par_1_79' title="bbox 2090 4461 3701 4534">
     <span class='ocr_line' id='line_1_79' title="bbox 2090 4461 3701 4534; baseline 0.004 -20"><span class='ocrx_word' id='word_1_556' title='bbox 2090 4477 2214 4516; x_wconf 91' lang='lat' dir='ltr'><strong>mes</strong></span> <span class='ocrx_word' id='word_1_557' title='bbox 2241 4465 2298 4515; x_wconf 91' lang='lat' dir='ltr'><strong>et</strong></span> <span class='ocrx_word' id='word_1_558' title='bbox 2330 4461 2556 4534; x_wconf 86' lang='lat' dir='ltr'><strong>reliqui.</strong></span> <span class='ocrx_word' id='word_1_559' title='bbox 2590 4463 2756 4517; x_wconf 86' lang='lat' dir='ltr'><strong>Facto</strong></span> <span class='ocrx_word' id='word_1_560' title='bbox 2788 4462 2980 4534; x_wconf 88' lang='lat' dir='ltr'><strong>itaque</strong></span> <span class='ocrx_word' id='word_1_561' title='bbox 3030 4463 3277 4530; x_wconf 90' lang='lat' dir='ltr'><strong>silentio,</strong></span> <span class='ocrx_word' id='word_1_562' title='bbox 3312 4464 3533 4519; x_wconf 90' lang='lat' dir='ltr'><strong>cunctis</strong></span> <span class='ocrx_word' id='word_1_563' title='bbox 3564 4469 3701 4521; x_wconf 86' lang='lat' dir='ltr'><strong>resi-</strong></span> 
     </span>
    </p>
   </div>
   <div class='ocr_carea' id='block_1_80' title="bbox 2091 4549 3708 4624">
    <p class='ocr_par' dir='ltr' id='par_1_80' title="bbox 2091 4549 3708 4624">
     <span class='ocr_line' id='line_1_80' title="bbox 2091 4549 3708 4624; baseline 0.003 -21"><span class='ocrx_word' id='word_1_564' title='bbox 2091 4549 2360 4604; x_wconf 90' lang='lat' dir='ltr'><strong>dentibus</strong></span> <span class='ocrx_word' id='word_1_565' title='bbox 2391 4551 2486 4621; x_wconf 92' lang='lat' dir='ltr'><strong>qui</strong></span> <span class='ocrx_word' id='word_1_566' title='bbox 2520 4551 2781 4606; x_wconf 89' lang='lat' dir='ltr'><strong>aderant.</strong></span> <span class='ocrx_word' id='word_1_567' title='bbox 2815 4553 2996 4623; x_wconf 83' lang='lat' dir='ltr'><strong>Aymo</strong></span> <span class='ocrx_word' id='word_1_568' title='bbox 3026 4553 3325 4624; x_wconf 90' lang='lat' dir='ltr'><strong>episcopus</strong></span> <span class='ocrx_word' id='word_1_569' title='bbox 3373 4554 3621 4610; x_wconf 83' lang='lat' dir='ltr'><strong>surrexit</strong></span> <span class='ocrx_word' id='word_1_570' title='bbox 3650 4558 3708 4609; x_wconf 90' lang='lat' dir='ltr'><strong>et</strong></span> 
     </span>
    </p>
   </div>
   <div class='ocr_carea' id='block_1_81' title="bbox 2090 4637 3705 4714">
    <p class='ocr_par' dir='ltr' id='par_1_81' title="bbox 2090 4637 3705 4714">
     <span class='ocr_line' id='line_1_81' title="bbox 2090 4637 3705 4714; baseline 0.006 -24"><span class='ocrx_word' id='word_1_571' title='bbox 2090 4637 2300 4693; x_wconf 87' lang='lat' dir='ltr'><strong>Gallice</strong></span> <span class='ocrx_word' id='word_1_572' title='bbox 2353 4639 2731 4694; x_wconf 84' lang='lat' dir='ltr'><strong>concionatus</strong></span> <span class='ocrx_word' id='word_1_573' title='bbox 2761 4645 2864 4706; x_wconf 90' lang='lat' dir='ltr'><strong>est,</strong></span> <span class='ocrx_word' id='word_1_574' title='bbox 2915 4641 3197 4696; x_wconf 86' lang='lat' dir='ltr'><strong>domuum</strong></span> <span class='ocrx_word' id='word_1_575' title='bbox 3252 4641 3582 4698; x_wconf 89' lang='lat' dir='ltr'><strong>Johannem</strong></span> <span class='ocrx_word' id='word_1_576' title='bbox 3608 4660 3705 4714; x_wconf 89' lang='lat' dir='ltr'><strong>pa-</strong></span> 
     </span>
    </p>
   </div>
   <div class='ocr_carea' id='block_1_82' title="bbox 2091 4727 3704 4802">
    <p class='ocr_par' dir='ltr' id='par_1_82' title="bbox 2091 4727 3704 4802">
     <span class='ocr_line' id='line_1_82' title="bbox 2091 4727 3704 4802; baseline 0.003 -23"><span class='ocrx_word' id='word_1_577' title='bbox 2091 4742 2227 4798; x_wconf 91' lang='lat' dir='ltr'><strong>pam</strong></span> <span class='ocrx_word' id='word_1_578' title='bbox 2256 4727 2554 4798; x_wconf 89' lang='lat' dir='ltr'><strong>episc0pos</strong></span> <span class='ocrx_word' id='word_1_579' title='bbox 2588 4727 2898 4782; x_wconf 82' lang='lat' dir='ltr'><strong>Galliarum</strong></span> <span class='ocrx_word' id='word_1_580' title='bbox 2927 4745 3096 4782; x_wconf 85' lang='lat' dir='ltr'><strong>causa</strong></span> <span class='ocrx_word' id='word_1_581' title='bbox 3141 4729 3341 4798; x_wconf 78' lang='lat' dir='ltr'><strong>synodi</strong></span> <span class='ocrx_word' id='word_1_582' title='bbox 3391 4730 3464 4783; x_wconf 90' lang='lat' dir='ltr'><strong>ad</strong></span> <span class='ocrx_word' id='word_1_583' title='bbox 3493 4731 3704 4802; x_wconf 82' lang='lat' dir='ltr'><strong>Aquas-</strong></span> 
     </span>
    </p>
   </div>
   <div class='ocr_carea' id='block_1_83' title="bbox 2089 4813 3701 4887">
    <p class='ocr_par' dir='ltr' id='par_1_83' title="bbox 2089 4813 3701 4887">
     <span class='ocr_line' id='line_1_83' title="bbox 2089 4813 3701 4887; baseline 0.003 -20"><span class='ocrx_word' id='word_1_584' title='bbox 2089 4813 2256 4884; x_wconf 87' lang='lat' dir='ltr'><strong>grani</strong></span> <span class='ocrx_word' id='word_1_585' title='bbox 2291 4814 2490 4887; x_wconf 91' lang='lat' dir='ltr'><strong>palatii</strong></span> <span class='ocrx_word' id='word_1_586' title='bbox 2521 4815 2812 4884; x_wconf 84' lang='lat' dir='ltr'><strong>invitasse,</strong></span> <span class='ocrx_word' id='word_1_587' title='bbox 2848 4818 2906 4870; x_wconf 89' lang='lat' dir='ltr'><strong>et</strong></span> <span class='ocrx_word' id='word_1_588' title='bbox 2932 4832 3029 4870; x_wconf 90' lang='lat' dir='ltr'><strong>eos</strong></span> <span class='ocrx_word' id='word_1_589' title='bbox 3060 4816 3155 4870; x_wconf 91' lang='lat' dir='ltr'>illo</span> <span class='ocrx_word' id='word_1_590' title='bbox 3186 4816 3381 4870; x_wconf 88' lang='lat' dir='ltr'><strong>venire</strong></span> <span class='ocrx_word' id='word_1_591' title='bbox 3429 4818 3701 4872; x_wconf 90' lang='lat' dir='ltr'><strong>noluisse.</strong></span> 
     </span>
    </p>
   </div>
   <div class='ocr_carea' id='block_1_84' title="bbox 2089 4903 3704 4971">
    <p class='ocr_par' dir='ltr' id='par_1_84' title="bbox 2089 4903 3704 4971">
     <span class='ocr_line' id='line_1_84' title="bbox 2089 4903 3704 4971; baseline 0.002 -15"><span class='ocrx_word' id='word_1_592' title='bbox 2089 4903 2230 4958; x_wconf 91' lang='lat' dir='ltr'><strong>Item</strong></span> <span class='ocrx_word' id='word_1_593' title='bbox 2262 4904 2528 4959; x_wconf 91' lang='lat' dir='ltr'><strong>invitasse</strong></span> <span class='ocrx_word' id='word_1_594' title='bbox 2560 4905 2632 4959; x_wconf 88' lang='lat' dir='ltr'><strong>ad</strong></span> <span class='ocrx_word' id='word_1_595' title='bbox 2663 4905 2896 4971; x_wconf 89' lang='lat' dir='ltr'><strong>Urbem,</strong></span> <span class='ocrx_word' id='word_1_596' title='bbox 2933 4908 2989 4959; x_wconf 92' lang='lat' dir='ltr'><strong>et</strong></span> <span class='ocrx_word' id='word_1_597' title='bbox 3011 4921 3107 4960; x_wconf 86' lang='lat' dir='ltr'><strong>eos</strong></span> <span class='ocrx_word' id='word_1_598' title='bbox 3130 4922 3247 4960; x_wconf 94' lang='lat' dir='ltr'><strong>non</strong></span> <span class='ocrx_word' id='word_1_599' title='bbox 3275 4905 3517 4962; x_wconf 87' lang='lat' dir='ltr'><strong>venisse.</strong></span> <span class='ocrx_word' id='word_1_600' title='bbox 3544 4908 3704 4962; x_wconf 82' lang='lat' dir='ltr'><strong>Nunc</strong></span> 
     </span>
    </p>
   </div>
   <div class='ocr_carea' id='block_1_85' title="bbox 2087 4991 3700 5064">
    <p class='ocr_par' dir='ltr' id='par_1_85' title="bbox 2087 4991 3700 5064">
     <span class='ocr_line' id='line_1_85' title="bbox 2087 4991 3700 5064; baseline 0.002 -18"><span class='ocrx_word' id='word_1_601' title='bbox 2087 5007 2194 5062; x_wconf 90' lang='lat' dir='ltr'><strong>pro</strong></span> <span class='ocrx_word' id='word_1_602' title='bbox 2233 5009 2332 5046; x_wconf 91' lang='lat' dir='ltr'><strong>sua</strong></span> <span class='ocrx_word' id='word_1_603' title='bbox 2362 4991 2745 5048; x_wconf 90' lang='lat' dir='ltr'><strong>sollicitudine</strong></span> <span class='ocrx_word' id='word_1_604' title='bbox 2779 4993 2836 5046; x_wconf 91' lang='lat' dir='ltr'><strong>in</strong></span> <span class='ocrx_word' id='word_1_605' title='bbox 2887 4993 3156 5048; x_wconf 83' lang='lat' dir='ltr'><strong>Remensi</strong></span> <span class='ocrx_word' id='word_1_606' title='bbox 3197 4993 3486 5064; x_wconf 88' lang='lat' dir='ltr'><strong>provintia</strong></span> <span class='ocrx_word' id='word_1_607' title='bbox 3513 4994 3700 5050; x_wconf 90' lang='lat' dir='ltr'><strong>conci-</strong></span> 
     </span>
    </p>
   </div>
   <div class='ocr_carea' id='block_1_86' title="bbox 2090 5080 3727 5155">
    <p class='ocr_par' dir='ltr' id='par_1_86' title="bbox 2090 5080 3727 5155">
     <span class='ocr_line' id='line_1_86' title="bbox 2090 5080 3727 5155; baseline 0.001 -19"><span class='ocrx_word' id='word_1_608' title='bbox 2090 5081 2231 5136; x_wconf 91' lang='lat' dir='ltr'><strong>lium</strong></span> <span class='ocrx_word' id='word_1_609' title='bbox 2265 5080 2558 5146; x_wconf 91' lang='lat' dir='ltr'><strong>statuisse,</strong></span> <span class='ocrx_word' id='word_1_610' title='bbox 2601 5085 2659 5135; x_wconf 93' lang='lat' dir='ltr'><strong>et</strong></span> <span class='ocrx_word' id='word_1_611' title='bbox 2712 5081 2951 5152; x_wconf 83' lang='lat' dir='ltr'><strong>quae‘de</strong></span> <span class='ocrx_word' id='word_1_612' title='bbox 3007 5081 3228 5134; x_wconf 77' lang='lat' dir='ltr'><strong>Amulli</strong></span> <span class='ocrx_word' id='word_1_613' title='bbox 3271 5081 3597 5151; x_wconf 85' lang='lat' dir='ltr'><strong>dejectione</strong></span> <span class='ocrx_word' id='word_1_614' title='bbox 3648 5087 3727 5155; x_wconf 45' lang='lat' dir='ltr'><strong>et.</strong></span> 
     </span>
    </p>
   </div>
   <div class='ocr_carea' id='block_1_87' title="bbox 2090 5167 3695 5239">
    <p class='ocr_par' dir='ltr' id='par_1_87' title="bbox 2090 5167 3695 5239">
     <span class='ocr_line' id='line_1_87' title="bbox 2090 5167 3695 5239; baseline 0.001 -16"><span class='ocrx_word' id='word_1_615' title='bbox 2090 5167 2352 5223; x_wconf 88' lang='lat' dir='ltr'><strong>Gerberti</strong></span> <span class='ocrx_word' id='word_1_616' title='bbox 2409 5167 2776 5239; x_wconf 90' lang='lat' dir='ltr'><strong>promotione</strong></span> <span class='ocrx_word' id='word_1_617' title='bbox 2829 5168 3122 5223; x_wconf 86' lang='lat' dir='ltr'><strong>contraria</strong></span> <span class='ocrx_word' id='word_1_618' title='bbox 3177 5169 3286 5224; x_wconf 91' lang='lat' dir='ltr'><strong>sibi</strong></span> <span class='ocrx_word' id='word_1_619' title='bbox 3350 5169 3695 5226; x_wconf 84' lang='lat' dir='ltr'><strong>dicerentur‘</strong></span> 
     </span>
    </p>
   </div>
   <div class='ocr_carea' id='block_1_88' title="bbox 2097 5255 3698 5330">
    <p class='ocr_par' dir='ltr' id='par_1_88' title="bbox 2097 5255 3698 5330">
     <span class='ocr_line' id='line_1_88' title="bbox 2097 5255 3698 5330; baseline 0.002 -19"><span class='ocrx_word' id='word_1_620' title='bbox 2097 5273 2201 5328; x_wconf 91' lang='lat' dir='ltr'><strong>per</strong></span> <span class='ocrx_word' id='word_1_621' title='bbox 2227 5272 2393 5310; x_wconf 91' lang='lat' dir='ltr'>suum</span> <span class='ocrx_word' id='word_1_622' title='bbox 2425 5255 2694 5310; x_wconf 90' lang='lat' dir='ltr'><strong>vicarium</strong></span> <span class='ocrx_word' id='word_1_623' title='bbox 2719 5257 2860 5311; x_wconf 87' lang='lat' dir='ltr'><strong>velle</strong></span> <span class='ocrx_word' id='word_1_624' title='bbox 2891 5273 3256 5328; x_wconf 90' lang='lat' dir='ltr'><strong>cognoscere.</strong></span> <span class='ocrx_word' id='word_1_625' title='bbox 3275 5258 3407 5312; x_wconf 88' lang='lat' dir='ltr'><strong>Post</strong></span> <span class='ocrx_word' id='word_1_626' title='bbox 3421 5259 3545 5314; x_wconf 70' lang='lat' dir='ltr'><strong>lucc</strong></span> <span class='ocrx_word' id='word_1_627' title='bbox 3571 5274 3698 5330; x_wconf 90' lang='lat' dir='ltr'><strong>pro-</strong></span> 
     </span>
    </p>
   </div>
   <div class='ocr_carea' id='block_1_89' title="bbox 2097 5343 3698 5416">
    <p class='ocr_par' dir='ltr' id='par_1_89' title="bbox 2097 5343 3698 5416">
     <span class='ocr_line' id='line_1_89' title="bbox 2097 5343 3698 5416; baseline 0.002 -17"><span class='ocrx_word' id='word_1_628' title='bbox 2097 5345 2229 5399; x_wconf 85' lang='lat' dir='ltr'><strong>tulit</strong></span> <span class='ocrx_word' id='word_1_629' title='bbox 2277 5343 2576 5416; x_wconf 87' lang='lat' dir='ltr'><strong>epistolam</strong></span> <span class='ocrx_word' id='word_1_630' title='bbox 2625 5345 2894 5416; x_wconf 87' lang='lat' dir='ltr'><strong>plumheo</strong></span> <span class='ocrx_word' id='word_1_631' title='bbox 2948 5345 3132 5416; x_wconf 84' lang='lat' dir='ltr'><strong>sigillo</strong></span> <span class='ocrx_word' id='word_1_632' title='bbox 3167 5348 3476 5402; x_wconf 89' lang='lat' dir='ltr'><strong>munitam.</strong></span> <span class='ocrx_word' id='word_1_633' title='bbox 3521 5347 3698 5411; x_wconf 85' lang='lat' dir='ltr'><strong>Quam</strong></span> 
     </span>
    </p>
   </div>
   <div class='ocr_carea' id='block_1_90' title="bbox 2104 5433 3694 5503">
    <p class='ocr_par' dir='ltr' id='par_1_90' title="bbox 2104 5433 3694 5503">
     <span class='ocr_line' id='line_1_90' title="bbox 2104 5433 3694 5503; baseline 0.001 -15"><span class='ocrx_word' id='word_1_634' title='bbox 2104 5433 2436 5503; x_wconf 87' lang='lat' dir='ltr'><strong>dissolvens,</strong></span> <span class='ocrx_word' id='word_1_635' title='bbox 2470 5451 2664 5490; x_wconf 89' lang='lat' dir='ltr'><strong>coram</strong></span> <span class='ocrx_word' id='word_1_636' title='bbox 2703 5434 2972 5489; x_wconf 91' lang='lat' dir='ltr'><strong>omnibus</strong></span> <span class='ocrx_word' id='word_1_637' title='bbox 3009 5435 3267 5491; x_wconf 89' lang='lat' dir='ltr'><strong>recitavit</strong></span> <span class='ocrx_word' id='word_1_638' title='bbox 3296 5436 3405 5491; x_wconf 88' lang='lat' dir='ltr'><strong>hoc</strong></span> <span class='ocrx_word' id='word_1_639' title='bbox 3446 5437 3620 5493; x_wconf 90' lang='lat' dir='ltr'>modo</span> <span class='ocrx_word' id='word_1_640' title='bbox 3641 5453 3694 5490; x_wconf 86' lang='lat' dir='ltr'><strong>se</strong></span> 
     </span>
    </p>
   </div>
   <div class='ocr_carea' id='block_1_91' title="bbox 1692 5558 2374 5613">
    <p class='ocr_par' dir='ltr' id='par_1_91' title="bbox 1692 5558 2374 5613">
     <span class='ocr_line' id='line_1_91' title="bbox 1692 5558 2374 5613; baseline 0.001 -2"><span class='ocrx_word' id='word_1_641' title='bbox 1692 5558 1924 5612; x_wconf 72' lang='lat' dir='ltr'><strong>VARUE</strong></span> <span class='ocrx_word' id='word_1_642' title='bbox 1979 5558 2374 5613; x_wconf 74' lang='lat' dir='ltr'><strong>LECTIONES.</strong></span> 
     </span>
    </p>
   </div>
   <div class='ocr_carea' id='block_1_92' title="bbox 454 5655 2152 5718">
    <p class='ocr_par' dir='ltr' id='par_1_92' title="bbox 454 5655 2152 5718">
     <span class='ocr_line' id='line_1_92' title="bbox 454 5655 2152 5718; baseline -0.001 -1"><span class='ocrx_word' id='word_1_643' title='bbox 454 5667 525 5704; x_wconf 67' lang='lat'><strong>00°</strong></span> <span class='ocrx_word' id='word_1_644' title='bbox 551 5655 739 5718; x_wconf 78' lang='lat' dir='ltr'><strong>MOSO</strong></span> <span class='ocrx_word' id='word_1_645' title='bbox 755 5655 888 5713; x_wconf 87' lang='lat' dir='ltr'><strong>NSE</strong></span> <span class='ocrx_word' id='word_1_646' title='bbox 918 5674 965 5714; x_wconf 82' lang='grc' dir='ltr'><strong>ε.</strong></span> <span class='ocrx_word' id='word_1_647' title='bbox 1019 5663 1089 5700; x_wconf 76' lang='grc'><strong>⁸01</strong></span> <span class='ocrx_word' id='word_1_648' title='bbox 1115 5657 1177 5718; x_wconf 80' lang='lat' dir='ltr'><strong>L,</strong></span> <span class='ocrx_word' id='word_1_649' title='bbox 1206 5673 1252 5712; x_wconf 89' lang='lat' dir='ltr'><strong>c.</strong></span> <span class='ocrx_word' id='word_1_650' title='bbox 1305 5665 1374 5700; x_wconf 72' lang='lat'><strong>8°!</strong></span> <span class='ocrx_word' id='word_1_651' title='bbox 1405 5657 1472 5713; x_wconf 84' lang='lat' dir='ltr'><strong>A.</strong></span> <span class='ocrx_word' id='word_1_652' title='bbox 1504 5674 1550 5711; x_wconf 89' lang='lat' dir='ltr'><strong>c.</strong></span> <span class='ocrx_word' id='word_1_653' title='bbox 1611 5666 1680 5701; x_wconf 71' lang='lat'><strong>868</strong></span> <span class='ocrx_word' id='word_1_654' title='bbox 1707 5659 1772 5713; x_wconf 88' lang='lat' dir='ltr'><strong>N.</strong></span> <span class='ocrx_word' id='word_1_655' title='bbox 1807 5675 1854 5715; x_wconf 89' lang='lat' dir='ltr'><strong>c.</strong></span> <span class='ocrx_word' id='word_1_656' title='bbox 1913 5665 1983 5700; x_wconf 73' lang='grc' dir='ltr'><strong>δοι</strong></span> <span class='ocrx_word' id='word_1_657' title='bbox 2014 5656 2072 5716; x_wconf 91' lang='lat' dir='ltr'><strong>S.</strong></span> <span class='ocrx_word' id='word_1_658' title='bbox 2104 5675 2152 5716; x_wconf 89' lang='lat' dir='ltr'><strong>c.</strong></span> 
     </span>
    </p>
   </div>
  </div>
