3918 6230
167 433 252 491 345
944 432 1195 492 SPURIA
1231 432 1367 491 AUT
1403 432 1675 489 ALIENA.
1715 458 1785 479 --
1833 432 1986 489 ACT.
2042 430 2242 489 CONC.
2284 431 2684 491 CAUSEIENS.

3360 430 3466 494 διε

167 551 455 607 habentem
493 566 508 607 :
543 550 832 607 Johannes
858 554 1123 625 aiiscopus
1150 570 1327 608 servus
1340 553 1764 623 servorumEDei.
1792 558 1847 620 Α
1867 556 2156 610 renueret.
2182 553 2239 608 in
2269 552 2762 628 prmsentiaipsius
2777 549 2981 613 Leonis
2998 555 3339 626 perventum
3355 558 3463 612 est.

171 640 379 697 cautibus
408 640 834 714 archiepl'sCOPis
879 641 1185 696 Galliarum
1232 643 1454 697 salutem
1484 648 1533 697 et
1562 650 1765 715 aposto-

176 732 303 787 lica:
333 730 789 798 benedictionem,
827 737 885 786 et
912 733 1154 805 reliqua.
1190 733 1303 785 Hac
1351 731 1592 804 epistola
1622 733 1772 788 reci-

171 823 291 887 tata,
318 819 569 874 surrexit
598 820 913 874 Gerhertus
943 821 1257 875 Remorum
1284 820 1763 893 archiepiscopus,

172 913 223 962 et
244 908 381 963 hanc
410 908 753 963 orationem
784 907 1106 963 subintulit.

232 997 531 1052 Exordium
564 1014 577 1051 :
610 996 835 1067 Semper
849 997 1060 1069 quidem
1082 996 1233 1061 (vide
1253 995 1597 1069 Patrologiaa
1619 1001 1762 1056 tom.

172 1085 454 1152 CXXXVIII,
478 1086 590 1139 col.
630 1086 779 1155 166),
805 1101 983 1156 usque
1037 1087 1091 1138 in
1122 1102 1396 1139 commune
1425 1103 1654 1139 oramus.

229 1174 374 1229 Hanc
398 1172 736 1228 orationem
768 1173 1077 1228 Gerbertus
1100 1171 1327 1239 ﬁniens,
1355 1172 1529 1227 Leoni
1571 1162 1763 1228 abbati

165 1261 423 1334 scriptam
453 1260 699 1332 protulit
729 1269 825 1327 m,
868 1265 926 1315 et
976 1260 1281 1335 epistolam
1330 1276 1494 1334 papae
1525 1262 1760 1334 recepit,

168 1353 325 1422 atque
348 1349 432 1403 ita
458 1347 695 1403 resedit.
713 1350 861 1403 Tum
880 1348 1129 1423 episcopi
1150 1367 1183 1403 a
1199 1349 1442 1404 concilio
1468 1349 1761 1417 secedunt,

162 1442 216 1493 et
241 1436 515 1492 comitem
536 1436 912 1492 Godefridum
934 1437 1456 1492 consultationibus
1476 1437 1587 1492 suis
1599 1438 1732 1493 adhi
1747 1470 1760 1481 -

159 1526 309 1581 bent.
341 1526 479 1580 Post
502 1525 627 1579 haec
652 1525 996 1580 Gerhertum
1028 1525 1101 1580 ad
1127 1542 1186 1580 se
1220 1527 1445 1591 vocant,
1464 1528 1521 1579 et
1559 1525 1761 1581 Leonis

159 1612 373 1669 abbatis
403 1628 724 1667 monacum
755 1613 1083 1669 Iohannem
1107 1613 1181 1669 ad
1211 1630 1377 1684 reges
1406 1615 1759 1669 Francorum

158 1718 284 1757 cum
314 1701 475 1756 omni
503 1701 729 1756 honore
753 1700 957 1756 deduci
976 1700 1170 1768 faciat,
1191 1705 1362 1757 orant
1391 1704 1449 1757 et
1471 1701 1755 1759 obtinent.

158 1788 375 1844 Deinde
406 1787 685 1843 Kalendis
717 1788 848 1843 Julii
882 1789 1080 1843 Remis
1108 1788 1437 1845 habendam
1478 1790 1762 1861 synodum

1868 643 2064 715 Ibique
2095 643 2344 698 breviter
2355 646 2796 710 commemorat,
2821 658 2936 698 non
2957 660 3077 699 esse
3103 641 3163 699 in
3183 645 3467 716 potestate

1869 733 2219 803 cujusquam
2249 730 2501 803 episcopi
2530 732 2614 785 vel
2642 729 2984 803 patriarcha:
3014 732 3102 786 vel
3149 731 3466 804 apostolici,

1868 836 2221 893 quemquam
2252 818 2510 874 fidelium
2537 836 2571 873 a
2600 818 3012 875 communione
3034 819 3468 886 removere,nisi

1867 912 2070 980 sponte
2102 907 2426 963 confessum
2457 909 2543 962 vel
2565 908 2908 976 convictum,
2940 909 3027 964 vel
3060 908 3131 964 ad
3158 908 3466 965 concilium

1864 995 2060 1051 venire
2081 997 2400 1053 nolentem.
2420 994 2538 1051 Sibi
2553 1000 2747 1052 autem
2774 995 2947 1052 nichil
2977 997 3187 1052 horum
3217 996 3464 1065 obstare,

1864 1085 2075 1158 quippe
2111 1083 2231 1155 qui;
2250 1099 2353 1138 nec
2380 1083 2669 1139 confessus
2714 1100 2818 1140 nec
2840 1085 3129 1141 convictus
3148 1084 3241 1152 sit,
3281 1087 3341 1141 et
3368 1085 3464 1159 qui

1863 1176 2015 1229 solus
2036 1174 2106 1228 de
2134 1173 2315 1229 Gallia
2340 1173 2413 1228 ad
2442 1173 2749 1228 concilium
2794 1173 3033 1230 venerit.
3063 1175 3186 1230 Non
3222 1190 3361 1247 ergo
3404 1191 3467 1233 se

1862 1279 1964 1318 suo
1984 1262 2196 1334 juditio
2213 1262 2861 1336 dampnaturum,quiin
2884 1265 3041 1320 nullo
3065 1279 3280 1337 genere
3292 1280 3469 1336 oppo-

1862 1350 2104 1405 sitorum
2158 1349 2263 1405 sibi
2316 1352 2465 1405 male
2529 1350 2785 1406 conscius
2839 1350 2951 1406 sit.
3011 1350 3124 1407 Sed
3177 1350 3464 1409 modestia

1862 1441 1920 1493 et
1952 1437 2237 1510 probitate
2270 1438 2471 1494 domni
2503 1439 2743 1494 Liodulfi
2789 1438 3148 1495 Treverensis
3184 1438 3464 1513 archiepi-

1864 1525 1992 1597 copi
2019 1529 2333 1581 conventus
2354 1529 2412 1581 et
2436 1526 2691 1583 fraterne
2738 1527 3151 1596 commonitus,
3195 1546 3269 1584 ne
3300 1543 3463 1583 occa-

1862 1614 2086 1669 sionem
2118 1614 2371 1669 scandali
2396 1615 2509 1669 suis
2520 1615 2728 1671 emulis
2741 1616 2924 1684 daret,
2946 1615 3105 1688 quasi
3115 1616 3467 1689 jussionihus

1866 1700 2066 1756 domni
2098 1701 2397 1773 apostolici
2427 1703 2705 1758 resultare
2720 1703 2907 1771 vellet,
2936 1704 3039 1760 sub
3058 1703 3298 1761 nomine
3336 1703 3469 1762 obev

1866 1788 2119 1856 dientiir,
2157 1793 2221 1843 ut
2264 1805 2297 1843 a
2330 1787 2638 1843 missarum
2688 1791 3097 1847 tantummodo
3138 1790 3470 1849 celebritate

153 1876 666 1933 denuntiantJam
690 1877 942 1948 synodus
964 1877 1150 1931 soluta
1163 1893 1284 1932 esse
1304 1876 1762 1945 videbatur,cum
1786 1873 1835 1931 B
1866 1876 2203 1945 abstineret,
2237 1874 2545 1949 adquievit,
2574 1892 2751 1949 usque
2773 1878 2846 1933 ad
2871 1878 3160 1951 proximas
3185 1880 3470 1937 Kalendas

154 1981 284 2020 ecce
317 1964 632 2019 Gerbertus
661 1972 733 2005 τοο
762 1964 1063 2036 episcopus
1095 1964 1315 2035 legatos
1354 1964 1649 2037 episcopos
1679 1982 1766 2021 ac-

150 2052 287 2124 cipit
316 2055 600 2123 tanquam
633 2068 668 2106 a
695 2054 859 2122 parte
902 2051 1126 2119 Leonis,
1158 2054 1237 2119 ﬁut
1267 2069 1301 2107 a
1352 2051 1542 2109 divino
1574 2053 1763 2109 ofﬁcio

154 2155 331 2214 usque
356 2139 432 2195 ad
458 2139 870 2195 denuntiatam
892 2140 1179 2213 synodum
1195 2139 1614 2206 abstineat.Qui
1632 2157 1763 2196 cum

1861 1964 2053 2031 Julias,
2088 1980 2200 2038 quo
2233 1968 2493 2036 tempore
2544 1964 2726 2021 altera
2782 1967 3030 2040 synodus
3080 1966 3294 2024 indicta
3322 1969 3467 2025 erat.

1866 2053 1934 2107 Et
1953 2052 2034 2107 sic
2061 2052 2372 2108 discessum
2395 2056 2500 2111 est.

1470 2264 1555 2318 VA
1565 2264 1705 2320 tlle
1761 2264 2048 2321 LECTION
2059 2263 2159 2320 ES.

216 2367 287 2403 ³⁸⁸
322 2358 591 2431 porrexit
622 2361 679 2415 in
709 2378 883 2432 marg.
950 2369 1022 2405 οοο
1045 2361 1334 2434 girhertus
1362 2382 1409 2417 c.

579 2614 1021 2740 ACTA
1117 2614 1848 2741 CONCILII
1959 2617 3045 2747 CAUSEIENSIS

1141 2803 1463 2860 AUCTORE
1502 2805 1871 2864 GERBERTO
1905 2806 2484 2864 ARCHIEPISCOPO.

1631 2928 1820 2998 (Anno
1854 2930 2001 3002 995.)

651 3046 857 3120 [Apud.
899 3048 1082 3115 Pertz,
1110 3046 1466 3104 Monumenta
1497 3048 1806 3106 Germaniae
1829 3049 2109 3119 historica,
2137 3050 2342 3124 Script.
2376 3055 2520 3109 tom.
2550 3053 2639 3122 lll,
2666 3067 2799 3125 pag.
2824 3052 2978 3112 69L]

139 3288 364 3332 ουτ-ιο
391 3288 816 3332 ιεριεεοροιιυκ
854 3290 1070 3332 nam
1101 3292 1159 3330 ιη
1190 3291 1469 3332 concxuo
1511 3291 1758 3333 causam
1782 3280 1830 3341 C
1862 3280 2074 3336 divinae
2101 3279 2418 3352 maiestatis
2450 3281 2642 3338 minus
2662 3281 2934 3339 est?Non.
2958 3282 3208 3341 Proinde
3234 3284 3474 3358 pensato

204 3363 715 3445 ﬁnf’fﬁ3"7“-
752 3363 963 3403 ιεοκιδ
1020 3362 1265 3404 ΑΒΒΑτιδ
1337 3362 1549 3403 ιεσλτί
1600 3363 1762 3403 "PE
1859 3370 2176 3425 venerandi
2192 3373 2386 3441 patres
2411 3373 2469 3426 et
2493 3371 2868 3445 fratres,quid
2897 3371 3064 3429 nobis
3088 3370 3148 3429 in
3171 3387 3338 3429 causa
3369 3372 3476 3430 Ar-

207 3430 521 3474 ιοιιΑκκιε.

201 3505 536 3562 Πτονιίἰιιηι.
563 3537 637 3548 --
670 3508 914 3579 Impleta
938 3510 1071 3562 sunt
1099 3510 1231 3563 vota
1254 3510 1473 3575 nostra,
1492 3523 1758 3563 reveren-

135 3591 342 3649 tissimi
355 3595 919 3667 Palres,quiatocius
934 3594 1129 3650 Gallias
1143 3595 1429 3667 episcopis
1447 3594 1505 3650 in
1521 3595 1760 3650 caritate

133 3682 484 3753 conjunctis,
516 3685 834 3755 apostolica
863 3684 1025 3740 sedes
1055 3688 1225 3741 coetui
1260 3687 1458 3740 nostro
1491 3685 1761 3757 praesidet

134 3785 240 3841 per
270 3772 668 3828 venerabilem
700 3773 977 3828 abbatem
1030 3775 1090 3827 et
1121 3774 1473 3829 monachum
1516 3775 1646 3828 Leo.
1696 3774 1759 3828 In

136 3872 252 3928 quo
281 3858 457 3917 simul
479 3865 538 3915 et
568 3860 627 3915 in
662 3862 829 3916 nobis
848 3878 977 3916 eam
1000 3862 1377 3933 prudentiam
1411 3878 1760 3935 morumque

135 3946 496 4015 probitatem
522 3966 645 4005 esse
670 3948 1039 4017 conﬁdimus,
1067 3952 1129 4005 ut
1147 3967 1277 4022 quae
1294 3950 1677 4021 probabiliter
1706 3953 1764 4005 et

138 4036 469 4093 necessario
503 4037 1052 4105 demonstravimus,
1087 4056 1204 4095 non
1236 4038 1294 4093 in
1322 4042 1536 4094 statera
1565 4039 1765 4094 dolosa

139 4125 198 4176 et
225 4123 452 4197 iniqua,
484 4126 585 4181 sed
616 4126 677 4181 in
710 4144 860 4198 equa
882 4131 941 4183 et
962 4127 1293 4183 rationabili
1315 4128 1476 4181 lance
1502 4144 1759 4200 appensa

138 4208 314 4266 fuisse
346 4215 729 4285 gaudeamus,
767 4216 934 4286 juxta
980 4216 1118 4271 illud
1168 4216 1319 4271 beati
1348 4215 1651 4288 Augustini
1683 4215 1767 4294 in,

141 4301 399 4356 secundo
420 4303 571 4358 libro
604 4304 679 4359 de
700 4304 990 4375 baptismo
1026 4322 1039 4359 :
1069 4305 1198 4359 Non
1214 4307 1518 4376 offeramus,
1546 4304 1756 4376 inquit,

146 4393 360 4446 latera:
437 4392 665 4459 dolosas,
736 4394 833 4447 ubi
875 4394 1238 4465 appendamus
1291 4394 1432 4466 quod
1489 4394 1741 4447 volumus

145 4482 218 4528 κε
289 4483 548 4551 quomodo
626 4482 869 4537 volumus
925 4489 1034 4537 tota
1119 4483 1210 4537 die
1271 4482 1605 4537 dimittamus
1659 4499 1764 4553 pro

156 4565 384 4624 arbitrio
412 4578 611 4638 nostro,
660 4571 889 4625 dicentes
922 4588 941 4627 :
981 4571 1104 4626 Hoc
1122 4589 1304 4643 grave,
1364 4573 1460 4626 hoc
1501 4572 1607 4626 leve
1638 4577 1713 4625 est
1746 4572 1766 4625 !

154 4648 260 4706 Sed
290 4659 580 4728 eieramus
623 4660 865 4714 divinam
882 4666 1134 4716 stateram
1171 4660 1235 4715 de
1292 4660 1585 4732 Scripturis
1637 4678 1764 4715 san-

158 4741 255 4796 ctis
303 4752 583 4820 tamquam
613 4756 685 4791 "7
711 4748 774 4803 de
818 4750 1080 4804 thesauris
1107 4749 1422 4816 Dominicis,
1472 4756 1523 4803 et
1560 4752 1616 4803 in
1674 4748 1767 4804 illa

160 4832 283 4899 Quid
328 4838 398 4889 sit
422 4840 645 4906 gravius
696 4838 1077 4908 appendamus,
1132 4840 1291 4893 immo
1337 4856 1445 4892 non
1493 4837 1766 4909 appendit-

163 4932 293 4988 πιιιε,
319 4925 409 4979 sed
435 4943 670 4997 appensa
690 4943 723 4979 a
756 4926 988 4981 Domino
1010 4944 1463 4998 recognoscamus.
1479 4927 1767 4982 Nimirum

163 5002 248 5060 hic
268 5009 351 5065 vir
404 5018 638 5070 sanctus
669 5017 730 5069 et
782 5015 1012 5084 sapiens
1068 5016 1174 5071 hoc
1225 5016 1554 5088 intelligere
1612 5015 1767 5070 vide-

167 5094 269 5164 tur,
300 5115 414 5156 non
462 5119 529 5157 ex
588 5102 906 5159 hominum
934 5100 1259 5160 voluntario
1305 5105 1406 5159 sed
1451 5104 1642 5176 potius
1700 5120 1768 5159 ex

171 5179 347 5243 divino
378 5190 591 5261 juditio
638 5191 871 5261 majora
898 5193 986 5246 vel
1040 5194 1269 5249 minora
1315 5193 1591 5248 habenda
1646 5209 1767 5249 esse

172 5280 398 5339 Peccata.
433 5280 631 5351 Neque
658 5279 821 5334 enim
850 5279 1267 5337 dissimulando
1300 5281 1606 5354 quodlibet
1625 5282 1768 5337 illud

173 5356 444 5424 Peccatum
476 5368 856 5438 tenuerimus,
873 5368 1003 5423 ideo
1035 5369 1172 5426 illud
1186 5374 1490 5443 peccatum
1518 5388 1638 5426 non
1658 5370 1762 5425 est!

177 5442 272 5505 Nec
318 5455 362 5510 si
399 5456 723 5529 dijudicare
772 5457 1147 5529 uoluerimus,
1188 5442 1329 5516 ideo
1387 5463 1522 5515 ante
1574 5460 1770 5515 oculos

1863 3456 2394 3530 nullljudicandum
2423 3458 2795 3532 fuerit,quem
2820 3462 2955 3516 ante
2980 3460 3079 3516 Dei
3099 3464 3158 3517 et
3173 3459 3481 3521 hominum
3520 3526 3521 3529 η

1865 3547 2060 3604 oculos
2091 3547 2493 3603 inimmanum
2519 3546 2860 3604 barathrum
2878 3548 3146 3604 cecidisse
3176 3546 3481 3605 constabat

1864 3636 1961 3709 qui
1988 3653 2046 3691 se
2077 3635 2266 3709 ipsum
2285 3635 2522 3709 proprio
2554 3652 2653 3691 ore
2669 3635 3043 3708 dampnabat,
3075 3635 3235 3707 cujus
3250 3650 3355 3708 pro
3386 3651 3477 3691 re-

1862 3724 2114 3780 bellione
2141 3728 2200 3781 et
2229 3724 2593 3781 contumacia
2614 3722 2886 3779 Africana
2902 3723 3146 3778 concilia
3170 3737 3346 3778 omne
3370 3722 3467 3793 jus

1864 3815 2226 3870 ademerant.
2263 3817 2529 3881 Pensate,
2561 3813 2824 3887 inquam,
2856 3812 2993 3886 quid
3037 3828 3143 3884 pro
3183 3812 3478 3885 pereuntis

1863 3903 2059 3977 populi
2075 3905 2279 3971 salute,
2309 3902 2407 3977 qui
2437 3902 2494 3957 in
2528 3900 2710 3958 tocius
2729 3900 2894 3975 regni
2927 3898 3258 3959 discrimine
3270 3898 3478 3959 melius

1864 3997 1923 4049 et
1953 3993 2143 4048 utilius
2171 3992 2294 4048 fieri
2325 3992 2597 4066 potuerit,
2629 4008 2804 4066 quam
2852 3993 2935 4059 ut,
2966 3990 3196 4047 tirauno
3248 3989 3477 4046 excluso

1866 4083 2019 4140 utilis
2045 4086 2259 4156 populo
2291 4088 2348 4139 et
2368 4100 2549 4156 regno
2575 4081 3021 4139 constitueretur
3068 4081 3284 4156 pastor.
3312 4077 3480 4143 Quod

1868 4175 1927 4229 et
1960 4172 2155 4246 populi
2193 4172 2356 4246 quies
2375 4176 2433 4226 et
2463 4171 2629 4244 regni
2647 4170 2902 4227 soliditas
2916 4166 3224 4227 consecuta!
3251 4166 3478 4229 est.Sed

1870 4280 2000 4319 ecce
2031 4279 2097 4318 ex
2128 4263 2368 4317 adverso
2390 4260 2569 4317 hostis
2592 4259 2836 4316 humani
2862 4257 3092 4332 generis
3123 4272 3229 4330 per
3257 4269 3481 4328 organa

1869 4369 1971 4408 sua
1995 4350 2361 4425 proloqnitur
2400 4366 2413 4403 :
2464 4350 2589 4405 Non
2643 4349 2752 4405 hoc
2808 4347 2934 4403 fieri
2964 4346 3122 4404 licuit
3171 4344 3295 4403 sine
3329 4341 3483 4401 sedis

1869 4441 2198 4514 apostolica:
2230 4437 2594 4505 auctoritate,
2644 4454 2763 4493 non
2794 4436 2919 4494 sine
2962 4437 3231 4509 prasente
3282 4435 3477 4509 legato

1870 4530 2102 4588 nonnisi
2124 4530 2196 4585 ab
2216 4528 2457 4585 Arnulfo
2483 4530 2717 4600 recepta
2741 4526 2998 4584 ecclesia.

1792 4602 1846 4663 D
1938 4638 2287 4711 Reprehensio
2316 4642 2366 4693 et
2414 4637 2752 4706 conﬁrmatio
2781 4635 3092 4693 alternatim
3114 4633 3347 4705 digestae.
3405 4661 3481 4679 -—-

1869 4737 2129 4793 Hasccine
2156 4740 2242 4792 est
2271 4735 2599 4803 auctoritas,
2630 4737 2694 4789 ut
2709 4731 3149 4790 innumerabilis
3166 4729 3477 4791 multitudo

1866 4828 2175 4884 hominum
2206 4825 2432 4882 assidue
2462 4827 2664 4897 pereat
2692 4824 2720 4879 ?
2745 4824 2940 4878 Nullus
2968 4823 3281 4887 Romanus,
3297 4817 3477 4879 etiam

1868 4916 2139 4974 invitatus
2163 4917 2526 4988 multumque
2548 4908 3142 4987 rogatus,snbveniat?
3163 4908 3231 4962 Et
3253 4905 3352 4978 qui
3378 4921 3479 4976 po-

1868 5004 2118 5074 test,nisi
2148 5009 2429 5079 praesente
2456 5005 2718 5060 Romano
2751 5017 2858 5057 nec
2888 4998 3101 5054 audeat
3134 5010 3241 5051 nec
3260 5008 3477 5066 praesn~

1870 5095 2055 5153 mat?
2105 5093 2440 5150 Omittimus
2480 5092 2757 5147 itinerum
2818 5086 3183 5144 difﬁcultates
3226 5100 3242 5152 ;
3318 5097 3479 5137 sum-

1868 5189 2075 5258 ptuum
2087 5184 2143 5238 in
2151 5179 2793 5255 digentiam,prudentis
2802 5175 2979 5250 legati
2989 5172 3272 5246 inopiam;
3287 5170 3478 5243 etjam

1868 5293 2001 5331 cum
2033 5277 2277 5330 Romam
2307 5274 2546 5326 ventum
2598 5268 2790 5335 fuerit,
2822 5282 2942 5321 non
2999 5261 3333 5335 apostolica
3376 5262 3479 5319 sed

1869 5366 2118 5421 liberum
2151 5359 2345 5417 licebit
2375 5357 2639 5430 proferre
2671 5354 2974 5428 juditinm,
3025 5350 3127 5407 sed
3177 5350 3330 5424 quod
3373 5366 3479 5406 aur

1870 5455 2158 5510 talentum
2190 5449 2453 5506 obtinere
2481 5445 2696 5519 poterit
2724 5444 2879 5519 apud
2912 5441 3328 5512 Crescentium,
3358 5438 3477 5496 dia-

1470 5582 1706 5639 VARUE
1757 5578 2158 5637 LECTIONES.

242 5685 303 5723 “7
330 5682 562 5756 tamque
587 5681 786 5740 cades.
