3918 6230
429 491 534 550 347

995 489 1168 549 SILV.
1198 494 1246 550 ll
1276 494 1380 549 PP.
1406 523 1478 536 —-
1501 492 1754 549 SPURlA
1781 491 1916 548 AUT
1944 489 2226 550 ALIENA.
2250 526 2317 534 —-
2346 495 2498 552 ACT.
2534 495 2735 555 CONC.
2767 494 3167 556 CAUSEIENS.

3637 452 3743 564 ,3“

439 615 559 672 boli
587 587 948 672 membrum.
989 618 1114 674 Non
1159 587 1360 690 ignota
1406 618 1716 692 loquimur.
1759 619 1922 690 Regii
1975 635 2038 674 ac
2059 625 2110 682 Α
2141 637 2249 691 que
2283 620 2494 675 sororis
2527 621 2642 677 ﬁlio
2676 624 3064 696 praeferendi?
3095 624 3217 690 Quo
3244 641 3383 698 ergo
3404 625 3534 698 iure
3554 627 3746 684 Bone-

445 705 816 778 nostrilegati
831 707 1073 761 Romam
1093 707 1331 779 profecti
1356 707 1625 778 epistolas
1646 707 1896 778 pontifici
1912 725 2039 779 por-

442 797 740 856 rexerunt,
761 799 818 848 et
845 795 915 848 ab
945 813 1012 850 eo
1030 796 1203 866 digne
1231 795 1638 864 susceptisunt.
1665 795 1797 861 Sed,
1827 799 1886 849 ut
1915 814 2035 850 cre-

435 881 790 954 dimus,quia
804 884 1130 939 Crescentio
1151 886 1306 938 nulla
1329 886 1663 938 munuscula
1686 885 2036 951 obtulerunt,

433 985 538 1041 per
562 971 814 1025 triduum
871 989 904 1026 a
953 972 1167 1044 palatio
1208 973 1427 1038 seclusi,
1463 973 1616 1026 nullo
1646 989 1920 1043 responso
1954 991 2040 1027 ac-

434 1063 600 1128 cepto
630 1061 948 1114 redierunt.
983 1061 1148 1124 Quod
1194 1061 1438 1130 peccatis
1481 1061 1688 1114 nostris
1739 1061 2039 1132 provenire

435 1162 554 1200 non
587 1147 826 1202 dubium
859 1150 966 1210 est,
999 1152 1060 1202 ut
1111 1150 1375 1203 Romana
1413 1149 1669 1215 ecclesia,
1699 1166 1826 1220 quae
1853 1153 2040 1203 mater

437 1237 496 1288 et
525 1240 694 1306 caput
721 1236 982 1291 omnium
1014 1237 1385 1291 ecclesiarum
1418 1241 1522 1303 est,
1552 1254 1655 1308 per
1685 1237 2038 1291 tirannidem

438 1338 730 1394 oppressa,
765 1324 964 1379 omnia
997 1325 1264 1380 membra
1310 1325 1684 1380 debilitentur
1712 1326 1740 1378 Ἰ
1771 1327 1918 1392 Ha-c,
1951 1326 2038 1380 in-

439 1413 996 1480 quam,omittimus,
1021 1417 1079 1468 et
1102 1418 1296 1468 tamen
1325 1414 1381 1469 in
1403 1416 1565 1468 tanta
1584 1430 1774 1468 rerum
1805 1413 2041 1466 difficul-

437 1499 556 1553 tate
603 1502 776 1555 sacris
826 1503 1296 1573 obtemperatum
1340 1503 1562 1572 legibus
1612 1503 1936 1568 edocemus,
1980 1503 2041 1554 ut

440 1589 752 1658 apostolica
778 1591 940 1644 sedes
968 1591 1026 1645 in
1054 1592 1276 1646 Amulli
1304 1609 1473 1645 causa
1498 1593 1736 1645 honeste
1757 1593 1811 1644 et
1829 1591 2043 1644 utiliter

437 1676 526 1728 vel
560 1675 772 1730 addere
805 1679 892 1732 vel
939 1682 1164 1732 mutare
1211 1679 1385 1733 nichil
1430 1679 1702 1748 potuerit,
1738 1681 1818 1732 vel
1855 1679 2039 1731 adhuc

436 1763 633 1834 possit.
659 1765 888 1820 Sienim
904 1768 1168 1838 quaedam
1197 1768 1533 1838 pontiﬁcum
1555 1768 1785 1820 decreta
1813 1767 1891 1820 ita
1909 1769 2042 1819 sunt

433 1853 581 1918 rata,
631 1856 687 1907 et
731 1855 997 1925 quaedam
1047 1855 1288 1909 concilia
1328 1873 1361 1910 a
1407 1855 1539 1908 sede
1585 1854 1899 1925 apostolica
1963 1855 2043 1907 ita

2140 708 2262 761 fatii
2289 725 2436 780 pape
2479 710 2776 766 decretum
2835 713 2894 765 in
2943 712 3169 767 irritum
3210 715 3606 783 devocabitur,
3642 717 3744 788 qui

2140 794 2386 862 intonat,
2422 801 2483 850 ut
2515 799 2556 852 si
2618 817 2748 854 reus
2783 801 2979 854 adesse
3019 803 3354 872 neglexerit,
3403 803 3746 861 dilationem

2140 885 2440 938 sententia:
2467 888 2553 939 vel
2585 887 2858 941 absentiae
2883 891 3281 944 nonlucretur.
3317 891 3748 949 Nimirumhaec

2141 971 2372 1026 decreta
2401 975 2714 1042 apostolica
2767 992 2872 1029 nec
2909 977 3232 1048 fugientem
3274 981 3611 1050 protegunt,
3641 996 3750 1035 nec

2141 1061 2464 1115 confessum
2499 1064 2583 1116 vel
2615 1065 2943 1118 convictum
2973 1067 3224 1120 ecclesia:
3253 1068 3584 1121 restituunt.
3621 1069 3747 1122 Non

2142 1146 2313 1218 igitur
2337 1149 2468 1219 jure
2499 1151 2774 1220 spoliatus
2798 1169 2926 1206 eam
2958 1154 3198 1226 recipiet
3229 1155 3746 1228 ecclesiam,quam

2143 1253 2248 1290 nec
2277 1237 2419 1291 sicut
2449 1239 2744 1312 episcopus
2771 1242 2936 1309 rexit,
2983 1243 3083 1296 sed
3127 1245 3270 1298 sicut
3303 1245 3498 1314 praedo
3541 1245 3750 1299 crude-

2141 1325 2738 1394 lissimusdevastavit,
2785 1329 2884 1383 sed
2935 1331 3129 1384 dicant
3176 1331 3388 1386 summi
3445 1332 3752 1402 pontiﬁces
3832 1382 3844 1400 ,

2143 1413 2254 1466 Leo
2287 1417 2344 1466 et
2373 1415 2632 1469 Zozimus
2663 1432 3020 1488 magnusque
3051 1418 3379 1489 Gregorius,
3395 1419 3532 1490 quid
3547 1419 3620 1473 de
3638 1420 3750 1476 hu-

2133 1501 2392 1570 jusmodi
2419 1503 2692 1557 confessis
2717 1506 2804 1558 vel
2837 1505 3110 1560 convictis
3141 1505 3481 1561 auctoritate
3513 1510 3750 1578 aposto-

2145 1589 2254 1642 lica
2285 1592 2626 1644 statuerunt.
2656 1614 2682 1640 «
2711 1593 3070 1662 Huiusmodi,
3105 1593 3293 1666 inquit
3315 1594 3446 1662 Leo,
3471 1595 3644 1667 lapsis
3673 1595 3751 1650 ad

2144 1679 2594 1747 promerendam
2629 1679 2726 1734 Dei
2761 1681 3217 1735 misericordiam
3255 1683 3492 1736 ecclesia
3525 1682 3754 1753 privata

2145 1767 2250 1830 est,
2284 1767 2604 1834 expetenda
2631 1767 2893 1829 secessio,
2929 1767 3022 1821 ubi
3055 1767 3165 1822 illis
3193 1769 3524 1835 satisfactio,
3557 1769 3604 1823 si
3631 1769 3756 1824 fue-

2146 1851 2221 1904 rit
2248 1853 2444 1922 digna,
2475 1853 2544 1906 sit
2561 1854 2738 1908 etiam
2762 1855 3120 1909 fructuosa.»
3144 1857 3210 1909 Et
3229 1855 3487 1910 Zozimus
3505 1856 3755 1910 Lazarus

440 1941 901 2004 corroborata,ut
918 1943 1122 1997 exinde
1145 1943 2043 2014 permutarinichilOporteat,eo-
2068 1940 2120 1996 B
2146 1939 2360 1993 dudum
2397 1941 2453 1994 in
2482 1943 2819 1997 Taurinensi
2854 1943 3098 1997 concilio
3129 1943 3598 2014 gravissimorum
3628 1943 3758 2014 epi-

437 2045 570 2082 rum
623 2030 985 2086 decretorum
1037 2035 1094 2085 et
1149 2033 1524 2088 conciliorum
1580 2035 1910 2086 executores
1937 2048 2042 2102 per

439 2117 638 2172 omnia
667 2118 837 2174 laude
851 2121 1159 2191 etprcemio
1177 2121 1360 2192 digni,
1393 2122 1822 2194 perturbatores
1845 2123 2040 2173 autem

438 2204 800 2277 vituperandi
823 2213 881 2262 et
911 2211 1175 2264 omnium
1209 2227 1490 2280 penarum
1515 2226 1728 2280 genere
1755 2206 2042 2262 afﬁciendi

435 2297 588 2348 sunt.
621 2297 763 2349 Item
798 2296 842 2349 si
893 2298 996 2351 sub
1037 2297 1378 2351 beatissimis
1433 2297 1796 2368 pontificibus
1851 2295 2044 2366 aliqua

438 2386 853 2451 provenerunt,
883 2401 1010 2455 quas
1037 2401 1220 2439 causae
1240 2385 1460 2438 Arnulﬁ
1485 2385 1693 2439 similia
1727 2384 1860 2450 sint,
1889 2385 2044 2454 quod

441 2469 648 2524 exinde
662 2471 986 2539 judicatum
1013 2473 1201 2540 est,in
1229 2489 1396 2526 causa
1420 2473 1640 2526 Amulli
1663 2472 2042 2542 judicandum

439 2557 659 2611 fuit.At
685 2557 1020 2613 Cresconius
1051 2561 1370 2632 episcopus,
1405 2561 1538 2632 quia
1561 2561 1788 2616 rebellis
1819 2564 1875 2614 et
1903 2577 2040 2615 con-

440 2646 787 2708 tumax,non
811 2651 1014 2701 contra
1029 2649 1347 2720 principem
1372 2650 1470 2704 sed
1489 2653 1688 2704 contra
1719 2651 2036 2720 episcopos,

443 2730 570 2798 fuit,
593 2733 664 2786 ab
683 2733 954 2789 Africana
967 2737 1184 2806 synodo
1201 2737 1521 2807 judicatum
1554 2741 1658 2798 est,
1675 2742 1738 2790 ut
1759 2741 2040 2809 potestate

443 2818 716 2891 principis
740 2828 1102 2878 coerceretur
1147 2829 1203 2878 et
1242 2825 1312 2878 ab
1354 2826 1590 2880 ecclesia
1629 2826 2037 2880 excluderetur.

443 2907 512 2961 Et
533 2909 672 2963 item
709 2912 1108 2967 universaliter
1137 2913 1434 2985 episcopos
1466 2915 1860 2984 conspirantes
1887 2917 1946 2968 et
1969 2915 2041 2968 ad

443 3001 798 3052 conventum
852 2999 1096 3054 fratrum
1157 3017 1390 3055 suorum
1433 3002 1626 3056 venire
1655 3003 1916 3055 nolentes
1942 3017 2043 3054 sua

443 3083 592 3138 forte
625 3103 697 3140 ne
730 3087 1051 3158 prodantur
1076 3088 1294 3159 ﬂagitia
1336 3092 1682 3154 metuentes,
1721 3090 1924 3144 eadem
1951 3105 2040 3159 sy-

2144 2043 2452 2098 scoporum
2466 2031 2765 2085 sententiis
2781 2049 2886 2102 pro
2905 2032 3362 2100 calumpniatore
3377 2031 3753 2103 dampnatus.

2146 2132 2275 2168 cum
2306 2117 2496 2171 Brictii
2524 2119 2848 2174 innocentis
2875 2119 3122 2191 episcopi
3155 2120 3329 2174 vitam
3359 2119 3513 2174 falsis
3556 2120 3760 2191 objec-

2149 2203 2400 2258 tionibus
2426 2207 2760 2278 appetisset,
2793 2211 2920 2278 post
2949 2224 3083 2262 vero
3121 2207 3194 2260 ab
3239 2207 3446 2262 eodem
3486 2208 3758 2276 Proculo,

2147 2289 2243 2361 qui
2285 2290 2437 2346 inter
2467 2297 2688 2348 ceteros
2721 2295 3125 2366 dampnationi
3167 2295 3290 2366 ejus
3322 2294 3382 2348 in
3412 2295 3634 2366 synode
3665 2312 3761 2350 as-

2145 2383 2420 2447 senserat,
2464 2383 2848 2438 sacerdotium
2897 2387 3236 2438 consecutus
3263 2385 3368 2438 est.
3409 2384 3456 2437 A
3485 2399 3602 2454 quo
3632 2382 3760 2455 ipse

2145 2466 2272 2520 vita:
2303 2485 2418 2523 sum
2449 2471 2726 2540 conscius,
2769 2471 2918 2526 datis
2957 2470 3166 2526 litteris
3217 2471 3276 2524 in
3324 2470 3760 2526 abdicationem

2142 2555 2226 2608 sui
2248 2561 2523 2626 sesponte
2543 2559 2846 2612 submovit.
2879 2560 2948 2612 Et
2988 2558 3294 2629 Gregorius
3324 2559 3398 2613 ad
3424 2558 3759 2614 Johannem

2144 2643 2642 2717 archiepiscopum
2673 2646 2877 2718 prima:
2905 2645 3274 2700 Justinianse:
3300 2645 3760 2701 «Dilectissimus

2140 2730 2352 2802 inquit,
2377 2735 2524 2786 lator
2542 2734 2914 2804 priesentium
2941 2735 3247 2789 Nemesion
3277 2735 3350 2788 ad
3381 2750 3486 2788 nos
3513 2734 3759 2789 veniens

2143 2818 2436 2886 indicavit,
2470 2822 2614 2876 sicut
2662 2826 2720 2876 et
2751 2826 3045 2894 gestorum
3079 2822 3435 2894 exemplaria
3479 2839 3610 2894 quae
3641 2823 3759 2878 huc

2144 2907 2350 2962 detulit
2380 2909 2774 2977 continebant,
2806 2912 3047 2964 Paulum
3059 2909 3333 2964 Diaclinm
3355 2909 3602 2964 civitatis
3623 2910 3754 2982 epi-

2144 3013 2378 3066 scopum
2408 2999 2464 3050 et
2495 3000 2621 3068 post
2649 3015 2829 3070 pauca
2859 2998 3034 3051 etiam
3057 2997 3332 3064 libellum,
3363 2997 3421 3051 in
3443 3013 3556 3070 quo
3581 3013 3654 3052 ea
3683 2998 3757 3052 de

2147 3085 2354 3154 quibus
2387 3086 2684 3139 accusatus
2732 3087 2919 3140 fuerat
2971 3103 3105 3140 vera
3155 3103 3275 3140 esse
3329 3085 3624 3139 confessus
3647 3088 3756 3151 est,

441 3172 627 3226 nodus
655 3177 936 3243 potestate
967 3175 1239 3247 principis
1291 3178 1700 3244 cohercendos,
1750 3195 1784 3231 a
1831 3175 2040 3246 princi-
2072 3215 2118 3273 Ο
2148 3173 2447 3230 obtulisse.
2468 3172 2590 3236 Qua
2609 3173 2752 3226 dere
2768 3173 3054 3227 sententia
3075 3173 3491 3246 episcopaliillo
3521 3173 3759 3245 deposi-

441 3259 666 3332 palibus
687 3262 973 3317 cathedris
1003 3265 1409 3327 removendos,
1434 3269 1490 3318 et
1509 3269 1570 3319 ut
1590 3264 1836 3335 propriis
1867 3264 2040 3318 etiam

443 3351 698 3416 careant,
734 3351 1073 3406 auctoritate
1102 3353 1330 3424 publica
1360 3357 1421 3407 ut
1450 3353 1692 3407 rebelles
1706 3351 2042 3405 auctoritate

446 3437 756 3508 apostolica
792 3439 1072 3510 judicavit
1124 3457 1228 3512 per
1263 3441 1595 3496 Faustinum
1628 3445 1684 3494 ct
1714 3439 2042 3511 Philippum

444 3528 502 3578 et
529 3525 778 3581 Asellum
805 3529 1188 3601 presbyteros.
1215 3530 1380 3594 Quod
1407 3533 1600 3584 autem
1625 3528 1939 3599 apostolica
1964 3543 2046 3580 se-

443 3611 543 3667 des
566 3612 625 3668 in
658 3614 1026 3672 Cresconium
1057 3617 1192 3672 fecit
1218 3623 1275 3672 et
1307 3617 1362 3672 in
1389 3617 1532 3672 alios
1555 3617 1677 3670 fieri
1695 3615 1908 3681 docuit,
1937 3616 2045 3669 hoc

441 3699 598 3756 idem
629 3701 688 3756 in
719 3705 959 3760 Arnulfo
1015 3723 1248 3760 summa
1305 3705 1606 3776 diligentia
1649 3703 1757 3756 fuit
1787 3703 2047 3757 observa-

441 3791 604 3856 tum;
637 3791 695 3846 id
720 3796 800 3846 est
833 3793 968 3864 quia
1013 3795 1086 3848 ad
1125 3794 1372 3848 fratrum
1412 3808 1648 3846 suorum
1697 3793 2044 3844 conventum

443 3879 688 3949 amplius
716 3897 894 3952 quam
924 3897 1029 3951 per
1058 3880 1196 3934 anni
1241 3879 1490 3950 spatium
1537 3879 1805 3932 invitatus
1849 3878 2044 3932 venire

439 3967 810 4037 contempsit,
838 3971 897 4022 et
922 3968 1161 4038 insuper
1193 3968 1250 4021 in
1285 3966 1605 4038 principem
1629 3982 1796 4021 suum
1818 3965 2046 4020 rebellis

443 4054 502 4106 et
545 4054 702 4109 urbis
753 4071 817 4108 ac
867 4055 1068 4126 patriae
1112 4055 1378 4125 proditor
1407 4054 1614 4121 extitit,
1647 4053 1918 4127 principis
1946 4070 2044 4124 po-

440 4142 646 4196 testate
675 4141 999 4196 necessaria
1025 4143 1244 4214 synodo
1275 4145 1714 4214 repraesentatus
1741 4145 2042 4214 est.Atque

442 4229 640 4284 habita
681 4229 1036 4301 cognitione,
1079 4231 1263 4304 qualis
1318 4232 1506 4286 fuerat
1545 4232 1872 4288 diffamatus
1914 4231 2042 4286 talis

443 4315 621 4372 etiam
660 4321 745 4371 est
797 4335 897 4372 sua
948 4320 1304 4390 professione
1351 4321 1623 4376 detectus.
1686 4320 1798 4376 Sed
1855 4320 2042 4390 inquit

445 4405 705 4460 emulus:
733 4407 858 4462 Non
881 4407 1070 4480 potuit
1086 4409 1411 4480 diiudicari;
1441 4409 1738 4464 ecclesiam
1780 4408 2038 4479 recipiat,

444 4492 559 4548 suis
587 4493 799 4550 viribus
826 4497 1132 4570 resumptis
1161 4497 1390 4570 suisque
1419 4500 1516 4554 diu
1557 4499 1796 4554 retentis
1822 4497 2040 4565 amicis,

445 4581 519 4636 ad
537 4581 820 4652 judicium
841 4589 1206 4658 provocetur.
1233 4587 1520 4651 Quidnam
1545 4591 1631 4641 est
1651 4589 1904 4640 armatus
1923 4603 1956 4640 a
1981 4585 2046 4638 ti-

2149 3264 2204 3316 to
2233 3279 2290 3315 se
2313 3263 2436 3333 ejus
2465 3264 2590 3318 loco
2621 3271 2835 3316 meum
2863 3262 3240 3317 fraternitatis
3254 3266 3454 3316 vestra:
3467 3277 3758 3318 consensu

2148 3367 2270 3404 esse
2323 3351 2655 3422 episcopum
2709 3350 3062 3406 ordinatum.
3095 3372 3124 3401 ››
3159 3351 3226 3404 Et
3273 3351 3566 3405 Johannes
3601 3365 3758 3421 papa

2148 3440 2426 3493 universis
2455 3439 2707 3493 ecclesiis
2736 3455 2838 3511 per
2862 3439 3066 3493 Gallias
3097 3439 3437 3494 constitutis.
3456 3460 3482 3487 «
3505 3437 3757 3492 Praedic-

2147 3530 2297 3592 tum,
2327 3527 2613 3598 inquiens,
2648 3526 3142 3581 Contumeliosum
3172 3526 3506 3598 episcopum
3557 3528 3623 3579 ut
3651 3525 3756 3578 ba-

2148 3615 2284 3669 beat
2314 3616 2636 3686 paenitendi
2668 3615 2984 3680 licentiam,
3036 3614 3371 3686 petitorium
3412 3613 3574 3668 vobis
3613 3613 3754 3667 dare

2147 3719 2470 3770 censemus,
2513 3703 2608 3757 ubi
2665 3719 2926 3758 errorem
2959 3720 3125 3756 suum
3158 3703 3454 3757 evidenter
3483 3701 3750 3772 alligans,

2146 3791 2251 3844 sub
2282 3791 2374 3844 die
2405 3792 2745 3862 profiteatur
2773 3794 2832 3844 et
2875 3792 3128 3844 consule.
3166 3812 3194 3839 »
3229 3791 3375 3855 Non,
3423 3787 3614 3860 inquit
3658 3804 3753 3842 ca-

2145 3878 2525 3949 lumpniator,
2556 3879 2744 3950 potuit
2775 3879 3048 3932 Arnulfus
3072 3894 3132 3932 se
3188 3877 3378 3950 ipsum
3427 3877 3751 3948 dampnare

2143 3967 2267 4021 sine
2296 3967 2624 4038 apostolicae
2638 3967 2788 4021 sedis
2815 3965 3336 4038 legato.Quomodo
3360 3963 3751 4036 ergoLazarus

2145 4054 2438 4124 quomodo
2453 4055 2658 4108 Paulus
2673 4053 3222 4120 etContumeliosus,
3237 4055 3314 4119 et,
3329 4055 3393 4106 ut
3419 4051 3657 4124 propius
3678 4049 3748 4105 ad

2146 4158 2376 4196 causam
2439 4142 2798 4208 accedamus,
2843 4141 3136 4212 quomodo
3169 4141 3288 4196 Eho
3320 4141 3638 4195 Remorum
3669 4154 3752 4192 ar-

2143 4229 2538 4302 chiepiscopus
2565 4230 2593 4284 ‘I
2623 4229 2682 4284 Si
2703 4229 2859 4284 enim
2882 4229 3123 4283 Arnulfo
3141 4245 3259 4283 non
3284 4227 3466 4289 licuit,
3493 4244 3600 4282 nec
3619 4225 3744 4282 illis.

2146 4318 2258 4373 Sed
2290 4317 2666 4372 manifestum
2694 4321 2780 4372 est
2805 4317 2916 4371 illis
2943 4316 3184 4371 licuisse.
3219 4315 3376 4370 Licet
3403 4315 3565 4370 enim
3598 4315 3748 4369 mala.

2149 4407 2481 4478 relinquere
2509 4409 2567 4461 et
2589 4407 2744 4460 bona
2771 4405 2963 4460 facere
3007 4405 3131 4459 sine
3161 4403 3492 4476 apostolicae
3521 4403 3672 4458 sedis
3693 4402 3742 4455 le

2145 4498 2281 4568 gato
2309 4498 2367 4550 et
2396 4493 2756 4550 auctoritate.
2792 4495 2864 4548 At
2891 4493 3267 4548 criminosum
3297 4493 3358 4546 in
3389 4491 3596 4546 ordine
3619 4505 3750 4562 pon-

2147 4583 2345 4638 tificali
2375 4588 2527 4638 stare
2558 4584 2778 4637 malum
2807 4585 2916 4648 est,
2947 4585 3004 4636 et
3028 4581 3101 4636 ab
3117 4597 3184 4636 eo
3211 4579 3485 4635 recedere
3510 4579 3742 4634 bonum.

444 4671 690 4726 rannide
712 4673 1026 4728 removeri?
1042 4675 1229 4730 lmmo
1245 4691 1363 4730 non
1381 4675 1547 4730 aliter
1565 4691 1740 4746 quam
1773 4673 2048 4744 spoliatus
2072 4675 2124 4733 D
2148 4674 2302 4726 Bene
2335 4671 2511 4743 igitur
2541 4670 2816 4725 Arnulfus
2844 4669 3000 4736 fecit,
3031 4669 3076 4723 si
3103 4670 3174 4724 ab
3205 4667 3412 4723 ordine
3440 4663 3748 4738 pontiﬁcali

441 4759 632 4830 potuit
660 4761 737 4834 dij
747 4762 981 4818 udicari.
998 4762 1112 4818 Sed
1125 4781 1288 4836 teque
1303 4763 1449 4818 tiran
1460 4781 1566 4816 nus
1585 4762 1762 4816 armis
1772 4763 2049 4834 circump-

441 4853 634 4920 septus
661 4868 967 4924 nunquam
995 4853 1070 4907 ad
1093 4851 1380 4923 judicium
1419 4850 1606 4922 potuit
1644 4850 1870 4908 adduci.
1901 4850 2050 4914 Quid

441 4935 764 4996 est'autem
817 4940 1069 4996 ecclesiae
1128 4941 1402 5014 receptio,
1453 4940 1658 4995 virium
1707 4941 2048 5010 resumptio,

441 5027 765 5084 amicorum
794 5029 1066 5098 retentio,
1085 5029 1192 5084 nisi
1218 5030 1279 5084 in
1303 5046 1471 5100 reges
1495 5032 1720 5084 nostros
1746 5028 2050 5083 tirannidis

441 5116 690 5171 extincte
745 5118 1122 5186 resuscitatio,
1163 5119 1504 5188 injuriarum
1555 5118 1718 5185 ultio,
1763 5119 2048 5173 malorum

439 5206 778 5272 sublevatio,
811 5207 1102 5263 bonorum
1121 5208 1385 5262 omnium
1404 5207 1697 5280 oppressio
1719 5207 1746 5262 ?
1776 5207 1889 5262 Sed
1905 5207 2050 5262 obsi-

443 5293 630 5360 dibus,
663 5293 870 5366 inquit,
913 5300 970 5350 et
1029 5285 1406 5350 sacramentis
1455 5297 1812 5367 astringatur
1855 5295 2051 5349 multis

443 5380 648 5436 modis.
681 5382 830 5437 Num
892 5385 1060 5456 plura
1117 5388 1175 5438 ct
1231 5383 1521 5438 validioris
1573 5383 1804 5454 generis
1861 5399 2048 5436 saera-

441 5472 642 5525 menta
670 5471 954 5542 repperiri
985 5474 1263 5542 poterunt
1292 5476 1425 5526 ante
1451 5471 1686 5543 prolatis
1707 5471 1736 5524 ‘?
1764 5471 1912 5524 Num
1945 5471 2048 5524 ob-

445 5555 592 5612 sides
621 5558 816 5613 fratris
844 5559 968 5628 ejus
999 5557 1264 5612 Richardi
1295 5561 1563 5631 episcopo
1601 5558 1854 5612 Brunoni
1906 5559 2052 5629 ejus-

2151 4759 2401 4827 recessit,
2430 4761 2489 4813 in
2524 4776 2639 4830 quo
2666 4759 3008 4814 criminosus
3033 4761 3183 4812 stare
3215 4772 3332 4811 non
3363 4755 3572 4828 potuit.
3603 4756 3746 4808 Bene

2149 4849 2410 4921 reliquit,
2445 4849 2601 4920 quod
2630 4853 2831 4903 contra
2855 4846 3144 4901 divinaset
3162 4847 3451 4900 humanas
3481 4845 3636 4914 leges
3650 4855 3749 4912 per

2152 4938 2351 4992 dolum
2383 4937 2622 5008 accepit.
2653 4937 2765 4991 Cur
2791 4952 2930 5008 ergo
2961 4931 3628 5006 calumpniator,inquit,
3653 4929 3750 4984 de—

2151 5028 2370 5081 tinetur
2401 5025 2560 5080 omni
2591 5027 2874 5096 potestate
2927 5027 3146 5090 exutus,
3179 5040 3244 5078 ac
3277 5039 3395 5076 non
3427 5021 3615 5092 potius
3639 5032 3747 5089 quo

2151 5114 2286 5167 velit
2311 5113 2467 5167 abire
2500 5113 2854 5183 permittitur
2883 5113 2910 5166 ?
2958 5111 3258 5178 Videlicet,
3309 5109 3449 5182 quia
3499 5105 3750 5162 Eulhices

2154 5201 2614 5258 archimandrila
2647 5201 2700 5255 in
2735 5201 2954 5272 synodo
2987 5199 3278 5272 depositus
3299 5199 3372 5252 ab
3408 5197 3749 5269 imperatore

2155 5296 2240 5346 est
2283 5291 2568 5359 directus;
2617 5291 2717 5344 sed
2748 5291 2901 5343 hunc
2953 5304 3201 5357 magnus
3240 5287 3350 5341 Leo
3385 5302 3536 5359 papa
3567 5283 3635 5338 ad
3664 5295 3752 5334 re-

2156 5379 2406 5436 motiora
2439 5379 2568 5435 duci
2595 5379 2782 5451 jubet,
2814 5395 2887 5432 ne
2918 5377 2976 5432 in
3009 5395 3076 5431 eo
3119 5375 3361 5431 saeviens
3396 5375 3626 5430 morbus
3652 5383 3748 5424 suo

2156 5469 2424 5539 contagio
2457 5469 2596 5524 alios
2637 5469 3056 5538 corrumperet.
3081 5467 3238 5521 Juste
3277 5481 3416 5536 ergo
3449 5462 3748 5522 detinetur,

2156 5557 2252 5630 qui
2268 5559 2452 5612 adhuc
2473 5573 2672 5610 necem
2693 5547 3750 5627 patriaemeditatur,suosquesatellites

1764 5685 2001 5740 VARUE
2037 5683 2327 5740 LECTION
2337 5683 2436 5739 ES.

529 5789 601 5824 808
630 5782 821 5834 locum
851 5779 1028 5833 codex.
