3918 6230
267 487 368 547 349

888 492 1361 551 PURCHARDUS
1395 490 1770 551 MONACHUS
1800 488 2180 547 AUGIENSIS.
2207 525 2273 534 ———
2303 492 2577 549 ΝΟἸΊΤΙᾹ
2604 490 2991 549 HISTORICA.

3489 494 3595 552 350

271 606 482 665 crebris
508 608 925 681 legationibus
950 613 1171 679 incitat,
1203 615 1319 668 uta
1348 614 1531 685 coepto
1554 612 1745 667 furore
1773 628 1887 665 non
1912 609 1966 668 A
1990 608 2085 664 dia
2101 609 2157 663 in
2178 610 2552 679 glorificando
2570 613 2778 665 electos
2796 629 2808 677 ;
2826 611 2977 682 quod
2993 609 3108 679 ipse
3128 606 3410 665 subinfert
3428 626 3439 665 :
3460 615 3590 683 quia

277 696 834 768 desistant.Videtis,
864 701 1329 757 rcverendissimi
1356 704 1571 765 Patres,
1592 701 1890 755 uobiscum

276 790 426 842 stare
462 792 791 861 apostolica
821 796 879 846 et
911 792 1287 847 ecclesiastica
1306 793 1455 861 jura.
1494 792 1605 844 Sed
1638 792 1774 861 quid
1804 791 1891 846 fa-

271 877 496 932 ciemus
522 879 815 949 improbis
836 880 1194 946 hominibus,
1216 881 1421 951 quibus
1437 882 1592 933 nulla
1616 881 1759 933 ratio
1780 881 1891 933 suf-

266 965 411 1034 ﬁcit,
428 967 537 1023 nisi
551 969 736 1024 etiam
751 970 1047 1039 corporeis
1060 971 1314 1025 sensibus
1326 970 1591 1024 satisﬁat?
1609 970 1891 1025 Cedamus

269 1056 483 1111 talium
532 1058 1099 1128 importunitatibus,
1144 1064 1199 1113 ct
1234 1058 1405 1113 nichil
1434 1058 1556 1110 sine
1585 1059 1890 1129 pra'seutia

264 1146 451 1218 legati
466 1148 805 1217 apostolicm
826 1148 976 1201 sedis
1010 1148 1065 1201 in
1088 1164 1254 1201 causa
1281 1148 1496 1201 Arnulfi
1532 1148 1744 1201 factum
1768 1164 1888 1201 esse

262 1234 616 1290 doceamus.
655 1238 822 1291 Certe
856 1237 1156 1308 Seguiuus,
1181 1237 1528 1290 venerabilis
1559 1238 1683 1289 vitm
1716 1238 1890 1289 Seno-

258 1325 552 1378 nensium
595 1325 1079 1396 archiepiscopus,
1124 1326 1354 1380 Domini
1404 1341 1569 1394 papm
1611 1324 1889 1379 Johannis

252 1412 423 1465 vices
462 1429 572 1483 per
600 1413 808 1467 Gallias
839 1414 945 1467 sibi
975 1414 1216 1467 creditas
1252 1416 1443 1467 Ronue
1483 1413 1796 1476 innovavit,
1832 1416 1889 1467 et

250 1500 393 1554 itaa
418 1502 604 1555 latere
620 1502 921 1572 apostolici
946 1519 1072 1556 cum
1098 1503 1328 1556 decreto
1359 1502 1639 1572 privilegii
1658 1502 1890 1556 veniens

248 1590 391 1657 ejus
423 1589 576 1644 vices
606 1607 783 1661 usque
814 1590 871 1644 in
908 1607 1157 1661 praesens
1188 1591 1451 1645 omnium
1484 1592 1889 1660 episcoporum

244 1676 471 1731 Gallia!
504 1694 791 1733 consensu
814 1682 1145 1750 prosecutus
1167 1682 1269 1733 est.
1303 1682 1361 1732 in
1387 1680 1554 1749 hujus
1580 1695 1717 1749 ergo
1750 1695 1892 1749 pra:-

245 1766 468 1820 sentia
515 1767 794 1820 Arnulfus
826 1785 885 1820 se
923 1767 1105 1837 ipsum
1149 1768 1470 1821 sacerdotio
1509 1768 1679 1831 exuit,
1720 1771 1891 1839 atque

226 1852 430 1923 juxta
442 1853 686 1908 decreta
699 1854 1143 1924 apostolicorum
1160 1855 1435 1921 virorum,
1450 1855 1892 1919 Zozimi,Leonis

235 1944 447 2013 atque
485 1942 772 2013 Gregorii,
808 1943 1079 2014 petitorio
1114 1946 1196 1998 vel
1238 1944 1631 2009 confessionis,
1671 1961 1767 1996 seu
1815 1944 1893 1997 ita

232 2030 459 2100 placet
475 2032 995 2097 dici,abdicationis
1012 2038 1276 2103 porrecto
1294 2032 1894 2100 libello,sacerd0talia

233 2118 549 2190 deposuit
572 2119 758 2190 signa.
782 2122 889 2174 Pro
916 2137 1028 2190 qua
1049 2138 1109 2174 re
1138 2121 1502 2190 adjudicium
1523 2122 1890 2185 devocamur,

229 2209 432 2279 quasi
466 2207 853 2262 innocentem
882 2210 1337 2279 oppresserimus
1360 2210 1387 2264 ?
1418 2211 1529 2263 Nos
1560 2227 1695 2263 vero
1730 2209 1890 2263 illum

226 2311 380 2350 non
401 2297 607 2351 solum
630 2314 747 2351 non
774 2298 1181 2368 oppressimus,
1209 2299 1306 2352 sed
1339 2297 1515 2353 etiam
1547 2314 1650 2368 per
1675 2299 1890 2351 duode-

222 2382 473 2455 viginti
511 2402 743 2439 menses
762 2386 936 2452 bella,
970 2386 1297 2451 seditiones,
1319 2386 1486 2455 regni
1510 2387 1743 2442 discidia
1765 2406 1892 2443 mo-

216 2470 521 2528 lientem
545 2474 938 2541 toleravimus,
960 2492 1088 2529 cum
1107 2474 1372 2530 Africana
1397 2476 1639 2529 concilia
1665 2479 1793 2547 post
1810 2494 1891 2531 se-

219 2562 532 2616 cundum
576 2579 841 2617 mensem
883 2564 1199 2618 vocationis
1239 2581 1371 2618 eum
1413 2582 1446 2619 a
1475 2565 1891 2620 communione

216 2652 656 2718 removerint,
687 2656 746 2707 et
776 2652 1162 2707 anniversario
1194 2654 1437 2708 concilio
1470 2672 1585 2708 non
1619 2671 1890 2709 occuren-

220 2740 375 2794 tem
433 2758 579 2795 eum
621 2741 679 2794 in
728 2757 786 2794 se
829 2741 1032 2795 dixisse
1072 2742 1500 2814 dampnationis
1542 2742 1892 2797 sententiam

211 2825 870 2900 judicaverint;neque
884 2833 1011 2900 post
1024 2832 1313 2901 expletum
1330 2848 1548 2885 annum
1565 2832 1686 2901 ejus
1698 2849 1895 2888 vocem

227 2916 501 2985 penitus
521 2916 901 2971 audiendam.
920 2918 1031 2971 Sed
1050 2938 1082 2973 υ
1106 2918 1427 2974 Christiana
1446 2920 1606 2986 fides,
1628 2937 1660 2973 ο
1690 2920 1891 2989 religio

236 3004 624 3074 Christiana;
640 3005 768 3076 quis
781 3023 1039 3077 unquam
1055 3023 1267 3061 nocens
1282 3007 1609 3071 habebitur,
1626 3008 1669 3061 si
1691 3010 1888 3079 patria:

241 3093 539 3163 proditor
568 3093 747 3149 hodie
779 3096 934 3148 velut
966 3095 1241 3149 innocens
1272 3096 1586 3149 absolvitur
1616 3097 1643 3150 ?
1670 3096 1890 3152 Sileant

242 3181 546 3237 ammodo
567 3181 880 3252 legesjura
898 3198 1097 3253 regum
1115 3184 1522 3250 conticescant,
1539 3184 1583 3238 si
1597 3185 1889 3240 neminem

249 3268 566 3338 injudiciis
582 3270 880 3335 attingere
900 3271 982 3324 fas
999 3272 1218 3335 est,nisi
1238 3289 1411 3342 quem
1432 3272 1791 3327 Crescentius
1805 3279 1892 3345 ty-

253 3370 485 3411 rannus
506 3359 781 3412 mercede
796 3358 1113 3413 conductus
1124 3360 1605 3415 volucritabsolve
1615 3378 1673 3414 re
1687 3363 1769 3414 vel
1786 3379 1888 3432 pu-

259 3444 635 3501 nire?Patriae
656 3446 1083 3518 proditorferat
1099 3447 1487 3517 przemium,et
1500 3449 1595 3519 qui
1610 3466 1738 3503 eam
1754 3450 1891 3505 libe-

261 3534 497 3599 raverit,
522 3536 895 3606 propellatur
920 3534 975 3588 in
1001 3535 1252 3590 exilium.
1272 3537 1383 3590 Sed
1412 3556 1528 3591 non
1560 3537 1635 3591 sic
1660 3542 1888 3593 sanctus

265 3619 505 3692 Spiritus
530 3641 640 3695 per
671 3641 739 3678 os
770 3623 952 3676 David
980 3623 1216 3677 cecinit:
1250 3623 1443 3691 Semel,
1479 3625 1685 3696 inquit,
1722 3626 1778 3681 id
1806 3631 1890 3681 est

261 3709 854 3776 incommutabiliter,
887 3711 1094 3764 loculus
1123 3719 1196 3765 est
1231 3712 1375 3765 Deus
1404 3713 1573 3780 (Psal.
1609 3731 1716 3780 LXI,
1756 3716 1844 3783 l2)
1872 3733 1885 3781 ;

256 3798 365 3856 duo
393 3802 519 3856 ha’c
534 3818 673 3874 quae
702 3816 767 3855 se
793 3797 1023 3853 audisse
1046 3804 1490 3867 commemorat,
1515 3802 1725 3857 scilicet
1750 3804 1885 3874 quia

245 3888 343 3944 Dei
367 3893 637 3962 potestas
660 3889 727 3942 in
764 3887 1145 3957 dampnando
1174 3890 1452 3959 reprobos
1477 3893 1534 3944 et
1560 3890 1885 3945 misericor-

294 4113 366 4147 ιοο
403 4102 744 4176 quandam
777 4114 829 4149 c.

1993 706 2049 752 tn
2081 699 2268 752 reddas
2290 701 2570 771 unicuique
2584 702 2747 769 juxta
2776 718 2929 769 opera
2960 716 3056 754 sua
3085 698 3244 766 (Ibid.
3277 698 3385 767 t3),
3415 699 3472 754 id
3505 704 3593 754 est

1983 788 2143 857 juxta
2177 788 2284 841 hoc
2305 789 2457 857 quod
2489 791 2591 853 est,
2627 789 2830 859 inquit,
2867 806 2979 842 non
3006 788 3169 856 juxta
3194 786 3249 840 id
3281 787 3437 858 quod
3469 805 3586 842 non

1991 880 2094 939 est,
2111 875 2336 929 dicente
2354 878 2661 947 propheta:
2690 877 2765 929 Ve
2780 879 2858 928 luis
2871 879 2965 948 qui
2978 877 3161 931 dicunt
3180 877 3369 931 bonum
3390 877 3592 931 malum

1990 974 2039 1019 el
2068 967 2267 1018 nmium
2299 966 2513 1029 bonum,
2539 974 2788 1034 palmites
2818 968 2979 1019 lucem
3012 968 3245 1021 tenebras
3274 973 3322 1019 el
3351 968 3589 1021 tenebras

1991 1056 2153 1106 lucem
2195 1054 2346 1124 (Imi.
2396 1073 2449 1115 γ,
2486 1054 2591 1121 '20).
2626 1056 2681 1109 Si
2714 1073 2852 1124 ergo
2886 1058 3187 1110 beatorum
3224 1056 3584 1126 pontificum,

1987 1144 2267 1213 Gregorii,
2290 1146 2514 1209 Leonis,
2539 1145 2769 1207 Zozimi,
2801 1146 3029 1199 decreta
3049 1146 3303 1215 itemque
3324 1144 3592 1201 Africana

1988 1234 2227 1288 concilia
2260 1238 2384 1287 rata
2408 1235 2674 1289 habenda
2700 1238 2853 1301 sunt,
2882 1234 3239 1306 vituperandi
3273 1251 3337 1287 ac
3368 1236 3593 1305 penitus

1989 1326 2120 1376 sunt
2143 1324 2617 1395 contempnendi,
2641 1324 2735 1395 qui
2755 1324 3058 1378 Arnulfum
3080 1324 3471 1391 irregulariter
3489 1324 3589 1378 dc-

1981 1411 2199 1481 jectum
2251 1411 2702 1477 inmurmuraut,
2740 1416 3110 1483 nostramque
3160 1413 3591 1482 simplicitatem

1989 1500 2139 1569 apud
2162 1501 2531 1571 apostolicam
2552 1503 2747 1554 sedem
2772 1500 3131 1567 insimulant,
3148 1501 3305 1571 quasi
3329 1518 3461 1555 eum
3484 1517 3589 1571 pro

1990 1606 2088 1642 sua
2108 1589 2437 1643 innocentia
2456 1592 2655 1644 sedem
2679 1590 3057 1660 apostolicam
3082 1592 3469 1661 appellantem
3494 1591 3591 1644 de-

1958 1682 1963 1685 ’
1992 1677 2375 1746 posuerimus,
2421 1696 2550 1732 cum
2588 1680 2703 1748 ipse
2740 1679 2929 1749 potius
2961 1679 3033 1732 ad
3070 1681 3282 1733 electos
3311 1695 3344 1733 a
3378 1696 3436 1732 se
3467 1681 3589 1749 ipse

1983 1766 2204 1836 judices
2234 1767 2573 1833 confugerit,
2608 1770 2777 1836 atque
2805 1767 2875 1820 ab
2906 1767 2986 1819 eis
3017 1770 3142 1836 post
3170 1767 3591 1822 confessionem

1994 1854 2231 1908 modum
2272 1854 2585 1924 paenitendi
2619 1855 3010 1924 postulaverit.
3046 1856 3210 1919 Quod
3250 1855 3498 1926 imponit
3528 1856 3594 1910 fi-

1996 1959 2129 1995 nem
2158 1942 2349 1996 litibus
2372 1944 2501 2013 jure
2530 1943 2779 1997 Africani
2805 1943 3049 1997 concilii.

2063 2030 2338 2102 Epilogus.
2367 2062 2435 2071 —-
2465 2032 2622 2085 Nunc
2644 2032 2713 2085 ad
2740 2034 2792 2085 te
2815 2032 2910 2104 qui
2934 2032 3081 2086 vices
3099 2031 3301 2087 domui
3321 2033 3599 2087 Johannis

1993 2135 2157 2189 papa:
2188 2119 2245 2173 in
2269 2121 2375 2173 hac
2403 2121 2620 2189 synodo
2643 2120 2876 2185 retines,
2898 2121 3045 2175 abba
3066 2122 3199 2185 Leo,
3226 2119 3595 2189 recurrimus,

1992 2210 2049 2261 et
2071 2208 2113 2261 si
2140 2225 2253 2279 qua
2278 2212 2330 2262 te
2350 2208 2578 2280 pietatis
2599 2208 2815 2263 viscera
2834 2212 3090 2275 movent,
3116 2210 3595 2275 admonemus,ut

1993 2297 2146 2367 pacis
2177 2298 2573 2351 exturbatores
2603 2297 2944 2352 auctoritate
2962 2298 3275 2368 apostolica
3297 2298 3594 2370 conquies-

1991 2402 2120 2440 cere
2138 2385 2330 2441 facias.
2353 2387 2545 2458 Neque
2560 2386 2715 2442 enim
2734 2386 2957 2441 zeloDei
2972 2391 3070 2442 aut
3082 2387 3341 2442 fraterna
3356 2387 3594 2442 caritate

1990 2474 2329 2529 commoniti
2345 2492 2446 2545 pro
2464 2477 2577 2529 Arn
2587 2476 2681 2529 ulfi
2694 2475 3110 2529 restauratione
3124 2478 3592 2546 satagunt,quem

1992 2562 2091 2617 Dei
2132 2567 2191 2617 et
2232 2563 2573 2617 universalis
2611 2562 2859 2617 ecclesiae
2898 2562 3108 2633 juditio
3144 2563 3203 2617 in
3251 2565 3595 2635 perpetuum

1990 2651 2329 2706 sacerdotali
2362 2651 2550 2706 officio
2574 2654 2805 2706 exutum
2832 2668 2950 2703 esse
2970 2650 3155 2705 sciunt
3178 2669 3192 2718 ;
3221 2652 3319 2705 sed
3345 2650 3598 2706 novitate

1989 2756 2298 2812 rerumque
2365 2740 2792 2811 permutatione
2865 2740 3153 2801 delectati,
3212 2743 3472 2795 sanctam
3538 2744 3595 2796 et

1990 2829 2361 2900 apostolicam
2386 2830 2689 2884 ecclesiam
2724 2831 2926 2883 contra
2947 2845 3053 2882 nos
3078 2828 3341 2894 incitant,
3364 2832 3427 2883 ut
3451 2830 3591 2885 dum

1990 2934 2106 2973 non
2127 2918 2237 2971 erit
2257 2917 2353 2989 qui
2380 2919 2587 2972 audeat
2613 2917 3031 2983 contradicere,
3064 2916 3302 2989 impune
3326 2917 3492 2973 liceat
3516 2917 3597 2973 eis

1989 3021 2249 3074 peccare.
2276 3007 2437 3071 Quod
2456 3010 2732 3079 quantam
2751 3015 2822 3049 809
2839 3007 3114 3060 Romamn
3134 3006 3385 3061 ecclesia:
3407 3006 3596 3078 pariat

1989 3094 2288 3163 invidiam,
2323 3099 2420 3150 tua
2461 3096 2731 3150 sanctitas
2774 3094 3153 3166 recognoscit.
3204 3094 3396 3167 Neque
3435 3095 3593 3152 enim

1982 3184 2190 3255 juditia
2215 3185 2410 3257 populi
2448 3185 2527 3239 ita
2560 3189 2747 3239 retusa
2776 3187 2931 3250 sunt,
2964 3183 3019 3238 ui
3045 3183 3341 3239 tnterdum
3364 3184 3502 3255 quid
3523 3185 3597 3240 sit

1988 3274 2191 3344 equius
2220 3275 2510 3342 ctjustius
2554 3290 2668 3328 non
2711 3273 3075 3343 intellegant.
3120 3272 3217 3327 Cui
3254 3273 3338 3327 rei
3381 3275 3518 3328 dum
3563 3292 3597 3329 a

1990 3363 2337 3433 quibuslibet
2353 3362 2631 3431 episcOpis
2651 3361 2970 3414 inconsulte
2986 3360 3596 3427 resistitur,sacerdotii

1991 3450 2242 3518 gravitas
2259 3454 2314 3503 et
2339 3450 2587 3515 dignitas
2610 3450 2806 3501 nostro
2830 3447 2965 3500 vitio
2985 3447 3298 3519 dispicitur.
3316 3450 3599 3519 Jungatur

1991 3537 2158 3592 nobis
2190 3554 2292 3609 per
2324 3541 2378 3590 te
2403 3536 2555 3590 beati
2584 3534 2733 3589 Petri
2760 3537 3131 3605 apostolatus,
3164 3536 3597 3607 rediutegretur

1988 3643 2093 3696 per
2123 3629 2179 3680 te
2206 3626 2329 3694 jam
2358 3624 2593 3678 scissum
2626 3626 2746 3677 rete
2779 3622 3051 3688 ecclesiae,
3087 3626 3148 3677 ut
3178 3624 3319 3677 dum
3358 3640 3419 3678 re
3446 3624 3596 3678 bene

1989 3717 2150 3784 gesta
2197 3715 2442 3769 Romam
2492 3711 2750 3776 redieris,
2794 3727 2913 3783 Spe,
2955 3714 3085 3765 voto
3129 3728 3194 3765 ac
3235 3710 3520 3766 desiderio
3565 3729 3600 3767 a

1986 3801 2297 3857 Galliarum
2330 3801 2609 3873 episcopis
2638 3799 2851 3854 iterum
2886 3800 3202 3858 revoceris.

2332 3890 2577 3962 Explicit
2604 3889 2885 3944 concilium
2927 3886 3238 3944 Causeium.

1922 1914 1970 1971 B

1923 3237 1969 3295 C

1595 4013 1830 4068 VARUE
1885 4014 2176 4070 LECTION
2184 4014 2285 4073 ES.

223 4251 444 4256 ___“-

1482 4378 1637 4416 ANNO
1675 4378 1882 4417 DOMINI

1933 4378 2321 4417 DCCCCXCV-Ml
2332 4378 2391 4415 ιι.

1307 4491 2573 4633 PUBCHABDUS

928 4731 1710 4839 MONACHUS
1839 4734 2312 4837 AUGIZE

2449 4734 2973 4839 DIVITIS

1363 5023 1824 5111 NOTITIA
1906 5022 2517 5112 HISTORICA

370 5189 493 5256 (Ex
526 5185 794 5239 Joanne
831 5176 1042 5246 Egone,
1074 5176 1173 5232 lib.
1207 5175 1289 5229 De
1316 5179 1447 5231 viris
1478 5177 1765 5310 illustribus
1787 5178 1984 5309 Δέὲιιὶιίέι»
2009 5177 2231 5328 Dim‘iz’s3
2257 5177 2412 5248 apud
2445 5175 2801 5229 Bernardum
2836 5171 3088 5238 Pezium,
3126 5172 3427 5226 Thesaurus

1707 5272 1815 5311 nec!
1842 5299 1854 5311 .
1914 5298 1927 5324 ,
1961 5270 2046 5319 ιιι,
2081 5260 2204 5311 68ὒ,

1707 5260 1854 5311 necll.
1887 5260 1927 5324 l,
1961 5270 2046 5319 III,
2081 5260 2204 5311 685.

304 5510 412 5567 Sub
448 5500 727 5576 florenti
760 5502 822 5552 et
852 5516 1159 5576 numeroso
1186 5502 1463 5574 Witegovi
1498 5501 1831 5576 magisterio
1861 5501 2012 5576 inter
2044 5500 2184 5576 alios
2213 5499 2467 5576 effloruit
2495 5497 3163 5576 Purcardus-mouachus
3185 5494 3405 5576 ingenii
3426 5499 3495 5576 _et
3515 5497 3597 5552 fa-

253 5581 460 5637 cundiae
487 5574 706 5651 gratia
722 5567 1460 5651 priestautissiuius,_poeta
1491 5567 1676 5651 gravis
1692 5577 1750 5625 et
1776 5573 2073 5651 excellens.
2092 5572 2244 5650 inter
2266 5574 2475 5651 caetera
2496 5588 2624 5651 quae
2644 5569 2886 5651 scripsit,
2906 5569 3148 5651 jubente
3168 5567 3440 5636 Augiensi
3458 5585 3595 5623 con-

313 5641 600 5724 egatidne
632 5641 876 5723 abbatis
898 5644 987 5724 sui
1012 5641 1405 5724 \Yitegovi'res
1438 5645 1712 5724 pl‘fpcial‘e
1747 5645 1937 5721 gestas
1956 5641 2188 5724 heroico
2212 5643 2398 5724 metro
2426 5641 2651 5724 cecinit.
2684 5641 2871 5696 Exstat
2898 5641 3015 5712 cjus
3037 5656 3272 5696 carmen
3302 5654 3433 5693 cum
3456 5657 3599 5713 prie-

283 5711 763 5777 lxavmonasterii
800 5713 1023 5785 pictura
1050 5716 1107 5771 ἱ-ι
1140 5711 1378 5787 antiquo
1412 5711 1605 5769 codice
1643 5731 1750 5770 ms.
1786 5712 1946 5782 cujus
1974 5711 2201 5764 initium
2234 5712 2347 5765 tale
2375 5713 2459 5763 est
2491 5726 2502 5763 :

1241 5803 1445 5875 Incipit
1470 5803 1564 5857 hic
1591 5805 1778 5856 textus
1808 5816 1914 5873 per
1936 5799 2086 5855 dicta
2114 5798 2339 5870 poetica
2371 5796 2631 5868 scriptus.
