  <div class='ocr_page' id='page_1' title='image "/cluster/home/n/w/nwhite01/storage/ocr_20150623/139/uva.x000829787/183.png"; bbox 0 0 3918 6230; ppageno 0'>
   <div class='ocr_carea' id='block_1_1' title="bbox 416 475 510 528">
    <p class='ocr_par' dir='ltr' id='par_1_1' title="bbox 416 475 510 528">
     <span class='ocr_line' id='line_1_1' title="bbox 416 475 510 528; baseline 0 -1"><span class='ocrx_word' id='word_1_1' title='bbox 416 475 510 528; x_wconf 70' lang='grc' dir='ltr'>3ἒί1</span> 
     </span>
    </p>
   </div>
   <div class='ocr_carea' id='block_1_2' title="bbox 1503 467 2639 525">
    <p class='ocr_par' dir='ltr' id='par_1_2' title="bbox 1503 467 2639 525">
     <span class='ocr_line' id='line_1_2' title="bbox 1503 467 2639 525; baseline -0.002 -1"><span class='ocrx_word' id='word_1_2' title='bbox 1503 469 1902 525; x_wconf 76' lang='lat' dir='ltr'>PURCHARDI</span> <span class='ocrx_word' id='word_1_3' title='bbox 1939 467 2245 524; x_wconf 78' lang='lat' dir='ltr'>MONACHI</span> <span class='ocrx_word' id='word_1_4' title='bbox 2283 467 2639 523; x_wconf 75' lang='lat' dir='ltr'><strong>AUGIENSIS</strong></span> 
     </span>
    </p>
   </div>
   <div class='ocr_carea' id='block_1_3' title="bbox 3628 471 3752 525">
    <p class='ocr_par' dir='ltr' id='par_1_3' title="bbox 3628 471 3752 525">
     <span class='ocr_line' id='line_1_3' title="bbox 3628 471 3752 525; baseline -0.008 0"><span class='ocrx_word' id='word_1_5' title='bbox 3628 471 3752 525; x_wconf 77' lang='lat'>35‘2</span> 
     </span>
    </p>
   </div>
   <div class='ocr_carea' id='block_1_4' title="bbox 1576 730 2527 841">
    <p class='ocr_par' dir='ltr' id='par_1_4' title="bbox 1576 730 2527 841">
     <span class='ocr_line' id='line_1_4' title="bbox 1576 730 2527 841; baseline -0.005 -1"><span class='ocrx_word' id='word_1_6' title='bbox 1576 730 2347 841; x_wconf 74' lang='lat' dir='ltr'>PURCHAR</span> <span class='ocrx_word' id='word_1_7' title='bbox 2370 731 2527 838; x_wconf 83' lang='lat' dir='ltr'>DI</span> 
     </span>
    </p>
   </div>
   <div class='ocr_carea' id='block_1_5' title="bbox 1805 948 2278 1037">
    <p class='ocr_par' dir='ltr' id='par_1_5' title="bbox 1805 948 2278 1037">
     <span class='ocr_line' id='line_1_5' title="bbox 1805 948 2278 1037; baseline 0.002 -1"><span class='ocrx_word' id='word_1_8' title='bbox 1805 948 2278 1037; x_wconf 79' lang='lat' dir='ltr'>CABMEN</span> 
     </span>
    </p>
   </div>
   <div class='ocr_carea' id='block_1_6' title="bbox 1290 1149 2856 1258">
    <p class='ocr_par' dir='ltr' id='par_1_6' title="bbox 1290 1149 2856 1258">
     <span class='ocr_line' id='line_1_6' title="bbox 1290 1149 2856 1258; baseline 0 -22"><span class='ocrx_word' id='word_1_9' title='bbox 1290 1152 1382 1236; x_wconf 82' lang='lat' dir='ltr'><strong>DE</strong></span> <span class='ocrx_word' id='word_1_10' title='bbox 1497 1150 1766 1238; x_wconf 85' lang='lat' dir='ltr'>GESTIS</span> <span class='ocrx_word' id='word_1_11' title='bbox 1876 1149 2401 1236; x_wconf 82' lang='lat' dir='ltr'>WITIGOWONIS</span> <span class='ocrx_word' id='word_1_12' title='bbox 2503 1149 2856 1258; x_wconf 80' lang='lat' dir='ltr'>ABBATIS,</span> 
     </span>
    </p>
   </div>
   <div class='ocr_carea' id='block_1_7' title="bbox 927 1339 3203 1416">
    <p class='ocr_par' dir='ltr' id='par_1_7' title="bbox 927 1339 3203 1416">
     <span class='ocr_line' id='line_1_7' title="bbox 927 1339 3203 1416; baseline 0 -20"><span class='ocrx_word' id='word_1_13' title='bbox 927 1340 1116 1415; x_wconf 76' lang='lat' dir='ltr'>(Apud</span> <span class='ocrx_word' id='word_1_14' title='bbox 1144 1343 1326 1410; x_wconf 88' lang='lat' dir='ltr'>Pertz,</span> <span class='ocrx_word' id='word_1_15' title='bbox 1361 1341 1712 1397; x_wconf 74' lang='lat' dir='ltr'>Monumento</span> <span class='ocrx_word' id='word_1_16' title='bbox 1739 1339 2040 1395; x_wconf 68' lang='lat' dir='ltr'>Germaniae</span> <span class='ocrx_word' id='word_1_17' title='bbox 2062 1340 2329 1406; x_wconf 78' lang='lat' dir='ltr'>historica,</span> <span class='ocrx_word' id='word_1_18' title='bbox 2352 1339 2558 1414; x_wconf 67' lang='lat' dir='ltr'>Script.</span> <span class='ocrx_word' id='word_1_19' title='bbox 2588 1343 2733 1396; x_wconf 84' lang='lat' dir='ltr'>tom.</span> <span class='ocrx_word' id='word_1_20' title='bbox 2767 1341 2852 1407; x_wconf 85' lang='grc' dir='ltr'>ιν,</span> <span class='ocrx_word' id='word_1_21' title='bbox 2887 1357 3017 1414; x_wconf 91' lang='lat' dir='ltr'>pag.</span> <span class='ocrx_word' id='word_1_22' title='bbox 3053 1341 3203 1416; x_wconf 77' lang='grc'>621.)</span> 
     </span>
    </p>
   </div>
   <div class='ocr_carea' id='block_1_8' title="bbox 1443 1606 2688 1700">
    <p class='ocr_par' dir='ltr' id='par_1_8' title="bbox 1443 1606 2688 1700">
     <span class='ocr_line' id='line_1_8' title="bbox 1443 1606 2688 1700; baseline 0.004 -5"><span class='ocrx_word' id='word_1_23' title='bbox 1443 1606 1762 1695; x_wconf 88' lang='grc' dir='ltr'><strong>ΑΕΜΟ</strong></span> <span class='ocrx_word' id='word_1_24' title='bbox 1779 1609 1856 1695; x_wconf 90' lang='grc' dir='ltr'>Ν</span> <span class='ocrx_word' id='word_1_25' title='bbox 1863 1606 2090 1694; x_wconf 90' lang='grc' dir='ltr'>ΙΤΙΟ</span> <span class='ocrx_word' id='word_1_26' title='bbox 2201 1607 2688 1700; x_wconf 69' lang='grc' dir='ltr'>ΡΒᾹΕἮΑ.</span> 
     </span>
    </p>
   </div>
   <div class='ocr_carea' id='block_1_9' title="bbox 485 1923 3740 2007">
    <p class='ocr_par' dir='ltr' id='par_1_9' title="bbox 485 1923 3740 2007">
     <span class='ocr_line' id='line_1_9' title="bbox 485 1923 3740 2007; baseline 0.001 -26"><span class='ocrx_word' id='word_1_27' title='bbox 485 1928 791 2007; x_wconf 76' lang='lat' dir='ltr'>Witigowo</span> <span class='ocrx_word' id='word_1_28' title='bbox 927 1926 1106 2007; x_wconf 67' lang='lat' dir='ltr'>abbas</span> <span class='ocrx_word' id='word_1_29' title='bbox 1122 1923 1321 2007; x_wconf 41' lang='lat' dir='ltr'>.Augiae</span> <span class='ocrx_word' id='word_1_30' title='bbox 1344 1923 1527 1978; x_wconf 93' lang='lat' dir='ltr'>divitis</span> <span class='ocrx_word' id='word_1_31' title='bbox 1547 1924 2028 2007; x_wconf 41' lang='lat' dir='ltr'>posthliunqdman-</span> <span class='ocrx_word' id='word_1_32' title='bbox 2053 1928 2106 1988; x_wconf 87' lang='grc' dir='ltr'><strong>Α</strong></span> <span class='ocrx_word' id='word_1_33' title='bbox 2129 1924 2320 2007; x_wconf 62' lang='lat' dir='ltr'>notuit</span> <span class='ocrx_word' id='word_1_34' title='bbox 2337 1925 2446 2007; x_wconf 47' lang='grc' dir='ltr'>μ),</span> <span class='ocrx_word' id='word_1_35' title='bbox 2474 1926 2531 1978; x_wconf 91' lang='lat' dir='ltr'>ct</span> <span class='ocrx_word' id='word_1_36' title='bbox 2555 1924 2904 2007; x_wconf 72' lang='lat' dir='ltr'>serenissimi</span> <span class='ocrx_word' id='word_1_37' title='bbox 2927 1923 3520 2007; x_wconf 45' lang='lat' dir='ltr'>principis,ul.eopoldi</span> <span class='ocrx_word' id='word_1_38' title='bbox 3540 1929 3740 2007; x_wconf 48' lang='lat' dir='ltr'>ﬂagni</span> 
     </span>
    </p>
   </div>
   <div class='ocr_carea' id='block_1_10' title="bbox 423 1995 2031 2078">
    <p class='ocr_par' dir='ltr' id='par_1_10' title="bbox 423 1995 2031 2078">
     <span class='ocr_line' id='line_1_10' title="bbox 423 1995 2031 2078; baseline -0.002 -25"><span class='ocrx_word' id='word_1_39' title='bbox 423 1995 1094 2078; x_wconf 45' lang='lat' dir='ltr'>numLsapgallepsihus</span> <span class='ocrx_word' id='word_1_40' title='bbox 1119 1995 1393 2075; x_wconf 80' lang='lat' dir='ltr'>infestum</span> <span class='ocrx_word' id='word_1_41' title='bbox 1409 2037 1422 2062; x_wconf 86' lang='lat'>,</span> <span class='ocrx_word' id='word_1_42' title='bbox 1441 1995 1608 2078; x_wconf 71' lang='lat' dir='ltr'>annis</span> <span class='ocrx_word' id='word_1_43' title='bbox 1638 1997 1866 2078; x_wconf 38' lang='lat'><strong>9§5-9-97</strong></span> <span class='ocrx_word' id='word_1_44' title='bbox 1889 2012 2031 2066; x_wconf 71' lang='lat' dir='ltr'>prte-</span> 
     </span>
    </p>
   </div>
   <div class='ocr_carea' id='block_1_11' title="bbox 419 2067 2031 2140">
    <p class='ocr_par' dir='ltr' id='par_1_11' title="bbox 419 2067 2031 2140">
     <span class='ocr_line' id='line_1_11' title="bbox 419 2067 2031 2140; baseline -0.003 -15"><span class='ocrx_word' id='word_1_45' title='bbox 419 2070 529 2126; x_wconf 85' lang='lat' dir='ltr'>fuit</span> <span class='ocrx_word' id='word_1_46' title='bbox 560 2070 653 2140; x_wconf 87' lang='lat'>(2).</span> <span class='ocrx_word' id='word_1_47' title='bbox 681 2067 852 2137; x_wconf 84' lang='lat' dir='ltr'>Cujus</span> <span class='ocrx_word' id='word_1_48' title='bbox 882 2067 1038 2140; x_wconf 84' lang='lat' dir='ltr'>domi</span> <span class='ocrx_word' id='word_1_49' title='bbox 1068 2067 1506 2140; x_wconf 83' lang='lat' dir='ltr'>forisquegesta</span> <span class='ocrx_word' id='word_1_50' title='bbox 1536 2067 2031 2140; x_wconf 21' lang='lat' dir='ltr'>Purchart‘mon‘a-</span> 
     </span>
    </p>
   </div>
   <div class='ocr_carea' id='block_1_12' title="bbox 421 2136 2028 2208">
    <p class='ocr_par' dir='ltr' id='par_1_12' title="bbox 421 2136 2028 2208">
     <span class='ocr_line' id='line_1_12' title="bbox 421 2136 2028 2208; baseline -0.002 -12"><span class='ocrx_word' id='word_1_51' title='bbox 421 2136 574 2196; x_wconf 77' lang='lat' dir='ltr'>chus</span> <span class='ocrx_word' id='word_1_52' title='bbox 613 2155 678 2193; x_wconf 89' lang='lat' dir='ltr'>ex</span> <span class='ocrx_word' id='word_1_53' title='bbox 729 2136 960 2194; x_wconf 89' lang='lat' dir='ltr'>decreto</span> <span class='ocrx_word' id='word_1_54' title='bbox 1016 2136 1251 2192; x_wconf 82' lang='lat' dir='ltr'>Patrum</span> <span class='ocrx_word' id='word_1_55' title='bbox 1309 2137 1680 2208; x_wconf 79' lang='lat' dir='ltr'>Augiensium</span> <span class='ocrx_word' id='word_1_56' title='bbox 1725 2136 2028 2192; x_wconf 88' lang='lat' dir='ltr'>scribenda</span> 
     </span>
    </p>
   </div>
   <div class='ocr_carea' id='block_1_13' title="bbox 422 2208 2022 2281">
    <p class='ocr_par' dir='ltr' id='par_1_13' title="bbox 422 2208 2022 2281">
     <span class='ocr_line' id='line_1_13' title="bbox 422 2208 2022 2281; baseline -0.003 -14"><span class='ocrx_word' id='word_1_57' title='bbox 422 2210 693 2281; x_wconf 76' lang='lat' dir='ltr'>suscepit,</span> <span class='ocrx_word' id='word_1_58' title='bbox 739 2214 797 2264; x_wconf 90' lang='lat' dir='ltr'>et</span> <span class='ocrx_word' id='word_1_59' title='bbox 843 2224 998 2263; x_wconf 91' lang='lat' dir='ltr'>anno</span> <span class='ocrx_word' id='word_1_60' title='bbox 1031 2211 1133 2264; x_wconf 87' lang='lat'><strong>993</strong></span> <span class='ocrx_word' id='word_1_61' title='bbox 1177 2211 1275 2281; x_wconf 82' lang='lat' dir='ltr'>aut</span> <span class='ocrx_word' id='word_1_62' title='bbox 1313 2210 1436 2275; x_wconf 76' lang='grc'>994,</span> <span class='ocrx_word' id='word_1_63' title='bbox 1485 2208 1714 2281; x_wconf 87' lang='lat' dir='ltr'>incepta</span> <span class='ocrx_word' id='word_1_64' title='bbox 1751 2210 1920 2278; x_wconf 87' lang='lat' dir='ltr'>atque</span> <span class='ocrx_word' id='word_1_65' title='bbox 1953 2209 2022 2262; x_wconf 89' lang='lat' dir='ltr'>ad</span> 
     </span>
    </p>
   </div>
   <div class='ocr_carea' id='block_1_14' title="bbox 416 2279 2021 2351">
    <p class='ocr_par' dir='ltr' id='par_1_14' title="bbox 416 2279 2021 2351">
     <span class='ocr_line' id='line_1_14' title="bbox 416 2279 2021 2351; baseline -0.004 -12"><span class='ocrx_word' id='word_1_66' title='bbox 416 2285 526 2339; x_wconf 88' lang='lat' dir='ltr'>hoc</span> <span class='ocrx_word' id='word_1_67' title='bbox 577 2279 809 2351; x_wconf 81' lang='lat' dir='ltr'>tempus</span> <span class='ocrx_word' id='word_1_68' title='bbox 853 2296 1034 2351; x_wconf 88' lang='lat' dir='ltr'>usque</span> <span class='ocrx_word' id='word_1_69' title='bbox 1083 2279 1384 2351; x_wconf 66' lang='lat' dir='ltr'>perducta</span> <span class='ocrx_word' id='word_1_70' title='bbox 1408 2295 1560 2351; x_wconf 87' lang='lat' dir='ltr'>anno</span> <span class='ocrx_word' id='word_1_71' title='bbox 1601 2279 1849 2351; x_wconf 76' lang='lat' dir='ltr'>demum</span> <span class='ocrx_word' id='word_1_72' title='bbox 1897 2281 2021 2344; x_wconf 88' lang='lat'><strong>996,</strong></span> 
     </span>
    </p>
   </div>
   <div class='ocr_carea' id='block_1_15' title="bbox 415 2348 2020 2415">
    <p class='ocr_par' dir='ltr' id='par_1_15' title="bbox 415 2348 2020 2415">
     <span class='ocr_line' id='line_1_15' title="bbox 415 2348 2020 2415; baseline -0.004 -6"><span class='ocrx_word' id='word_1_73' title='bbox 415 2348 850 2409; x_wconf 74' lang='lat' dir='ltr'>continuatione</span> <span class='ocrx_word' id='word_1_74' title='bbox 878 2348 1054 2415; x_wconf 79' lang='lat' dir='ltr'>auxit,</span> <span class='ocrx_word' id='word_1_75' title='bbox 1085 2348 1200 2415; x_wconf 75' lang='lat' dir='ltr'>qua</span> <span class='ocrx_word' id='word_1_76' title='bbox 1224 2350 1335 2402; x_wconf 92' lang='lat' dir='ltr'>iter</span> <span class='ocrx_word' id='word_1_77' title='bbox 1355 2348 1580 2402; x_wconf 89' lang='lat' dir='ltr'>Ottonis</span> <span class='ocrx_word' id='word_1_78' title='bbox 1600 2349 1668 2400; x_wconf 84' lang='grc' dir='ltr'>ΙΙΙ</span> <span class='ocrx_word' id='word_1_79' title='bbox 1695 2349 2020 2402; x_wconf 85' lang='lat' dir='ltr'>Romanum</span> 
     </span>
    </p>
   </div>
   <div class='ocr_carea' id='block_1_16' title="bbox 411 2417 2021 2492">
    <p class='ocr_par' dir='ltr' id='par_1_16' title="bbox 411 2417 2021 2492">
     <span class='ocr_line' id='line_1_16' title="bbox 411 2417 2021 2492; baseline -0.003 -14"><span class='ocrx_word' id='word_1_80' title='bbox 411 2425 586 2479; x_wconf 90' lang='lat' dir='ltr'>verbo</span> <span class='ocrx_word' id='word_1_81' title='bbox 607 2422 818 2492; x_wconf 85' lang='lat' dir='ltr'>attigit.</span> <span class='ocrx_word' id='word_1_82' title='bbox 839 2419 1024 2492; x_wconf 86' lang='lat' dir='ltr'>Liber,</span> <span class='ocrx_word' id='word_1_83' title='bbox 1045 2417 1148 2492; x_wconf 80' lang='lat' dir='ltr'>sub</span> <span class='ocrx_word' id='word_1_84' title='bbox 1171 2419 1592 2492; x_wconf 78' lang='lat' dir='ltr'>formadialogi</span> <span class='ocrx_word' id='word_1_85' title='bbox 1613 2417 1765 2471; x_wconf 86' lang='lat' dir='ltr'>inter</span> <span class='ocrx_word' id='word_1_86' title='bbox 1785 2419 2021 2492; x_wconf 79' lang='lat' dir='ltr'>Poetam</span> 
     </span>
    </p>
   </div>
   <div class='ocr_carea' id='block_1_17' title="bbox 417 2488 2020 2575">
    <p class='ocr_par' dir='ltr' id='par_1_17' title="bbox 417 2488 2020 2575">
     <span class='ocr_line' id='line_1_17' title="bbox 417 2488 2020 2575; baseline -0.004 -25"><span class='ocrx_word' id='word_1_87' title='bbox 417 2499 476 2550; x_wconf 87' lang='lat' dir='ltr'>et</span> <span class='ocrx_word' id='word_1_88' title='bbox 505 2488 749 2575; x_wconf 78' lang='lat' dir='ltr'>Augiam</span> <span class='ocrx_word' id='word_1_89' title='bbox 779 2491 1032 2575; x_wconf 55' lang='lat' dir='ltr'>versibus</span> <span class='ocrx_word' id='word_1_90' title='bbox 1053 2488 1402 2575; x_wconf 69' lang='lat' dir='ltr'>hexametris</span> <span class='ocrx_word' id='word_1_91' title='bbox 1440 2488 1702 2575; x_wconf 62' lang='lat' dir='ltr'>scriptus,</span> <span class='ocrx_word' id='word_1_92' title='bbox 1729 2504 1893 2569; x_wconf 77' lang='lat' dir='ltr'>curas</span> <span class='ocrx_word' id='word_1_93' title='bbox 1922 2490 2020 2570; x_wconf 79' lang='lat' dir='ltr'>ab-</span> 
     </span>
    </p>
   </div>
   <div class='ocr_carea' id='block_1_18' title="bbox 417 2559 2021 2631">
    <p class='ocr_par' dir='ltr' id='par_1_18' title="bbox 417 2559 2021 2631">
     <span class='ocr_line' id='line_1_18' title="bbox 417 2559 2021 2631; baseline -0.003 -12"><span class='ocrx_word' id='word_1_94' title='bbox 417 2565 570 2620; x_wconf 88' lang='lat' dir='ltr'>batis</span> <span class='ocrx_word' id='word_1_95' title='bbox 597 2559 667 2618; x_wconf 74' lang='lat' dir='ltr'>in</span> <span class='ocrx_word' id='word_1_96' title='bbox 708 2560 1050 2631; x_wconf 78' lang='lat' dir='ltr'>colligendis</span> <span class='ocrx_word' id='word_1_97' title='bbox 1076 2559 1244 2631; x_wconf 89' lang='lat' dir='ltr'>bonis</span> <span class='ocrx_word' id='word_1_98' title='bbox 1278 2559 1612 2631; x_wconf 82' lang='lat' dir='ltr'>monasterii</span> <span class='ocrx_word' id='word_1_99' title='bbox 1644 2559 1930 2629; x_wconf 86' lang='lat' dir='ltr'>dispersis,</span> <span class='ocrx_word' id='word_1_100' title='bbox 1965 2560 2021 2614; x_wconf 90' lang='lat' dir='ltr'>in</span> 
     </span>
    </p>
   </div>
   <div class='ocr_carea' id='block_1_19' title="bbox 417 2630 2024 2710">
    <p class='ocr_par' dir='ltr' id='par_1_19' title="bbox 417 2630 2024 2710">
     <span class='ocr_line' id='line_1_19' title="bbox 417 2630 2024 2710; baseline -0.003 -21"><span class='ocrx_word' id='word_1_101' title='bbox 417 2631 827 2710; x_wconf 77' lang='lat' dir='ltr'>construendis</span> <span class='ocrx_word' id='word_1_102' title='bbox 849 2630 1323 2710; x_wconf 66' lang='lat' dir='ltr'>adornandisque</span> <span class='ocrx_word' id='word_1_103' title='bbox 1337 2630 1607 2710; x_wconf 68' lang='lat' dir='ltr'>ecclesiis,</span> <span class='ocrx_word' id='word_1_104' title='bbox 1639 2633 1918 2710; x_wconf 71' lang='lat' dir='ltr'>recenset,</span> <span class='ocrx_word' id='word_1_105' title='bbox 1938 2630 2024 2684; x_wconf 92' lang='lat' dir='ltr'>iti-</span> 
     </span>
    </p>
   </div>
   <div class='ocr_carea' id='block_1_20' title="bbox 416 2699 2020 2776">
    <p class='ocr_par' dir='ltr' id='par_1_20' title="bbox 416 2699 2020 2776">
     <span class='ocr_line' id='line_1_20' title="bbox 416 2699 2020 2776; baseline -0.003 -16"><span class='ocrx_word' id='word_1_106' title='bbox 416 2721 562 2776; x_wconf 89' lang='lat' dir='ltr'>nera</span> <span class='ocrx_word' id='word_1_107' title='bbox 587 2705 708 2776; x_wconf 88' lang='lat' dir='ltr'>ejus</span> <span class='ocrx_word' id='word_1_108' title='bbox 730 2702 792 2776; x_wconf 85' lang='lat' dir='ltr'>in</span> <span class='ocrx_word' id='word_1_109' title='bbox 820 2700 1094 2776; x_wconf 75' lang='lat' dir='ltr'>obsequio</span> <span class='ocrx_word' id='word_1_110' title='bbox 1118 2699 1269 2776; x_wconf 76' lang='lat' dir='ltr'>regis</span> <span class='ocrx_word' id='word_1_111' title='bbox 1298 2699 1447 2776; x_wconf 79' lang='lat' dir='ltr'>facta</span> <span class='ocrx_word' id='word_1_112' title='bbox 1473 2704 1531 2776; x_wconf 87' lang='lat' dir='ltr'>e_t</span> <span class='ocrx_word' id='word_1_113' title='bbox 1558 2700 1666 2753; x_wconf 91' lang='lat' dir='ltr'>iter</span> <span class='ocrx_word' id='word_1_114' title='bbox 1693 2701 2020 2776; x_wconf 84' lang='lat' dir='ltr'>Romanum</span> 
     </span>
    </p>
   </div>
   <div class='ocr_carea' id='block_1_21' title="bbox 417 2769 2018 2845">
    <p class='ocr_par' dir='ltr' id='par_1_21' title="bbox 417 2769 2018 2845">
     <span class='ocr_line' id='line_1_21' title="bbox 417 2769 2018 2845; baseline -0.012 -14"><span class='ocrx_word' id='word_1_115' title='bbox 417 2769 1013 2845; x_wconf 49' lang='lat' dir='ltr'>leviter&#39;perstringit,</span> <span class='ocrx_word' id='word_1_116' title='bbox 1034 2773 1090 2824; x_wconf 92' lang='lat' dir='ltr'>et</span> <span class='ocrx_word' id='word_1_117' title='bbox 1104 2769 1402 2842; x_wconf 83' lang='lat' dir='ltr'>privilegia</span> <span class='ocrx_word' id='word_1_118' title='bbox 1427 2770 1560 2845; x_wconf 80' lang='lat' dir='ltr'>inde</span> <span class='ocrx_word' id='word_1_119' title='bbox 1585 2773 1880 2845; x_wconf 81' lang='lat' dir='ltr'>reportata</span> <span class='ocrx_word' id='word_1_120' title='bbox 1897 2787 2018 2845; x_wconf 51' lang='lat' dir='ltr'>me-</span> 
     </span>
    </p>
   </div>
   <div class='ocr_carea' id='block_1_22' title="bbox 417 2841 2019 2921">
    <p class='ocr_par' dir='ltr' id='par_1_22' title="bbox 417 2841 2019 2921">
     <span class='ocr_line' id='line_1_22' title="bbox 417 2841 2019 2921; baseline -0.002 -19"><span class='ocrx_word' id='word_1_121' title='bbox 417 2841 884 2921; x_wconf 27' lang='lat' dir='ltr'>{norata—‘Yersus</span> <span class='ocrx_word' id='word_1_122' title='bbox 922 2841 1188 2921; x_wconf 64' lang='lat' dir='ltr'>quisque,</span> <span class='ocrx_word' id='word_1_123' title='bbox 1213 2841 1713 2921; x_wconf 73' lang='lat' dir='ltr'>quemadmodum</span> <span class='ocrx_word' id='word_1_124' title='bbox 1760 2858 1932 2921; x_wconf 68' lang='lat' dir='ltr'>supra</span> <span class='ocrx_word' id='word_1_125' title='bbox 1960 2843 2019 2898; x_wconf 90' lang='lat' dir='ltr'>in</span> 
     </span>
    </p>
   </div>
   <div class='ocr_carea' id='block_1_23' title="bbox 419 2912 2021 2993">
    <p class='ocr_par' dir='ltr' id='par_1_23' title="bbox 419 2912 2021 2993">
     <span class='ocr_line' id='line_1_23' title="bbox 419 2912 2021 2993; baseline -0.002 -21"><span class='ocrx_word' id='word_1_126' title='bbox 419 2915 766 2993; x_wconf 81' lang='lat' dir='ltr'>Hrotsuithae</span> <span class='ocrx_word' id='word_1_127' title='bbox 813 2913 1097 2993; x_wconf 56' lang='lat' dir='ltr'>operibus</span> <span class='ocrx_word' id='word_1_128' title='bbox 1141 2912 1418 2993; x_wconf 62' lang='lat' dir='ltr'>vidimus,</span> <span class='ocrx_word' id='word_1_129' title='bbox 1481 2912 1702 2967; x_wconf 88' lang='lat' dir='ltr'>duabus</span> <span class='ocrx_word' id='word_1_130' title='bbox 1744 2912 2021 2993; x_wconf 70' lang='lat' dir='ltr'>partibus</span> 
     </span>
    </p>
   </div>
   <div class='ocr_carea' id='block_1_24' title="bbox 410 2983 1909 3055">
    <p class='ocr_par' dir='ltr' id='par_1_24' title="bbox 410 2983 1909 3055">
     <span class='ocr_line' id='line_1_24' title="bbox 410 2983 1909 3055; baseline -0.003 -11"><span class='ocrx_word' id='word_1_131' title='bbox 410 2989 654 3054; x_wconf 79' lang='lat' dir='ltr'>constat,</span> <span class='ocrx_word' id='word_1_132' title='bbox 686 2985 746 3042; x_wconf 88' lang='lat' dir='ltr'>in</span> <span class='ocrx_word' id='word_1_133' title='bbox 774 2983 1046 3039; x_wconf 82' lang='lat' dir='ltr'>eumdem</span> <span class='ocrx_word' id='word_1_134' title='bbox 1071 2984 1192 3038; x_wconf 82' lang='lat' dir='ltr'>fere</span> <span class='ocrx_word' id='word_1_135' title='bbox 1219 2985 1294 3055; x_wconf 88' lang='lat'>(3)</span> <span class='ocrx_word' id='word_1_136' title='bbox 1323 3000 1530 3039; x_wconf 89' lang='lat' dir='ltr'>sonum</span> <span class='ocrx_word' id='word_1_137' title='bbox 1553 2983 1909 3055; x_wconf 81' lang='lat' dir='ltr'>exeuntibus.</span> 
     </span>
    </p>
   </div>
   <div class='ocr_carea' id='block_1_25' title="bbox 486 3053 2016 3125">
    <p class='ocr_par' dir='ltr' id='par_1_25' title="bbox 486 3053 2016 3125">
     <span class='ocr_line' id='line_1_25' title="bbox 486 3053 2016 3125; baseline -0.004 -11"><span class='ocrx_word' id='word_1_138' title='bbox 486 3053 678 3114; x_wconf 84' lang='lat' dir='ltr'>Codex</span> <span class='ocrx_word' id='word_1_139' title='bbox 725 3055 926 3111; x_wconf 90' lang='lat' dir='ltr'>unicus</span> <span class='ocrx_word' id='word_1_140' title='bbox 970 3071 1037 3110; x_wconf 85' lang='lat' dir='ltr'>ex</span> <span class='ocrx_word' id='word_1_141' title='bbox 1086 3053 1437 3110; x_wconf 85' lang='lat' dir='ltr'>monasterio</span> <span class='ocrx_word' id='word_1_142' title='bbox 1479 3054 1676 3125; x_wconf 66' lang='lat' dir='ltr'>Augiaa</span> <span class='ocrx_word' id='word_1_143' title='bbox 1709 3054 1895 3109; x_wconf 88' lang='lat' dir='ltr'>divitis</span> <span class='ocrx_word' id='word_1_144' title='bbox 1931 3053 2016 3109; x_wconf 91' lang='lat' dir='ltr'>bi-</span> 
     </span>
    </p>
   </div>
   <div class='ocr_carea' id='block_1_26' title="bbox 416 3125 2017 3194">
    <p class='ocr_par' dir='ltr' id='par_1_26' title="bbox 416 3125 2017 3194">
     <span class='ocr_line' id='line_1_26' title="bbox 416 3125 2017 3194; baseline -0.003 -10"><span class='ocrx_word' id='word_1_145' title='bbox 416 3129 723 3184; x_wconf 69' lang='lat' dir='ltr'>bliotheca:</span> <span class='ocrx_word' id='word_1_146' title='bbox 756 3125 1152 3183; x_wconf 66' lang='lat' dir='ltr'>Carlsruhanw</span> <span class='ocrx_word' id='word_1_147' title='bbox 1176 3125 1384 3194; x_wconf 90' lang='lat' dir='ltr'>illatus,</span> <span class='ocrx_word' id='word_1_148' title='bbox 1414 3125 1703 3180; x_wconf 83' lang='lat' dir='ltr'>referente</span> <span class='ocrx_word' id='word_1_149' title='bbox 1735 3127 1888 3180; x_wconf 91' lang='lat' dir='ltr'>socio</span> <span class='ocrx_word' id='word_1_150' title='bbox 1915 3125 2017 3180; x_wconf 91' lang='lat' dir='ltr'>do-</span> 
     </span>
    </p>
   </div>
   <div class='ocr_carea' id='block_1_27' title="bbox 415 3197 2017 3270">
    <p class='ocr_par' dir='ltr' id='par_1_27' title="bbox 415 3197 2017 3270">
     <span class='ocr_line' id='line_1_27' title="bbox 415 3197 2017 3270; baseline -0.002 -16"><span class='ocrx_word' id='word_1_151' title='bbox 415 3199 670 3270; x_wconf 88' lang='lat' dir='ltr'>ctissimo</span> <span class='ocrx_word' id='word_1_152' title='bbox 690 3202 749 3270; x_wconf 89' lang='lat' dir='ltr'>et</span> <span class='ocrx_word' id='word_1_153' title='bbox 766 3199 933 3270; x_wconf 85' lang='lat' dir='ltr'>dere</span> <span class='ocrx_word' id='word_1_154' title='bbox 951 3200 1148 3270; x_wconf 84' lang='lat' dir='ltr'>nostra</span> <span class='ocrx_word' id='word_1_155' title='bbox 1167 3197 1385 3270; x_wconf 79' lang='lat' dir='ltr'>optime</span> <span class='ocrx_word' id='word_1_156' title='bbox 1405 3197 1613 3270; x_wconf 86' lang='lat' dir='ltr'>merito</span> <span class='ocrx_word' id='word_1_157' title='bbox 1629 3214 1680 3251; x_wconf 73' lang='grc' dir='ltr'><strong>ν.</strong></span> <span class='ocrx_word' id='word_1_158' title='bbox 1710 3198 1781 3251; x_wconf 89' lang='lat' dir='ltr'>cl.</span> <span class='ocrx_word' id='word_1_159' title='bbox 1798 3197 2017 3270; x_wconf 69' lang='lat' dir='ltr'>Meiter,</span> 
     </span>
    </p>
   </div>
   <div class='ocr_carea' id='block_1_28' title="bbox 415 3265 2019 3341">
    <p class='ocr_par' dir='ltr' id='par_1_28' title="bbox 415 3265 2019 3341">
     <span class='ocr_line' id='line_1_28' title="bbox 415 3265 2019 3341; baseline -0.005 -13"><span class='ocrx_word' id='word_1_160' title='bbox 415 3269 742 3328; x_wconf 84' lang='lat' dir='ltr'>consiliario</span> <span class='ocrx_word' id='word_1_161' title='bbox 761 3268 969 3326; x_wconf 90' lang='lat' dir='ltr'>intimo</span> <span class='ocrx_word' id='word_1_162' title='bbox 990 3270 1049 3325; x_wconf 90' lang='lat' dir='ltr'>et</span> <span class='ocrx_word' id='word_1_163' title='bbox 1068 3265 1428 3324; x_wconf 73' lang='lat' dir='ltr'>bibliotheca:</span> <span class='ocrx_word' id='word_1_164' title='bbox 1448 3268 1741 3341; x_wconf 78' lang='lat' dir='ltr'>praefecto,</span> <span class='ocrx_word' id='word_1_165' title='bbox 1757 3266 1920 3322; x_wconf 90' lang='lat' dir='ltr'>nobis</span> <span class='ocrx_word' id='word_1_166' title='bbox 1934 3265 2019 3322; x_wconf 86' lang='lat' dir='ltr'>in-</span> 
     </span>
    </p>
   </div>
   <div class='ocr_carea' id='block_1_29' title="bbox 2129 1995 3738 2067">
    <p class='ocr_par' dir='ltr' id='par_1_29' title="bbox 2129 1995 3738 2067">
     <span class='ocr_line' id='line_1_29' title="bbox 2129 1995 3738 2067; baseline 0.002 -18"><span class='ocrx_word' id='word_1_167' title='bbox 2129 1995 2625 2067; x_wconf 17' lang='lat' dir='ltr'>DucisiBadcnsis,</span> <span class='ocrx_word' id='word_1_168' title='bbox 2653 1997 2812 2066; x_wconf 83' lang='lat' dir='ltr'>jussu</span> <span class='ocrx_word' id='word_1_169' title='bbox 2844 1995 3130 2067; x_wconf 87' lang='lat' dir='ltr'>ﬂagitanti</span> <span class='ocrx_word' id='word_1_170' title='bbox 3160 1996 3301 2051; x_wconf 91' lang='lat' dir='ltr'>mihi</span> <span class='ocrx_word' id='word_1_171' title='bbox 3335 1995 3738 2067; x_wconf 61' lang='lat' dir='ltr'>transmissus,</span> 
     </span>
    </p>
   </div>
   <div class='ocr_carea' id='block_1_30' title="bbox 2121 2066 3742 2147">
    <p class='ocr_par' dir='ltr' id='par_1_30' title="bbox 2121 2066 3742 2147">
     <span class='ocr_line' id='line_1_30' title="bbox 2121 2066 3742 2147; baseline 0.004 -28"><span class='ocrx_word' id='word_1_172' title='bbox 2121 2067 2245 2147; x_wconf 84' lang='lat' dir='ltr'>jam</span> <span class='ocrx_word' id='word_1_173' title='bbox 2265 2066 2516 2147; x_wconf 79' lang='lat' dir='ltr'>editione</span> <span class='ocrx_word' id='word_1_174' title='bbox 2536 2070 2731 2147; x_wconf 77' lang='lat' dir='ltr'>nostra</span> <span class='ocrx_word' id='word_1_175' title='bbox 2748 2066 3232 2147; x_wconf 33' lang='lat' dir='ltr'>exprimeturLEst</span> <span class='ocrx_word' id='word_1_176' title='bbox 3248 2069 3742 2147; x_wconf 77' lang='lat' dir='ltr'>membranaceus</span> 
     </span>
    </p>
   </div>
   <div class='ocr_carea' id='block_1_31' title="bbox 2125 2137 3743 2207">
    <p class='ocr_par' dir='ltr' id='par_1_31' title="bbox 2125 2137 3743 2207">
     <span class='ocr_line' id='line_1_31' title="bbox 2125 2137 3743 2207; baseline 0.004 -18"><span class='ocrx_word' id='word_1_177' title='bbox 2125 2137 2246 2190; x_wconf 54' lang='lat' dir='ltr'>intro</span> <span class='ocrx_word' id='word_1_178' title='bbox 2288 2137 2696 2207; x_wconf 87' lang='lat' dir='ltr'>autographus,</span> <span class='ocrx_word' id='word_1_179' title='bbox 2730 2137 2906 2191; x_wconf 82' lang='lat' dir='ltr'>manu</span> <span class='ocrx_word' id='word_1_180' title='bbox 2948 2139 3137 2192; x_wconf 62' lang='lat' dir='ltr'>saeculi</span> <span class='ocrx_word' id='word_1_181' title='bbox 3167 2155 3198 2191; x_wconf 84' lang='lat' dir='ltr'>x</span> <span class='ocrx_word' id='word_1_182' title='bbox 3229 2141 3490 2193; x_wconf 86' lang='lat' dir='ltr'>exeuntis</span> <span class='ocrx_word' id='word_1_183' title='bbox 3519 2157 3743 2195; x_wconf 81' lang='lat' dir='ltr'>exara-</span> 
     </span>
    </p>
   </div>
   <div class='ocr_carea' id='block_1_32' title="bbox 2124 2207 3739 2278">
    <p class='ocr_par' dir='ltr' id='par_1_32' title="bbox 2124 2207 3739 2278">
     <span class='ocr_line' id='line_1_32' title="bbox 2124 2207 3739 2278; baseline 0.003 -17"><span class='ocrx_word' id='word_1_184' title='bbox 2124 2211 2233 2272; x_wconf 89' lang='lat' dir='ltr'>tus,</span> <span class='ocrx_word' id='word_1_185' title='bbox 2259 2207 2330 2261; x_wconf 88' lang='lat' dir='ltr'>ab</span> <span class='ocrx_word' id='word_1_186' title='bbox 2361 2211 2590 2261; x_wconf 88' lang='lat' dir='ltr'>auctore</span> <span class='ocrx_word' id='word_1_187' title='bbox 2613 2208 2733 2278; x_wconf 87' lang='lat' dir='ltr'>ipso</span> <span class='ocrx_word' id='word_1_188' title='bbox 2765 2208 2897 2262; x_wconf 90' lang='lat' dir='ltr'>hinc</span> <span class='ocrx_word' id='word_1_189' title='bbox 2924 2208 3057 2263; x_wconf 90' lang='lat' dir='ltr'>inde</span> <span class='ocrx_word' id='word_1_190' title='bbox 3088 2214 3395 2274; x_wconf 85' lang='lat' dir='ltr'>correctus,</span> <span class='ocrx_word' id='word_1_191' title='bbox 3425 2213 3485 2264; x_wconf 87' lang='lat' dir='ltr'>et</span> <span class='ocrx_word' id='word_1_192' title='bbox 3501 2212 3739 2266; x_wconf 74' lang='lat' dir='ltr'>calamo</span> 
     </span>
    </p>
   </div>
   <div class='ocr_carea' id='block_1_33' title="bbox 2123 2278 3741 2360">
    <p class='ocr_par' dir='ltr' id='par_1_33' title="bbox 2123 2278 3741 2360">
     <span class='ocr_line' id='line_1_33' title="bbox 2123 2278 3741 2360; baseline 0.003 -29"><span class='ocrx_word' id='word_1_193' title='bbox 2123 2279 2304 2357; x_wconf 74' lang='lat' dir='ltr'>paulo</span> <span class='ocrx_word' id='word_1_194' title='bbox 2332 2278 2620 2360; x_wconf 68' lang='lat' dir='ltr'>graciliori</span> <span class='ocrx_word' id='word_1_195' title='bbox 2655 2279 3290 2360; x_wconf 46' lang='lat' dir='ltr'>adhf‘inem_perd}ictus.</span> <span class='ocrx_word' id='word_1_196' title='bbox 3322 2281 3741 2360; x_wconf 66' lang='lat' dir='ltr'>Habeturcar-</span> 
     </span>
    </p>
   </div>
   <div class='ocr_carea' id='block_1_34' title="bbox 2123 2347 3742 2421">
    <p class='ocr_par' dir='ltr' id='par_1_34' title="bbox 2123 2347 3742 2421">
     <span class='ocr_line' id='line_1_34' title="bbox 2123 2347 3742 2421; baseline 0.004 -19"><span class='ocrx_word' id='word_1_197' title='bbox 2123 2347 2261 2402; x_wconf 82' lang='lat' dir='ltr'>men</span> <span class='ocrx_word' id='word_1_198' title='bbox 2292 2347 2352 2421; x_wconf 81' lang='lat' dir='ltr'>in</span> <span class='ocrx_word' id='word_1_199' title='bbox 2391 2349 2586 2421; x_wconf 83' lang='lat' dir='ltr'>codice</span> <span class='ocrx_word' id='word_1_200' title='bbox 2627 2367 2684 2402; x_wconf 78' lang='grc' dir='ltr'>ιι.</span> <span class='ocrx_word' id='word_1_201' title='bbox 2721 2349 2870 2421; x_wconf 87' lang='lat' dir='ltr'>CCV,</span> <span class='ocrx_word' id='word_1_202' title='bbox 2909 2347 3046 2404; x_wconf 81' lang='lat' dir='ltr'>olim</span> <span class='ocrx_word' id='word_1_203' title='bbox 3077 2350 3323 2421; x_wconf 89' lang='lat' dir='ltr'>signato,</span> <span class='ocrx_word' id='word_1_204' title='bbox 3365 2351 3485 2406; x_wconf 92' lang='lat' dir='ltr'>foll.</span> <span class='ocrx_word' id='word_1_205' title='bbox 3530 2355 3742 2408; x_wconf 75' lang='grc'>71-84.</span> 
     </span>
    </p>
   </div>
   <div class='ocr_carea' id='block_1_35' title="bbox 2123 2419 3743 2505">
    <p class='ocr_par' dir='ltr' id='par_1_35' title="bbox 2123 2419 3743 2505">
     <span class='ocr_line' id='line_1_35' title="bbox 2123 2419 3743 2505; baseline 0.002 -31"><span class='ocrx_word' id='word_1_206' title='bbox 2123 2422 2256 2474; x_wconf 87' lang='lat' dir='ltr'>Post</span> <span class='ocrx_word' id='word_1_207' title='bbox 2293 2419 2517 2505; x_wconf 30' lang='lat' dir='ltr'>Alicuini</span> <span class='ocrx_word' id='word_1_208' title='bbox 2566 2420 3015 2505; x_wconf 48' lang='lat' dir='ltr'>quaestiones‘in</span> <span class='ocrx_word' id='word_1_209' title='bbox 3053 2419 3319 2502; x_wconf 74' lang='lat' dir='ltr'>Cenesim</span> <span class='ocrx_word' id='word_1_210' title='bbox 3366 2425 3424 2505; x_wconf 82' lang='lat' dir='ltr'>et</span> <span class='ocrx_word' id='word_1_211' title='bbox 3467 2423 3743 2505; x_wconf 76' lang='lat' dir='ltr'>Capitula</span> 
     </span>
    </p>
   </div>
   <div class='ocr_carea' id='block_1_36' title="bbox 2120 2490 3742 2564">
    <p class='ocr_par' dir='ltr' id='par_1_36' title="bbox 2120 2490 3742 2564">
     <span class='ocr_line' id='line_1_36' title="bbox 2120 2490 3742 2564; baseline 0.004 -22"><span class='ocrx_word' id='word_1_212' title='bbox 2120 2490 2579 2564; x_wconf 83' lang='lat' dir='ltr'>propositionum</span> <span class='ocrx_word' id='word_1_213' title='bbox 2614 2492 2683 2564; x_wconf 88' lang='lat' dir='ltr'>ad</span> <span class='ocrx_word' id='word_1_214' title='bbox 2717 2492 3018 2564; x_wconf 76' lang='lat' dir='ltr'>acuendos</span> <span class='ocrx_word' id='word_1_215' title='bbox 3045 2492 3304 2564; x_wconf 85' lang='lat' dir='ltr'>juvenes,</span> <span class='ocrx_word' id='word_1_216' title='bbox 3337 2495 3511 2564; x_wconf 88' lang='lat' dir='ltr'>atque</span> <span class='ocrx_word' id='word_1_217' title='bbox 3547 2490 3742 2549; x_wconf 82' lang='lat' dir='ltr'>inter-</span> 
     </span>
    </p>
   </div>
   <div class='ocr_carea' id='block_1_37' title="bbox 2121 2559 3743 2635">
    <p class='ocr_par' dir='ltr' id='par_1_37' title="bbox 2121 2559 3743 2635">
     <span class='ocr_line' id='line_1_37' title="bbox 2121 2559 3743 2635; baseline 0.003 -21"><span class='ocrx_word' id='word_1_218' title='bbox 2121 2559 2505 2635; x_wconf 75' lang='lat' dir='ltr'>pretationem</span> <span class='ocrx_word' id='word_1_219' title='bbox 2523 2559 3258 2635; x_wconf 81' lang='lat' dir='ltr'>paraholarumSalomonis</span> <span class='ocrx_word' id='word_1_220' title='bbox 3268 2559 3662 2635; x_wconf 63' lang='lat' dir='ltr'>praecedit,cuj</span> <span class='ocrx_word' id='word_1_221' title='bbox 3672 2582 3743 2619; x_wconf 84' lang='lat' dir='ltr'>us</span> 
     </span>
    </p>
   </div>
   <div class='ocr_carea' id='block_1_38' title="bbox 2122 2631 3742 2704">
    <p class='ocr_par' dir='ltr' id='par_1_38' title="bbox 2122 2631 3742 2704">
     <span class='ocr_line' id='line_1_38' title="bbox 2122 2631 3742 2704; baseline 0.003 -20"><span class='ocrx_word' id='word_1_222' title='bbox 2122 2631 2326 2701; x_wconf 69' lang='lat' dir='ltr'>prima:</span> <span class='ocrx_word' id='word_1_223' title='bbox 2353 2631 2580 2702; x_wconf 67' lang='lat' dir='ltr'>pagina:</span> <span class='ocrx_word' id='word_1_224' title='bbox 2612 2636 2839 2704; x_wconf 83' lang='lat' dir='ltr'>partem</span> <span class='ocrx_word' id='word_1_225' title='bbox 2867 2633 3166 2688; x_wconf 84' lang='lat' dir='ltr'>adversam</span> <span class='ocrx_word' id='word_1_226' title='bbox 3194 2631 3416 2704; x_wconf 78' lang='lat' dir='ltr'>explet;</span> <span class='ocrx_word' id='word_1_227' title='bbox 3448 2636 3548 2692; x_wconf 90' lang='lat' dir='ltr'>sed</span> <span class='ocrx_word' id='word_1_228' title='bbox 3581 2631 3742 2691; x_wconf 78' lang='lat' dir='ltr'>libro</span> 
     </span>
    </p>
   </div>
   <div class='ocr_carea' id='block_1_39' title="bbox 2121 2703 3742 2777">
    <p class='ocr_par' dir='ltr' id='par_1_39' title="bbox 2121 2703 3742 2777">
     <span class='ocr_line' id='line_1_39' title="bbox 2121 2703 3742 2777; baseline 0.004 -23"><span class='ocrx_word' id='word_1_229' title='bbox 2121 2718 2305 2777; x_wconf 84' lang='lat' dir='ltr'>pauca</span> <span class='ocrx_word' id='word_1_230' title='bbox 2322 2705 2454 2755; x_wconf 87' lang='lat' dir='ltr'>ante</span> <span class='ocrx_word' id='word_1_231' title='bbox 2466 2703 2679 2777; x_wconf 71' lang='lat' dir='ltr'>saecula</span> <span class='ocrx_word' id='word_1_232' title='bbox 2699 2703 2892 2777; x_wconf 88' lang='lat' dir='ltr'>denuo</span> <span class='ocrx_word' id='word_1_233' title='bbox 2905 2707 3204 2777; x_wconf 81' lang='lat' dir='ltr'>compacto</span> <span class='ocrx_word' id='word_1_234' title='bbox 3220 2703 3362 2777; x_wconf 85' lang='lat' dir='ltr'>ordo</span> <span class='ocrx_word' id='word_1_235' title='bbox 3378 2705 3742 2777; x_wconf 84' lang='lat' dir='ltr'>paginarum</span> 
     </span>
    </p>
   </div>
   <div class='ocr_carea' id='block_1_40' title="bbox 2120 2773 3739 2845">
    <p class='ocr_par' dir='ltr' id='par_1_40' title="bbox 2120 2773 3739 2845">
     <span class='ocr_line' id='line_1_40' title="bbox 2120 2773 3739 2845; baseline 0.004 -20"><span class='ocrx_word' id='word_1_236' title='bbox 2120 2773 2380 2845; x_wconf 83' lang='lat' dir='ltr'>turbatus</span> <span class='ocrx_word' id='word_1_237' title='bbox 2396 2776 2500 2839; x_wconf 91' lang='lat' dir='ltr'>est,</span> <span class='ocrx_word' id='word_1_238' title='bbox 2523 2773 2603 2827; x_wconf 90' lang='lat' dir='ltr'>ita</span> <span class='ocrx_word' id='word_1_239' title='bbox 2617 2777 2686 2845; x_wconf 78' lang='lat' dir='ltr'>ut</span> <span class='ocrx_word' id='word_1_240' title='bbox 2699 2790 2824 2845; x_wconf 62' lang='lat' dir='ltr'>quae</span> <span class='ocrx_word' id='word_1_241' title='bbox 2838 2774 3012 2829; x_wconf 91' lang='lat' dir='ltr'>hodie</span> <span class='ocrx_word' id='word_1_242' title='bbox 3029 2773 3287 2829; x_wconf 78' lang='lat' dir='ltr'>numeris</span> <span class='ocrx_word' id='word_1_243' title='bbox 3303 2773 3396 2842; x_wconf 71' lang='grc'>71,</span> <span class='ocrx_word' id='word_1_244' title='bbox 3413 2773 3502 2843; x_wconf 66' lang='grc' dir='ltr'>ἹΞ,</span> <span class='ocrx_word' id='word_1_245' title='bbox 3521 2779 3614 2843; x_wconf 84' lang='grc'>73,</span> <span class='ocrx_word' id='word_1_246' title='bbox 3638 2779 3739 2842; x_wconf 68' lang='grc'>84,</span> 
     </span>
    </p>
   </div>
   <div class='ocr_carea' id='block_1_41' title="bbox 2120 2843 3742 2913">
    <p class='ocr_par' dir='ltr' id='par_1_41' title="bbox 2120 2843 3742 2913">
     <span class='ocr_line' id='line_1_41' title="bbox 2120 2843 3742 2913; baseline 0.004 -17"><span class='ocrx_word' id='word_1_247' title='bbox 2120 2843 2409 2898; x_wconf 77' lang='lat' dir='ltr'>continuis</span> <span class='ocrx_word' id='word_1_248' title='bbox 2445 2845 2596 2897; x_wconf 89' lang='lat' dir='ltr'>male</span> <span class='ocrx_word' id='word_1_249' title='bbox 2645 2843 2966 2913; x_wconf 80' lang='lat' dir='ltr'>signantur,</span> <span class='ocrx_word' id='word_1_250' title='bbox 3014 2849 3078 2900; x_wconf 91' lang='lat' dir='ltr'>ut</span> <span class='ocrx_word' id='word_1_251' title='bbox 3120 2845 3540 2900; x_wconf 85' lang='lat' dir='ltr'>sententiarum</span> <span class='ocrx_word' id='word_1_252' title='bbox 3579 2847 3742 2902; x_wconf 86' lang='lat' dir='ltr'>ratio</span> 
     </span>
    </p>
   </div>
   <div class='ocr_carea' id='block_1_42' title="bbox 2120 2913 3734 2986">
    <p class='ocr_par' dir='ltr' id='par_1_42' title="bbox 2120 2913 3734 2986">
     <span class='ocr_line' id='line_1_42' title="bbox 2120 2913 3734 2986; baseline 0.004 -18"><span class='ocrx_word' id='word_1_253' title='bbox 2120 2913 2356 2979; x_wconf 88' lang='lat' dir='ltr'>indicat,</span> <span class='ocrx_word' id='word_1_254' title='bbox 2399 2913 2656 2969; x_wconf 86' lang='lat' dir='ltr'>numeris</span> <span class='ocrx_word' id='word_1_255' title='bbox 2695 2920 2782 2979; x_wconf 80' lang='grc'>71,</span> <span class='ocrx_word' id='word_1_256' title='bbox 2831 2920 2921 2982; x_wconf 84' lang='grc'>72,</span> <span class='ocrx_word' id='word_1_257' title='bbox 2955 2919 3045 2984; x_wconf 88' lang='lat'>79,</span> <span class='ocrx_word' id='word_1_258' title='bbox 3088 2917 3176 2984; x_wconf 89' lang='lat'>80,</span> <span class='ocrx_word' id='word_1_259' title='bbox 3223 2918 3313 2983; x_wconf 78' lang='grc'>81,</span> <span class='ocrx_word' id='word_1_260' title='bbox 3356 2919 3445 2982; x_wconf 80' lang='lat'>82,</span> <span class='ocrx_word' id='word_1_261' title='bbox 3492 2923 3584 2985; x_wconf 88' lang='lat'>77,</span> <span class='ocrx_word' id='word_1_262' title='bbox 3633 2923 3734 2986; x_wconf 87' lang='lat'><strong>78,</strong></span> 
     </span>
    </p>
   </div>
   <div class='ocr_carea' id='block_1_43' title="bbox 2120 2986 3738 3069">
    <p class='ocr_par' dir='ltr' id='par_1_43' title="bbox 2120 2986 3738 3069">
     <span class='ocr_line' id='line_1_43' title="bbox 2120 2986 3738 3069; baseline 0.004 -31"><span class='ocrx_word' id='word_1_263' title='bbox 2120 2986 2210 3069; x_wconf 71' lang='lat'><strong>73,</strong></span> <span class='ocrx_word' id='word_1_264' title='bbox 2233 2986 2452 3069; x_wconf 43' lang='grc' dir='ltr'>Ἡρβῇ</span> <span class='ocrx_word' id='word_1_265' title='bbox 2477 2987 2569 3051; x_wconf 89' lang='lat'><strong>76,</strong></span> <span class='ocrx_word' id='word_1_266' title='bbox 2603 2988 2693 3069; x_wconf 57' lang='lat'>93,</span> <span class='ocrx_word' id='word_1_267' title='bbox 2728 2987 2816 3066; x_wconf 59' lang='lat'>$4,</span> <span class='ocrx_word' id='word_1_268' title='bbox 2846 2986 3154 3069; x_wconf 59' lang='lat' dir='ltr'>signanda:</span> <span class='ocrx_word' id='word_1_269' title='bbox 3170 2986 3284 3069; x_wconf 69' lang='lat' dir='ltr'>sint</span> <span class='ocrx_word' id='word_1_270' title='bbox 3307 3004 3321 3056; x_wconf 91' lang='lat'><strong>;</strong></span> <span class='ocrx_word' id='word_1_271' title='bbox 3354 3004 3604 3069; x_wconf 88' lang='lat' dir='ltr'>quarum</span> <span class='ocrx_word' id='word_1_272' title='bbox 3631 2988 3738 3069; x_wconf 61' lang='lat' dir='ltr'>(Illi</span> 
     </span>
    </p>
   </div>
   <div class='ocr_carea' id='block_1_44' title="bbox 2121 3055 3738 3126">
    <p class='ocr_par' dir='ltr' id='par_1_44' title="bbox 2121 3055 3738 3126">
     <span class='ocr_line' id='line_1_44' title="bbox 2121 3055 3738 3126; baseline 0.004 -18"><span class='ocrx_word' id='word_1_273' title='bbox 2121 3055 2254 3109; x_wconf 91' lang='lat' dir='ltr'>dem</span> <span class='ocrx_word' id='word_1_274' title='bbox 2286 3057 2463 3126; x_wconf 12' lang='lat'><strong>71-78,</strong></span> <span class='ocrx_word' id='word_1_275' title='bbox 2485 3055 2949 3126; x_wconf 82' lang='lat' dir='ltr'>quaternionem,</span> <span class='ocrx_word' id='word_1_276' title='bbox 2989 3060 3158 3114; x_wconf 85' lang='lat'><strong>79-82</strong></span> <span class='ocrx_word' id='word_1_277' title='bbox 3189 3055 3574 3114; x_wconf 83' lang='lat' dir='ltr'>duernionem</span> <span class='ocrx_word' id='word_1_278' title='bbox 3601 3055 3738 3115; x_wconf 73' lang='lat' dir='ltr'>efﬁ—</span> 
     </span>
    </p>
   </div>
   <div class='ocr_carea' id='block_1_45' title="bbox 2120 3125 3736 3200">
    <p class='ocr_par' dir='ltr' id='par_1_45' title="bbox 2120 3125 3736 3200">
     <span class='ocr_line' id='line_1_45' title="bbox 2120 3125 3736 3200; baseline 0.004 -22"><span class='ocrx_word' id='word_1_279' title='bbox 2120 3126 2298 3200; x_wconf 80' lang='lat' dir='ltr'>ciunt,</span> <span class='ocrx_word' id='word_1_280' title='bbox 2332 3128 2403 3200; x_wconf 87' lang='lat'>8_3_</span> <span class='ocrx_word' id='word_1_281' title='bbox 2436 3125 2736 3200; x_wconf 83' lang='lat' dir='ltr'>dimidiata</span> <span class='ocrx_word' id='word_1_282' title='bbox 2765 3130 2870 3200; x_wconf 90' lang='lat' dir='ltr'>est,</span> <span class='ocrx_word' id='word_1_283' title='bbox 2900 3130 2968 3183; x_wconf 73' lang='grc'>84</span> <span class='ocrx_word' id='word_1_284' title='bbox 2997 3131 3162 3200; x_wconf 87' lang='lat' dir='ltr'>parte</span> <span class='ocrx_word' id='word_1_285' title='bbox 3192 3145 3387 3184; x_wconf 86' lang='lat' dir='ltr'>aversa</span> <span class='ocrx_word' id='word_1_286' title='bbox 3416 3130 3736 3186; x_wconf 89' lang='lat' dir='ltr'>Parabola-</span> 
     </span>
    </p>
   </div>
   <div class='ocr_carea' id='block_1_46' title="bbox 2119 3195 3733 3270">
    <p class='ocr_par' dir='ltr' id='par_1_46' title="bbox 2119 3195 3733 3270">
     <span class='ocr_line' id='line_1_46' title="bbox 2119 3195 3733 3270; baseline 0.004 -19"><span class='ocrx_word' id='word_1_287' title='bbox 2119 3212 2252 3251; x_wconf 89' lang='lat' dir='ltr'>rum</span> <span class='ocrx_word' id='word_1_288' title='bbox 2279 3195 2511 3250; x_wconf 88' lang='lat' dir='ltr'>initium</span> <span class='ocrx_word' id='word_1_289' title='bbox 2543 3197 2797 3270; x_wconf 72' lang='lat' dir='ltr'>exhibet.</span> <span class='ocrx_word' id='word_1_290' title='bbox 2824 3199 2974 3266; x_wconf 86' lang='lat' dir='ltr'>Jam,</span> <span class='ocrx_word' id='word_1_291' title='bbox 2997 3195 3159 3270; x_wconf 77' lang='lat' dir='ltr'>justo</span> <span class='ocrx_word' id='word_1_292' title='bbox 3199 3200 3404 3255; x_wconf 86' lang='lat' dir='ltr'>ordine</span> <span class='ocrx_word' id='word_1_293' title='bbox 3433 3201 3733 3269; x_wconf 89' lang='lat' dir='ltr'>restituto,</span> 
     </span>
    </p>
   </div>
   <div class='ocr_carea' id='block_1_47' title="bbox 2118 3269 2988 3339">
    <p class='ocr_par' dir='ltr' id='par_1_47' title="bbox 2118 3269 2988 3339">
     <span class='ocr_line' id='line_1_47' title="bbox 2118 3269 2988 3339; baseline 0.002 -17"><span class='ocrx_word' id='word_1_294' title='bbox 2118 3270 2352 3339; x_wconf 86' lang='lat' dir='ltr'>poetam</span> <span class='ocrx_word' id='word_1_295' title='bbox 2373 3271 2638 3323; x_wconf 89' lang='lat' dir='ltr'>nostrum</span> <span class='ocrx_word' id='word_1_296' title='bbox 2670 3269 2988 3324; x_wconf 83' lang='lat' dir='ltr'>audiamus.</span> 
     </span>
    </p>
   </div>
   <div class='ocr_carea' id='block_1_48' title="bbox 1017 3415 3123 3507">
    <p class='ocr_par' dir='ltr' id='par_1_48' title="bbox 1017 3415 3123 3507">
     <span class='ocr_line' id='line_1_48' title="bbox 1017 3415 3123 3507; baseline -0.002 0"><span class='ocrx_word' id='word_1_297' title='bbox 1017 3421 1168 3507; x_wconf 91' lang='lat' dir='ltr'><strong>DE</strong></span> <span class='ocrx_word' id='word_1_298' title='bbox 1256 3417 1642 3507; x_wconf 90' lang='lat' dir='ltr'>GESTIS</span> <span class='ocrx_word' id='word_1_299' title='bbox 1722 3415 2533 3506; x_wconf 85' lang='lat' dir='ltr'>WITIGOWONIS</span> <span class='ocrx_word' id='word_1_300' title='bbox 2620 3417 3123 3506; x_wconf 89' lang='lat' dir='ltr'>ABBATIS.</span> 
     </span>
    </p>
   </div>
   <div class='ocr_carea' id='block_1_49' title="bbox 485 3569 3737 3647">
    <p class='ocr_par' dir='ltr' id='par_1_49' title="bbox 485 3569 3737 3647">
     <span class='ocr_line' id='line_1_49' title="bbox 485 3569 3737 3647; baseline 0 -17"><span class='ocrx_word' id='word_1_301' title='bbox 485 3573 966 3632; x_wconf 84' lang='lat' dir='ltr'>Reverentissimo</span> <span class='ocrx_word' id='word_1_302' title='bbox 989 3573 1365 3647; x_wconf 83' lang='lat' dir='ltr'>Augiensium</span> <span class='ocrx_word' id='word_1_303' title='bbox 1389 3575 1624 3628; x_wconf 86' lang='lat' dir='ltr'>Patrum</span> <span class='ocrx_word' id='word_1_304' title='bbox 1657 3571 1901 3638; x_wconf 89' lang='lat' dir='ltr'>senatui,</span> <span class='ocrx_word' id='word_1_305' title='bbox 1921 3570 2030 3643; x_wconf 90' lang='lat' dir='ltr'>spi-</span> <span class='ocrx_word' id='word_1_306' title='bbox 2061 3569 2409 3643; x_wconf 86' lang='lat' dir='ltr'>Bpossibilis</span> <span class='ocrx_word' id='word_1_307' title='bbox 2439 3569 2806 3626; x_wconf 81' lang='lat' dir='ltr'>obcedientia.</span> <span class='ocrx_word' id='word_1_308' title='bbox 2841 3572 3050 3644; x_wconf 86' lang='lat' dir='ltr'>Scripsi</span> <span class='ocrx_word' id='word_1_309' title='bbox 3082 3572 3261 3642; x_wconf 91' lang='lat' dir='ltr'>enim,</span> <span class='ocrx_word' id='word_1_310' title='bbox 3291 3576 3481 3631; x_wconf 85' lang='lat' dir='ltr'>vestra</span> <span class='ocrx_word' id='word_1_311' title='bbox 3501 3578 3737 3632; x_wconf 87' lang='lat' dir='ltr'>coactus</span> 
     </span>
    </p>
   </div>
   <div class='ocr_carea' id='block_1_50' title="bbox 413 3659 3736 3734">
    <p class='ocr_par' dir='ltr' id='par_1_50' title="bbox 413 3659 3736 3734">
     <span class='ocr_line' id='line_1_50' title="bbox 413 3659 3736 3734; baseline -0 -14"><span class='ocrx_word' id='word_1_312' title='bbox 413 3663 646 3724; x_wconf 88' lang='lat' dir='ltr'>ritalem</span> <span class='ocrx_word' id='word_1_313' title='bbox 678 3665 852 3720; x_wconf 91' lang='lat' dir='ltr'>vitam</span> <span class='ocrx_word' id='word_1_314' title='bbox 879 3664 938 3718; x_wconf 87' lang='lat' dir='ltr'>in</span> <span class='ocrx_word' id='word_1_315' title='bbox 966 3663 1169 3719; x_wconf 88' lang='lat' dir='ltr'>Christi</span> <span class='ocrx_word' id='word_1_316' title='bbox 1195 3663 1502 3718; x_wconf 83' lang='lat' dir='ltr'>dilectione</span> <span class='ocrx_word' id='word_1_317' title='bbox 1533 3661 1868 3734; x_wconf 87' lang='lat' dir='ltr'>possidenti,</span> <span class='ocrx_word' id='word_1_318' title='bbox 1893 3662 2028 3715; x_wconf 89' lang='lat' dir='ltr'>Pur-</span> <span class='ocrx_word' id='word_1_319' title='bbox 2120 3659 2632 3730; x_wconf 89' lang='lat' dir='ltr'>jussione,quando</span> <span class='ocrx_word' id='word_1_320' title='bbox 2646 3660 2817 3730; x_wconf 89' lang='lat' dir='ltr'>cepit,</span> <span class='ocrx_word' id='word_1_321' title='bbox 2839 3661 2922 3714; x_wconf 87' lang='lat' dir='ltr'>vel</span> <span class='ocrx_word' id='word_1_322' title='bbox 2941 3662 3233 3732; x_wconf 91' lang='lat' dir='ltr'>quomodo</span> <span class='ocrx_word' id='word_1_323' title='bbox 3247 3662 3518 3718; x_wconf 90' lang='lat' dir='ltr'>dominus</span> <span class='ocrx_word' id='word_1_324' title='bbox 3537 3665 3736 3723; x_wconf 86' lang='lat' dir='ltr'>noster</span> 
     </span>
    </p>
   </div>
   <div class='ocr_carea' id='block_1_51' title="bbox 413 3748 2024 3824">
    <p class='ocr_par' dir='ltr' id='par_1_51' title="bbox 413 3748 2024 3824">
     <span class='ocr_line' id='line_1_51' title="bbox 413 3748 2024 3824; baseline -0.004 -16"><span class='ocrx_word' id='word_1_325' title='bbox 413 3752 595 3819; x_wconf 91' lang='lat' dir='ltr'>chart,</span> <span class='ocrx_word' id='word_1_326' title='bbox 622 3753 788 3824; x_wconf 85' lang='lat' dir='ltr'>juxta</span> <span class='ocrx_word' id='word_1_327' title='bbox 819 3756 996 3809; x_wconf 66' lang='lat' dir='ltr'>tantm</span> <span class='ocrx_word' id='word_1_328' title='bbox 1026 3751 1394 3808; x_wconf 86' lang='lat' dir='ltr'>sublimitatis</span> <span class='ocrx_word' id='word_1_329' title='bbox 1427 3751 1568 3804; x_wconf 90' lang='lat' dir='ltr'>velle</span> <span class='ocrx_word' id='word_1_330' title='bbox 1605 3767 1664 3803; x_wconf 89' lang='lat' dir='ltr'>se</span> <span class='ocrx_word' id='word_1_331' title='bbox 1694 3752 1758 3803; x_wconf 94' lang='lat' dir='ltr'>ut</span> <span class='ocrx_word' id='word_1_332' title='bbox 1787 3748 2024 3803; x_wconf 87' lang='lat' dir='ltr'>inferio-</span> 
     </span>
    </p>
   </div>
   <div class='ocr_carea' id='block_1_52' title="bbox 413 3840 1214 3896">
    <p class='ocr_par' dir='ltr' id='par_1_52' title="bbox 413 3840 1214 3896">
     <span class='ocr_line' id='line_1_52' title="bbox 413 3840 1214 3896; baseline -0.005 0"><span class='ocrx_word' id='word_1_333' title='bbox 413 3858 538 3896; x_wconf 89' lang='lat' dir='ltr'>rem</span> <span class='ocrx_word' id='word_1_334' title='bbox 570 3841 628 3895; x_wconf 91' lang='lat' dir='ltr'>in</span> <span class='ocrx_word' id='word_1_335' title='bbox 657 3841 925 3896; x_wconf 90' lang='lat' dir='ltr'>omnibus</span> <span class='ocrx_word' id='word_1_336' title='bbox 958 3840 1214 3894; x_wconf 88' lang='lat' dir='ltr'>obedire.</span> 
     </span>
    </p>
   </div>
   <div class='ocr_carea' id='block_1_53' title="bbox 495 3924 2023 3998">
    <p class='ocr_par' dir='ltr' id='par_1_53' title="bbox 495 3924 2023 3998">
     <span class='ocr_line' id='line_1_53' title="bbox 495 3924 2023 3998; baseline 0.002 -18"><span class='ocrx_word' id='word_1_337' title='bbox 495 3953 523 3981; x_wconf 77' lang='grc' dir='ltr'>α</span> <span class='ocrx_word' id='word_1_338' title='bbox 542 3930 686 3985; x_wconf 91' lang='lat' dir='ltr'>Cum</span> <span class='ocrx_word' id='word_1_339' title='bbox 714 3929 896 3984; x_wconf 91' lang='lat' dir='ltr'>totius</span> <span class='ocrx_word' id='word_1_340' title='bbox 922 3928 1053 3982; x_wconf 90' lang='lat' dir='ltr'>fons</span> <span class='ocrx_word' id='word_1_341' title='bbox 1073 3924 1370 3998; x_wconf 64' lang='lat' dir='ltr'>sapientia:</span> <span class='ocrx_word' id='word_1_342' title='bbox 1399 3924 1660 3980; x_wconf 91' lang='lat' dir='ltr'>videatur</span> <span class='ocrx_word' id='word_1_343' title='bbox 1675 3926 1974 3982; x_wconf 88' lang='lat' dir='ltr'>derivatim</span> <span class='ocrx_word' id='word_1_344' title='bbox 1992 3946 2023 3983; x_wconf 94' lang='lat' dir='ltr'>e</span> 
     </span>
    </p>
   </div>
   <div class='ocr_carea' id='block_1_54' title="bbox 412 4013 2022 4086">
    <p class='ocr_par' dir='ltr' id='par_1_54' title="bbox 412 4013 2022 4086">
     <span class='ocr_line' id='line_1_54' title="bbox 412 4013 2022 4086; baseline -0.002 -12"><span class='ocrx_word' id='word_1_345' title='bbox 412 4019 584 4074; x_wconf 88' lang='lat' dir='ltr'>vestri</span> <span class='ocrx_word' id='word_1_346' title='bbox 633 4017 898 4073; x_wconf 91' lang='lat' dir='ltr'>cordium</span> <span class='ocrx_word' id='word_1_347' title='bbox 945 4013 1174 4070; x_wconf 89' lang='lat' dir='ltr'>ﬂuentis</span> <span class='ocrx_word' id='word_1_348' title='bbox 1219 4029 1517 4078; x_wconf 87' lang='lat' dir='ltr'>emanare,</span> <span class='ocrx_word' id='word_1_349' title='bbox 1563 4017 1734 4086; x_wconf 90' lang='lat' dir='ltr'>atque</span> <span class='ocrx_word' id='word_1_350' title='bbox 1780 4015 2022 4072; x_wconf 87' lang='lat' dir='ltr'>virentia</span> 
     </span>
    </p>
   </div>
   <div class='ocr_carea' id='block_1_55' title="bbox 415 4101 2016 4180">
    <p class='ocr_par' dir='ltr' id='par_1_55' title="bbox 415 4101 2016 4180">
     <span class='ocr_line' id='line_1_55' title="bbox 415 4101 2016 4180; baseline -0.002 -18"><span class='ocrx_word' id='word_1_351' title='bbox 415 4109 581 4180; x_wconf 90' lang='lat' dir='ltr'>prata</span> <span class='ocrx_word' id='word_1_352' title='bbox 610 4106 932 4160; x_wconf 79' lang='lat' dir='ltr'>vestrorum</span> <span class='ocrx_word' id='word_1_353' title='bbox 961 4102 1274 4157; x_wconf 90' lang='lat' dir='ltr'>secundum</span> <span class='ocrx_word' id='word_1_354' title='bbox 1308 4101 1676 4172; x_wconf 87' lang='lat' dir='ltr'>apostolicam</span> <span class='ocrx_word' id='word_1_355' title='bbox 1710 4120 2016 4174; x_wconf 89' lang='lat' dir='ltr'>regenera-</span> 
     </span>
    </p>
   </div>
   <div class='ocr_carea' id='block_1_56' title="bbox 413 4190 2018 4261">
    <p class='ocr_par' dir='ltr' id='par_1_56' title="bbox 413 4190 2018 4261">
     <span class='ocr_line' id='line_1_56' title="bbox 413 4190 2018 4261; baseline -0.001 -11"><span class='ocrx_word' id='word_1_356' title='bbox 413 4195 638 4250; x_wconf 88' lang='lat' dir='ltr'>tionem</span> <span class='ocrx_word' id='word_1_357' title='bbox 661 4193 914 4246; x_wconf 85' lang='lat' dir='ltr'>filiorum</span> <span class='ocrx_word' id='word_1_358' title='bbox 940 4190 1289 4261; x_wconf 87' lang='lat' dir='ltr'>indaganter</span> <span class='ocrx_word' id='word_1_359' title='bbox 1307 4190 1568 4261; x_wconf 85' lang='lat' dir='ltr'>irrigare.</span> <span class='ocrx_word' id='word_1_360' title='bbox 1589 4191 1789 4259; x_wconf 91' lang='lat' dir='ltr'>miror,</span> <span class='ocrx_word' id='word_1_361' title='bbox 1807 4210 1907 4247; x_wconf 84' lang='lat' dir='ltr'>cur</span> <span class='ocrx_word' id='word_1_362' title='bbox 1923 4211 2018 4250; x_wconf 88' lang='lat' dir='ltr'>me</span> 
     </span>
    </p>
   </div>
   <div class='ocr_carea' id='block_1_57' title="bbox 412 4278 2018 4352">
    <p class='ocr_par' dir='ltr' id='par_1_57' title="bbox 412 4278 2018 4352">
     <span class='ocr_line' id='line_1_57' title="bbox 412 4278 2018 4352; baseline -0.001 -13"><span class='ocrx_word' id='word_1_363' title='bbox 412 4286 624 4339; x_wconf 89' lang='lat' dir='ltr'>horum</span> <span class='ocrx_word' id='word_1_364' title='bbox 656 4280 918 4336; x_wconf 90' lang='lat' dir='ltr'>omnium</span> <span class='ocrx_word' id='word_1_365' title='bbox 952 4278 1404 4346; x_wconf 90' lang='lat' dir='ltr'>stolidissimum,</span> <span class='ocrx_word' id='word_1_366' title='bbox 1429 4280 1523 4352; x_wconf 89' lang='lat' dir='ltr'>qui</span> <span class='ocrx_word' id='word_1_367' title='bbox 1546 4298 1649 4336; x_wconf 90' lang='lat' dir='ltr'>nec</span> <span class='ocrx_word' id='word_1_368' title='bbox 1672 4281 1903 4336; x_wconf 90' lang='lat' dir='ltr'>ﬂosculo</span> <span class='ocrx_word' id='word_1_369' title='bbox 1927 4301 2018 4340; x_wconf 73' lang='lat' dir='ltr'>ex-</span> 
     </span>
    </p>
   </div>
   <div class='ocr_carea' id='block_1_58' title="bbox 415 4366 2016 4441">
    <p class='ocr_par' dir='ltr' id='par_1_58' title="bbox 415 4366 2016 4441">
     <span class='ocr_line' id='line_1_58' title="bbox 415 4366 2016 4441; baseline -0.001 -14"><span class='ocrx_word' id='word_1_370' title='bbox 415 4368 730 4428; x_wconf 90' lang='lat' dir='ltr'>arescentis</span> <span class='ocrx_word' id='word_1_371' title='bbox 761 4367 879 4422; x_wconf 87' lang='lat' dir='ltr'>feni</span> <span class='ocrx_word' id='word_1_372' title='bbox 906 4369 1020 4422; x_wconf 90' lang='lat' dir='ltr'>ulla</span> <span class='ocrx_word' id='word_1_373' title='bbox 1050 4366 1272 4423; x_wconf 86' lang='lat' dir='ltr'>ratione</span> <span class='ocrx_word' id='word_1_374' title='bbox 1299 4384 1530 4440; x_wconf 91' lang='lat' dir='ltr'>possum</span> <span class='ocrx_word' id='word_1_375' title='bbox 1569 4371 1914 4441; x_wconf 85' lang='lat' dir='ltr'>comparari,</span> <span class='ocrx_word' id='word_1_376' title='bbox 1943 4373 2016 4426; x_wconf 89' lang='lat' dir='ltr'>ad</span> 
     </span>
    </p>
   </div>
   <div class='ocr_carea' id='block_1_59' title="bbox 414 4455 2016 4530">
    <p class='ocr_par' dir='ltr' id='par_1_59' title="bbox 414 4455 2016 4530">
     <span class='ocr_line' id='line_1_59' title="bbox 414 4455 2016 4530; baseline -0.001 -15"><span class='ocrx_word' id='word_1_377' title='bbox 414 4465 535 4515; x_wconf 89' lang='lat' dir='ltr'>tam</span> <span class='ocrx_word' id='word_1_378' title='bbox 570 4455 818 4512; x_wconf 87' lang='lat' dir='ltr'>sublime</span> <span class='ocrx_word' id='word_1_379' title='bbox 849 4473 990 4527; x_wconf 90' lang='lat' dir='ltr'>opus</span> <span class='ocrx_word' id='word_1_380' title='bbox 1015 4455 1380 4511; x_wconf 88' lang='lat' dir='ltr'>scribendum</span> <span class='ocrx_word' id='word_1_381' title='bbox 1397 4456 1541 4512; x_wconf 91' lang='lat' dir='ltr'>sicut</span> <span class='ocrx_word' id='word_1_382' title='bbox 1564 4457 1624 4512; x_wconf 89' lang='lat' dir='ltr'>in</span> <span class='ocrx_word' id='word_1_383' title='bbox 1649 4459 2016 4530; x_wconf 86' lang='lat' dir='ltr'>sequentibus</span> 
     </span>
    </p>
   </div>
   <div class='ocr_carea' id='block_1_60' title="bbox 415 4544 2018 4622">
    <p class='ocr_par' dir='ltr' id='par_1_60' title="bbox 415 4544 2018 4622">
     <span class='ocr_line' id='line_1_60' title="bbox 415 4544 2018 4622; baseline -0.001 -17"><span class='ocrx_word' id='word_1_384' title='bbox 415 4549 656 4622; x_wconf 83' lang='lat' dir='ltr'>apparet</span> <span class='ocrx_word' id='word_1_385' title='bbox 685 4545 897 4617; x_wconf 84' lang='lat' dir='ltr'>eligere</span> <span class='ocrx_word' id='word_1_386' title='bbox 929 4544 1334 4616; x_wconf 89' lang='lat' dir='ltr'>dignaremini.</span> <span class='ocrx_word' id='word_1_387' title='bbox 1385 4545 1498 4601; x_wconf 93' lang='lat' dir='ltr'>Sed</span> <span class='ocrx_word' id='word_1_388' title='bbox 1539 4563 1634 4601; x_wconf 90' lang='lat' dir='ltr'>me</span> <span class='ocrx_word' id='word_1_389' title='bbox 1664 4550 1727 4601; x_wconf 92' lang='lat' dir='ltr'>ut</span> <span class='ocrx_word' id='word_1_390' title='bbox 1757 4547 2018 4604; x_wconf 87' lang='lat' dir='ltr'>existimo</span> 
     </span>
    </p>
   </div>
   <div class='ocr_carea' id='block_1_61' title="bbox 414 4633 2022 4706">
    <p class='ocr_par' dir='ltr' id='par_1_61' title="bbox 414 4633 2022 4706">
     <span class='ocr_line' id='line_1_61' title="bbox 414 4633 2022 4706; baseline -0.001 -14"><span class='ocrx_word' id='word_1_391' title='bbox 414 4635 581 4703; x_wconf 88' lang='lat' dir='ltr'>scire,</span> <span class='ocrx_word' id='word_1_392' title='bbox 611 4638 802 4690; x_wconf 84' lang='lat' dir='ltr'>vestra</span> <span class='ocrx_word' id='word_1_393' title='bbox 824 4633 1161 4706; x_wconf 88' lang='lat' dir='ltr'>paternitas,</span> <span class='ocrx_word' id='word_1_394' title='bbox 1195 4650 1424 4706; x_wconf 86' lang='lat' dir='ltr'>semper</span> <span class='ocrx_word' id='word_1_395' title='bbox 1459 4633 1686 4704; x_wconf 89' lang='lat' dir='ltr'>pietatis</span> <span class='ocrx_word' id='word_1_396' title='bbox 1716 4634 2022 4690; x_wconf 87' lang='lat' dir='ltr'>visceribus</span> 
     </span>
    </p>
   </div>
   <div class='ocr_carea' id='block_1_62' title="bbox 412 4721 2025 4794">
    <p class='ocr_par' dir='ltr' id='par_1_62' title="bbox 412 4721 2025 4794">
     <span class='ocr_line' id='line_1_62' title="bbox 412 4721 2025 4794; baseline -0.002 -14"><span class='ocrx_word' id='word_1_397' title='bbox 412 4724 766 4788; x_wconf 87' lang='lat' dir='ltr'>redundans,</span> <span class='ocrx_word' id='word_1_398' title='bbox 791 4723 974 4779; x_wconf 93' lang='lat' dir='ltr'>doluit</span> <span class='ocrx_word' id='word_1_399' title='bbox 996 4739 1092 4778; x_wconf 89' lang='lat' dir='ltr'>me</span> <span class='ocrx_word' id='word_1_400' title='bbox 1119 4738 1326 4778; x_wconf 88' lang='lat' dir='ltr'>somno</span> <span class='ocrx_word' id='word_1_401' title='bbox 1346 4721 1593 4794; x_wconf 67' lang='lat' dir='ltr'>pigritiae</span> <span class='ocrx_word' id='word_1_402' title='bbox 1615 4722 1872 4778; x_wconf 89' lang='lat' dir='ltr'>deditum</span> <span class='ocrx_word' id='word_1_403' title='bbox 1895 4723 2025 4778; x_wconf 92' lang='lat' dir='ltr'>imis</span> 
     </span>
    </p>
   </div>
   <div class='ocr_carea' id='block_1_63' title="bbox 2126 3747 3740 3820">
    <p class='ocr_par' dir='ltr' id='par_1_63' title="bbox 2126 3747 3740 3820">
     <span class='ocr_line' id='line_1_63' title="bbox 2126 3747 3740 3820; baseline 0.005 -20"><span class='ocrx_word' id='word_1_404' title='bbox 2126 3747 2466 3802; x_wconf 88' lang='lat' dir='ltr'>venerabilis</span> <span class='ocrx_word' id='word_1_405' title='bbox 2489 3748 2664 3802; x_wconf 90' lang='lat' dir='ltr'>abbas</span> <span class='ocrx_word' id='word_1_406' title='bbox 2689 3748 2983 3820; x_wconf 89' lang='lat' dir='ltr'>Witigowo</span> <span class='ocrx_word' id='word_1_407' title='bbox 3006 3749 3282 3806; x_wconf 90' lang='lat' dir='ltr'>virtutum</span> <span class='ocrx_word' id='word_1_408' title='bbox 3316 3751 3516 3806; x_wconf 88' lang='lat' dir='ltr'>studiis</span> <span class='ocrx_word' id='word_1_409' title='bbox 3539 3753 3599 3806; x_wconf 89' lang='lat' dir='ltr'>in</span> <span class='ocrx_word' id='word_1_410' title='bbox 3630 3753 3740 3808; x_wconf 86' lang='lat' dir='ltr'>hac</span> 
     </span>
    </p>
   </div>
   <div class='ocr_carea' id='block_1_64' title="bbox 2124 3835 3743 3910">
    <p class='ocr_par' dir='ltr' id='par_1_64' title="bbox 2124 3835 3743 3910">
     <span class='ocr_line' id='line_1_64' title="bbox 2124 3835 3743 3910; baseline 0.003 -20"><span class='ocrx_word' id='word_1_411' title='bbox 2124 3835 2321 3890; x_wconf 88' lang='lat' dir='ltr'>ﬂoruit</span> <span class='ocrx_word' id='word_1_412' title='bbox 2341 3839 2644 3908; x_wconf 87' lang='lat' dir='ltr'>potestate,</span> <span class='ocrx_word' id='word_1_413' title='bbox 2674 3837 2967 3908; x_wconf 89' lang='lat' dir='ltr'>quomodo</span> <span class='ocrx_word' id='word_1_414' title='bbox 2988 3838 3164 3893; x_wconf 89' lang='lat' dir='ltr'>etiam</span> <span class='ocrx_word' id='word_1_415' title='bbox 3181 3839 3241 3893; x_wconf 89' lang='lat' dir='ltr'>in</span> <span class='ocrx_word' id='word_1_416' title='bbox 3258 3856 3372 3894; x_wconf 77' lang='lat' dir='ltr'>suae</span> <span class='ocrx_word' id='word_1_417' title='bbox 3400 3839 3743 3910; x_wconf 89' lang='lat' dir='ltr'>prelationis</span> 
     </span>
    </p>
   </div>
   <div class='ocr_carea' id='block_1_65' title="bbox 2125 3923 3740 3997">
    <p class='ocr_par' dir='ltr' id='par_1_65' title="bbox 2125 3923 3740 3997">
     <span class='ocr_line' id='line_1_65' title="bbox 2125 3923 3740 3997; baseline 0.003 -19"><span class='ocrx_word' id='word_1_418' title='bbox 2125 3923 2284 3978; x_wconf 89' lang='lat' dir='ltr'>initio</span> <span class='ocrx_word' id='word_1_419' title='bbox 2314 3924 2531 3996; x_wconf 62' lang='lat' dir='ltr'>prandia</span> <span class='ocrx_word' id='word_1_420' title='bbox 2562 3927 2782 3992; x_wconf 90' lang='lat' dir='ltr'>nostra,</span> <span class='ocrx_word' id='word_1_421' title='bbox 2813 3928 3074 3997; x_wconf 87' lang='lat' dir='ltr'>tempore</span> <span class='ocrx_word' id='word_1_422' title='bbox 3105 3927 3477 3983; x_wconf 85' lang='lat' dir='ltr'>Ruodmanni</span> <span class='ocrx_word' id='word_1_423' title='bbox 3511 3928 3740 3984; x_wconf 91' lang='lat' dir='ltr'>abbatis</span> 
     </span>
    </p>
   </div>
   <div class='ocr_carea' id='block_1_66' title="bbox 2123 4012 3738 4088">
    <p class='ocr_par' dir='ltr' id='par_1_66' title="bbox 2123 4012 3738 4088">
     <span class='ocr_line' id='line_1_66' title="bbox 2123 4012 3738 4088; baseline 0.004 -23"><span class='ocrx_word' id='word_1_424' title='bbox 2123 4012 2406 4088; x_wconf 56' lang='lat' dir='ltr'>captivata</span> <span class='ocrx_word' id='word_1_425' title='bbox 2446 4029 2605 4084; x_wconf 86' lang='lat' dir='ltr'>pace,</span> <span class='ocrx_word' id='word_1_426' title='bbox 2640 4013 2710 4067; x_wconf 91' lang='lat' dir='ltr'>ab</span> <span class='ocrx_word' id='word_1_427' title='bbox 2748 4013 3101 4069; x_wconf 88' lang='lat' dir='ltr'>invasoribus</span> <span class='ocrx_word' id='word_1_428' title='bbox 3133 4016 3357 4088; x_wconf 90' lang='lat' dir='ltr'>direpta</span> <span class='ocrx_word' id='word_1_429' title='bbox 3391 4016 3738 4088; x_wconf 87' lang='lat' dir='ltr'>penitusque</span> 
     </span>
    </p>
   </div>
   <div class='ocr_carea' id='block_1_67' title="bbox 2119 4081 3735 4177">
    <p class='ocr_par' dir='ltr' id='par_1_67' title="bbox 2119 4081 3735 4177">
     <span class='ocr_line' id='line_1_67' title="bbox 2119 4081 3735 4177; baseline 0.004 -23"><span class='ocrx_word' id='word_1_430' title='bbox 2119 4081 2357 4167; x_wconf 44' lang='lat' dir='ltr'>vastata,</span> <span class='ocrx_word' id='word_1_431' title='bbox 2379 4081 2750 4171; x_wconf 79' lang='lat' dir='ltr'>inintegrum</span> <span class='ocrx_word' id='word_1_432' title='bbox 2768 4103 3126 4174; x_wconf 89' lang='lat' dir='ltr'>adquirendo</span> <span class='ocrx_word' id='word_1_433' title='bbox 3147 4081 3413 4171; x_wconf 64' lang='lat' dir='ltr'>restituit,</span> <span class='ocrx_word' id='word_1_434' title='bbox 3435 4108 3495 4160; x_wconf 89' lang='lat' dir='ltr'>et</span> <span class='ocrx_word' id='word_1_435' title='bbox 3515 4081 3735 4177; x_wconf 75' lang='lat' dir='ltr'>quanto</span> 
     </span>
    </p>
   </div>
   <div class='ocr_carea' id='block_1_68' title="bbox 2121 4189 3734 4264">
    <p class='ocr_par' dir='ltr' id='par_1_68' title="bbox 2121 4189 3734 4264">
     <span class='ocr_line' id='line_1_68' title="bbox 2121 4189 3734 4264; baseline 0.002 -20"><span class='ocrx_word' id='word_1_436' title='bbox 2121 4191 2330 4244; x_wconf 90' lang='lat' dir='ltr'>ardore</span> <span class='ocrx_word' id='word_1_437' title='bbox 2352 4189 2409 4243; x_wconf 91' lang='lat' dir='ltr'>in</span> <span class='ocrx_word' id='word_1_438' title='bbox 2441 4189 2674 4245; x_wconf 85' lang='lat' dir='ltr'>servitio</span> <span class='ocrx_word' id='word_1_439' title='bbox 2704 4190 2802 4244; x_wconf 91' lang='lat' dir='ltr'>Dei</span> <span class='ocrx_word' id='word_1_440' title='bbox 2830 4192 3105 4262; x_wconf 87' lang='lat' dir='ltr'>ﬂagrans,</span> <span class='ocrx_word' id='word_1_441' title='bbox 3137 4193 3211 4246; x_wconf 93' lang='lat' dir='ltr'>ad</span> <span class='ocrx_word' id='word_1_442' title='bbox 3237 4193 3359 4264; x_wconf 89' lang='lat' dir='ltr'>ipsa</span> <span class='ocrx_word' id='word_1_443' title='bbox 3389 4192 3588 4248; x_wconf 86' lang='lat' dir='ltr'>divina</span> <span class='ocrx_word' id='word_1_444' title='bbox 3606 4193 3734 4248; x_wconf 79' lang='lat' dir='ltr'>offi-</span> 
     </span>
    </p>
   </div>
   <div class='ocr_carea' id='block_1_69' title="bbox 2118 4279 3735 4352">
    <p class='ocr_par' dir='ltr' id='par_1_69' title="bbox 2118 4279 3735 4352">
     <span class='ocr_line' id='line_1_69' title="bbox 2118 4279 3735 4352; baseline 0.001 -18"><span class='ocrx_word' id='word_1_445' title='bbox 2118 4279 2205 4334; x_wconf 92' lang='lat' dir='ltr'>cia</span> <span class='ocrx_word' id='word_1_446' title='bbox 2234 4280 2582 4334; x_wconf 87' lang='lat' dir='ltr'>celebranda</span> <span class='ocrx_word' id='word_1_447' title='bbox 2611 4281 2803 4352; x_wconf 86' lang='lat' dir='ltr'>qualia</span> <span class='ocrx_word' id='word_1_448' title='bbox 2833 4283 2916 4335; x_wconf 90' lang='lat' dir='ltr'>vel</span> <span class='ocrx_word' id='word_1_449' title='bbox 2943 4284 3159 4352; x_wconf 89' lang='lat' dir='ltr'>quanta</span> <span class='ocrx_word' id='word_1_450' title='bbox 3179 4282 3566 4337; x_wconf 70' lang='lat' dir='ltr'>azcclesiarum</span> <span class='ocrx_word' id='word_1_451' title='bbox 3588 4287 3735 4338; x_wconf 88' lang='lat' dir='ltr'>tem-</span> 
     </span>
    </p>
   </div>
   <div class='ocr_carea' id='block_1_70' title="bbox 2121 4368 3732 4440">
    <p class='ocr_par' dir='ltr' id='par_1_70' title="bbox 2121 4368 3732 4440">
     <span class='ocr_line' id='line_1_70' title="bbox 2121 4368 3732 4440; baseline 0.002 -18"><span class='ocrx_word' id='word_1_452' title='bbox 2121 4369 2214 4440; x_wconf 87' lang='lat' dir='ltr'>pla</span> <span class='ocrx_word' id='word_1_453' title='bbox 2246 4368 2305 4422; x_wconf 92' lang='lat' dir='ltr'>in</span> <span class='ocrx_word' id='word_1_454' title='bbox 2330 4369 2672 4440; x_wconf 88' lang='lat' dir='ltr'>quibusdam</span> <span class='ocrx_word' id='word_1_455' title='bbox 2703 4370 2775 4424; x_wconf 86' lang='lat' dir='ltr'>ad</span> <span class='ocrx_word' id='word_1_456' title='bbox 2797 4386 2902 4423; x_wconf 92' lang='lat' dir='ltr'>nos</span> <span class='ocrx_word' id='word_1_457' title='bbox 2928 4371 3499 4440; x_wconf 84' lang='lat' dir='ltr'>pertinentibuslocis</span> <span class='ocrx_word' id='word_1_458' title='bbox 3521 4372 3732 4426; x_wconf 85' lang='lat' dir='ltr'>consti‘</span> 
     </span>
    </p>
   </div>
   <div class='ocr_carea' id='block_1_71' title="bbox 2121 4455 3738 4531">
    <p class='ocr_par' dir='ltr' id='par_1_71' title="bbox 2121 4455 3738 4531">
     <span class='ocr_line' id='line_1_71' title="bbox 2121 4455 3738 4531; baseline 0.003 -21"><span class='ocrx_word' id='word_1_459' title='bbox 2121 4455 2250 4524; x_wconf 88' lang='lat' dir='ltr'>tuit,</span> <span class='ocrx_word' id='word_1_460' title='bbox 2288 4457 2517 4527; x_wconf 90' lang='lat' dir='ltr'>suisque</span> <span class='ocrx_word' id='word_1_461' title='bbox 2543 4458 2612 4511; x_wconf 93' lang='lat' dir='ltr'>de</span> <span class='ocrx_word' id='word_1_462' title='bbox 2643 4459 2814 4512; x_wconf 86' lang='lat' dir='ltr'>rebus</span> <span class='ocrx_word' id='word_1_463' title='bbox 2844 4459 3278 4531; x_wconf 87' lang='lat' dir='ltr'>opulentissime</span> <span class='ocrx_word' id='word_1_464' title='bbox 3313 4461 3550 4515; x_wconf 90' lang='lat' dir='ltr'>dotavit.</span> <span class='ocrx_word' id='word_1_465' title='bbox 3591 4460 3738 4524; x_wconf 88' lang='lat' dir='ltr'>Quid</span> 
     </span>
    </p>
   </div>
   <div class='ocr_carea' id='block_1_72' title="bbox 2123 4545 3741 4620">
    <p class='ocr_par' dir='ltr' id='par_1_72' title="bbox 2123 4545 3741 4620">
     <span class='ocr_line' id='line_1_72' title="bbox 2123 4545 3741 4620; baseline 0.002 -22"><span class='ocrx_word' id='word_1_466' title='bbox 2123 4545 2283 4598; x_wconf 90' lang='lat' dir='ltr'>enim</span> <span class='ocrx_word' id='word_1_467' title='bbox 2315 4561 2417 4616; x_wconf 89' lang='lat' dir='ltr'>per</span> <span class='ocrx_word' id='word_1_468' title='bbox 2445 4545 2648 4599; x_wconf 86' lang='lat' dir='ltr'>decem</span> <span class='ocrx_word' id='word_1_469' title='bbox 2681 4563 2865 4602; x_wconf 91' lang='lat' dir='ltr'>annos</span> <span class='ocrx_word' id='word_1_470' title='bbox 2891 4548 3059 4618; x_wconf 90' lang='lat' dir='ltr'>hujus</span> <span class='ocrx_word' id='word_1_471' title='bbox 3075 4549 3201 4618; x_wconf 89' lang='lat' dir='ltr'>jam</span> <span class='ocrx_word' id='word_1_472' title='bbox 3225 4548 3564 4619; x_wconf 89' lang='lat' dir='ltr'>prelationis</span> <span class='ocrx_word' id='word_1_473' title='bbox 3593 4547 3741 4620; x_wconf 85' lang='lat' dir='ltr'>regi-</span> 
     </span>
    </p>
   </div>
   <div class='ocr_carea' id='block_1_73' title="bbox 2126 4633 3736 4692">
    <p class='ocr_par' dir='ltr' id='par_1_73' title="bbox 2126 4633 3736 4692">
     <span class='ocr_line' id='line_1_73' title="bbox 2126 4633 3736 4692; baseline 0.003 -6"><span class='ocrx_word' id='word_1_474' title='bbox 2126 4650 2261 4687; x_wconf 91' lang='lat' dir='ltr'>men</span> <span class='ocrx_word' id='word_1_475' title='bbox 2295 4633 2593 4687; x_wconf 89' lang='lat' dir='ltr'>subeundo</span> <span class='ocrx_word' id='word_1_476' title='bbox 2627 4633 2682 4687; x_wconf 88' lang='lat' dir='ltr'>in</span> <span class='ocrx_word' id='word_1_477' title='bbox 2711 4637 2819 4688; x_wconf 84' lang='lat' dir='ltr'>hoc</span> <span class='ocrx_word' id='word_1_478' title='bbox 2839 4636 2964 4690; x_wconf 92' lang='lat' dir='ltr'>loco</span> <span class='ocrx_word' id='word_1_479' title='bbox 2992 4636 3192 4690; x_wconf 86' lang='lat' dir='ltr'>fecerit</span> <span class='ocrx_word' id='word_1_480' title='bbox 3219 4637 3321 4691; x_wconf 91' lang='lat' dir='ltr'>sub</span> <span class='ocrx_word' id='word_1_481' title='bbox 3348 4635 3736 4692; x_wconf 73' lang='lat' dir='ltr'>aecclesiarum</span> 
     </span>
    </p>
   </div>
   <div class='ocr_carea' id='block_1_74' title="bbox 2125 4720 3739 4796">
    <p class='ocr_par' dir='ltr' id='par_1_74' title="bbox 2125 4720 3739 4796">
     <span class='ocr_line' id='line_1_74' title="bbox 2125 4720 3739 4796; baseline 0.003 -21"><span class='ocrx_word' id='word_1_482' title='bbox 2125 4720 2450 4788; x_wconf 88' lang='lat' dir='ltr'>structuris,</span> <span class='ocrx_word' id='word_1_483' title='bbox 2480 4723 2536 4777; x_wconf 86' lang='lat' dir='ltr'>et</span> <span class='ocrx_word' id='word_1_484' title='bbox 2556 4721 2614 4774; x_wconf 91' lang='lat' dir='ltr'>in</span> <span class='ocrx_word' id='word_1_485' title='bbox 2638 4721 2809 4776; x_wconf 89' lang='lat' dir='ltr'>variis</span> <span class='ocrx_word' id='word_1_486' title='bbox 2829 4722 3034 4778; x_wconf 88' lang='lat' dir='ltr'>diversi</span> <span class='ocrx_word' id='word_1_487' title='bbox 3054 4723 3244 4796; x_wconf 81' lang='lat' dir='ltr'>aperis</span> <span class='ocrx_word' id='word_1_488' title='bbox 3263 4741 3501 4779; x_wconf 88' lang='lat' dir='ltr'>arcuum</span> <span class='ocrx_word' id='word_1_489' title='bbox 3525 4726 3739 4780; x_wconf 90' lang='lat' dir='ltr'>colum-</span> 
     </span>
    </p>
   </div>
   <div class='ocr_carea' id='block_1_75' title="bbox 413 4810 3734 4884">
    <p class='ocr_par' dir='ltr' id='par_1_75' title="bbox 413 4810 3734 4884">
     <span class='ocr_line' id='line_1_75' title="bbox 413 4810 3734 4884; baseline -0 -16"><span class='ocrx_word' id='word_1_490' title='bbox 413 4813 769 4880; x_wconf 90' lang='lat' dir='ltr'>incumbere,</span> <span class='ocrx_word' id='word_1_491' title='bbox 794 4829 857 4867; x_wconf 88' lang='lat' dir='ltr'>ac</span> <span class='ocrx_word' id='word_1_492' title='bbox 877 4828 1203 4884; x_wconf 88' lang='lat' dir='ltr'>numquam</span> <span class='ocrx_word' id='word_1_493' title='bbox 1227 4811 1299 4865; x_wconf 90' lang='lat' dir='ltr'>ad</span> <span class='ocrx_word' id='word_1_494' title='bbox 1317 4810 1563 4865; x_wconf 89' lang='lat' dir='ltr'>aliorum</span> <span class='ocrx_word' id='word_1_495' title='bbox 1591 4814 1820 4865; x_wconf 89' lang='lat' dir='ltr'>matura</span> <span class='ocrx_word' id='word_1_496' title='bbox 1839 4812 2027 4866; x_wconf 85' lang='lat' dir='ltr'>studia</span> <span class='ocrx_word' id='word_1_497' title='bbox 2127 4825 2452 4879; x_wconf 79' lang='lat' dir='ltr'>harumque</span> <span class='ocrx_word' id='word_1_498' title='bbox 2484 4810 2774 4877; x_wconf 86' lang='lat' dir='ltr'>celaturis,</span> <span class='ocrx_word' id='word_1_499' title='bbox 2804 4811 2863 4864; x_wconf 91' lang='lat' dir='ltr'>in</span> <span class='ocrx_word' id='word_1_500' title='bbox 2891 4812 3164 4866; x_wconf 89' lang='lat' dir='ltr'>altaribus</span> <span class='ocrx_word' id='word_1_501' title='bbox 3184 4829 3414 4883; x_wconf 89' lang='lat' dir='ltr'>quoque</span> <span class='ocrx_word' id='word_1_502' title='bbox 3441 4816 3498 4866; x_wconf 92' lang='lat' dir='ltr'>et</span> <span class='ocrx_word' id='word_1_503' title='bbox 3527 4813 3588 4867; x_wconf 91' lang='lat' dir='ltr'>in</span> <span class='ocrx_word' id='word_1_504' title='bbox 3613 4831 3734 4868; x_wconf 90' lang='lat' dir='ltr'>cru-</span> 
     </span>
    </p>
   </div>
   <div class='ocr_carea' id='block_1_76' title="bbox 416 4898 3736 4975">
    <p class='ocr_par' dir='ltr' id='par_1_76' title="bbox 416 4898 3736 4975">
     <span class='ocr_line' id='line_1_76' title="bbox 416 4898 3736 4975; baseline -0.001 -17"><span class='ocrx_word' id='word_1_505' title='bbox 416 4919 512 4960; x_wconf 90' lang='lat' dir='ltr'>me</span> <span class='ocrx_word' id='word_1_506' title='bbox 542 4903 728 4975; x_wconf 91' lang='lat' dir='ltr'>ipsum</span> <span class='ocrx_word' id='word_1_507' title='bbox 760 4901 1128 4974; x_wconf 85' lang='lat' dir='ltr'>provocando</span> <span class='ocrx_word' id='word_1_508' title='bbox 1154 4899 1380 4971; x_wconf 76' lang='lat' dir='ltr'>erigere</span> <span class='ocrx_word' id='word_1_509' title='bbox 1405 4916 1419 4966; x_wconf 89' lang='lat'><strong>;</strong></span> <span class='ocrx_word' id='word_1_510' title='bbox 1443 4915 1507 4953; x_wconf 90' lang='lat' dir='ltr'>ac</span> <span class='ocrx_word' id='word_1_511' title='bbox 1529 4899 1601 4954; x_wconf 90' lang='lat' dir='ltr'>ob</span> <span class='ocrx_word' id='word_1_512' title='bbox 1633 4898 1712 4965; x_wconf 91' lang='lat' dir='ltr'>id,</span> <span class='ocrx_word' id='word_1_513' title='bbox 1741 4903 1804 4953; x_wconf 91' lang='lat' dir='ltr'>ut</span> <span class='ocrx_word' id='word_1_514' title='bbox 1829 4900 2025 4964; x_wconf 89' lang='lat' dir='ltr'>credo,</span> <span class='ocrx_word' id='word_1_515' title='bbox 2049 4907 2096 4972; x_wconf 73' lang='lat' dir='ltr'><strong><em>c</em></strong></span> <span class='ocrx_word' id='word_1_516' title='bbox 2127 4899 2285 4954; x_wconf 93' lang='lat' dir='ltr'>cibus</span> <span class='ocrx_word' id='word_1_517' title='bbox 2321 4914 2460 4952; x_wconf 87' lang='lat' dir='ltr'>auro</span> <span class='ocrx_word' id='word_1_518' title='bbox 2506 4901 2677 4970; x_wconf 88' lang='lat' dir='ltr'>atque</span> <span class='ocrx_word' id='word_1_519' title='bbox 2711 4905 2954 4972; x_wconf 88' lang='lat' dir='ltr'>argento</span> <span class='ocrx_word' id='word_1_520' title='bbox 2993 4901 3342 4968; x_wconf 81' lang='lat' dir='ltr'>fabrefactis,</span> <span class='ocrx_word' id='word_1_521' title='bbox 3375 4900 3484 4956; x_wconf 91' lang='lat' dir='ltr'>illis</span> <span class='ocrx_word' id='word_1_522' title='bbox 3525 4903 3736 4975; x_wconf 89' lang='lat' dir='ltr'>quippe</span> 
     </span>
    </p>
   </div>
   <div class='ocr_carea' id='block_1_77' title="bbox 411 4986 3734 5062">
    <p class='ocr_par' dir='ltr' id='par_1_77' title="bbox 411 4986 3734 5062">
     <span class='ocr_line' id='line_1_77' title="bbox 411 4986 3734 5062; baseline -0.001 -14"><span class='ocrx_word' id='word_1_523' title='bbox 411 5008 531 5048; x_wconf 88' lang='lat' dir='ltr'>non</span> <span class='ocrx_word' id='word_1_524' title='bbox 562 5007 665 5062; x_wconf 90' lang='lat' dir='ltr'>pro</span> <span class='ocrx_word' id='word_1_525' title='bbox 703 4990 927 5045; x_wconf 71' lang='lat' dir='ltr'>idonea:</span> <span class='ocrx_word' id='word_1_526' title='bbox 974 4988 1111 5044; x_wconf 89' lang='lat' dir='ltr'>artis</span> <span class='ocrx_word' id='word_1_527' title='bbox 1152 4986 1378 5059; x_wconf 88' lang='lat' dir='ltr'>peritia,</span> <span class='ocrx_word' id='word_1_528' title='bbox 1410 4987 1511 5042; x_wconf 90' lang='lat' dir='ltr'>sed</span> <span class='ocrx_word' id='word_1_529' title='bbox 1555 4989 1618 5042; x_wconf 91' lang='lat' dir='ltr'>ut</span> <span class='ocrx_word' id='word_1_530' title='bbox 1653 4987 1768 5042; x_wconf 92' lang='lat' dir='ltr'>otio</span> <span class='ocrx_word' id='word_1_531' title='bbox 1801 4987 2029 5044; x_wconf 85' lang='lat' dir='ltr'>vacanti</span> <span class='ocrx_word' id='word_1_532' title='bbox 2130 4986 2406 5061; x_wconf 90' lang='lat' dir='ltr'>preciosis</span> <span class='ocrx_word' id='word_1_533' title='bbox 2451 4986 2760 5042; x_wconf 82' lang='lat' dir='ltr'>monilibus</span> <span class='ocrx_word' id='word_1_534' title='bbox 2801 4988 2952 5044; x_wconf 90' lang='lat' dir='ltr'>mira</span> <span class='ocrx_word' id='word_1_535' title='bbox 2994 5005 3362 5061; x_wconf 87' lang='lat' dir='ltr'>gemmarum</span> <span class='ocrx_word' id='word_1_536' title='bbox 3393 4993 3622 5047; x_wconf 86' lang='lat' dir='ltr'>textura</span> <span class='ocrx_word' id='word_1_537' title='bbox 3651 4992 3734 5048; x_wconf 78' lang='lat' dir='ltr'>in~</span> 
     </span>
    </p>
   </div>
   <div class='ocr_carea' id='block_1_78' title="bbox 412 5075 3737 5152">
    <p class='ocr_par' dir='ltr' id='par_1_78' title="bbox 412 5075 3737 5152">
     <span class='ocr_line' id='line_1_78' title="bbox 412 5075 3737 5152; baseline -0.001 -14"><span class='ocrx_word' id='word_1_538' title='bbox 412 5081 651 5152; x_wconf 87' lang='lat' dir='ltr'>alicujus</span> <span class='ocrx_word' id='word_1_539' title='bbox 684 5079 875 5150; x_wconf 84' lang='lat' dir='ltr'>operis</span> <span class='ocrx_word' id='word_1_540' title='bbox 911 5078 1299 5150; x_wconf 91' lang='lat' dir='ltr'>preberentur</span> <span class='ocrx_word' id='word_1_541' title='bbox 1327 5075 1738 5142; x_wconf 86' lang='lat' dir='ltr'>medicamina,</span> <span class='ocrx_word' id='word_1_542' title='bbox 1771 5076 2028 5146; x_wconf 88' lang='lat' dir='ltr'>injuncta</span> <span class='ocrx_word' id='word_1_543' title='bbox 2127 5075 2313 5143; x_wconf 89' lang='lat' dir='ltr'>sertis,</span> <span class='ocrx_word' id='word_1_544' title='bbox 2345 5093 2462 5130; x_wconf 91' lang='lat' dir='ltr'>non</span> <span class='ocrx_word' id='word_1_545' title='bbox 2489 5077 2866 5147; x_wconf 87' lang='lat' dir='ltr'>pretermittit</span> <span class='ocrx_word' id='word_1_546' title='bbox 2894 5078 3177 5132; x_wconf 89' lang='lat' dir='ltr'>intactum</span> <span class='ocrx_word' id='word_1_547' title='bbox 3197 5079 3357 5134; x_wconf 89' lang='lat' dir='ltr'>stilus</span> <span class='ocrx_word' id='word_1_548' title='bbox 3383 5079 3508 5135; x_wconf 74' lang='lat' dir='ltr'>haec</span> <span class='ocrx_word' id='word_1_549' title='bbox 3538 5081 3737 5137; x_wconf 88' lang='lat' dir='ltr'>omnia</span> 
     </span>
    </p>
   </div>
   <div class='ocr_carea' id='block_1_79' title="bbox 415 5163 3737 5242">
    <p class='ocr_par' dir='ltr' id='par_1_79' title="bbox 415 5163 3737 5242">
     <span class='ocr_line' id='line_1_79' title="bbox 415 5163 3737 5242; baseline 0 -17"><span class='ocrx_word' id='word_1_550' title='bbox 415 5173 500 5226; x_wconf 88' lang='lat' dir='ltr'>est</span> <span class='ocrx_word' id='word_1_551' title='bbox 519 5169 664 5224; x_wconf 88' lang='lat' dir='ltr'>mihi</span> <span class='ocrx_word' id='word_1_552' title='bbox 683 5185 718 5224; x_wconf 87' lang='lat' dir='ltr'>a</span> <span class='ocrx_word' id='word_1_553' title='bbox 736 5167 895 5224; x_wconf 80' lang='lat' dir='ltr'>vobis</span> <span class='ocrx_word' id='word_1_554' title='bbox 916 5167 1285 5239; x_wconf 89' lang='lat' dir='ltr'>sequentium</span> <span class='ocrx_word' id='word_1_555' title='bbox 1307 5182 1503 5222; x_wconf 90' lang='lat' dir='ltr'>rerum</span> <span class='ocrx_word' id='word_1_556' title='bbox 1527 5165 1600 5221; x_wconf 91' lang='lat' dir='ltr'>ad</span> <span class='ocrx_word' id='word_1_557' title='bbox 1629 5164 2026 5236; x_wconf 84' lang='lat' dir='ltr'>explicandam</span> <span class='ocrx_word' id='word_1_558' title='bbox 2129 5163 2451 5219; x_wconf 86' lang='lat' dir='ltr'>scribentis.</span> <span class='ocrx_word' id='word_1_559' title='bbox 2489 5165 2556 5218; x_wconf 90' lang='lat' dir='ltr'>Et</span> <span class='ocrx_word' id='word_1_560' title='bbox 2585 5165 2741 5236; x_wconf 89' lang='lat' dir='ltr'>quod</span> <span class='ocrx_word' id='word_1_561' title='bbox 2769 5181 2873 5236; x_wconf 89' lang='lat' dir='ltr'>per</span> <span class='ocrx_word' id='word_1_562' title='bbox 2899 5166 3154 5238; x_wconf 85' lang='lat' dir='ltr'>singulos</span> <span class='ocrx_word' id='word_1_563' title='bbox 3178 5184 3361 5223; x_wconf 87' lang='lat' dir='ltr'>annos</span> <span class='ocrx_word' id='word_1_564' title='bbox 3381 5167 3585 5226; x_wconf 81' lang='lat' dir='ltr'>fecisse</span> <span class='ocrx_word' id='word_1_565' title='bbox 3613 5186 3737 5242; x_wconf 78' lang='lat' dir='ltr'>pro-</span> 
     </span>
    </p>
   </div>
   <div class='ocr_carea' id='block_1_80' title="bbox 413 5252 3734 5328">
    <p class='ocr_par' dir='ltr' id='par_1_80' title="bbox 413 5252 3734 5328">
     <span class='ocr_line' id='line_1_80' title="bbox 413 5252 3734 5328; baseline -0 -14"><span class='ocrx_word' id='word_1_566' title='bbox 413 5257 646 5324; x_wconf 89' lang='lat' dir='ltr'>seriem,</span> <span class='ocrx_word' id='word_1_567' title='bbox 670 5256 804 5312; x_wconf 91' lang='lat' dir='ltr'>licet</span> <span class='ocrx_word' id='word_1_568' title='bbox 830 5255 1046 5325; x_wconf 75' lang='lat' dir='ltr'>herilis,</span> <span class='ocrx_word' id='word_1_569' title='bbox 1071 5256 1214 5312; x_wconf 90' lang='lat' dir='ltr'>mihi</span> <span class='ocrx_word' id='word_1_570' title='bbox 1240 5259 1436 5311; x_wconf 87' lang='lat' dir='ltr'>tamen</span> <span class='ocrx_word' id='word_1_571' title='bbox 1464 5255 1656 5310; x_wconf 91' lang='lat' dir='ltr'>minus</span> <span class='ocrx_word' id='word_1_572' title='bbox 1682 5252 1895 5310; x_wconf 90' lang='lat' dir='ltr'>diserto</span> <span class='ocrx_word' id='word_1_573' title='bbox 1916 5253 2027 5309; x_wconf 87' lang='lat' dir='ltr'>im-</span> <span class='ocrx_word' id='word_1_574' title='bbox 2131 5253 2324 5319; x_wconf 86' lang='lat' dir='ltr'>batur,</span> <span class='ocrx_word' id='word_1_575' title='bbox 2381 5252 2439 5307; x_wconf 88' lang='lat' dir='ltr'>in</span> <span class='ocrx_word' id='word_1_576' title='bbox 2497 5253 2934 5327; x_wconf 89' lang='lat' dir='ltr'>uniuscujusque</span> <span class='ocrx_word' id='word_1_577' title='bbox 2988 5255 3177 5328; x_wconf 90' lang='lat' dir='ltr'>operis</span> <span class='ocrx_word' id='word_1_578' title='bbox 3231 5259 3734 5315; x_wconf 88' lang='lat' dir='ltr'>consummatione</span> 
     </span>
    </p>
   </div>
   <div class='ocr_carea' id='block_1_81' title="bbox 1953 5399 2179 5455">
    <p class='ocr_par' dir='ltr' id='par_1_81' title="bbox 1953 5399 2179 5455">
     <span class='ocr_line' id='line_1_81' title="bbox 1953 5399 2179 5455; baseline 0.009 -3"><span class='ocrx_word' id='word_1_579' title='bbox 1953 5399 2179 5455; x_wconf 64' lang='lat' dir='ltr'>NOTAE.</span> 
     </span>
    </p>
   </div>
   <div class='ocr_carea' id='block_1_82' title="bbox 2130 5525 3126 5598">
    <p class='ocr_par' dir='ltr' id='par_1_82' title="bbox 2130 5525 3126 5598">
     <span class='ocr_line' id='line_1_82' title="bbox 2130 5525 3126 5598; baseline 0.001 -18"><span class='ocrx_word' id='word_1_580' title='bbox 2130 5542 2249 5582; x_wconf 80' lang='lat' dir='ltr'>rens</span> <span class='ocrx_word' id='word_1_581' title='bbox 2275 5525 2379 5581; x_wconf 89' lang='lat' dir='ltr'>sibi</span> <span class='ocrx_word' id='word_1_582' title='bbox 2410 5542 2525 5598; x_wconf 90' lang='lat' dir='ltr'><strong>non</strong></span> <span class='ocrx_word' id='word_1_583' title='bbox 2557 5527 2724 5597; x_wconf 87' lang='lat' dir='ltr'>plane</span> <span class='ocrx_word' id='word_1_584' title='bbox 2753 5528 3126 5598; x_wconf 88' lang='lat' dir='ltr'>respondent.</span> 
     </span>
    </p>
   </div>
   <div class='ocr_carea' id='block_1_83' title="bbox 2202 5597 3731 5670">
    <p class='ocr_par' dir='ltr' id='par_1_83' title="bbox 2202 5597 3731 5670">
     <span class='ocr_line' id='line_1_83' title="bbox 2202 5597 3731 5670; baseline 0.001 -17"><span class='ocrx_word' id='word_1_585' title='bbox 2202 5598 2278 5670; x_wconf 74' lang='grc'>(4)</span> <span class='ocrx_word' id='word_1_586' title='bbox 2309 5597 2517 5670; x_wconf 58' lang='lat' dir='ltr'>Archiv</span> <span class='ocrx_word' id='word_1_587' title='bbox 2549 5599 2626 5670; x_wconf 25' lang='lat' dir='ltr'>ll,‘</span> <span class='ocrx_word' id='word_1_588' title='bbox 2658 5600 2782 5670; x_wconf 53' lang='grc' dir='ltr'>393ῗ</span> <span class='ocrx_word' id='word_1_589' title='bbox 2823 5631 2890 5670; x_wconf 53' lang='grc' dir='ltr'>έ</span> <span class='ocrx_word' id='word_1_590' title='bbox 2940 5599 3016 5652; x_wconf 86' lang='lat' dir='ltr'>Ex</span> <span class='ocrx_word' id='word_1_591' title='bbox 3063 5599 3275 5669; x_wconf 83' lang='lat' dir='ltr'>Egonis</span> <span class='ocrx_word' id='word_1_592' title='bbox 3312 5597 3460 5670; x_wconf 87' lang='lat' dir='ltr'>libro</span> <span class='ocrx_word' id='word_1_593' title='bbox 3493 5601 3576 5656; x_wconf 92' lang='lat' dir='ltr'>De</span> <span class='ocrx_word' id='word_1_594' title='bbox 3609 5601 3731 5656; x_wconf 86' lang='lat' dir='ltr'>viris</span> 
     </span>
    </p>
   </div>
   <div class='ocr_carea' id='block_1_84' title="bbox 2130 5667 3730 5742">
    <p class='ocr_par' dir='ltr' id='par_1_84' title="bbox 2130 5667 3730 5742">
     <span class='ocr_line' id='line_1_84' title="bbox 2130 5667 3730 5742; baseline 0.003 -19"><span class='ocrx_word' id='word_1_595' title='bbox 2130 5667 2442 5742; x_wconf 84' lang='lat' dir='ltr'>illustribus</span> <span class='ocrx_word' id='word_1_596' title='bbox 2483 5667 2711 5742; x_wconf 57' lang='lat' dir='ltr'>Augize</span> <span class='ocrx_word' id='word_1_597' title='bbox 2731 5669 2917 5723; x_wconf 88' lang='lat' dir='ltr'>divitis</span> <span class='ocrx_word' id='word_1_598' title='bbox 2960 5686 3090 5742; x_wconf 77' lang='lat' dir='ltr'>cap.</span> <span class='ocrx_word' id='word_1_599' title='bbox 3123 5667 3213 5737; x_wconf 72' lang='grc'>24,</span> <span class='ocrx_word' id='word_1_600' title='bbox 3247 5669 3444 5724; x_wconf 86' lang='lat' dir='ltr'>laudat</span> <span class='ocrx_word' id='word_1_601' title='bbox 3475 5677 3730 5728; x_wconf 87' lang='lat' dir='ltr'>nostrum</span> 
     </span>
    </p>
   </div>
   <div class='ocr_carea' id='block_1_85' title="bbox 2131 5738 3728 5812">
    <p class='ocr_par' dir='ltr' id='par_1_85' title="bbox 2131 5738 3728 5812">
     <span class='ocr_line' id='line_1_85' title="bbox 2131 5738 3728 5812; baseline 0.003 -18"><span class='ocrx_word' id='word_1_602' title='bbox 2131 5740 2382 5812; x_wconf 80' lang='lat' dir='ltr'>Neugart</span> <span class='ocrx_word' id='word_1_603' title='bbox 2399 5738 2456 5792; x_wconf 91' lang='lat' dir='ltr'>in</span> <span class='ocrx_word' id='word_1_604' title='bbox 2475 5738 2645 5812; x_wconf 72' lang='lat' dir='ltr'>episc.</span> <span class='ocrx_word' id='word_1_605' title='bbox 2677 5738 3097 5797; x_wconf 78' lang='lat' dir='ltr'>Constanticnsi</span> <span class='ocrx_word' id='word_1_606' title='bbox 3113 5743 3154 5808; x_wconf 90' lang='grc' dir='ltr'>Ι,</span> <span class='ocrx_word' id='word_1_607' title='bbox 3183 5758 3241 5812; x_wconf 88' lang='lat' dir='ltr'>p.</span> <span class='ocrx_word' id='word_1_608' title='bbox 3262 5743 3385 5809; x_wconf 79' lang='grc'>321,</span> <span class='ocrx_word' id='word_1_609' title='bbox 3409 5757 3515 5798; x_wconf 91' lang='lat' dir='ltr'>nec</span> <span class='ocrx_word' id='word_1_610' title='bbox 3536 5747 3728 5800; x_wconf 89' lang='lat' dir='ltr'>tamen</span> 
     </span>
    </p>
   </div>
   <div class='ocr_carea' id='block_1_86' title="bbox 2129 5809 2673 5882">
    <p class='ocr_par' dir='ltr' id='par_1_86' title="bbox 2129 5809 2673 5882">
     <span class='ocr_line' id='line_1_86' title="bbox 2129 5809 2673 5882; baseline -0.009 -14"><span class='ocrx_word' id='word_1_611' title='bbox 2129 5809 2338 5882; x_wconf 80' lang='lat' dir='ltr'>poema</span> <span class='ocrx_word' id='word_1_612' title='bbox 2370 5810 2492 5880; x_wconf 79' lang='lat' dir='ltr'>ipse</span> <span class='ocrx_word' id='word_1_613' title='bbox 2506 5809 2673 5864; x_wconf 53' lang='lat' dir='ltr'>-’vi‘dit.</span> 
     </span>
    </p>
   </div>
   <div class='ocr_carea' id='block_1_87' title="bbox 483 5525 2031 5605">
    <p class='ocr_par' dir='ltr' id='par_1_87' title="bbox 483 5525 2031 5605">
     <span class='ocr_line' id='line_1_87' title="bbox 483 5525 2031 5605; baseline -0.005 -19"><span class='ocrx_word' id='word_1_614' title='bbox 483 5531 560 5605; x_wconf 78' lang='lat' dir='ltr'>(l)</span> <span class='ocrx_word' id='word_1_615' title='bbox 590 5530 811 5605; x_wconf 10' lang='lat' dir='ltr'>Witegﬁo</span> <span class='ocrx_word' id='word_1_616' title='bbox 839 5530 1077 5605; x_wconf 76' lang='lat' dir='ltr'>vocatur</span> <span class='ocrx_word' id='word_1_617' title='bbox 1107 5526 1164 5582; x_wconf 89' lang='lat' dir='ltr'>in</span> <span class='ocrx_word' id='word_1_618' title='bbox 1192 5529 1453 5599; x_wconf 89' lang='lat' dir='ltr'>catalogo</span> <span class='ocrx_word' id='word_1_619' title='bbox 1478 5526 1752 5583; x_wconf 88' lang='lat' dir='ltr'>abbatum</span> <span class='ocrx_word' id='word_1_620' title='bbox 1784 5525 2031 5598; x_wconf 85' lang='lat' dir='ltr'>Augien-</span> 
     </span>
    </p>
   </div>
   <div class='ocr_carea' id='block_1_88' title="bbox 413 5602 932 5673">
    <p class='ocr_par' dir='ltr' id='par_1_88' title="bbox 413 5602 932 5673">
     <span class='ocr_line' id='line_1_88' title="bbox 413 5602 932 5673; baseline -0.004 -16"><span class='ocrx_word' id='word_1_621' title='bbox 413 5602 582 5673; x_wconf 30' lang='lat' dir='ltr'>siu‘m,</span> <span class='ocrx_word' id='word_1_622' title='bbox 606 5604 705 5659; x_wconf 93' lang='lat' dir='ltr'>ss.</span> <span class='ocrx_word' id='word_1_623' title='bbox 742 5603 807 5670; x_wconf 81' lang='grc' dir='ltr'>ιι,</span> <span class='ocrx_word' id='word_1_624' title='bbox 838 5603 932 5673; x_wconf 74' lang='lat' dir='ltr'>ss.</span> 
     </span>
    </p>
   </div>
   <div class='ocr_carea' id='block_1_89' title="bbox 483 5671 1019 5741">
    <p class='ocr_par' dir='ltr' id='par_1_89' title="bbox 483 5671 1019 5741">
     <span class='ocr_line' id='line_1_89' title="bbox 483 5671 1019 5741; baseline -0.013 -10"><span class='ocrx_word' id='word_1_625' title='bbox 483 5675 557 5741; x_wconf 84' lang='lat'>(2)</span> <span class='ocrx_word' id='word_1_626' title='bbox 571 5671 576 5673; x_wconf 15' lang='grc' dir='ltr'><strong><em>γ</em></strong></span> <span class='ocrx_word' id='word_1_627' title='bbox 590 5677 784 5730; x_wconf 83' lang='lat' dir='ltr'>Herm.</span> <span class='ocrx_word' id='word_1_628' title='bbox 823 5671 1019 5726; x_wconf 88' lang='lat' dir='ltr'>Contr.</span> 
     </span>
    </p>
   </div>
   <div class='ocr_carea' id='block_1_90' title="bbox 481 5675 2028 5818">
    <p class='ocr_par' dir='ltr' id='par_1_90' title="bbox 481 5675 2028 5818">
     <span class='ocr_line' id='line_1_90' title="bbox 483 5675 1019 5741; baseline -0.013 -10"><span class='ocrx_word' id='word_1_629' title='bbox 483 5679 538 5741; x_wconf 84' lang='lat'>(2</span> <span class='ocrx_word' id='word_1_630' title='bbox 590 5677 784 5730; x_wconf 83' lang='lat' dir='ltr'>Herm.</span> <span class='ocrx_word' id='word_1_631' title='bbox 823 5675 1019 5726; x_wconf 88' lang='lat' dir='ltr'>Contr.</span> 
     </span>
     <span class='ocr_line' id='line_1_91' title="bbox 481 5675 2028 5818; baseline -0.006 -16"><span class='ocrx_word' id='word_1_632' title='bbox 481 5675 566 5818; x_wconf 35' lang='lat' dir='ltr'>(3i</span> <span class='ocrx_word' id='word_1_633' title='bbox 614 5748 758 5801; x_wconf 89' lang='lat' dir='ltr'>Nam</span> <span class='ocrx_word' id='word_1_634' title='bbox 793 5760 845 5797; x_wconf 88' lang='lat' dir='ltr'>e.</span> <span class='ocrx_word' id='word_1_635' title='bbox 894 5760 931 5812; x_wconf 87' lang='lat' dir='ltr'>g</span> <span class='ocrx_word' id='word_1_636' title='bbox 977 5741 1109 5818; x_wconf 54' lang='lat' dir='ltr'>felix</span> <span class='ocrx_word' id='word_1_637' title='bbox 1159 5746 1216 5818; x_wconf 75' lang='lat' dir='ltr'>et</span> <span class='ocrx_word' id='word_1_638' title='bbox 1257 5741 1449 5818; x_wconf 43' lang='lat' dir='ltr'>ﬁdelis,</span> <span class='ocrx_word' id='word_1_639' title='bbox 1499 5739 1683 5811; x_wconf 81' lang='lat' dir='ltr'>apibus</span> <span class='ocrx_word' id='word_1_640' title='bbox 1713 5743 1784 5818; x_wconf 81' lang='lat' dir='ltr'>_et</span> <span class='ocrx_word' id='word_1_641' title='bbox 1831 5740 2028 5818; x_wconf 76' lang='lat' dir='ltr'>beatus,</span> 
     </span>
    </p>
   </div>
   <div class='ocr_carea' id='block_1_91' title="bbox 412 5811 2028 5888">
    <p class='ocr_par' dir='ltr' id='par_1_91' title="bbox 412 5811 2028 5888">
     <span class='ocr_line' id='line_1_92' title="bbox 412 5811 2028 5888; baseline -0.004 -18"><span class='ocrx_word' id='word_1_642' title='bbox 412 5811 611 5888; x_wconf 63' lang='lat' dir='ltr'>faceret</span> <span class='ocrx_word' id='word_1_643' title='bbox 651 5818 709 5873; x_wconf 87' lang='lat' dir='ltr'>et</span> <span class='ocrx_word' id='word_1_644' title='bbox 740 5811 1004 5881; x_wconf 78' lang='lat' dir='ltr'>notarent,</span> <span class='ocrx_word' id='word_1_645' title='bbox 1055 5813 1236 5870; x_wconf 73' lang='lat' dir='ltr'>laudes</span> <span class='ocrx_word' id='word_1_646' title='bbox 1258 5811 1325 5868; x_wconf 55' lang='lat' dir='ltr'>&#39;et</span> <span class='ocrx_word' id='word_1_647' title='bbox 1365 5811 1607 5879; x_wconf 81' lang='lat' dir='ltr'>clemens,</span> <span class='ocrx_word' id='word_1_648' title='bbox 1640 5812 1804 5881; x_wconf 78' lang='lat' dir='ltr'>refers</span> <span class='ocrx_word' id='word_1_649' title='bbox 1833 5815 1889 5866; x_wconf 86' lang='lat' dir='ltr'>et</span> <span class='ocrx_word' id='word_1_650' title='bbox 1921 5829 2028 5864; x_wconf 80' lang='lat' dir='ltr'>me-</span> 
     </span>
    </p>
   </div>
  </div>
