3918 6230
171 376 262 430 353
1046 375 1320 432 CARMEN
1363 374 1452 430 DE
1491 369 1721 427 GESTIS
1757 367 2224 429 WlTlGOWONlS
2257 375 2568 434 ABBATIS.
3359 387 3463 445 354

181 496 515 568 singulariter
543 492 901 550 declaratur.
930 495 1106 568 Igitur
1138 497 1240 551 sub
1266 495 1515 567 quadam
1551 494 1764 567 apella-
1795 493 2081 565 Aingenii
2117 496 2540 567 expavescendo
2569 499 2891 568 neglexere,
2929 515 3090 571 rogo,
3144 508 3205 558 ut
3248 505 3307 560 in
3342 511 3463 562 tam

183 584 312 638 tione
335 584 439 638 loci
472 599 797 655 personam
825 584 930 638 feci
966 587 1107 640 meis
1137 585 1542 639 assertionibus
1573 601 1766 638 occur-
1869 585 2177 640 audacibus
2203 585 2379 656 ceptis
2405 601 2520 640 non
2539 588 2844 658 superbam
2859 590 3303 648 aestimationem
3323 610 3467 650 meae

184 689 320 738 rere;
349 672 727 743 scribensque
751 672 858 726 sub
913 675 1218 729 exametris
1247 673 1498 728 versibus
1541 673 1597 726 in
1634 689 1768 743 pro-
1871 674 2273 746 protervitatis,
2300 676 2395 729 sed
2432 675 2628 746 pocius
2655 677 2863 731 intueri
2894 678 3074 732 velitis
3105 680 3218 734 mei
3251 682 3465 737 humil-

187 779 302 815 num
331 763 721 828 currentibus,
774 766 971 820 omnia
1014 765 1224 832 studui,
1278 766 1392 818 Deo
1438 762 1768 830 adjuvante,
1871 762 2069 817 limam
2101 771 2117 804 ι
2166 763 2549 818 intentionem
2607 765 2966 820 obtedientis.
3029 766 3086 821 Si
3133 785 3245 840 qua
3291 770 3474 825 etiam

184 851 468 921 vestrisque
492 851 882 919 orationibus,
919 854 1031 908 line
1064 859 1231 908 tenus
1253 853 1548 924 perﬁcere.
1573 883 1640 892 —
1659 852 1771 905 Sed
1873 852 2268 920 reprehensio,
2296 869 2470 924 quam
2497 854 2736 907 multam
2754 870 2876 907 esse
2904 871 3020 909 non
3055 872 3228 928 nego,
3247 857 3476 913 latitan-

184 939 298 1010 quia
316 943 520 1008 vestro,
554 943 755 996 Patres
783 942 1249 1008 reverentissimi,
1292 943 1556 1012 alligatus
1587 941 1769 1012 impe-
1874 939 1947 993 tis
1977 939 2092 992 vitii
2126 940 2182 993 in
2206 940 2313 995 hoc
2345 941 2616 1010 opusculo
2645 958 2678 994 a
2701 942 2854 996 vobis
2873 943 3048 1014 possit
3074 943 3276 1009 videri,
3305 944 3480 1016 hanc,

184 1029 278 1092 rio,
314 1029 437 1083 licet
481 1046 580 1084 me
623 1047 730 1102 per
771 1032 991 1085 nullum
1044 1031 1304 1084 utilitatis
1347 1030 1771 1084 incrementum
1875 1045 1948 1080 ne
1985 1028 2336 1083 offendicula
2372 1029 2471 1082 flat
2500 1045 2633 1082 vera
2664 1045 3012 1099 cognoscere
3042 1031 3484 1100 volentibus,la-

183 1117 336 1170 sciam
366 1117 699 1183 subsistere,
744 1122 801 1171 et
831 1121 1025 1172 tamen
1057 1123 1294 1172 conatus
1323 1118 1427 1171 sim
1470 1135 1562 1172 me
1599 1119 1673 1171 ad
1707 1135 1776 1172 ea
1877 1119 2068 1170 tenter
2096 1117 2409 1171 emendare
2451 1117 2771 1188 dignemini
2803 1127 2844 1170 ε.
2876 1141 2902 1164 υ

184 1206 323 1276 quasi
353 1205 631 1260 audacter
678 1206 949 1277 objicere,
995 1224 1122 1280 qua:
1149 1207 1324 1262 etiam
1376 1206 1474 1260 alii
1521 1207 1774 1262 fortioris

181 2633 240 2685 lO

165 3075 228 3126 15

159 3515 232 3568 20

733 1346 956 1384 INCIPIT
995 1347 1090 1383 HIC
1129 1345 1355 1385 TEXTUS
1394 1348 1502 1384 PER
1537 1347 1715 1384 DlCTA
1747 1347 2002 1386 POETICA
2045 1347 2342 1385 SCRIPTUS.

735 1417 1000 1455 FLOREAT
1052 1420 1108 1455 1N
1149 1419 1405 1466 QUANTIS
1441 1418 1766 1456 ORNATIBUS
1796 1417 1976 1456 ΑυΟΙΑ
2008 1420 2167 1457 FELIX

738 1488 851 1524 ΗΔΕ
885 1487 944 1526 IN
977 1488 1344 1540 STRUCTURA,
1380 1490 1543 1538 QUAM
1587 1489 1753 1526 FECIT
1787 1489 2017 1528 NOBILIS
2059 1490 2204 1526 ΑΒΒΛ

737 1558 882 1596 υΑΝε
921 1559 1180 1599 ετυωυΜ
1221 1556 1482 1608 CHRISTO,
1516 1559 1614 1608 QUI
1655 1560 1859 1599 NOMEN
1894 1560 2088 1598 ΗΛΒΕΤ
2121 1560 2464 1600 κνιτιοοκνο.

985 1673 1182 1718 POETA8

315 1750 590 1821 lnquisita
615 1750 790 1817 refer,
814 1749 951 1822 quid
973 1752 1182 1822 plores,
1213 1751 1398 1823 Augia
1424 1753 1632 1817 mater,

303 1839 530 1897 Auctrix
548 1839 1164 1905 cunctorum,Domino
1181 1840 1687 1905 donante,bonoru
1700 1856 1775 1905 rn;

310 1927 530 1980 Vertice
563 1927 880 1998 crispantes
907 1930 1005 1980 aut
1027 1928 1166 1999 quid
1195 1929 1461 1982 divellere
1484 1926 1672 1982 crines

309 2015 386 2067 Tu
417 2031 654 2080 conare,
688 2032 867 2085 genas
888 2020 986 2070 aut
1021 2016 1299 2071 dilaniare
1330 2017 1615 2071 tenellas?

311 2102 527 2165 Quidve
549 2102 748 2173 rigans
769 2103 1017 2157 lacrimis
1041 2105 1221 2158 malas
1261 2104 1511 2157 residere
1549 2103 1776 2168 videris,

311 2190 477 2244 Vultu
525 2191 856 2258 summisso,
912 2193 1084 2245 veluti
1127 2193 1228 2246 sub
1281 2193 1523 2245 carceris
1564 2192 1779 2246 antro?
1880 2191 1948 2243 40

314 2278 458 2342 Quid
480 2279 579 2350 pia
613 2284 821 2346 mater,
869 2280 1064 2348 habes,
1099 2280 1253 2352 quod
1285 2281 1361 2333 sic
1393 2284 1490 2334 tua
1517 2284 1781 2351 tempora

1451 2369 1668 2439 [deiles,

313 2457 576 2510 Aureolze
611 2468 631 2497 ι
663 2457 820 2528 pacis
850 2473 1079 2528 semper
1108 2458 1404 2512 vernantia
1425 2458 1602 2512 ramis
1621 2459 1648 2511 ?

310 2546 396 2598 An
431 2545 607 2599 donis
639 2545 869 2600 Domini
904 2545 981 2601 vis
1009 2547 1086 2600 sic
1107 2547 1336 2619 ingrata
1360 2547 1560 2613 videri,

308 2634 475 2686 Anne
507 2633 834 2687 recordaris
877 2633 1058 2688 niteas
1094 2650 1207 2706 quo
1244 2638 1550 2688 stemmate
1581 2633 1719 2689 lucis
1749 2636 1777 2690 (ἶ

307 2722 429 2792 lpse
453 2721 556 2776 tibi
595 2723 775 2776 talem
824 2723 1097 2794 quoniam
1149 2724 1430 2777 concessit
1465 2725 1774 2793 honorem,

307 2808 507 2864 Semet
532 2812 593 2864 in
627 2810 766 2865 orbe
792 2811 947 2864 locus
973 2811 1042 2865 de
1083 2828 1196 2882 quo
1223 2829 1339 2866 non
1361 2812 1773 2882 jactitatullus.

307 2897 454 2952 Nam
485 2897 706 2969 pietate
737 2916 838 2953 sua
859 2899 938 2953 sic
960 2899 1323 2972 disponente,
1357 2905 1584 2956 remota

308 2985 638 3041 Omnibuse
666 2987 854 3054 terris,
887 2987 1107 3058 spetiali
1131 3005 1271 3059 pace
1301 2987 1562 3060 quiescis,

306 3073 601 3129 Libertate
651 3077 877 3146 potens,
923 3078 1157 3131 terrena
1201 3077 1434 3149 negotia
1483 3094 1779 3150 spernens,

306 3161 497 3217 Solius
533 3163 766 3218 Domini
796 3166 1025 3218 tantum
1057 3163 1289 3220 sociaris
1324 3165 1530 3233 amori,

309 3251 480 3315 Quod
525 3252 810 3307 libertatis
852 3254 974 3307 laus
1026 3255 1280 3309 creditur
1315 3271 1435 3309 esse
1484 3255 1778 3325 perennis.

304 3341 674 3412 Servitioque
703 3358 877 3396 sacrae
904 3344 1130 3398 fervens
1161 3343 1367 3399 devota
1387 3344 1598 3412 Mariae,

307 3429 552 3501 Dignius
582 3429 641 3483 in
664 3431 831 3484 terris
861 3433 982 3502 ejus
1013 3433 1212 3486 thorus
1242 3433 1364 3503 ipsa
1388 3433 1644 3501 vocaris;

312 3517 483 3580 Quod
496 3518 744 3588 speciale
759 3519 929 3574 decus
949 3520 1052 3575 tibi
1074 3521 1317 3575 contulit
1338 3521 1460 3592 ipsa
1473 3521 1781 3591 benignus,

311 3605 599 3676 lnspirata
623 3623 785 3663 sacro
816 3607 1018 3679 genuit
1051 3625 1224 3680 quem
1247 3611 1562 3664 Pneumate
1585 3609 1780 3681 Virgo.

315 3693 430 3746 Cur
458 3710 579 3748 non
601 3697 840 3764 exultas,
869 3697 1072 3768 opibus
1096 3714 1222 3769 qua:
1245 3699 1416 3767 plena
1440 3697 1735 3751 redundes
1756 3697 1784 3752 ‘I

316 3779 482 3844 Quod
511 3799 686 3855 super
715 3788 868 3842 astra
900 3787 1070 3855 volat,
1113 3785 1385 3858 quicquid
1418 3784 1594 3839 maris
1629 3785 1785 3840 unda

1877 2720 1944 2774 45

1801 2980 1848 3039 C

1799 1667 1850 1726 B
1877 1665 1942 1718 35
2019 1664 2386 1735 Blasphemas
2399 1663 2574 1718 audes
2603 1679 2695 1719 me
2723 1666 2924 1719 contra
2941 1664 3171 1721 mittere
3187 1682 3373 1722 voces.

2023 1751 2144 1806 Non
2176 1755 2371 1807 tamen
2401 1752 2509 1806 hoc
2535 1751 2735 1819 miror,
2767 1769 2899 1807 cum
2926 1770 3134 1825 sponso
3167 1758 3361 1827 spreta
3391 1771 3479 1809 re-

3101 1842 3374 1914 [linquor,

2018 1928 2099 1981 Me
2127 1927 2295 1981 vilem
2328 1927 2499 1998 precii
2529 1927 2782 1982 retinent
2799 1946 2912 2000 quo
2935 1929 3130 1999 judice
3161 1932 3373 1987 cuncti.

2021 2016 2132 2068 Sed
2166 2033 2281 2070 non
2314 2033 2437 2070 sum
2470 2015 2628 2069 vanis
2659 2016 2864 2070 mulier
2905 2018 3162 2071 clamosa
3211 2020 3480 2089 querelis,

2023 2102 2292 2155 Perfectze
2327 2102 2459 2156 fidei
2491 2103 2616 2156 volo
2641 2103 2737 2172 qui
2765 2111 2786 2144 7
2827 2105 3200 2158 succumbere
3243 2105 3375 2174 legi,

2021 2191 2584 2260 Pulcherapostolico
2601 2208 2773 2261 quam
2800 2191 2996 2244 laudat
3013 2192 3284 2262 dogmate
3303 2209 3480 2248 sermo

2020 2278 2252 2332 Dicens:
2306 2302 2332 2327 ‹‹
2377 2279 2471 2332 Vir
2502 2278 2629 2332 talis
2659 2279 2756 2350 qui
2787 2296 2902 2333 non
2935 2280 3106 2333 datur
3130 2297 3248 2333 esse
3278 2281 3480 2350 fidelis,

2023 2367 2201 2420 Debet
2234 2366 2435 2419 salvari
2462 2367 2640 2420 fretus
2662 2367 2901 2422 muliere
2920 2368 3075 2421 ﬁdeli
3108 2370 3207 2438 (5).
3245 2391 3271 2426 η

2020 2453 2087 2506 Et
2112 2453 2554 2526 veniet‘tempus
2581 2455 2815 2526 quando
2843 2456 3094 2510 devictus
3136 2458 3357 2510 amicus

2022 2541 2280 2613 Languet
2321 2559 2518 2597 amore
2547 2559 2708 2610 meo;
2744 2547 2987 2612 remeat,
3011 2544 3344 2616 stabilisque
3365 2562 3464 2600 ma

3167 2634 3379 2704 [nendo

2021 2719 2450 2790 Congaudendo
2482 2734 2596 2774 sum
2634 2736 2736 2774 sua
2772 2721 2922 2775 tollit
2975 2721 3188 2792 gaudia
3239 2739 3484 2795 sponsae.

2017 2807 2214 2880 Tuque
2242 2808 2322 2861 tui
2356 2807 2592 2874 similes,
2628 2810 2758 2878 post
2786 2808 3005 2863 foedera
3037 2812 3484 2881 tanta,calones,

2021 2895 2141 2950 Non
2171 2895 2303 2951 estis
2333 2895 2457 2951 ausi
2487 2911 2582 2951 me
2611 2912 2746 2950 voce
2776 2897 3054 2953 lacessere
3071 2899 3244 2970 turpi.

2559 3001 2749 3040 POETA.

2023 3071 2127 3137 Qui
2155 3072 2257 3128 sub
2279 3073 2410 3144 jure
2445 3076 2542 3128 tuo
2577 3073 2765 3129 servili
2797 3075 3078 3148 compede
3109 3074 3256 3144 vivo,

2023 3161 2235 3228 Debeo,
2268 3161 2312 3215 si
2339 3161 2550 3229 merui,
2574 3165 2630 3217 te
2654 3162 3010 3234 precipiente
3043 3162 3200 3219 feriri
3225 3180 3240 3232 ;

1882 3250 1951 3302 50
2021 3247 2164 3302 Nam
2197 3248 2362 3304 decet
2394 3252 2457 3303 ut
2488 3249 2739 3321 pr0priis
2773 3251 3092 3305 dicionibus
3122 3251 3246 3324 ipsa
3261 3251 3486 3321 fruaris,

2020 3339 2205 3407 Atque
2231 3337 2488 3408 regenda
2520 3353 2685 3407 regas
2713 3341 2797 3404 tu,
2830 3355 2948 3393 non
2995 3339 3184 3394 aliena
3214 3343 3485 3411 potestas.

2627 3439 2813 3478 AUGIA.

2023 3511 2146 3564 Non
2178 3508 2366 3565 aliena
2394 3510 2535 3564 mihi
2569 3513 2806 3582 possunt
2834 3511 2956 3566 haec
2971 3510 3108 3582 jura
3138 3510 3338 3581 videri,

2023 3599 2086 3651 ln
2111 3596 2316 3669 quibus
2347 3597 2471 3667 ipsa
2514 3600 2722 3669 potens
2748 3613 2876 3651 sum
2926 3600 3119 3668 sponsi
3144 3604 3369 3672 sceptra
3392 3617 3486 3657 ca-

3109 3686 3382 3756 [pescens,

2021 3777 2270 3832 Tantum
2307 3774 2353 3828 si
2383 3773 2653 3829 stabilem
2681 3789 2911 3828 mecum
2932 3771 3185 3828 retinere
3231 3775 3486 3831 valerem

2027 3866 2186 3920 Hunc
2213 3867 2632 3937 preceptorem,
2675 3861 2950 3918 virtutum
2983 3861 3126 3917 ﬂore
3180 3862 3488 3932 nitentem,

1343 3873 1674 3945 [ministrat,

321 3959 413 4015 Sic
437 3961 576 4034 quid
601 3961 1136 4034 gignitbumus,tiss
1148 3962 1611 4035 suppeditaturin
1633 3981 1782 4019 usus.

889 4067 1076 4107 AUGlA.

178 4135 245 4188 25
321 4137 443 4204 Fili,
475 4138 615 4211 quid
640 4139 938 4212 loqueris?
968 4157 1112 4214 puer
1141 4157 1223 4208 es,
1264 4138 1509 4212 puerilia
1540 4139 1698 4198 dicis.

326 4225 470 4288 Quid
503 4245 598 4282 me
624 4229 814 4282 vexari
853 4229 1005 4283 luctu
1032 4228 1296 4284 mentiris
1328 4229 1487 4282 inani
1514 4228 1542 4282 ?

327 4313 467 4370 Cum
484 4332 579 4370 me
597 4315 900 4386 despiciat“
912 4333 1152 4389 sponsus
1164 4317 1461 4390 solamque
1476 4316 1786 4388 relinquat,
1810 4298 1862 4356 D

326 4404 447 4459 Acsi
469 4404 782 4476 captivam,
815 4407 971 4460 nullo
1003 4405 1285 4460 solamine
1309 4406 1513 4460 fultam
1526 4448 1540 4461 .
1890 4403 1958 4456 60

930 4509 1119 4549 POETA.

331 4581 399 4634 Ut
424 4597 547 4636 mos
564 4584 652 4636 est
682 4598 861 4654 puero
885 4581 929 4636 si
949 4598 1101 4636 nunc
1123 4581 1369 4654 puerilia
1393 4582 1542 4648 dico,

191 4665 256 4719 30
332 4668 421 4723 Est
464 4669 606 4724 mihi
663 4669 994 4738 dicendum,
1025 4671 1182 4725 nulla
1215 4670 1446 4724 racione
1477 4668 1792 4737 silendum,

331 4757 654 4832 Numquam
679 4758 947 4813 femineis
967 4759 1122 4813 credi
1154 4759 1365 4814 debere
1387 4757 1660 4830 querelis;

331 4846 436 4902 Sed
464 4848 535 4903 de
563 4864 681 4920 quo
705 4847 899 4918 sperni
931 4846 1176 4902 videaris
1206 4846 1387 4918 prode
1413 4845 1667 4918 roganti.

2010 3953 2116 4018 Qui
2131 3951 2272 4008 mihi
2285 3954 2436 4008 totus
2450 3967 2615 4006 amor
2626 3965 2785 4005 sacer
2795 3953 2852 4005 et
2866 3949 3282 4006 moderaminis
3294 3953 3493 4007 auctor

2030 4041 2239 4109 Claret,
2267 4043 2579 4112 propterea
2617 4039 2738 4094 sine
2769 4055 2882 4111 quo
2905 4055 3024 4095 non
3053 4041 3140 4095 est
3169 4038 3312 4095 mihi
3336 4039 3490 4108 vita;

2029 4131 2172 4184 Nam
2195 4129 2460 4202 sitisigne
2478 4128 2574 4200 pio
2595 4127 2781 4200 magis
2798 4143 2938 4184 uror
2949 4144 3196 4201 cumque
3211 4127 3486 4184 bibendo.

2587 4233 2774 4272 POETA.

2031 4311 2172 4365 Cum
2201 4309 2369 4363 stulte
2400 4305 2540 4361 fusis
2567 4321 2602 4360 a
2627 4321 2722 4359 me
2751 4306 2826 4360 sis
2856 4305 2979 4362 lesa
3010 4306 3279 4379 loquelis,

2029 4397 2282 4454 Territus
2328 4395 2464 4450 inde
2495 4410 2658 4448 meus
2683 4393 2855 4465 capit
2908 4394 3492 4467 decresceregsensus,

2030 4491 2108 4543 Ac
2121 4487 2193 4542 ad
2224 4481 2618 4558 quaeloqueris
2639 4481 2783 4536 mihi
2811 4483 2983 4538 surdo
2999 4501 3115 4538 non
3136 4485 3294 4557 patet
3319 4485 3493 4541 auris.

2035 4569 2825 4646 Fac,rogo,quapropter,tibi
2846 4571 3001 4643 quod
3015 4570 3296 4644 sapientia
3312 4576 3500 4628 mater

2036 4663 2345 4721 Suadendo
2373 4661 2597 4733 jubeat,
2648 4658 2800 4715 sonti
2832 4663 2930 4716 tua
2976 4661 3212 4716 dextera
3247 4665 3447 4732 parcat
3480 4681 3495 4731 ;

2035 4755 2098 4808 ln
2129 4752 2309 4808 veniae
2341 4749 2507 4805 donis
2535 4748 2678 4804 mihi
2707 4748 2780 4802 sit
2799 4749 3086 4821 correptio
3119 4749 3317 4806 dulcis.

2602 4853 2791 4893 AUGIA.

2038 4931 2169 4986 Esto
2193 4945 2446 4996 securus,
2479 4925 2763 5000 quoniam
2794 4923 3075 4996 patientia
3103 4923 3282 4979 virtus

332 5027 530 5095 Credo,
562 5025 648 5080 tui
690 5024 880 5080 cordis
924 5041 1042 5080 non
1098 5027 1183 5080 est
1235 5023 1593 5098 presumptio
1633 5023 1790 5079 talis:
2035 5021 2119 5076 Me
2155 5017 2348 5075 docuit
2387 5031 2536 5070 vera:
2565 5022 2587 5056 ⁸
2623 5011 2870 5068 convitia
2915 5026 3188 5083 spernere
3233 5025 3494 5098 queque;

327 5116 521 5172 Nescio
541 5115 644 5172 sed
665 5115 831 5186 cujus
852 5113 1132 5170 solamine
1167 5117 1324 5168 tutus
1351 5097 1516 5182 alius,
2034 5106 2293 5165 Rebusin
2304 5101 2552 5162 adversis
2564 5117 2668 5158 nec
2681 5101 2946 5155 abessent
2956 5097 3495 5169 prosperaomentis,

1501 5209 1735 5264 VARUE
1776 5207 2064 5264 LECTION
2073 5204 2173 5260 ES.

262 5322 278 5356 ί
308 5315 613 5372 humillam
644 5331 692 5369 ε.
753 5321 776 5354 1
801 5313 924 5383 ﬁms
953 5312 1173 5383 paginae
1197 5314 1286 5367 7t.
1323 5310 1536 5383 Pagjgza
1561 5310 1806 5383 sequenti
1821 5301 2292 5383 pietqraosltendit
2315 5296 2638 5383 quomodo‘f:
2668 5295 3164 5383 rusticuss
3179 5297 3339 5383 [terra
3356 5309 3497 5383 pro:

191 5361 1284 5458 {tratus
1317 5361 1709 5458 Salaria-1V.
1728 5361 1848 5458 σιέτῆ
1874 5378 2082 5458 infante
2114 5361 2720 5458 (ΙΙινξεεοῖβξίίῗίαζπίξδαεζ
2754 5361 3492 5458 Ψξτίξῖίξξθθξθ-,ξιρξαίξξίᾼὲ·

469 5434 1377 5528 incipit,
1409 5458 1516 5510 etc.
1570 5460 1591 5493 ⁸
1619 5434 1721 5504 vos:
1748 5434 1940 5504 deest]
1971 5457 1990 5486 ι
2019 5445 2297 5498 Αυτωοιω
2329 5434 2496 5495 deleta
2528 5456 2563 5495 a
2591 5456 2638 5499 ε.
2703 5446 2723 5480 ⁸
2754 5439 2790 5494 ἰ.
2819 5453 2866 5492 e.
2898 5435 3001 5492 tui.
3061 5443 3081 5478 ⁸
3110 5436 3187 5494 ita
3217 5451 3265 5492 ι’.
3294 5434 3494 5491 distin-

192 5530 317 5597 guit.
369 5537 390 5570 τ
414 5532 486 5584 ita
507 5547 556 5586 ο.
615 5538 637 5571 ³
665 5530 705 5582 ἱ.
738 5544 784 5582 e.
817 5542 970 5583 vere.
1037 5533 1058 5568 θ
1087 5541 1324 5596 prosera
1350 5540 1397 5578 c.

933 4951 1118 4991 AUGIA.
1897 4933 1962 4988 65

263 5729 338 5801 (5)
368 5725 404 5781 Ι
427 5725 554 5787 Cor.
586 5740 686 5797 vn,
732 5723 819 5777 14.
