3882 6222
457 391 559 446 355
1517 381 1916 438 PURCHARDI
1955 383 2264 439 MONACHI
2304 382 2684 438 AUGIENSIS.
3659 385 3766 442 356

600 513 658 566 Si
685 527 924 584 sponsus
954 509 1138 564 solum
1165 509 1333 565 vellet
1355 508 1459 564 sibi
1495 509 1678 564 vivere
1711 524 1942 562 mecum
2082 519 2135 577 Α
2304 506 2576 574 Inventus,
2611 507 2805 561 mundo
2829 508 2922 578 qui
2941 491 3278 561 conversetur
3301 510 3354 562 in
3391 509 3510 576 isto,

604 597 1494 668 Continuus,stabilis,nusquam
1517 597 1814 668 pergendo
1844 595 2054 650 localis.
2303 596 2542 650 Talisvel
2569 605 2766 663 tantus,
2798 597 3085 650 virtutibus
3106 598 3336 668 undique
3351 603 3548 668 sepius,

1144 703 1330 740 POETA.
2245 673 2257 679 ’
2313 685 2383 737 Ut
2400 703 2590 754 pacem
2621 688 2847 754 cupiam,
2873 687 2961 738 cui
2979 692 3117 738 certo
3135 686 3328 754 foedere
3347 685 3568 751 nullam,

458 779 528 834 70
599 777 681 831 De
715 776 928 848 pietate
963 779 1063 830 tua
1091 775 1408 840 confidens,
1444 772 1664 827 obtima
1695 773 1932 838 domna,
1952 779 1967 793 '
2278 776 2454 846 Alque
2481 775 2678 844 fuqans
2709 776 2876 827 hostes
2892 773 3038 826 nobis
3062 775 3329 844 hucusque
3345 787 3610 841 nocentes,

601 867 678 919 Ex
694 865 780 919 his
811 882 937 936 quae
971 864 1082 918 dixi
1105 863 1330 918 veniam
1357 879 1450 916 me
1481 877 1644 932 pOSSC
1672 859 1906 925 mereri,
2165 871 2260 922 125
2308 865 2496 918 Robur
2533 865 2748 916 virtutis
2783 864 3118 931 sponsigcral
3148 865 3252 932 ipse
3275 864 3494 932 prioris.

598 954 735 1018 Qum
757 969 910 1008 Πυηο
938 953 1140 1023 ignoro
1175 951 1244 1005 de
1258 956 1312 1004 te
1344 949 1676 1021 perquirere
1701 950 1946 1019 ιθιηριο.
2297 955 2452 1006 Tunc
2468 950 3026 1020 monstrabatur,qui
3044 968 3192 1004 nunc
3208 967 3502 1021 superesse
3517 951 3765 1018 videtur,

577 1041 676 1097 Dic
691 1034 2052 1111 milli,RUOdmanllipcslfllﬂel‘aipﬂlt‘isamandi,
2299 1043 2394 1095 Vir
2426 1040 2621 1109 magni
2657 1038 2874 1105 meriti,
2919 1038 3248 1092 laudamine
3273 1040 3763 1110 congruusomni,

600 1129 705 1193 Qui
737 1129 1090 1184 diversorum
1115 1127 1217 1181 tibi
1243 1128 1404 1181 dotes
1435 1126 1589 1181 auxit
1615 1127 1924 1188 honorum,
2303 1129 2526 1184 Christo
2566 1127 2826 1189 dilectus,
2875 1127 3122 1180 domnus
3153 1125 3446 1197 Witigowo
3503 1131 3760 1194 vocatus,

455 1223 522 1276 75
598 1217 708 1272 Sed
735 1235 838 1289 pro
871 1220 1057 1272 morte
1081 1231 1181 1269 sua
1211 1215 1456 1269 viduatis
1486 1214 1736 1268 vestibus
1769 1229 1887 1277 usa,
2299 1219 2460 1272 Utilis
2491 1218 2550 1270 in
2591 1216 2809 1285 lingua,
2847 1215 2934 1268 cui
2979 1218 3177 1268 sancta
3206 1216 3422 1286 sophya
3459 1216 3761 1287 magistra.

601 1305 747 1370 Quid
763 1306 836 1359 sit
861 1304 1014 1377 quod
1045 1303 1312 1357 thalamis
1343 1303 1554 1356 iterum
1587 1303 1804 1356 sociata
1823 1297 2051 1362 fruaris,

2162 1311 2260 1362 130
2309 1308 2538 1359 Fecerat
2571 1307 2720 1358 hunc
2761 1304 2920 1357 omni
2949 1303 3248 1357 doctorem
3281 1305 3481 1357 celitus
3503 1303 3652 1370 orbi,

599 1394 737 1458 QUiS
774 1395 860 1447 νεὶ
891 1395 1147 1465 Quantus
1198 1391 1328 1457 erit,
1371 1408 1542 1462 quem
1598 1391 1675 1443 sic
1729 1393 1859 1442 tuus
1911 1385 2056 1456 ignis
2298 1391 3764 1464 Etbonaquaeverbisdocet,hzeccolitomniafactis.

1717 1477 1949 1542 (adurit,
2301 1483 2514 1536 Nullius
2535 1483 2818 1552 plectrum
2847 1479 3082 1551 linguae,
3111 1497 3226 1534 non
3259 1497 3480 1551 organa
3530 1498 3759 1550 vocum,

597 1574 710 1626 Aut
738 1571 969 1643 quando
1000 1569 1178 1624 taedas
1207 1567 1630 1635 celebrastidic,
1664 1572 2054 1638 rogo,tantas?
2297 1573 2408 1625 Nec
2439 1587 2566 1642 quae
2597 1570 2666 1622 de
2697 1569 2858 1623 factis
2889 1571 3122 1622 resonat
3150 1568 3432 1640 scriptura
3450 1569 3656 1637 beatis,

598 1661 734 1724 Quae
761 1659 840 1714 sic
870 1660 1125 1714 obscurae
1154 1673 1247 1711 me
1281 1661 1415 1710 tunc
1435 1659 1674 1710 tenuere
1704 1658 1946 1725 latebre,
2301 1659 2580 1712 Enarrare
2611 1658 2760 1710 valet
2802 1658 2983 1727 pietas
3027 1672 3202 1726 quam
3253 1656 3507 1712 maxima
3536 1662 3763 1713 constet

455 1751 524 1807 80
597 1748 763 1814 Quod
788 1764 906 1803 non
933 1763 1030 1802 me
1047 1746 1228 1801 tantis
1259 1745 1475 1798 licitum
1505 1745 1613 1798 fuit
1633 1745 1832 1800 adfore
1853 1747 2010 1801 festis
2030 1748 2058 1802 ?
2160 1750 2259 1802 135
2288 1748 2423 1801 Huic
2438 1745 2672 1800 domino
2686 1745 2854 1816 patri,
2871 1743 3262 1815 quitemplum
3280 1746 3613 1800 Pneumatis
3625 1747 3762 1800 almi

1166 1850 1352 1888 AUGIA.
2082 1825 2132 1884 B
2300 1838 2522 1901 Factus,
2553 1834 2758 1888 divinae
2795 1833 2957 1886 sedes
2981 1836 3067 1885 est
3097 1835 3269 1902 atque
3300 1833 3540 1904 sophiae.

600 1926 726 1980 Hinc
753 1924 795 1978 si
829 1941 995 1978 nosse
1044 1921 1201 1988 velis,
1227 1921 1519 1992 penetrale
1551 1921 1794 1974 revisere
1844 1923 2054 1977 mentis
2296 1926 2435 1979 llinc
2459 1939 2688 1994 quoque
2719 1920 2936 1975 consilii
2965 1921 3196 1990 capiens
3222 1921 3551 1976 munimina
3592 1921 3761 1988 tanti,

587 2015 663 2068 Te
682 2013 859 2083 jubeo
887 2029 901 2078 ;
935 2015 1130 2082 pateat
1156 2010 1259 2064 tibi
1289 2009 1444 2081 quod
1473 2027 1605 2064 mea
1625 2009 1796 2064 dictio
1831 2011 2046 2066 firmat.
2296 2015 2404 2066 Per
2425 2012 2616 2082 regale
2641 2010 2861 2076 datum,
2879 2024 2982 2078 per
3006 2007 3456 2079 pontificumque
3471 2012 3760 2076 senatum,

593 2101 758 2166 Quod
787 2117 880 2154 me
907 2099 1384 2170 conjugisiterato
1405 2099 1621 2154 foedere
1651 2099 1839 2153 cernis
2293 2101 2518 2154 Talibus
2544 2099 2724 2152 electo
2757 2095 2978 2151 meritis
3005 2112 3132 2150 sum
3165 2096 3376 2150 tradita
3406 2113 3644 2167 sponso,

587 2191 882 2256 lnnexam,
921 2188 1035 2242 vita
1059 2190 1366 2258 postquam
1394 2186 1662 2258 privabar
1697 2191 1890 2241 amata
2156 2192 2258 2245 140
2290 2189 2395 2252 Qui
2418 2189 2588 2241 decus
2620 2203 2796 2240 omne
2830 2183 2970 2238 mibi
2992 2183 3190 2239 retulit
3211 2199 3345 2238 mox
3369 2184 3758 2252 doterecenti;

449 2282 515 2334 85
590 2277 959 2334 Ruodmanni
991 2275 1190 2348 patris,
1220 2273 1362 2328 mihi
1395 2274 1492 2344 qui
1531 2275 1774 2345 largitor
1817 2276 2052 2332 honoris
2295 2278 2427 2348 Ejus
2457 2277 2596 2348 quin
2629 2279 2817 2329 totum
2845 2274 2946 2327 sub
2974 2273 3173 2327 dextro
3198 2273 3328 2343 jure
3354 2273 3656 2329 sinistrum

587 2367 850 2437 Augebat
870 2365 1034 2420 dotes
1063 2364 1166 2418 sub
1192 2379 1332 2433 gaza
1363 2361 1533 2416 divite
1562 2365 1805 2434 pollens,
2299 2365 2600 2427 Deﬁciens,
2635 2363 2692 2417 in
2726 2379 2818 2416 me
2862 2363 3081 2416 nullam
3126 2361 3242 2415 vim
3282 2365 3475 2433 posset
3522 2362 3757 2429 habere,

592 2453 661 2509 Ut
691 2471 762 2508 ne
795 2453 1022 2506 mireris
1048 2467 1153 2523 per
1168 2451 1320 2504 dicta
1349 2449 1540 2503 futura
1567 2452 1840 2506 moneris.
2299 2455 2420 2524 Ipse
2444 2452 2856 2524 domi_mecum
2885 2450 2928 2502 si
2961 2450 3131 2502 vellet
3158 2449 3341 2504 vivere
3366 2452 3621 2516 tantum,

594 2543 738 2596 Nam
760 2557 855 2594 me
885 2557 1018 2594 cum
1049 2541 1252 2605 solam,
1288 2537 1446 2592 nullo
1478 2539 1737 2605 custode,
1793 2541 2053 2595 relictam
2297 2545 2368 2597 Ut
2393 2543 2515 2612 jam
2548 2539 2830 2610 precinui,
2855 2555 3083 2592 cessans
3112 2537 3244 2591 hinc
3269 2538 3402 2592 inde
3435 2539 3656 2610 vagari.

596 2629 889 2683 Sentirent
926 2627 1192 2682 homines
1221 2627 1323 2680 sub
1351 2625 1548 2696 iniqua
1578 2630 1736 2696 peste
1786 2629 2050 2696 latentes,
2860 2645 3046 2680 ream.

455 2719 522 2772 90
597 2719 659 2770 1n
679 2717 1134 2783 me,nulluserat
1149 2714 1284 2786 quia
1308 2713 1706 2780 vindex,arma
1720 2718 2050 2786 movebant,
2158 2721 2256 2774 liii
2291 2719 2427 2782 Quir.
2457 2718 2630 2772 modo
2651 2717 2919 2769 dicuntur
2949 2715 3018 2768 de
3049 2717 3123 2782 te,
3147 2715 3192 2767 si
3214 2714 3384 2768 ﬁrma
3413 2715 3758 2787 probantur,

591 2805 780 2860 Rebus
806 2821 899 2859 me
926 2803 1146 2875 patriis,
1174 2801 1382 2857 eversis
1402 2802 1661 2856 funditus
1692 2805 1858 2870 arvis,
2293 2806 2568 2861 Tristibus
2599 2805 2834 2875 abjectis
2867 2804 3030 2857 deret
3087 2807 3150 2855 ut
3181 2803 3368 2874 magis
3397 2804 3520 2874 ipsa
3553 2803 3759 2857 fruaris

591 2893 907 2960 Privantes,
940 2895 1125 2946 tractu
1155 2891 1258 2944 sub
1291 2891 1506 2961 predtn,
1537 2891 1724 2945 ﬂebile
1753 2892 1940 2947 dictu!
2297 2894 2544 2961 Lmticia,
2570 2893 2826 2946 munitor
2848 2891 3009 2960 cujus
3040 2894 3236 2944 manet
3259 2890 3361 2944 iste
3396 2895 3654 2960 senator,

595 2981 986 3052 Equabatque
1018 2980 1136 3033 solo
1167 2995 1262 3032 me
1290 2982 1550 3032 sternens
1581 2979 1704 3033 dira
1739 2981 1944 3051 cupido
2290 2983 2499 3036 Tantas
2527 2983 2611 3035 vel
2647 2984 2788 3034 tales
2814 2979 2973 3048 cujus
2999 2979 3113 3032 fert
3138 2978 3286 3032 actio
3314 2979 3532 3032 laudes.

593 3071 849 3137 Illorum,
883 3068 1178 3140 quondam
1207 3067 1327 3120 caeli
1362 3083 1531 3136 super
1557 3069 1711 3120 astra
1772 3070 2045 3124 levatam.
2073 3101 2120 3160 α
2293 3070 2768 3142 Sedquosllendo
2784 3067 2938 3122 canis
2951 3067 3154 3137 grandi
3171 3067 3509 3139 gemituque
3525 3068 3756 3122 revolvis

453 3163 519 3214 95
590 3157 928 3212 Ambicione
956 3155 1077 3226 pari
1107 3173 1330 3210 necnon
1354 3154 1412 3208 in
1445 3159 1674 3225 pectore
1703 3157 1876 3225 capti,
2081 3154 2119 3160 ⁷
2153 3163 2252 3214 150
2290 3159 2468 3212 Motus
2495 3157 2786 3212 instabiles
2805 3157 2926 3226 ejus
2955 3172 3293 3225 gressusque
3321 3160 3617 3227 vagantes,

595 3245 800 3300 Predia
824 3245 925 3300 sub
952 3245 1160 3316 scripto
1179 3243 1319 3298 mihi
1343 3244 1552 3296 tradita
1567 3246 1826 3313 tempore
1841 3246 2045 3315 prisco.
2293 3249 2357 3300 Ni
2384 3248 2572 3312 fallor,
2606 3246 2798 3312 credo,
2825 3244 2998 3300 dubia
3015 3261 3119 3297 nec
3153 3260 3284 3297 men
3298 3247 3352 3297 te
3380 3244 3653 3309 recondo,

597 3335 682 3388 Nil
712 3333 817 3388 sibi
841 3332 1084 3404 justieize
1111 3335 1422 3394 servantes,
1455 3331 1782 3387 obtinuere.
2300 3337 2432 3407 Ejus
2453 3333 2881 3406 pergentisnon
2900 3348 2958 3386 se
2989 3349 3079 3385 res
3102 3331 3256 3386 ducit
3287 3332 3476 3386 inanis
3508 3349 3522 3400 ;

589 3423 816 3479 Talibus
844 3423 902 3477 in
941 3421 1101 3476 furiis
1131 3421 1367 3492 impune
1395 3421 1716 3475 furentibus
1744 3419 1873 3477 illis.
2290 3425 2392 3491 Tu,
2422 3429 2542 3479 tam
2582 3423 2882 3478 continuus
2917 3438 3031 3493 quo
3083 3421 3283 3476 tendat
3320 3420 3593 3476 transitus
3636 3419 3755 3490 ejus

594 3512 727 3567 Sedi
751 3511 1076 3582 deplorans,
1096 3513 1296 3580 pectus
1318 3509 1699 3580 manibusque
1715 3508 2048 3574 cruentans;
2293 3514 2396 3568 Dio
2427 3512 2744 3585 inquirenti
2777 3513 3006 3564 tantum
3039 3509 3266 3564 ratione
3290 3509 3536 3582 patenti,

456 3605 560 3660 100
587 3602 730 3656 Nam
743 3596 2050 3669 fuitaugmentumluctusgeminatamalorum
2156 3607 2253 3660 455
2291 3604 2600 3673 Menteque
2643 3618 2756 3672 qua
2781 3599 2935 3654 vadit
2953 3615 3044 3653 res
3061 3598 3464 3670 protinusipsa
3495 3597 3754 3670 probabit

590 3691 744 3757 Sors,
777 3689 947 3742 funus
979 3687 1177 3758 patris,
1209 3686 1545 3757 funestaque
1576 3687 1759 3756 preda
1785 3683 2045 3739 latronis.
2868 3705 3054 3743 suam.

590 3779 702 3834 Sed
729 3781 925 3832 tamen
955 3792 986 3829 e
1017 3777 1178 3828 tanto
1191 3773 1508 3826 tractabam
1538 3770 1789 3842 plurima
1808 3772 2044 3826 damno.
2292 3781 2485 3835 pulsat
2510 3795 2645 3849 sepe
2667 3779 2816 3832 viam
2849 3778 3072 3832 diverso
3102 3776 3338 3832 tramite
3367 3776 3563 3832 tritam

587 3870 742 3922 Inter
762 3869 846 3920 tot
875 3879 1038 3918 casus
1067 3861 1336 3914 defensor
1364 3876 1495 3912 cum
1515 3860 1656 3912 mihi
1683 3861 1870 3914 nullus
2273 3869 2732 3938 Circumquaque
2745 3883 2917 3936 vagus
2930 3866 3194 3920 meushic
3209 3882 3311 3936 per
3323 3865 3747 3936 deviasponsus.

589 3957 798 4022 Staret,
831 3967 944 4023 quo
975 3950 1150 4003 talem
1178 3963 1403 4018 possem
1443 3964 1712 4017 superare
1765 3949 2042 4003 laborem.
2287 3957 2488 4028 Scpius
2505 3956 2577 4009 ad
2594 3971 2792 4025 regem
2815 3971 3042 4008 cursum
3059 3957 3359 4008 tenetecee
3372 3953 3747 4025 frequentem;

411 4111 420 4120 ,
450 4050 550 4103 105
591 4046 885 4099 Devenere
915 4037 1030 4092 mei
1059 4036 1287 4089 turbato
1319 4035 1490 4089 Corde
1523 4037 1712 4090 ϐοιοιιί
2290 4046 2413 4109 Quo
2443 4061 2546 4116 per
2578 4045 2896 4098 multorum
2941 4043 3196 4097 morulas
3224 4042 3512 4097 tardando
3535 4041 3746 4097 dierum

588 4129 766 4187 Aeciti
796 4129 866 4182 de
889 4142 984 4180 me
1011 4134 1076 4192 ιο,
1111 4123 1254 4178 mihi
1281 4123 1698 4196 consiliumque
1723 4125 1938 4182 dedere
2153 4137 2254 4190 160
2294 4132 2632 4204 Congaudet
2656 4132 2800 4202 regi,
2835 4131 2974 4203 quia
2995 4132 3314 4185 collcetatur
3361 4134 3420 4184 et
3451 4129 3552 4206 illi.

590 4218 760 4284 Utile,
790 4214 945 4287 quod
970 4212 1148 4284 signis
1170 4213 1315 4267 ratio
1354 4213 1625 4267 firmabat
1661 4215 1893 4286 apertis.
2273 4223 2418 4276 Nam
2435 4238 2565 4275 cum
2579 4221 2970 4292 doctiloquum
2987 4218 3744 4291 sapientiaconderetipsum

589 4307 859 4362 Nostrum
889 4317 1260 4358 communem
1289 4318 1424 4356 nam
1445 4319 1537 4356 me
1553 4303 2045 4374 replicantelabo-
2289 4310 2506 4364 Dicitur
2537 4326 2600 4363 os
2630 4307 2804 4378 regis,
2859 4309 3207 4378 populorum
3264 4305 3468 4378 lingua
3496 4304 3741 4370 salubris,

1768 4396 1935 4466 [rem],
2071 4383 2122 4440 D
2289 4400 2444 4453 Inter
2473 4397 2785 4452 catholicas
2831 4395 3050 4467 primas
3093 4395 3382 4451 rutilando
3423 4397 3739 4458 columnas;

411 4547 417 4556 ,
586 4488 937 4555 lllorumque
966 4483 1082 4538 mei
1101 4498 1205 4552 per
1235 4498 1396 4536 casus
1427 4481 1644 4538 damna
1675 4483 1892 4538 videri:
2289 4489 2510 4558 Regum
2527 4485 3453 4556 rectores,comitumdocetatque
3467 4485 3738 4540 cohortes.

450 4579 551 4636 110
587 4572 1032 4634 Materconsiliis,
1065 4571 1351 4639 dicebant,
1383 4578 1528 4625 utere
1559 4574 1771 4626 nostris.

2204 4581 2246 4632 55
2280 4577 2435 4647 Rege
2455 4577 2720 4646 jubente,
2757 4573 2870 4628 suis
2899 4578 3109 4644 parent
3137 4574 3308 4628 simul
3338 4573 3542 4628 omnia
3572 4570 3737 4628 dictis.

586 4665 879 4735 Exagitent
896 4662 1008 4716 lites
1032 4663 1078 4714 si
1097 4667 1144 4714 te
1169 4660 1387 4732 bellique
1413 4661 1645 4729 furores,
2293 4666 2506 4720 Contra
2533 4665 2676 4718 velle
2713 4679 2879 4718 suum
2911 4679 2970 4716 se
3011 4663 3179 4716 vertit
3204 4679 3380 4717 nemo
3412 4666 3737 4724 retrorsum;

582 4755 700 4812 Nec
731 4754 829 4808 tibi
853 4767 944 4806 nec
959 4750 1107 4805 nobis
1135 4749 1337 4804 nullius
1366 4765 1573 4805 summa
1596 4749 1792 4805 salutis
2289 4756 2424 4810 Esse
2443 4770 2680 4809 manum
2699 4753 2850 4824 regis
2865 4769 2998 4807 nam
3008 4752 3170 4823 plebs
3189 4751 3342 4806 hunc
3362 4751 3623 4824 predicat
3638 4763 3741 4805 om-

575 4845 760 4911 Adsit,
789 4843 1020 4913 fautoris
1050 4856 1142 4892 nec
1171 4855 1282 4910 Spes
1305 4839 1499 4894 solatia
1531 4839 1732 4906 dantis,
3520 4840 3642 4910 [uiso

586 4935 660 4993 Te
687 4933 857 5002 magis
869 4929 1128 4993 obtamus,
1166 4926 1308 4998 quod
1325 4927 1590 4981 honestius
1610 4944 1714 4984 esse
1721 4929 2038 4999 probamus,
2231 4913 2237 4920 ’
2285 4935 2498 4990 Taliter
2525 4935 2618 4988 hic
2645 4933 2910 5002 tardans,
2950 4929 3188 5002 sceptris
3220 4929 3514 5001 regalibus
3544 4933 3734 4990 astans,

442 5031 541 5086 115
575 5024 724 5080 Huic
743 5019 1068 5090 desponsari,
1093 5016 1244 5086 cuius
1272 5017 1485 5071 dicione
1511 5019 1654 5073 tueri
2286 5026 2427 5079 Ecce
2448 5023 2606 5078 domi
2623 5039 2850 5094 sponsa:
2869 5037 2984 5076 non
3005 5020 3123 5074 vult
3139 5034 3370 5073 memor
3389 5035 3510 5073 esse
3524 5017 3736 5072 relictae.

579 5113 777 5179 Possis,
810 5109 1015 5179 raptori
1029 5121 1243 5159 maneas
1271 5121 1434 5176 quam
1454 5112 1641 5176 pastus
1666 5107 1842 5163 lu'anti
2149 5117 2250 5170 170
2267 5112 2524 5167 Tandem
2539 5111 2946 5181 sceptrigeram
2965 5125 3096 5164 cum
3111 5107 3306 5162 tardus
3319 5106 3735 5166 deseritaulam,

582 5203 686 5256 Res
705 5201 864 5256 etiam
892 5203 1088 5252 nostra,
1102 5197 1260 5265 cujus
1287 5197 1587 5250 munimine
1615 5197 1776 5252 solum
2275 5203 2362 5256 Ad
2375 5202 2611 5274 patriam
2628 5199 3111 5266 rediens,demum
3127 5196 3285 5251 venit
3296 5195 3444 5250 alter
3457 5195 3734 5266 uthospes,

585 5291 849 5346 Tutentur
875 5285 1022 5339 nobis
1048 5283 1144 5338 sub
1166 5285 1322 5354 pacis
1349 5285 1479 5351 ﬂore
1489 5287 1708 5355 prioris.
2283 5291 2547 5347 Mansitut
2585 5292 2757 5360 atque
2789 5287 2934 5342 meis
2956 5303 3128 5340 exosa
3158 5287 3356 5339 mente
3384 5284 3490 5338 sub
3520 5283 3618 5338 alis

618 5378 779 5432 Hunc
795 5391 904 5446 ego
918 5372 1392 5446 conquirens,has
1405 5374 1547 5447 οωρί
1567 5392 1835 5446 promere
1851 5392 2032 5432 voces:
2283 5380 2382 5434 Vix
2415 5394 2593 5433 unam
2615 5379 2870 5443 noctem,
2903 5373 3060 5448 quod
3085 5372 3240 5443 cogit
3269 5371 3544 5426 transitus
3571 5367 3729 5424 idem.

402 5491 410 5496 '
444 5471 548 5530 120
583 5466 777 5532 Dicite,
807 5463 978 5534 filioli,
1002 5464 1056 5518 si
1076 5464 1159 5516 vir
1184 5468 1341 5536 queat
1360 5481 1498 5519 unus
1527 5464 1709 5522 habere
2283 5470 2425 5526 Hine
2454 5469 2666 5526 iterum
2698 5465 2843 5532 votis
2865 5462 3087 5538 capitur
3126 5477 3291 5518 mens
3335 5462 3420 5520 ire
3445 5455 3688 5527 volentis.

1745 5591 1972 5650 VARUS
2031 5595 2324 5654 LECTION
2331 5595 2432 5656 ES.

513 5723 558 5763 ιο
587 5716 664 5771 ita
683 5732 728 5773 ο.
757 5711 1056 5788 distinguit.
1938 5681 1944 5689 l
