3882 6222
147 362 232 417 3‘57
996 346 1274 407 CARMEN
1318 345 1408 402 DE
1438 344 1669 402 GESTIS
1708 344 2177 401 WITIGOWONIS
2209 346 2522 405 ABBATIS.
3317 353 3422 411 358

152 484 231 537 175
264 478 387 534 Oret
409 472 755 548 apostolicus
778 474 833 527 ut
853 487 1038 543 prona
1064 472 1261 525 mente
1293 470 1558 523 lucernas
1583 485 1596 535 ;
1738 474 1791 531 Α
1960 469 2042 523 Me
2064 469 2159 523 sed
2180 469 2639 524 adhncteneram
2657 487 2787 524 cum
2807 470 2993 541 primo
3009 472 3150 527 ﬂore
3166 478 3425 545 puellam

262 566 338 620 Ad
360 562 803 638 persolvendum
835 563 1081 617 Romam
1124 559 1244 612 vult
1287 559 1464 614 visere
1493 561 1713 610 votum.
1966 559 2157 613 Presul
2190 559 2492 613 Pirminius
2518 558 2757 629 cepisset
2796 576 2991 613 amare
3024 562 3247 631 beatus,

264 656 447 726 Nilque
480 656 751 708 moratur
775 652 902 718 iter,
930 652 1101 704 veluti
1142 666 1245 719 per
1276 647 1459 702 tristia
1488 662 1717 716 semper
1972 648 2186 702 Norma
2208 648 2442 717 justitiaa
2473 648 2576 701 sub
2595 648 2919 702 sobrietatis
2948 665 3181 717 amore;

261 748 333 800 Me
357 744 586 813 pariens
617 741 801 796 solitis
816 744 943 811 post
975 757 1031 792 se
1060 740 1311 792 clamare
1343 735 1611 808 querelis.
1827 739 1930 791 230
1954 737 2111 791 Hunc
2138 738 2429 809 Witiqowo
2461 754 2621 791 meus
2654 754 2756 809 pro
2789 738 2947 808 cujus
2969 740 3038 808 (8)
3069 756 3268 794 amore
3307 758 3431 796 ma-

262 832 423 887 Cursu
452 829 737 885 continuo
765 829 996 883 tardans
1026 826 1415 897 hic'tempore
1448 827 1647 895 longe,
3168 828 3333 892 [ritus

148 925 229 978 l80
259 922 445 976 Clauso
474 919 801 973 multorum
829 917 1051 970 remeat
1080 915 1183 968 sub
1216 916 1330 968 fine
1355 914 1579 967 dierum
1603 931 1614 966 :

1900 897 2096 967 Diligit
2120 898 2176 951 in
2200 901 2447 963 tantum,
2476 899 2535 953 ni
2567 899 2735 953 fallor
2763 899 3021 969 protinus
3053 898 3241 970 ipsum

261 1011 319 1063 Et
339 1009 571 1062 veniens
604 1008 681 1061 ad
711 1024 824 1071 me,
851 1005 985 1059 dicit
1019 1021 1030 1057 :
1067 1028 1091 1051 ‹‹
1122 1003 1445 1065 Carissima,
1482 1004 1631 1056 salve
1658 1001 1671 1055 l
1694 1022 1723 1053 »

1974 988 2043 1040 Ut
2074 988 2213 1040 mihi
2235 989 2535 1057 proferret,
2569 987 2611 1040 si
2636 1003 2722 1040 res
2750 988 3097 1058 fortunaque
3123 989 3326 1055 vellet;

264 1099 367 1152 Hoc
387 1097 563 1150 etiam
599 1095 779 1160 dicto,
806 1093 975 1146 dicit:
1013 1112 1043 1142 ς(
1075 1092 1237 1145 Celer
1270 1092 1404 1143 inde
1435 1092 1617 1143 valeto
1649 1090 1660 1143 i
1702 1113 1725 1137 η
1973 1075 3058 1129 ΡΓίιιίξίηυί110110050001010νο1010010
3079 1077 3434 1148 relinquens,

257 1186 439 1238 Primo
463 1184 647 1253 fitque
683 1183 839 1241 Vale,
874 1197 1045 1251 quam
1060 1179 1295 1248 signent
1321 1180 1514 1231 oscula
1536 1178 1720 1230 Salve.
1976 1165 2291 1218 perdurare
2324 1166 2447 1217 lm‘O
2480 1182 2596 1218 non
2626 1180 2856 1235 semper
2887 1165 3140 1218 cessatio
3172 1164 3290 1219 illo.

261 1273 459 1328 Circuit
488 1273 627 1325 hinc
653 1286 892 1325 omnem
924 1268 1092 1322 variis
1124 1268 1468 1320 discursibus
1500 1267 1725 1333 orbem,
1834 1254 1943 1309 235
1982 1256 2058 1305 Ac
2092 1252 2165 1305 ibi
2196 1270 2322 1306 rum
2348 1254 2639 1307 modicum
2656 1256 2938 1323 spectaret
2963 1256 3111 1306 stare
3141 1254 3435 1313 sacellum,

151 1366 226 1417 185
261 1361 420 1415 Caute
448 1358 817 1431 prospiciens
849 1357 1006 1427 cujus
1037 1356 1107 1409 sit
1128 1354 1355 1425 cespitis
1386 1356 1589 1420 horres,
1978 1341 2137 1404 Quod
2171 1342 2401 1409 Signum
2431 1341 2575 1395 tituli
2612 1359 2715 1394 vox
2747 1342 2957 1394 clamat
3004 1342 3236 1411 garrula
3283 1342 3439 1414 vulgi

261 1428 471 1503 Invenit
501 1451 563 1501 et
590 1428 667 1501 de
699 1463 794 1500 me
825 1463 881 1499 se
914 1443 1118 1515 predia
1146 1444 1328 1497 multa
1367 1446 1591 1496 tenere.
1979 1430 2221 1484 Prcsnlis
2239 1430 2310 1483 0b
2326 1430 2597 1484 meritum
2612 1428 3227 1499 venerandi,quidedit
3247 1429 3433 1497 illum,

259 1540 404 1591 Tunc
418 1535 698 1590 faciendo
721 1532 1233 1601 moras,sedeti]lic
1263 1530 1372 1584 rite
1399 1531 1735 1600 gubernans
1982 1519 2211 1573 Essctut
2243 1519 2540 1572 admunus
2558 1517 2697 1572 mihi
2720 1517 2937 1571 dotisin
2970 1517 3174 1571 ordine
3188 1517 3435 1588 primus,

264 1627 436 1682 omne
450 1624 612 1697 quod
630 1627 724 1678 est,
743 1623 1011 1695 fractum
1047 1619 1570 1691 dinoscituralque
1584 1619 1734 1672 solu-
1978 1607 2087 1660 Has
2117 1606 2388 1661 minimas
2408 1606 2559 1659 {edes
2589 1623 2653 1659 ex
2684 1605 2901 1659 cunctis
2924 1605 3183 1675 partibus
3216 1622 3439 1676 augens

1459 1708 1628 1773 num,
1840 1696 1943 1750 240
1979 1696 2105 1748 Alte
2162 1698 2555 1749 constructum
2610 1696 2849 1765 perfecit
2894 1694 3085 1749 nobile
3132 1696 3438 1765 templum.

267 1802 434 1857 Sedes
458 1802 731 1857 desertas
774 1799 1178 1868 destructaque
1215 1797 1365 1850 tecta
1386 1794 1734 1849 reformans.

1984 1784 2090 1836 Per
2132 1783 2437 1853 girnmque
2462 1782 2567 1836 loci
2598 1782 2813 1836 faciens
2839 1781 3165 1836 habitacula
3190 1782 3438 1850 claustri,

154 1895 236 1947 190
269 1890 566 1961 Colligitet
598 1890 824 1943 fructus
842 1889 1087 1958 generat
1110 1902 1255 1955 quos
1285 1883 1529 1937 herbida
1551 1884 1737 1949 tellus,
2296 1872 2466 1952 cellas
2503 1870 2748 1961 Domino
2776 1869 3235 1961 ‘farlnnlantibus-
3259 1874 3439 1939 aptas,

1984 1942 2080 1994 Hic
2108 1946 2167 1995 ut
2193 1943 2373 1995 securi
2401 1941 2591 1994 vivant
2623 1941 2742 1993 sine
2776 1941 3003 1994 turbine
3036 1940 3261 2007 mundi,

1984 2030 2213 2084 Addens
2236 2048 2299 2085 ex
2320 2030 2523 2100 opibus
2543 2044 2919 2101 qutecumque
2935 2030 3275 2099 poposcerat
3288 2044 3441 2095 usus,

1843 2126 1945 2180 215
1973 2122 2105 2176 Tale
2130 2120 2541 2174 monasterium
2569 2117 2777 2171 Christi
2795 2118 2897 2171 sub
2936 2117 3158 2170 honore
3192 2117 3445 2173 dicatum

1987 2214 2095 2266 Iste
2114 2226 2274 2264 mens
2301 2207 2485 2262 studio
2505 2206 2747 2276 patravit
2766 2206 2852 2260 vir
2881 2206 3197 2274 Witigowo.

1988 2302 2079 2353 Est
2101 2303 2293 2353 tamen
2325 2297 2685 2366 hocoperum
2706 2294 2889 2348 tenuis
2915 2296 3067 2348 velut
3097 2293 3445 2349 umbrasuo-

266 1978 728 2034 Nolensincultze
757 1986 797 2018 ιι
823 1977 944 2030 sine
975 1976 1163 2028 fructu
1192 1973 1558 2043 rurajacere.

265 2070 415 2125 Dives
442 2065 736 2138 possessis
758 2063 838 2117 ita
868 2078 1096 2133 semper
1118 2060 1333 2131 gaudet
1363 2059 1421 2112 in
1451 2058 1631 2125 arvis;

268 2158 336 2211 Ex
364 2172 628 2229 quorum
660 2155 895 2222 sumptu
918 2150 1157 2205 desudat
1189 2148 1362 2203 divite
1395 2148 1549 2201 cultu

267 2244 521 2316 Pervigil,
556 2241 849 2296 ecclesias
886 2238 1116 2293 Domini
1145 2237 1247 2291 sub
1278 2237 1501 2290 honore
1526 2235 1741 2288 dicatas

154 2338 235 2388 195
267 2333 509 2387 Gemmis
537 2329 747 2386 ornari
796 2327 1015 2381 varium
1062 2342 1165 2396 per
1201 2328 1453 2379 stemma
1499 2323 1739 2389 metalli,

266 2385 473 2492 litﬁper
504 2385 834 2474 structuras
861 2385 1079 2469 studet.
1106 2414 1207 2467 has
1238 2430 1449 2483 augere
1490 2411 1695 2483 politas
1987 2480 2027 2492 υ
2303 2475 2311 2484 _
2529 2472 2538 2483 _
2564 2473 2578 2492 ι
2806 2477 2817 2492 Ι
3003 2476 3015 2492 ι
3205 2385 3375 2492 trum:

268 2472 327 2476 _-
368 2472 396 2492 ι
416 2472 463 2475 η
508 2472 525 2473 η
547 2472 579 2474 -ν
1313 2472 1344 2483 υ
1490 2472 1505 2483 _
1727 2472 1735 2478 ,

267 2511 599 2581 Cujusopus
621 2505 794 2560 studii
812 2505 913 2557 tibi
935 2500 1480 2573 paucisintimo,fili.
1602 2503 1737 2566 [tor,

268 2597 629 2622 n--_-l-.._.J.--
655 2591 933 2622 ,ληηιηηαω
981 2607 1224 2622 nui-nmm
1244 2588 1546 2622 ηηηιιςιςιιίρ
1582 2604 1741 2622 ωηο-

1987 2480 2127 2532 Nam
2160 2475 2424 2546 graviora
2447 2472 2678 2546 quidem
2698 2476 3022 2545 perterrent
3045 2487 3334 2543 quemque
3362 2472 3445 2525 lo-

3082 2560 3380 2622 [quentem

3104 2576 3315 2631 quente

268 2597 633 2653 Purchardus
652 2591 955 2663 ductor-(6),
981 2607 1225 2644 summa:
1244 2588 1549 2660 probitatis
1579 2604 1741 2641 ama-

260 2688 532 2758 Regalcm
550 2676 1488 2749 ﬁscum,Sleitheimiﬁcoguomine
1504 2675 1740 2741 dictum,

151 2778 235 2830 200
266 2775 345 2829 Ad
371 2774 617 2828 laudem
664 2771 867 2824 matris
898 2768 1065 2822 nobis
1091 2765 1251 2820 dedit
1287 2763 1738 2828 Omnicreantis,

268 2863 349 2918 Sic
372 2866 583 2917 tamen
634 2861 791 2913 hunc
838 2856 1253 2925 tribuens,post
1296 2853 1419 2923 ejus
1450 2852 1641 2905 vivere
1697 2858 1740 2891 ιθ

1986 2656 2070 2710 Sit
2101 2653 2358 2726 quamvis
2378 2651 2623 2722 sapiens,
2647 2650 2734 2703 his
2755 2654 2838 2703 est
2870 2648 3206 2702 tractatibus
3224 2665 3446 2718 expers.

1847 2749 1949 2802 250
1992 2745 2222 2798 Finibus
2254 2744 2310 2796 in
2346 2742 2560 2807 multis,
2607 2740 2720 2811 qua
2768 2740 2916 2792 latus
2974 2737 3235 2791 tenditur
3272 2737 3448 2804 orbis,

1987 2832 2293 2887 Servitium
2328 2828 2555 2885 Domini
2588 2827 2913 2881 celebratur
2936 2827 3108 2880 corde
3134 2826 3286 2879 ﬁdeli

1384 2940 1639 3013 [ριιρδρηε
1985 2925 2047 2976 ln
2079 2921 2251 2975 sacris
2274 2919 2716 2989 domibus,quas
2739 2917 2969 2969 fmccrat
2996 2915 3113 2985 ipse
3144 2915 3449 2986 benignus.

271 3039 544 3111 Conjugis
558 3040 731 3109 atque
747 3050 861 3089 sua:
898 3037 1025 3105 post
1045 3035 1308 3086 nostrum
1349 3030 1569 3083 dixerat
1598 3045 1739 3081 esse.
2522 3041 2712 3078 poem.

269 3125 701 3182 Tuncstetithic
717 3123 932 3177 multos
962 3122 1081 3175 sine
1101 3118 1742 3181 nostrisusiimsannos;
1768 3104 1813 3162 C
1987 3128 2181 3191 Mater,
2218 3125 2366 3177 mira
2392 3124 2569 3176 τοῖοι-ς
2626 3119 2889 3173 muliebri
2921 3122 3149 3191 pectore
3201 3135 3451 3173 merens.

274 3216 407 3271 Nam
450 3217 764 3285 Ροδίίίιιθῐη
799 3210 1120 3264 Vilmﬁm’m
1155 3208 1265 3261 dux
1296 3208 1577 3260 Clauserat
1606 3205 1743 3277 ipse,
1989 3215 2205 3269 Gaudia
2235 3212 2446 3266 laetitia)
2480 3210 2580 3262 tibi
2614 3211 2842 3279 tergunt
2862 3208 3047 3261 vivere
3079 3206 3236 3259 triste
3262 3224 3275 3273 ;

157 3303 245 3360 205
272 3306 437 3359 Juxta.
463 3302 809 3358 condictum
834 3298 1043 3367 conjnx
1086 3296 1153 3366 (7)
1184 3295 1519 3366 possederat
1566 3293 1746 3359 illam,

1876 3310 1951 3361 {55
1992 3303 2270 3359 Convenit
2314 3302 2419 3353 hoc
2470 3298 2665 3369 pocius
2696 3297 2800 3349 sub
2827 3295 3007 3366 patris
3038 3295 3302 3348 laudibus
3355 3295 3458 3349 hu-

276 3394 403 3458 Quaz
419 3394 560 3464 post
579 3392 736 3445 hunc
756 3387 950 3442 multis
967 3387 1025 3439 in
1058 3385 1277 3438 mundo
1316 3383 1532 3437 vixerat
1561 3381 1746 3436 annis.
3218 3382 3346 3453 (jus,

276 3486 342 3537 At
369 3480 614 3554 quando
647 3476 894 3542 domini,
942 3475 1200 3545 superest
1225 3471 1347 3543 qui,
1370 3471 1506 3541 jura
1547 3470 1747 3535 subivi,

1997 3482 2057 3535 Id
2088 3498 2203 3535 non
2228 3478 2613 3545 contemptus,
2648 3472 2745 3526 sed
2770 3472 2956 3526 honor
2979 3469 3084 3524 tibi
3116 3471 3323 3525 dicitur
3356 3487 3456 3525 an-

279 3569 560 3642 Congrnit
578 3570 643 3621 ut
672 3564 844 3621 donis
883 3564 1189 3634 promptus
1213 3558 1438 3614 servivil.
1459 3556 1517 3611 in
1544 3557 1753 3627 amplis
3208 3558 3373 3618 [ctus.

276 3660 550 3714 Matronae
583 3654 683 3710 tali
710 3652 892 3725 regali
916 3648 1329 3721 stripeﬂuenti,

2001 3654 2422 3714 lntenditrecte
2454 3665 2655 3720 regum
2690 3649 2911 3701 secreta
2950 3648 3169 3711 tenere,

162 3749 247 3802 210
280 3748 441 3812 Quod
464 3745 644 3819 gessit
659 3742 847 3798 studio
876 3756 1111 3811 sperans
1124 3738 1194 3792 de
1208 3738 1428 3793 foenore
1444 3738 1625 3802 tanto,

2001 3749 2075 3802 Ut
2120 3748 2191 3799 sit
2222 3740 2572 3814 principibus
2604 3736 2842 3809 parliter
2873 3734 3161 3804 perfectus
3195 3732 3413 3787 amicus
3444 3749 3459 3801 ;

282 3836 562 3900 Ουθιῑίῐιυε
590 3834 716 3888 11330
743 3829 947 3885 eadem
970 3826 1263 3899 ﬂaglando
1292 3833 1334 3867 ¹⁴
1367 3824 1445 3879 δίο
1478 3839 1580 3895 Per
1593 3838 1755 3877 amo'
2001 3836 2137 3890 Inde
2170 3835 2373 3906 potens
2397 3844 2526 3883 vere
2546 3830 2673 3880 tuus
2692 3827 2776 3878 est
2812 3822 3085 3877 defensor
3111 3820 3351 3891 ubique.

1612 3921 1758 3983 [rem
1860 3928 1964 3983 260
2003 3924 2122 3991 Dic,
2154 3920 2399 3991 regiﬁcis
2418 3931 2694 3987 umquam
2714 3911 2997 3968 solamina
3023 3909 3192 3964 donis

283 4016 438 4070 Hune
462 4013 571 4069 sibi
602 4009 881 4067 continuo
904 4007 1153 4061 sociaret
1182 4002 1397 4059 foedere
1430 4001 1623 4054 firmo.
2004 4014 2100 4068 me
2125 4010 2226 4065 ubi
2250 4010 2444 4073 fon-ct,
2480 4002 2711 4077 quando
2747 4001 2815 4056 de
2847 4016 2983 4070 rege
3015 3996 3246 4052 rediret,

284 4106 350 4159 Et
367 4104 595 4159 devicta
611 4099 725 4155 suis
760 4114 864 4185 per
895 4097 1051 4150 dona
1069 4091 1369 4148 mouentia
1397 4088 1562 4155 votis,
2569 4128 2755 4166 Anam.

286 4184 1081 4277 lusuajuraloct'"‘_pr°l3“f“
1102 4181 1317 4277 “Pelia
1339 4181 1473 4232 ante
1487 4179 1755 4277 “Otatftm
2002 4222 2109 4274 Ρινο
2136 4219 2347 4271 tulerat
2377 4215 2563 4277 certe;
2596 4227 2715 4264 non
2745 4210 2832 4261 est
2856 4203 2999 4260 mihi
3037 4219 3204 4275 posse
3226 4220 3466 4275 negare.

227 4284 250 4298 υ
372 4247 375 4248 ν
419 4281 429 4291 .
465 4247 487 4263 “’
662 4276 672 4287 .
836 4247 851 4257 ⁸
946 4247 959 4256 ⁸
1255 4267 1265 4277 ο
1639 4264 1648 4273 .
2002 4247 2109 4274 ru;
2140 4247 2347 4271 ιυισιιιι,
2377 4247 2461 4269 un
2478 4247 2563 4279 ιυ,
2600 4247 2715 4264 υυιι
2745 4247 2832 4261 νυν
2856 4247 2999 4260 ιη...-
3037 4247 3204 4275 rem-..
3228 4247 3466 4275 "uo..."

168 4283 253 4335 210
283 4282 538 4337 Plnrlma
577 4276 721 4349 quid
744 4274 975 4329 refero?
1016 4269 1333 4325 Confestlm
1372 4267 1606 4319 venerat
1638 4265 1755 4331 illo,
2004 4310 2146 4362 Nam
2197 4304 2613 4359 testamentum
2654 4295 2811 4368 quod
2843 4310 2945 4366 per
2990 4294 3186 4364 regale
3217 4291 3472 4363 Sigillum

286 4370 557 4425 manibus
590 4371 650 4422 et
689 4362 907 4418 cuneus
942 4359 1165 4455 "(Mlier
1188 4357 1470 4455 dociequc
1511 4353 1757 4455 Pin‘iius’
1779 4423 1832 4455 n
3120 4347 3362 4448 ferebuat,

289 4461 349 4556 12
370 4464 575 4556 Rimas
608 4470 794 4556 viniis
838 4468 994 4556 quin“
1780 4444 1832 4481 υ
1862 4490 1963 4544 265
2004 4488 2066 4539 In
2093 4501 2205 4555 quo
2234 4482 2466 4536 libertas
2491 4492 2623 4530 mea
2657 4473 3035 4542 ﬁrmaturque
3065 4471 3337 4541 potestas.

297 4545 515 4601 Edibus
528 4541 848 4600 (ecclesiam
871 4537 1094 4609 gemuit
1110 4549 1396 4604 censuque
1413 4531 1757 4601 neglectam.

296 4634 473 4698 Quam
501 4629 968 4700 circumcingens
980 4628 1036 4679 et
1064 4623 1309 4678 fundum
1326 4620 1500 4674 lacius
1514 4635 1756 4689 augens,

169 4723 259 4777 220
284 4723 427 4778 Fecit
440 4739 585 4796 opus
601 4722 849 4783 clarum,
867 4713 1118 4769 Domino
1134 4708 1431 4781 pernohile
1450 4706 1758 4796 templum,

291 4795 623 4883 Adjnngens
637 4822 879 4863 omnem
898 4802 994 4875 qui
1012 4799 1296 4871 congruit,
1318 4812 1447 4851 ecce
1464 4795 1757 4861 decorem,

294 4900 473 4956 Rebus
503 4903 561 4954 et
587 4896 767 4970 ipsius
798 4909 952 4947 nunc
982 4887 1408 4945 {ecclesiasticus
1430 4901 1562 4938 usus

293 4989 507 5045 Sufﬁcit
536 5002 672 5042 ecce
689 4987 843 5049 loco;
866 4981 1138 5037 laudetur
1169 4975 1420 5032 Christus
1448 4974 1509 5027 in
1529 4972 1646 5027 1110.

291 5080 381 5133 Est
404 5080 669 5149 alterque
710 5090 891 5145 pagus
922 5072 1119 5125 noster
1152 5065 1453 5137 Funginga
1496 5063 1752 5126 vocatus,

176 5166 257 5222 2'25
292 5166 605 5223 Pulcherin
633 5165 889 5234 aspectu,
912 5159 1016 5213 sub
1047 5158 1230 5211 cultus
1260 5152 1460 5208 fertilis
1486 5168 1612 5217 usu,

294 5256 471 5320 Quem
498 5253 662 5310 dedit
692 5248 957 5322 inprimis
991 5244 1129 5300 mihi
1161 5246 1320 5297 certo
1353 5239 1568 5295 foedere
1597 5236 1747 5291 dotis

1468 5335 1705 5391 VARl/E
1757 5323 2163 5387 LECTIONES.

236 5457 271 5495 ¹¹
302 5456 336 5510 ἰ.
358 5473 400 5511 e.
430 5452 667 5509 inculte.
749 5456 791 5492 13
820 5448 882 5504 z’n
912 5463 1084 5515 marg.
1117 5442 1449 5513 Schleytem
1476 5452 1641 5490 manu
1672 5448 1773 5486 sec.
1806 5424 1974 5483 XVI.
2066 5432 2109 5464 i3
2142 5421 2179 5472 ι’.
2213 5434 2257 5471 c.
2292 5412 2424 5469 vita!

1705 5524 1932 5581 NOTAE.

1948 5618 2023 5693 (8)
2052 5610 2333 5671 Pirminii.

2608 4598 2800 4637 POETA.

2008 4692 2115 4745 Per
2143 4704 2271 4761 quae
2303 4685 2475 4739 debet
2512 4681 2565 4735 ei
2604 4679 2742 4733 dare
2782 4677 2972 4747 grates
3004 4673 3195 4729 contio
3243 4672 3470 4744 nostri;

2004 4782 2147 4834 Nam
2172 4779 2303 4831 sunt
2330 4768 2662 4829 communis
2688 4764 2990 4820 liberrima
3014 4762 3228 4831 scripta
3258 4762 3474 4816 salutis.

2009 4870 2121 4924 Hoc
2140 4866 2211 4921 ad
2230 4861 2622 4935 gaudendum,
2647 4872 2762 4911 non
2788 4851 2935 4907 tristi
2952 4865 3113 4905 more
3136 4848 3453 4903 dolendum

2000 4960 2096 5025 Te,
2127 4971 2295 5026 rogo,
2327 4948 2693 5007 commoveat
2718 4940 2853 5014 quia
2884 4938 2964 4992 sic
2989 4941 3086 4992 tua
3104 4937 3331 5004 sceptra
3381 4952 3476 4990 co-

3202 5028 3478 5093 [ruscant.

1899 5144 1965 5197 7O
1993 5139 2089 5195 Dic
2119 5139 2196 5202 et,
2232 5128 2576 5203 apostolicos
2602 5137 2734 5176 cum
2758 5117 2962 5170 viseret
2993 5114 3086 5167 ille
3120 5114 3396 5183 patronos

2008 5198 2230 5287 Romae,
2264 5198 2392 5290 post
2409 5212 2658 5270 reditum
2680 5205 2781 5259 tibi
2798 5203 2976 5257 ferret
2997 5200 3169 5273 quale
3201 5198 3482 5276 dativum.

2426 5424 2490 5461 n.
2576 5410 2619 5445 ιι
2649 5405 2723 5455 ita
2759 5416 2804 5453 c.
2892 5405 2936 5438 1⁸
2971 5397 3008 5451 ἱ.
3042 5414 3087 5451 e.
3123 5393 3377 5469 proprie.

262 5651 309 5722 6)
338 5653 453 5707 Dux
482 5647 865 5707 Alamanniae.

241 5650 308 5801 17)
328 5723 647 5799 Hadawiga.

264 5728 308 5799 7)
328 5723 647 5799 iladawiga.
