3882 6222
405 411 510 469 359
1466 403 1863 462 PURCHARDI
1915 401 2221 460 MONACHI
2273 401 2632 461 AUGIENSIS
3619 411 3734 467 360

1106 542 1290 580 AUGIA.
2029 531 2083 590 Α
2119 529 2222 581 320
2261 527 2386 580 Una
2403 526 2570 580 beate
2599 525 2706 581 tibi
2725 529 3134 598 protomartyr,
3168 525 3482 598 Stephano,
3512 525 3741 584 Christi

550 617 714 682 Quod
736 615 894 672 dedit
909 615 1028 686 ipse
1050 614 1214 682 mihi,
1245 614 1575 669 licetessem
1592 611 2004 686 pectoretristi,
2255 614 2350 667 Est
2377 618 2588 682 erecta,
2614 630 2812 686 preces
2843 618 2904 669 ut
2933 616 3187 670 clemens
3215 615 3336 687 ipse
3365 619 3660 687 receptes,

545 707 678 761 Tale
699 704 809 760 fuit
856 704 1097 772 donum,
1133 720 1245 776 quo
1276 719 1394 758 non
1422 702 1734 773 preciosius
1783 702 1961 755 ullum
1990 717 2004 767 ;
2251 702 2401 766 Quas
2426 703 2768 758 devotorum
2783 703 2886 758 tibi
2907 703 3100 758 fundit
3125 704 3319 760 contio
3349 705 3604 760 fratrum

545 795 608 848 In
625 810 738 866 quo
764 793 1036 864 ponendo
1066 808 1250 864 spem,
1288 792 1446 846 nulla
1474 791 1689 862 pericla
1719 806 1954 862 pavesco
1991 805 2002 843 :
2247 792 2462 857 Altera,
2496 791 2786 858 Laurenti,
2825 792 2928 846 tibi
2944 793 3202 847 cernitur
3227 796 3402 864 atque
3434 791 3651 860 dicari,

405 887 516 945 275
553 884 662 940 Vas
681 869 1076 951 cristallirium,
1096 881 1304 937 Christi
1333 883 1403 936 de
1434 881 1714 952 sanguine
1745 881 2002 950 plenum.
2249 880 2327 932 Tu
2351 879 2515 934 simul
2538 884 2599 934 ut
2617 880 2757 934 votis
2788 884 2843 935 te
2870 881 2978 934 rite
3001 882 3371 952 precantibus
3401 880 3580 948 adsis,

1151 988 1339 1026 POETA.
2111 971 2212 1023 325
2252 969 2314 1021 In
2349 969 2540 1023 medio
2567 986 2815 1040 quarum
2839 969 3156 1041 Witigowo,
3178 985 3383 1024 norma
3404 970 3736 1028 bonorum.

547 1062 682 1118 Dico
713 1063 979 1116 lastanter
1003 1077 1015 1114 :
1045 1059 1238 1114 Gaude
1257 1075 1430 1128 nunc,
1453 1058 1638 1130 Augia
1657 1061 1865 1126 mater,
2252 1055 2442 1111 Erexit
2470 1057 2680 1112 celsam
2697 1058 2896 1113 studiis
2921 1057 3270 1113 ferventibus
3290 1075 3475 1124 aram,

545 1150 776 1206 Munere
807 1165 912 1223 pro
944 1149 1067 1216 tali,
1101 1165 1231 1204 cum
1259 1148 1332 1202 sis
1367 1147 1583 1202 felicior
1623 1147 1786 1202 omni
2255 1147 2411 1200 Hanc
2439 1163 2652 1201 ornans
2676 1147 2872 1202 tabula
2919 1147 3167 1219 gemmis
3211 1164 3468 1220 auroque
3519 1153 3739 1220 parata

544 1237 752 1296 Mundo
776 1256 792 1308 ;
829 1254 1006 1310 quam
1030 1236 1164 1292 felix
1193 1240 1278 1291 est
1307 1239 1366 1292 et
1391 1239 1520 1292 tuus
1545 1237 1638 1292 ille
1666 1235 1868 1302 ﬁdelis,
2256 1234 2380 1298 Qua
2397 1235 2652 1290 Januarii
2685 1237 3046 1291 concluserat
3070 1253 3198 1291 ossa
3227 1235 3402 1292 beati.

545 1326 780 1383 Subtilis
793 1327 970 1384 talem
990 1325 1095 1381 tibi
1115 1325 1204 1380 cui
1229 1325 1528 1397 conjunxit
1556 1326 1862 1391 honorem,
2255 1325 2317 1377 In
2348 1323 2449 1378 tali
2491 1323 2748 1395 primum
2771 1324 2959 1380 studio
2995 1325 3344 1398 perduxerat
3368 1341 3620 1381 annum.

408 1419 512 1475 280
550 1419 614 1472 In
641 1432 776 1487 quo,
803 1413 1040 1482 domna,
1061 1414 1309 1470 valescul
1316 1431 1522 1486 parum
1543 1417 1768 1484 tergere
1797 1411 2013 1478 sordes,
2118 1413 2221 1466 330
2249 1411 2425 1466 Voces
2437 1411 2766 1481 omnigenus
2785 1413 3124 1468 dicantzTibi
3146 1412 3738 1486 gloria,Christe!(iiﬁ)

552 1503 752 1560 Hostes
776 1519 840 1558 ac
855 1501 1074 1575 gemini
1097 1501 1203 1558 tibi
1226 1519 1344 1557 non
1366 1501 1728 1570 sunt,crede,
1749 1497 2011 1554 timendi.
2326 1499 2399 1553 Ut
2428 1515 2623 1554 cursus
2653 1500 2791 1556 anni
2825 1503 2962 1556 tunc
2988 1501 3272 1556 advenere
3287 1501 3526 1557 secundi
3555 1501 3738 1572 (986),

549 1593 618 1648 Et
644 1591 878 1664 reliquis
907 1590 1112 1664 opibus
1140 1589 1186 1645 si
1213 1591 1273 1644 te
1299 1593 1464 1663 pater
1491 1587 1612 1662 ipse
1641 1589 1840 1644 beatus
2255 1585 2443 1642 Divini
2474 1589 2658 1642 cultus
2679 1605 2796 1644 non
2827 1588 3145 1646 immemor
3179 1589 3272 1644 ille
3304 1589 3528 1658 beatus,

551 1681 679 1738 Non
695 1681 913 1736 claram
941 1679 1179 1748 faceret,
1207 1681 1408 1734 tamen
1432 1678 1555 1734 haec
1577 1677 1711 1733 data
1726 1676 1882 1732 dona
1909 1692 2016 1730 no-
2257 1675 2496 1730 Pulchre
2523 1675 2838 1732 formatam
2872 1677 3023 1750 cepit
3043 1677 3288 1732 fundare
3309 1679 3618 1750 capellam,

1671 1767 1907 1831 ﬂarent,
2045 1836 2076 1838 ᾉ
2259 1765 2430 1818 Porta
2452 1765 2789 1821 monasterii
2821 1783 2935 1838 qua
2965 1765 3170 1838 pandit
3215 1766 3412 1836 pervia
3472 1765 3740 1832 claustri,

556 1860 627 1916 Ut
651 1873 1026 1932 praecessores
1045 1854 1256 1912 meritis
1284 1856 1625 1929 precelleret
1649 1871 1870 1910 omnes.
2042 1836 2093 1896 Β
2120 1854 2220 1908 335
2262 1852 2540 1908 Omnibus
2552 1836 2888 1926 aggressum
2903 1836 3311 1909 demonstrans
3323 1857 3497 1927 atque
3509 1870 3746 1926 regres-

415 1951 517 2004 285
543 1947 862 2002 Tantorum
881 1945 1078 2004 laudes
1091 1961 1358 2016 Operum,
1377 1945 1522 1999 Deus
1537 1942 1726 2014 accipe
1740 1938 2011 1996 clemens!
3468 1944 3487 2003 [
3493 1958 3626 1995 sum

553 2037 698 2092 Nam
713 2034 871 2106 quod
893 2033 1054 2088 inhis
1067 2033 1298 2089 canitur
1314 2037 1415 2088 tua
1425 2033 1610 2105 gloria
1630 2033 1865 2103 lausque
1883 2047 2014 2103 pro-
2261 2032 2448 2095 Quam
2477 2033 2582 2088 sub
2597 2031 2862 2088 Pirminii
2874 2031 3116 2087 sacravit
3159 2033 3381 2088 honore
3405 2032 3588 2098 beati,

1699 2121 1909 2192 [batur,
2263 2121 2371 2184 Qui
2397 2126 2592 2192 pastor
2617 2122 2806 2194 primo
2830 2137 2924 2176 me
2947 2121 3092 2176 rexit
3103 2139 3303 2178 amore
3327 2125 3598 2194 paterno.

555 2213 625 2266 Es
653 2211 751 2284 qui
778 2227 882 2282 per
911 2213 1140 2282 patrem
1163 2210 1433 2281 dignatus
1462 2209 1693 2264 mittere
1716 2209 1893 2263 talem
2263 2210 2401 2264 lnde
2425 2227 2662 2265 morans
2688 2210 2850 2281 operi
2881 2210 2984 2278 nil,
3007 2210 3202 2282 junxit
3232 2210 3446 2267 moenia
3471 2209 3740 2278 claustri,

551 2299 802 2372 Augensi
829 2298 1024 2367 matri,
1043 2315 1156 2372 quo
1183 2297 1462 2369 plaudant
1483 2313 1724 2351 munere
1750 2296 1892 2352 nati.
2262 2298 2359 2352 llic
2391 2299 2486 2352 ubi
2515 2299 2780 2354 circuitus
2811 2298 3002 2354 fuerat
3028 2316 3145 2353 non
3177 2299 3284 2354 rite
3311 2302 3606 2371 peractus,

553 2389 727 2443 Nobis
749 2387 988 2442 alternis
1007 2389 1095 2440 est
1119 2402 1310 2440 sermo
1337 2386 1435 2439 sed
1462 2385 1598 2456 quia
1619 2383 1810 2450 dictis,
2123 2387 2226 2441 340
2244 2387 2353 2441 Ηειο
2373 2387 2626 2443 Januarii
2657 2403 2866 2459 supera
2894 2387 2965 2441 de
2997 2391 3158 2459 parte
3189 2387 3343 2442 beati

412 2479 519 2535 290
555 2477 772 2532 Horum
803 2475 1160 2545 templorum
1189 2476 2018 2544 strncturam,quuaso,tuorum
2264 2475 2540 2529 Culminis
2563 2475 2853 2542 azcclesiae,
2881 2491 3055 2547 quem
3088 2479 3208 2530 tum
3229 2476 3556 2549 perfecerat
3585 2477 3739 2550 ipse,

553 2565 642 2619 Ad
662 2563 890 2625 laudem
944 2560 1177 2616 Domini
1209 2560 1334 2632 quis
1361 2559 1586 2628 fecerit,
1618 2559 1723 2614 ede
1770 2560 2018 2631 roganti.
2262 2565 2448 2635 Atque
2477 2563 2691 2635 gradus
2711 2579 2842 2619 savo
2874 2562 3012 2618 fecit
3029 2567 3160 2635 post
3203 2564 3311 2619 ista
3335 2564 3546 2638 polito,

555 2650 824 2723 Pingitur
855 2651 1146 2707 astrorum
1175 2647 1332 2704 vario
1375 2650 1528 2703 velut
1555 2647 1759 2704 ordine
1789 2649 2018 2712 ccelum,
2261 2651 2564 2706 Scanditur
2593 2651 2862 2708 mcclesiaz
2887 2667 2992 2723 per
3008 2668 3151 2724 quos
3181 2653 3256 2708 ad
3285 2653 3492 2710 limina
3519 2656 3740 2727 portae.

555 2739 648 2796 Sic
672 2737 948 2795 redimita
977 2737 1088 2795 tuis
1106 2736 1348 2792 stellaris
1371 2739 1429 2791 et
1452 2737 1575 2809 ipsa
1599 2736 1839 2794 sacellis.
2260 2740 2419 2795 Picta
2447 2744 2649 2796 manet
2669 2757 2836 2797 muro
2891 2757 3121 2796 necnon
3151 2742 3456 2796 Genitricis
3505 2742 3740 2815 imago,

554 2829 674 2884 Hoc
713 2827 885 2885 decus
915 2841 1036 2887 esse
1066 2824 1171 2884 tibi
1199 2841 1307 2880 nec
1343 2823 1527 2896 prisco
1575 2828 1840 2896 tempore
1879 2825 2014 2894 vidi,
2119 2830 2220 2884 345
2261 2829 2323 2882 In
2341 2828 2565 2900 gremio
2582 2829 2870 2884 Christum
2892 2829 3417 2901 gestautis,piguus
3432 2847 3740 2900 amorum,

415 2916 522 2977 295
563 2916 708 2973 Cum
729 2915 966 2990 paterin
988 2913 1209 2972 mundo
1227 2914 1641 2970 Ruodmannus
1654 2913 1870 2970 vixerat
1885 2913 2014 2981 isto,
2253 2916 2437 2981 Quam
2453 2917 2742 2988 graduum
2759 2917 2966 2972 fratres
2979 2917 3148 2988 proni
3163 2934 3336 2990 super
3345 2919 3464 2974 alta
3467 2919 3740 2990 jacentes

555 3003 824 3070 Quamvis
853 3007 912 3060 et
939 3003 1114 3074 ipsius
1138 3005 1318 3059 stares
1335 3003 1614 3061 ditissima
1643 3003 1833 3058 rebus.
2261 3004 2491 3060 Orando
2520 3008 2857 3080 tangunt,ac
2875 3009 3072 3061 sancta
3098 3022 3204 3077 per
3215 3007 3410 3060 oscula
3437 3005 3736 3060 lambunt.

553 3093 760 3150 Meuia
785 3095 948 3148 tanta
963 3091 1150 3150 virum
1172 3091 1370 3164 peragi
1395 3091 1474 3147 sic
1491 3109 1654 3166 posse
1673 3109 1778 3164 per
1809 3109 2014 3157 unum,
2047 3113 2095 3174 α
2255 3096 2330 3148 At
2351 3094 2498 3148 latus
2518 3110 2585 3148 ac
2613 3093 2882 3148 dextrum
2904 3093 3100 3165 signat
3128 3093 3353 3164 pictura
3382 3094 3628 3149 beatum

550 3181 744 3250 Miror,
766 3179 852 3236 bis
872 3179 1062 3254 quinis
1091 3184 1207 3239 tam
1231 3179 1392 3252 parvi
1410 3180 1690 3253 temporis
1719 3181 1904 3249 annis,
2258 3181 2679 3254 Evangelistam
2696 3181 2969 3250 Marcum,
2991 3181 3316 3254 faciemque
3349 3181 3628 3237 decoram

554 3269 633 3324 Ex
663 3268 822 3325 obitu
851 3283 1130 3328 numerus
1159 3284 1302 3336 quos
1352 3267 1554 3324 ordine
1583 3269 1843 3325 continet
1866 3269 2010 3342 ejus.
2117 3271 2220 3326 350
2262 3270 2394 3324 Fert
2420 3269 2858 3327 Januariuslevo
2885 3271 2990 3326 sub
3008 3270 3277 3343 margine
3303 3270 3514 3342 pictus,

415 3359 519 3416 300
555 3359 622 3413 In
647 3355 892 3412 meliora
928 3357 1120 3413 locum
1169 3357 1412 3412 mutavit
1431 3356 1578 3428 quis,
1627 3373 1794 3429 rogo,
1823 3361 2014 3412 totum
2257 3358 2398 3414 Orat
2427 3375 2572 3432 quos
2592 3359 2796 3415 ambos
2826 3359 3058 3415 dovotio
3089 3363 3285 3414 nostra
3305 3363 3626 3432 patronos;

555 3447 718 3503 Hunc
728 3445 964 3518 pulchre
979 3461 1265 3502 renovans
1288 3444 1651 3518 gemmisque
1669 3445 2014 3501 micantibus
2258 3446 2424 3518 Pingi
2447 3463 2590 3520 quos
2615 3447 2747 3503 ideo
2801 3447 2982 3502 voluit
3011 3447 3263 3503 domnus
3280 3446 3607 3519 Witigowo,

1747 3533 2014 3603 [ornans?
2254 3535 2326 3590 Ut
2363 3534 2697 3590 defensores
2730 3535 3048 3591 defendant
3079 3535 3334 3608 undique
3363 3536 3517 3590 tales

1118 3639 1306 3680 suam.
2255 3623 2370 3678 Nos
2381 3639 2446 3676 nx
2470 3621 2689 3678 insidiis
2716 3623 2806 3678 his
2826 3623 3266 3680 adversantibus
3291 3623 3494 3680 hostis.

552 3712 848 3770 Pulchrius
886 3714 951 3767 ut
979 3711 1168 3767 cernis
1183 3711 1336 3784 quod
1356 3709 1540 3782 fulget
1563 3709 1623 3765 in
1643 3709 2010 3779 aedibusistis,
2117 3715 2218 3769 355
2254 3713 2506 3768 Iusserat
2533 3714 2591 3766 et
2618 3714 2808 3767 totum
2820 3711 3067 3784 pictores
3084 3713 3327 3785 pingere
3373 3708 3725 3785 claustrum;

555 3803 670 3858 Hoc
699 3805 890 3858 totum
917 3799 1076 3868 fecit,
1104 3799 1282 3854 modo
1307 3796 1404 3872 qui
1435 3797 1728 3868 proximus
1756 3799 1940 3854 haesit.
2258 3802 2406 3856 Sunt
2425 3799 2762 3855 illaetabulaa
2791 3817 2920 3872 quae
2932 3816 3035 3872 per
3054 3800 3352 3872 laquearia
3378 3802 3574 3873 picta,

553 3889 698 3946 Nam
714 3891 871 3946 velut
897 3889 1018 3961 ipse
1038 3887 1214 3956 canis,
1248 3885 1470 3942 domini
1491 3885 1564 3940 de
1592 3887 1780 3941 morte
1809 3887 2016 3959 prioris
2266 3891 2575 3960 Signantes
2601 3894 2836 3962 patrum
2862 3891 2996 3946 facti
3027 3892 3396 3948 monimenta
3423 3894 3690 3966 priorum
3714 3912 3728 3964 ;

413 3981 516 4035 305
553 3977 828 4034 Ascendit
851 3975 1144 4032 decimum
1167 3989 1322 4031 nunc
1339 3971 1526 4030 orbita
1544 3975 1675 4030 solis
1693 3973 1752 4030 in
1771 3991 2012 4047 annum,
2253 3978 2452 4034 Vivere
2477 3979 2631 4050 quod
2662 3979 2845 4048 bellis,
2865 3997 2992 4052 quae
3020 3981 3378 4036 conversatio
3411 3981 3576 4056 pacis

557 4065 710 4130 Quos
741 4081 836 4120 me
863 4062 1214 4136 predoctae“
1231 4060 1526 4134 Witigowo
1547 4063 1906 4120 rexeratiste.
2255 4067 2368 4122 lllis
2417 4069 2554 4122 tunc
2583 4067 2793 4131 fuerat,
2825 4070 3015 4125 totum
3048 4068 3272 4140 pictura
3304 4069 3524 4142 figurat

553 4155 634 4207 Ac
663 4155 728 4206 ut
755 4149 1038 4222 precinui,
1069 4147 1204 4204 licet
1227 4149 1381 4206 hunc
1409 4149 1656 4223 illucque
1679 4153 1873 4224 vagari
2113 4157 2216 4211 360
2247 4153 2557 4210 Introitum
2590 4155 2841 4224 claustri,
2869 4172 3044 4228 quem
3099 4157 3286 4212 verbis
3325 4161 3463 4213 ante
3490 4161 3704 4230 notavi,

554 4239 886 4310 Numquam
903 4239 1168 4306 cessaret,
1184 4236 1328 4293 mihi
1349 4253 1512 4294 rarus
1525 4255 1756 4311 semper
1773 4244 1831 4295 et
1845 4244 2009 4310 esset,
2254 4243 2370 4299 Sub
2400 4243 2592 4298 forma
2613 4247 2846 4314 patrum
2869 4243 3040 4316 jussit
3055 4244 3277 4301 variare
3295 4261 3589 4318 meorum,

557 4324 808 4397 lmpigre
840 4325 1066 4380 nullum
1095 4327 1294 4381 tamen
1329 4325 1722 4384 intermiserat
1767 4345 2008 4402 annum,
2035 4386 2085 4408 ἣ
2256 4333 2408 4396 Quos
2439 4332 2574 4388 mihi
2602 4334 2854 4402 prelalos
2875 4333 3014 4388 fecit
3039 4335 3281 4406 prelatio
3313 4335 3546 4408 dignos,

419 4413 526 4471 3l0
557 4386 739 4470 Ηυξιὲ
749 4411 938 4485 operis
965 4412 1118 4468 facto
1149 4414 1285 4486 quin
1309 4415 1575 4471 claudere
1594 4417 1763 4473 vellet
1790 4417 1849 4472 in
1872 4386 2010 4488 uno;
2034 4386 2086 4446 Β
2256 4386 2320 4476 fu
2335 4386 2338 4387 ν
2355 4386 2876 4493 quocumqueloco
3117 4386 3723 4498 su—ntvcercr’iereprimo

556 4501 626 4556 Et
651 4501 885 4574 quando
905 4501 1058 4574 cepit
1084 4503 1170 4557 vel
1193 4503 1424 4574 quando
1439 4507 1608 4576 cepta
1634 4505 1878 4578 peregit,
2259 4509 2366 4575 Qui
2394 4510 2634 4566 veniunt
2659 4511 2946 4582 templum
2978 4511 3226 4568 Domino
3254 4511 3327 4567 sit
3357 4515 3530 4586 quale
3561 4531 3722 4588 para-

556 4590 720 4646 Nunc
749 4589 854 4644 tibi
903 4590 1203 4662 colloquiis
1233 4609 1267 4646 a
1296 4608 1391 4646 me
1421 4595 1752 4648 montratur
1779 4595 2010 4666 apertis.
3429 4605 3620 4666 [tum:

627 4679 870 4750 Ceperat
893 4677 952 4734 in
983 4679 1173 4752 primo
1199 4679 1342 4736 mibi
1371 4696 1502 4735 cum
1533 4680 1888 4736 dominarier
1911 4701 2013 4739 an-
2117 4688 2218 4742 365
2257 4709 2284 4738 ‹‹
2305 4685 2495 4759 Τυμο)
2531 4703 2764 4760 quoque
2786 4687 3007 4744 vilescis
3046 4689 3193 4745 tanti
3224 4689 3451 4762 privata
3485 4691 3720 4754 decoris,

1500 4775 1502 4778 ’
1714 4781 1816 4842 [no
1843 4770 2012 4843 (985),
2255 4776 2342 4830 Un
2369 4792 2487 4832 non
2513 4794 2626 4832 una
2653 4777 2756 4832 tibi
2776 4778 2985 4834 domus
3019 4783 3126 4848 est,
3159 4796 3287 4851 qua:
3307 4780 3489 4852 possit
3530 4778 3721 4836 haberi

559 4857 655 4914 Est
669 4857 747 4932 (9)
757 4857 879 4912 latu
895 4873 907 4913 δ
925 4856 1194 4914 ecclesias
1205 4857 1396 4912 levum
1412 4856 1704 4929 genitricis
1723 4859 1798 4914 ad
1820 4861 2010 4930 almae,
2255 4867 2403 4938 Apta
2427 4865 2746 4922 ministerio
2776 4866 3002 4934 Christi,
3025 4868 3316 4940 popularis
3347 4873 3406 4924 et
3433 4869 3597 4926 ordo.

408 4947 511 5004 515
551 4945 820 5004 Fundans
831 4944 1107 5002 eximium
1128 4945 1336 5002 devota
1364 4947 1557 5000 mente
1584 4947 1853 5004 sacellum
1863 4991 1878 5018 ,
2255 4953 2368 5008 Nec
2381 4957 2577 5010 teneat
2588 4955 2833 5028 spatium
2844 4957 2967 5024 ,sub
2980 4973 3094 5028 quo
3107 4958 3534 5028 glomereturin
3549 4974 3718 5014 unum

551 5033 717 5102 Quod
734 5034 993 5092 Januarii
1020 5033 1202 5090 voluit
1223 5033 1329 5090 sub
1354 5034 1576 5091 honore
1607 5035 1806 5106 dicari,
2255 5041 2420 5098 Juxta
2452 5043 2609 5114 quod
2637 5061 2894 5118 possum,
2917 5061 3070 5100 nunc
3100 5050 3186 5100 est
3217 5045 3360 5102 mihi
3391 5047 3537 5103 velle
3565 5045 3718 5102 beni-

552 5122 804 5180 Cielestis
826 5121 1028 5196 patriae
1059 5139 1236 5195 quem
1264 5121 1401 5178 fecit
1431 5139 1632 5179 amore
1661 5124 1852 5181 subire
3370 5135 3573 5208 [gnum
3601 5151 3615 5190 ε

551 5212 818 5269 Palmam
857 5210 1120 5282 martyrii
1172 5210 1372 5266 victrix
1406 5211 1690 5270 confessio
1717 5221 1762 5256 ιτ
1805 5214 2010 5271 Christi
2115 5219 2220 5277 370
2261 5216 2570 5274 Structura:
2608 5220 2808 5289 veteri,
2842 5223 3020 5279 modo
3035 5239 3169 5294 pars
3201 5240 3329 5296 qua:
3359 5225 3483 5280 tota
3537 5222 3716 5280 sacelli

546 5299 612 5354 In
639 5315 754 5371 quo
787 5297 1074 5371 dispositis
1099 5298 1303 5355 divinis
1329 5299 1572 5356 cultibus
1601 5300 1733 5372 aris,
2264 5306 2855 5382 Co.istat,adssquatos
2876 5311 3070 5367 forma
3131 5312 3257 5383 conj
3268 5329 3486 5385 ungere
3529 5327 3716 5368 muros

1718 5423 1954 5482 VARI/E
2007 5427 2298 5487 LECTION
2305 5431 2406 5488 ES.

477 5525 524 5562 η
550 5517 595 5574 ἱ.
623 5534 669 5576 e.
703 5517 1018 5591 praedoete,
1095 5526 1140 5563 ιι
1169 5519 1424 5576 confesio
1450 5537 1498 5577 c.
1575 5529 1622 5566 1⁸
1652 5526 1886 5580 numeris
1917 5528 2050 5581 anni
2075 5531 2312 5585 exeuntis
2340 5530 2409 5586 ab
2441 5537 2654 5590 auctore
2683 5533 2739 5590 in
2770 5536 3014 5606 margine
3041 5537 3267 5610 scriptus
3297 5543 3371 5595 est

1949 5623 2176 5684 NOTAE.

475 5711 547 5790 (9)
574 5713 708 5774 Scil.
737 5713 1066 5787 Witigowo.
1304 5795 1316 5804 .
2185 5726 2618 5802 (lO),Witigowo
2631 5730 2886 5806 Augiam
2916 5733 3256 5812 alloquitur.
