3882 6222
152 422 235 478 361
1011 413 1289 470 CARMEN
1321 413 1411 468 DE
1435 411 1666 468 GESTIS
1716 411 2187 468 WITIGOWONIS
2217 413 2525 470 ABBATIS.
3311 420 3414 482 363

275 534 523 608 Equalis
549 533 722 607 spatii
747 535 1024 606 junctura
1045 533 1272 589 circiter
1302 533 1502 601 omni;
1760 540 1815 598 Α
1984 533 2160 606 Hujus
2186 533 2244 588 in
2275 535 2544 590 mcclesia:
2577 533 2790 601 medio,
2821 550 2999 607 quam
3029 535 3164 592 fecit
3193 539 3253 592 et
3291 536 3440 608 ipse,

276 626 390 680 Fiat
407 626 834 681 obumbratum
859 623 1072 694 pariter
1087 625 1415 695 tectumque
1437 639 1540 694 per
1561 641 1742 679 unum
1987 623 2047 676 In
2081 621 2356 692 gradibus
2397 623 2643 695 positam
2676 623 2983 680 sublimem
3013 626 3242 680 sustulit
3269 643 3452 696 aram,

274 714 413 769 Illud
452 731 600 786 opus
642 715 934 779 nostrum,
975 715 1234 784 superest
1275 715 1333 766 et
1364 712 1519 784 quod
1568 714 1742 768 modo
1989 710 2198 764 Fronte
2225 712 2328 766 sub
2366 712 2604 768 adversa
2634 729 2760 784 qua:
2792 712 3025 786 respicit
3051 714 3195 773 ostia
3228 719 3453 784 contra,

1446 801 1743 871 [priscum,
1844 799 1950 852 420
1980 799 2051 854 Ut
2077 815 2203 854 mos
2229 803 2335 866 est,
2368 800 2624 856 tabulam
2651 801 2742 856 cui
2770 805 2909 856 tunc
2936 802 3255 873 prefecerat
3276 821 3455 864 unum

158 899 246 951 375
281 895 347 949 Et
384 893 463 960 sic
501 891 772 948 recclesiae
805 891 1105 946 firmemus
1144 889 1398 946 culmina
1428 906 1676 962 magum.
1713 911 1740 939 »
1986 886 2326 957 Fulgentem
2354 889 2548 944 solidis
2574 890 2696 945 auri
2720 891 2789 944 de
2815 892 2968 945 mole
2992 892 3238 946 talentis.

279 983 496 1038 Gaudia
524 985 662 1036 tunc
678 980 878 1036 animo
906 980 1088 1033 fateor
1110 995 1204 1032 me
1235 995 1506 1049 promere
1536 979 1672 1046 leto,
1966 977 2513 1050 Percujusmedium
2527 980 3142 1050 speculumipatetecce
3158 998 3454 1052 serenum,

282 1073 416 1142 Ejus
442 1070 598 1142 quod
630 1069 782 1124 dulci
813 1069 984 1122 verbo
1017 1084 1111 1121 me
1138 1066 1383 1137 contigit
1412 1066 1530 1134 uti;
1987 1070 2151 1134 Quod
2175 1069 2392 1140 pariter
2414 1068 2611 1123 viridis
2631 1069 2794 1126 vitrei
2818 1074 3017 1126 manet
3034 1075 3206 1144 atque
3223 1073 3453 1141 coloris,

283 1161 498 1217 Mecum
524 1175 661 1214 nam
684 1173 817 1212 raro
842 1156 1079 1210 verbum
1101 1156 1446 1227 permusitat
1471 1157 1541 1211 ull
1551 1173 1743 1210 um.—
1988 1161 2050 1214 In
2065 1176 2176 1230 quo
2195 1158 2434 1229 quisque
2453 1174 2620 1212 suum
2639 1159 2789 1213 valet
2806 1162 2938 1230 apte
2955 1176 3190 1216 cernere
3209 1163 3450 1218 vultum.

288 1273 314 1297 ‹‹
334 1247 549 1315 Gratia,
581 1246 818 1313 domne,
852 1245 993 1298 tibi!
1027 1247 1154 1298 tum
1182 1245 1328 1300 ﬂexo
1360 1244 1575 1314 poplite
1609 1244 1743 1312 dixi,
1847 1251 1948 1304 425
1972 1247 2026 1301 Si
2061 1247 2186 1318 quis
2213 1247 2268 1300 in
2289 1247 2606 1302 azcclesiam
2631 1247 2895 1317 graditur
2919 1250 3003 1304 vel
3030 1250 3253 1319 pervius
3269 1250 3452 1323 ipsam

155 1341 249 1393 380
276 1337 412 1393 Miro
443 1336 541 1408 qui
561 1337 715 1390 cultu
739 1351 937 1389 rerum
968 1333 1238 1406 varioque
1261 1337 1464 1405 paratu
1992 1339 2199 1392 Coram
2233 1353 2290 1391 se
2321 1352 2557 1407 pronus,
2591 1341 2812 1392 naturae
2843 1338 3025 1408 poscit
3055 1342 3117 1398 ut
3147 1355 3301 1407 usus,

285 1427 366 1480 Me
404 1425 576 1479 decus
602 1441 720 1477 esse
753 1424 889 1477 facis
920 1423 1151 1477 diversis
1181 1422 1437 1493 partibus
1466 1422 1639 1476 orbis.
1995 1426 2130 1479 Ecce
2173 1429 2327 1480 retro
2367 1426 2618 1495 positum
2659 1425 2862 1482 rutilat
2902 1427 3210 1498 spectabile
3241 1432 3450 1488 totum.

287 1511 1747 1583 Omniaquazplaceaut,tibiquodsapicutiapandat,
1990 1513 2214 1568 Talibus
2246 1513 2304 1567 in
2337 1514 2534 1574 studiis
2564 1532 2658 1570 me
2688 1515 2765 1567 sic
2797 1516 3038 1572 senioris
3069 1518 3320 1576 amantis

286 1602 413 1669 Fac,
455 1617 621 1671 rogo,
660 1601 752 1654 fac
794 1600 1074 1672 gaudens,
1107 1617 1174 1654 ex
1213 1598 1347 1670 ipsis
1387 1600 1544 1653 nulla
1571 1599 1747 1652 relin-
1991 1601 2105 1656 Hoc
2149 1603 2473 1673 pergrande
2505 1603 2678 1659 decus
2713 1620 2772 1658 se
2810 1603 3010 1664 clausit
3037 1605 3315 1677 septimus
3349 1623 3452 1661 au-

1359 1699 1582 1760 [quens.
1619 1709 1646 1734 »
1680 1718 1748 1727 —

3123 1705 3274 1765 [nus.
3303 1693 3454 1767 (νη.)

286 1776 544 1834 Plurima
559 1777 697 1849 quid
713 1776 903 1832 refero
928 1776 1172 1832 nimium
1187 1776 1314 1848 jam
1332 1776 1750 1896 tardaloqu‘en;
1773 1837 1822 1896 Β
1847 1779 1954 1835 430
1982 1780 2194 1834 Auctor
2216 1781 2509 1834 tantorum
2533 1779 2639 1834 tibi
2662 1781 2732 1835 sit
2761 1783 2902 1850 laus,
2937 1780 3156 1836 Christe
3185 1791 3255 1851 υ,
3277 1782 3456 1896 bono:

1597 1864 1822 1935 [do‘PD
3285 1873 3452 1925 rum!

146 1961 242 2014 385
271 1958 488 2012 Omnia
518 1973 645 2028 quae
673 1955 834 2022 dixit,
861 1955 1039 2010 tribus
1059 1956 1226 2010 annis
1254 1955 1374 2026 ipse
1397 1954 1642 2027 peregit,
2064 1956 2131 2010 Ut
2150 1956 2232 2010 sol
2260 1955 2440 2010 octavi
2459 1959 2679 2011 metam
2694 1959 2829 2011 tunc
2848 1957 3101 2015 volverat
3119 1957 3258 2014 anni
3283 1957 3454 2030 (992),

279 2046 510 2117 quuali
540 2046 734 2101 forma
768 2045 988 2100 faciens
1020 2061 1300 2118 compage
1335 2048 1574 2100 venusta
1993 2045 2110 2099 Hoc
2134 2044 2503 2115 paradisyaco
2528 2061 2726 2100 coram
2751 2045 3092 2102 fundaverat
3106 2046 3278 2102 horto

277 2135 412 2190 Tale
439 2135 562 2189 Deo
596 2136 903 2204 templum,
930 2150 1044 2204 quo
1075 2151 1194 2189 non
1226 2134 1528 2204 spatiosius
1545 2134 1745 2188 ullum.
1992 2133 2296 2190 lEclesiam
2327 2133 2508 2191 sancti
2535 2135 2902 2204 prepulcram
2933 2134 3346 2202 Bartholomei,

283 2223 456 2278 Omni
484 2225 770 2276 structura
796 2224 1016 2278 diverso
1043 2226 1348 2276 stemmate
1373 2223 1536 2289 fulta,
1992 2225 2179 2293 Atque
2207 2221 2569 2281 salutiferum
2589 2222 2759 2292 juxta
2787 2222 3034 2280 sacraria
3066 2223 3348 2294 templum

281 2312 354 2366 Ut
381 2313 638 2368 domnus
668 2313 867 2380 voluit,
898 2311 1175 2368 festinans
1203 2312 1324 2382 ipse
1353 2310 1578 2383 paravit
1851 2311 1955 2366 435
1988 2311 2158 2380 Fecit,
2199 2313 2468 2367 Herasme
2508 2320 2574 2378 ³³,
2617 2311 2740 2379 tibi,
2781 2311 2952 2368 simul
2989 2314 3050 2366 et
3078 2310 3201 2377 tibi,
3238 2312 3460 2385 martyr

143 2402 243 2455 390
287 2399 431 2455 Huic
464 2416 631 2455 arcus
667 2416 933 2471 camyros
970 2399 1079 2472 (ll)
1111 2403 1168 2453 et
1202 2400 1454 2455 subdidit
1499 2398 1751 2470 undique
3117 2399 3360 2464 [Heruli
3389 2408 3459 2456 ³ο.

1487 2489 1752 2558 [sculptus
1994 2488 2110 2544 lloc
2119 2487 2318 2543 statuit
2334 2505 2564 2545 causam
2577 2488 2824 2546 domnus
2837 2489 3134 2560 Witigowo
3152 2504 3258 2560 per
3269 2487 3434 2544 istam
3445 2527 3460 2543 .

276 2579 477 2651 Gipso,
509 2578 616 2635 sub
640 2577 810 2634 variis
839 2580 896 2632 et
921 2595 1099 2633 verno
1129 2578 1272 2633 flore
1302 2575 1518 2648 ﬁguris.
1996 2576 2227 2633 Edibus
2254 2576 2314 2631 in
2337 2578 2507 2632 sacris
2538 2577 2869 2650 prefulgens
2897 2581 2961 2633 ut
2987 2579 3146 2633 locus
3165 2576 3357 2634 omnis

279 2666 526 2722 Fecerat
556 2666 662 2721 bos
683 2670 866 2722 sectas
896 2669 953 2719 et
982 2669 1300 2721 sustentare
1332 2667 1630 2721 columnas
2000 2665 2158 2720 Esset
2187 2665 2550 2738 confugium,
2589 2681 2736 2738 spes,
2765 2669 2896 2723 tuta
2925 2667 3188 2740 salusque
3218 2680 3463 2739 precan-

281 2755 548 2810 Pnlchrse
575 2754 649 2809 de
675 2755 822 2810 saxis
853 2753 1128 2810 dis-tinctis
1161 2757 1332 2828 atque
1363 2753 1574 2825 politis.
3285 2758 3459 2829 ltum,

277 2842 441 2898 Tunc
470 2859 618 2914 opus
653 2859 830 2899 omne
859 2842 1097 2915 quidem
1130 2859 1261 2897 cum
1296 2841 1652 2914 perduxisset
1682 2841 1754 2897 ad
2002 2844 2235 2906 Illorum
2267 2844 2466 2900 sordes
2494 2849 2558 2901 ut
2590 2845 2840 2901 Christus
2860 2844 3039 2902 diluat
3065 2861 3291 2908 omnes,

1446 2943 1751 3003 [unguem,
1857 2931 1964 2986 440
1995 2930 2337 2986 Sanctorum
2370 2931 2593 2987 meritis
2618 2932 3133 2989 intervenientibus
3163 2932 3322 3004 ipsis,

134 3019 237 3073 395
269 3018 504 3076 Laetitia
530 3019 742 3091 grandi
771 3021 1057 3090 templum
1087 3020 1368 3076 sollemne
1393 3019 1573 3075 dicari
2007 3019 2229 3075 Nomen
2262 3036 2366 3091 per
2401 3037 2649 3092 quorum
2676 3020 2852 3077 micat
2888 3020 3343 3094 unumquodque
3374 3037 3463 3075 sa-

277 3108 613 3206 Feceratin
637 3111 855 3206 sanctae
884 3108 1374 3206 devotus‘ho‘nore
1403 3108 1614 3178 Mariae,
1650 3195 1661 3206 .
1782 3147 1830 3206 Ο
2078 3196 2130 3206 Μ
2365 3200 2375 3206 Δ
2520 3199 2550 3206 ἢ
2794 3196 2804 3206 .
2847 3199 2856 3206 Δ
3203 3109 3464 3206 pellunt.

279 3196 660 3269 Virgineique
689 3195 872 3259 chori,
902 3213 1006 3266 pro
1035 3196 1279 3252 nobisin
1309 3213 1477 3268 prece
1494 3195 1687 3270 proni,
1786 3195 1830 3206 “
2077 3196 2166 3252 Sic
2197 3213 2266 3252 ex
2293 3200 2489 3254 octavo
2515 3199 2730 3254 ﬂorens
2755 3196 3056 3254 virtutibus
3077 3213 3232 3256 anno
3257 3197 3399 3268 (vm)

278 3285 355 3339 Et
384 3285 490 3340 sub
521 3285 855 3356 apostolicis
884 3285 1035 3340 Petri
1066 3285 1339 3356 Paulique
1373 3286 1620 3342 coronis.
2005 3285 2277 3341 Ascendit
2302 3303 2524 3342 nonum
2553 3286 2723 3359 (993),
2755 3303 2931 3358 quem
2959 3286 3114 3358 cepit
3137 3287 3346 3343 (limere
3370 3287 3474 3342 to-

278 3373 554 3445 Largitor
584 3373 755 3427 studii
787 3373 917 3428 talis
947 3373 1070 3442 tibi,
1104 3373 1324 3428 Christe
1356 3383 1424 3440 ιο,
1451 3375 1664 3430 volenti
3297 3377 3471 3443 Itum,

133 3459 242 3516 400
259 3461 410 3517 Jura
432 3461 734 3534 potestatis
763 3478 861 3516 sex
883 3463 1044 3517 talite
1069 3463 1280 3517 indidit
1308 3462 1477 3517 annis
1515 3462 1633 3535 (v1).
2007 3461 2234 3517 Ornans
2255 3462 2503 3517 aureolis
2532 3462 2736 3518 altaria
2759 3463 2990 3536 singula
3017 3465 3287 3536 gemmis.

392 3551 517 3606 Mox
548 3553 614 3604 ut
639 3549 864 3620 septeni
893 3550 1123 3605 devenit
1147 3551 1389 3606 circulus
1416 3550 1554 3606 anni
1585 3550 1761 3622 (991),
1865 3553 1970 3607 445
1999 3554 2169 3619 Ante,
2194 3552 2388 3619 Maria,
2421 3555 2604 3619 tuam,
2631 3552 2794 3624 virgo
2823 3554 3176 3623 prmnobilis,
3201 3570 3366 3608 aram

281 3639 468 3694 Altius
497 3641 790 3694 arrectam
837 3656 1061 3694 sursum
1099 3642 1499 3694 construxerat
1545 3640 1759 3707 aulam,
2011 3642 2135 3696 Una
2161 3641 2266 3696 sub
2293 3656 2530 3695 ascensu
2560 3640 2847 3711 graduum
2874 3640 3145 3696 miranda
3171 3649 3398 3712 paratu,

283 3727 519 3796 Sancte,
573 3727 761 3782 dicata
809 3726 938 3795 tibi,
985 3727 1260 3784 Michahel
1315 3737 1362 3770 ιο
1417 3727 1764 3799 archangele
2010 3729 2264 3783 Gemmis
2284 3745 2348 3784 ac
2370 3745 2509 3783 auro
2541 3727 2743 3783 vestita
2769 3728 3237 3784 nitescitabillo.

1503 3815 1760 3887 [Christi,
2014 3817 2166 3872 Fecit
2195 3820 2253 3872 et
2280 3817 2506 3888 argenti
2536 3818 2756 3888 plectro
2789 3817 3046 3896 tabulata
3072 3816 3292 3890 parari,

281 3905 426 3969 Quae
447 3905 627 3960 micat
652 3906 890 3962 Otmaro
925 3905 1176 3977 pulchrae
1212 3904 1544 3976 pariterque
1567 3905 1763 3963 beato.
2013 3907 2156 3961 Cum
2199 3907 2403 3979 quibus
2433 3909 2519 3961 est
2552 3907 2804 3962 laterum
2833 3907 3179 3979 precingens
3215 3906 3473 3979 undique

143 3991 245 4046 405
278 3993 468 4058 Quam
501 4011 608 4068 per
629 3998 939 4066 utrumque
959 3995 1107 4049 latus
1128 3994 1458 4050 ﬁrmaverat
1482 3993 1580 4049 ille
1605 3993 1770 4049 beni-
3200 3998 3472 4067 (textura,

1597 4081 1766 4154 [gnus
1865 4082 1973 4139 .450
2001 4086 2131 4139 Ara:
2159 4101 2334 4157 quem
2355 4085 2487 4140 lecti
2517 4083 2723 4157 specie
2742 4094 2790 4128 ει
2817 4084 3165 4142 circumtulit
3198 4084 3326 4156 ipsi,

290 4172 436 4228 Cum
479 4173 628 4228 turri
658 4171 913 4244 gemina,
957 4172 1121 4227 tereti
1163 4173 1264 4227 sub
1296 4171 1551 4244 imagine
1591 4172 1762 4240 facta,
2008 4173 2269 4245 Voceque
2297 4173 2368 4228 de
2393 4176 2591 4229 nostra
2621 4174 2916 4230 Confessio
2947 4174 3154 4230 dicitur
3178 4176 3354 4234 alma.

289 4261 631 4317 Fornicibus
673 4262 858 4316 curvis
897 4278 1003 4332 per
1038 4262 1457 4333 circuitumque
1490 4259 1760 4326 reductis,
1993 4260 3470 4336 HidriapostipsamDoministanscomminusaram,

287 4351 378 4405 Ad
405 4368 552 4423 quas
567 4367 871 4406 ascensum
903 4353 1190 4406 monstrat
1217 4350 1430 4421 gradus
1460 4367 1580 4406 esse
1604 4348 1760 4420 supi-
2007 4348 2130 4412 Qua
2153 4349 2277 4402 ﬁeri
2305 4349 2506 4404 vinum
2535 4349 2754 4405 ﬂuxum
2785 4351 3060 4423 praecepit
3089 4366 3396 4423 aquosum,

1573 4441 1755 4503 (num.
1785 4463 1838 4521 D
2005 4436 2285 4492 Orantum
2305 4437 2450 4492 votis
2486 4440 2546 4492 et
2570 4439 2756 4503 adhuc
2787 4440 2900 4494 fert
2925 4440 3080 4494 dona
3107 4440 3322 4498 salutis.

292 4527 401 4582 Has
426 4528 603 4597 inter,
636 4527 808 4600 pretii
833 4530 1116 4584 mercatus
1148 4527 1406 4600 pondere
1437 4527 1660 4598 magni,
1859 4525 1964 4584 455
1983 4524 2126 4580 Hinc
2157 4525 2368 4580 iterum
2396 4526 2582 4580 Marco
2613 4527 2870 4598 gaudens
2895 4529 3076 4584 altare
3101 4528 3271 4586 beato

153 4613 252 4668 H0
275 4614 552 4687 Cymbala
565 4617 868 4689 signorum
882 4617 1410 4688 suspenditdulceﬂ
1425 4619 1754 4671 sonantum.
2002 4615 2071 4668 Et
2099 4614 2270 4668 simul
2293 4614 2355 4668 in
2379 4618 2593 4672 sanctae
2625 4617 2816 4672 Crucis
2841 4635 3029 4674 unum
3057 4618 3195 4674 fecit
3217 4620 3468 4692 honore,

289 4705 435 4759 Ante
459 4705 672 4761 domus
700 4709 914 4761 sanctae
939 4705 1115 4760 limen
1143 4707 1274 4777 post
1301 4705 1410 4760 ista
1425 4703 1616 4760 Marias
2003 4703 2260 4758 Pulchrae
2281 4720 2410 4774 quae
2429 4708 2595 4760 cocto
2627 4705 2852 4761 vestivit
2869 4707 3127 4763 funditus
3146 4723 3288 4763 auro

290 4792 1054 4865 Excoluitpulchrum,parvi
1069 4793 1205 4848 licet
1223 4792 1753 4865 aaquoris,hortum.
2002 4791 2070 4846 Et
2097 4792 2279 4862 pinxit
2307 4793 2479 4848 varia:
2505 4802 2551 4836 π
2581 4810 2686 4865 per
2715 4812 2980 4866 gemmas
3016 4799 3189 4867 atque
3221 4795 3463 4852 monile.

293 4879 476 4944 Quem
488 4882 730 4953 cingens
745 4881 922 4935 muris
937 4899 999 4936 ac
1013 4882 1254 4936 arcubus
1270 4882 1525 4954 undique
1547 4881 1750 4947 curvis,
2530 4899 2701 4937 roum
2721 4892 2788 4940 '6.

290 4969 442 5024 Fecit
468 4973 809 5025 terrestrem
830 4971 1176 5043 paradysum
1202 4972 1326 5026 luce
1348 4970 1681 5033 micantem,
1999 4969 2175 5040 Hujus
2204 4970 2275 5025 de
2303 4986 2442 5026 cura
2471 4986 2601 5025 cum
2625 4971 2702 5025 sis
2731 4971 2802 5026 de
2829 4973 3080 5026 stercore
3117 4971 3286 5039 fulta,

163 5052 255 5109 415
283 5056 403 5121 Qua
426 5061 601 5131 longe
621 5059 886 5132 splendet
907 5059 1110 5130 templi
1131 5060 1302 5115 decus
1325 5063 1497 5131 atque
1516 5061 1753 5127 relucet,
1856 5061 1962 5114 4-60
1989 5058 2090 5112 Dic
2110 5059 2327 5129 pocius,
2359 5059 2488 5116 vitae
2511 5060 2619 5114 sibi
2632 5059 2755 5113 sint
2785 5063 2848 5114 ut
2872 5063 3138 5130 tempora
3162 5059 3374 5133 10m.

291 5145 404 5203 Huc
431 5149 774 5205 adventanti
801 5164 949 5203 nova
986 5148 1130 5204 dans
1159 5150 1480 5220 spectacula
1507 5147 1682 5219 plebi.
1999 5146 2227 5203 Talibus
2255 5148 2314 5201 in
2347 5148 2492 5202 votis
2521 5147 2815 5218 appellans
2838 5147 2973 5218 jura
3007 5148 3304 5203 Tonantis.

1464 5267 1698 5323 VARI/E
1745 5268 2037 5324 LECTION
2043 5267 2146 5323 ES.

230 5372 443 5444 9-0—
471 5387 592 5444 _xpe
634 5387 682 5444 c.
723 5384 833 5421 =0
873 5367 1111 5444 Christe.
1137 5377 1184 5444 ει)
1227 5367 1434 5444 addit_.o
1457 5384 1502 5421 e.
1537 5367 1666 5444 Itin
1697 5367 1805 5421 loco
1835 5382 1974 5444 raso.
2008 5375 2056 5408 ⁸³
2081 5382 2116 5421 o
2145 5383 2306 5434 supra
2333 5382 2439 5438 xpe
2466 5365 2732 5436 —-lcgz'tur
2750 5383 2768 5433 ;
2802 5383 2834 5421 o
2867 5367 3106 5424 Christe.
3141 5377 3187 5413 98
3214 5387 3246 5426 ο
3276 5387 3435 5444 supra

169 5441 360 5512 empto.
385 5450 431 5484 ιι
456 5437 538 5498 ἰιᾰ
560 5458 608 5496 c.
644 5443 683 5496 ί.
713 5458 759 5495 e.
790 5439 999 5510 specie,
1031 5440 1239 5512 specie.
1279 5447 1325 5481 2³
1351 5441 1386 5493 ι’.
1415 5456 1461 5493 e.
1490 5437 1666 5494 varie.
1698 5447 1743 5480 ιο
1774 5454 1880 5495 vox
1910 5437 2077 5492 deest.

1693 5556 1920 5613 NOTAE.

232 5661 329 5735 (ll)
357 5663 414 5719 Id
440 5664 547 5734 est,
578 5675 869 5731 camuros,
899 5664 1180 5719 curvatos.

645 5763 882 5819 Parnon.
919 5760 1169 5821 CXXXIX.
3082 5769 3154 5826 η
