3882 6222
413 453 519 520 ass
1228 452 1633 520 PUR'CHARDI
1655 451 1994 519 MONACHI.
2030 451 2387 521 AUGIENSIS
2419 451 2717 533 CA'BMEN,
2750 457 2899 532 ETC,
3633 461 3733 525 36L

554 581 698 635 Nam
740 571 840 634 tibi
877 595 1009 634 cum
1032 581 1256 652 patrem
1289 582 1540 637 retinere
1576 581 1807 637 licentia
1837 583 2016 637 talem
2038 585 2094 645 Α
2265 583 2441 656 Ipsius
2472 583 2696 655 augusti
2722 580 3001 654 quoniam
3028 582 3347 639 construxit
3370 585 3607 641 honori.

557 669 813 735 Constat,
841 667 1058 739 regina:
1088 685 1319 739 semper
1343 670 1664 726 dominaris
1684 671 1743 724 in
1775 687 1904 724 arce
1929 688 1943 737 ;
2262 673 2357 726 Est
2384 689 2489 726 nec
2520 673 2837 726 multorum
2871 671 3044 726 series
3079 674 3340 728 revoluta
3371 673 3626 742 dierum,

553 758 647 822 At,
681 756 836 826 quod
866 772 983 810 non
1015 755 1149 810 fiat!
1184 756 1229 810 si
1268 759 1324 812 te
1356 758 1481 829 pius
1509 758 1603 812 ille
1633 757 1942 828 relinquat,
2119 763 2222 815 510
2253 761 2352 815 Hie
2371 762 2673 833 quodcum
2698 759 2920 832 primis,
2947 761 3101 831 quod
3124 761 3310 816 nutrit
3329 762 3534 818 Suevia
3551 764 3729 820 dulcis

409 847 515 901 405
537 843 739 914 Turpis
769 860 999 915 semper
1021 845 1152 911 eris,
1185 846 1340 899 velut
1366 848 1452 900 est
1482 846 1748 900 ancillula
1775 844 1919 898 vilis.
3549 852 3718 923 [(996,

1090 933 1321 988 AUGIA.
2255 938 2341 990 Ad
2372 937 2595 991 Latium
2624 953 2824 1008 regem
2855 937 3076 1007 primus
3113 937 3460 1007 perduxerat
3491 940 3716 996 orbem.

551 1022 694 1076 Cum
724 1021 851 1092 quis
875 1020 1154 1088 tristatur,
1184 1022 1281 1092 qui
1311 1025 1511 1092 captus
1541 1025 1738 1076 mente
1760 1024 2009 1084 tenetur,
2254 1024 2404 1078 Illius
2433 1025 2588 1079 hunc
2602 1025 2723 1100 juri
2755 1025 2991 1078 frenans
3012 1030 3235 1080 terrore
3266 1027 3502 1083 minaci.

550 1109 658 1166 Per
685 1110 1083 1165 consolantem
1125 1107 1233 1163 sibi
1272 1107 1478 1181 quierit
1512 1111 1800 1182 habetque
1845 1109 2012 1180 quie-
2257 1111 2587 1166 Romulidas
2615 1129 2771 1166 arces
2805 1113 3088 1166 audenter
3115 1116 3173 1166 et
3194 1114 3328 1168 inde
3351 1117 3617 1184 petentes

1829 1201 1970 1267 [tem
1993 1215 2006 1266 ;
2253 1198 2425 1253 Milite
2446 1215 2576 1254 cum
2605 1200 2810 1266 multo,
2841 1216 3018 1270 quem
3041 1217 3235 1255 secum
3263 1202 3507 1257 contulit
3527 1202 3653 1274 illo,

556 1285 648 1342 Sic
680 1302 811 1358 ego,
842 1287 1016 1342 credo
1048 1285 1212 1354 mihi,
1244 1289 1344 1341 tua
1368 1303 1471 1359 per
1503 1285 1808 1353 solamina,
1834 1284 1937 1349 ﬂli,
2114 1290 2213 1342 515
2246 1288 2629 1341 Accumulans
2655 1287 2804 1341 acies
2827 1288 2957 1341 latae
2978 1286 3086 1341 fuit
3116 1289 3466 1358 imperiales.

549 1373 825 1429 Tristibus
849 1375 1084 1446 abjectis
1113 1375 1323 1430 extollo
1349 1375 1560 1447 gaudia
1585 1373 1793 1430 mentis
1817 1391 1832 1441 ;
2257 1375 2532 1430 Dicebant
2555 1375 2680 1429 Itali
2707 1374 2894 1429 subita
2917 1374 3236 1431 formidine
3267 1377 3384 1431 laesi
3418 1395 3431 1432 :

403 1463 511 1518 470
548 1462 694 1518 Nam
719 1463 1002 1534 promissa
1028 1464 1109 1518 tui
1141 1463 1335 1518 ﬁrmat
1356 1462 1640 1518 sententia
1668 1463 1804 1517 veri.
2257 1463 2444 1517 Tantae
2475 1465 2690 1517 virtutis
2727 1479 2880 1533 quem
2908 1480 2997 1518 vos
3027 1465 3166 1518 hunc
3198 1481 3306 1519 esse
3321 1469 3535 1536 putatis
3563 1474 3588 1518 ρ

548 1553 698 1606 Dum
722 1568 815 1606 me
845 1567 1057 1606 norma
1083 1552 1233 1622 regit
1263 1551 1504 1606 senioris
1535 1551 1630 1622 qui
1655 1550 1830 1604 modo
1857 1548 2008 1615 vivit,
2253 1550 2355 1605 Isti
2379 1553 2693 1621 sceptrigero
2725 1567 2829 1605 non
2864 1552 3219 1606 contradicere
3245 1568 3395 1609 nemo

551 1640 784 1694 Florent
814 1639 1056 1706 interea,
1085 1643 1239 1693 stant
1269 1640 1513 1693 firmiter
1531 1641 1589 1693 et
1620 1655 1751 1692 mea
1767 1637 1936 1708 jura;
2253 1638 2439 1705 Debet,
2495 1640 2590 1709 qui
2642 1644 2819 1693 tantas
2875 1640 3150 1696 hominum
3200 1643 3306 1694 veil
3357 1650 3426 1709 80,-
3477 1659 3593 1696 ecce
3646 1661 3724 1697 co-

553 1729 687 1782 Post
723 1728 866 1794 haec,
900 1727 959 1781 ni
989 1727 1178 1790 fallor,
1211 1727 1412 1798 capitis
1442 1743 1573 1780 cum
1605 1725 1855 1780 culmine
1895 1724 2014 1796 pri-
3450 1730 3725 1790 [ιωηηαε]

1890 1817 2014 1876 [vor
2115 1815 2219 1869 520
2251 1813 2363 1866 Hoc
2395 1815 2457 1866 ut
2491 1813 2775 1880 dixerunt,
2811 1813 2902 1868 alii
2932 1830 3210 1884 responsa
3236 1814 3556 1872 dederunt:

549 1903 734 1970 Tanti,
765 1902 1039 1956 continuo
1068 1902 1315 1973 vulgaris
1337 1903 1530 1957 fabula
1559 1902 1656 1968 ﬁo,
2039 1893 2090 1951 Β
2256 1901 2431 1966 Quam
2448 1901 2592 1955 docet
2623 1909 2782 1973 atque
2810 1905 2968 1971 regit,
3001 1903 3147 1956 nobis
3162 1903 3303 1956 hunc
3332 1903 3518 1972 Augia
3541 1906 3719 1971 misit,-

406 1995 511 2048 475
544 1993 751 2045 Errans
780 1990 924 2045 sicut
963 1990 1082 2044 ovis
1111 1994 1277 2061 tergo
1309 1991 1576 2062 prolapsa
1604 1991 1877 2062 regentis.
2252 1989 2550 2042 Sueborum
2565 1993 2773 2060 primas
2794 1991 2991 2043 erithic
3018 1991 3180 2043 simul
3209 2008 3400 2046 aureus
3428 1994 3613 2059 abbas,

549 2081 766 2135 Mecum
791 2081 1099 2151 propterea
1124 2081 1241 2146 tua,
1270 2079 1350 2132 fili
1380 2087 1449 2146 2⁷,
1475 2079 1720 2133 fundere
1749 2082 1878 2133 vota
2263 2076 2477 2131 Utilitas
2507 2080 2673 2133 nostri
2710 2086 2884 2133 manet
2916 2079 3031 2143 hoc,
3059 2078 3388 2148 famulemur
3417 2086 3481 2135 ut
3511 2080 3613 2135 illi.

548 2168 633 2222 Da
672 2167 929 2222 studium
969 2167 1213 2235 Christo,
1257 2184 1328 2221 ne
1369 2184 1475 2222 nos
1505 2168 1740 2221 fortuna
1783 2166 2012 2220 sinistro
2260 2165 2504 2220 Romani
2532 2181 2797 2235 proceres
2827 2171 2962 2220 tunc
2986 2183 3046 2221 se
3084 2183 3186 2221 sua
3219 2171 3543 2241 cunctaque
3577 2169 3721 2224 dan-

550 2256 694 2312 Cum
712 2257 859 2328 pede
879 2260 1229 2328 prosternat,
1249 2256 1414 2310 nobis
1435 2259 1492 2310 et
1517 2256 1729 2327 gaudia
1749 2255 1946 2309 demat
3589 2260 3721 2323 [tes,

547 2343 712 2400 Tanti
740 2344 1006 2414 pastoris,
1048 2344 1204 2414 pleni
1244 2343 1483 2398 caelestis
1509 2343 1722 2397 amoris
1750 2345 1762 2396 !
2119 2343 2221 2396 525
2257 2342 2395 2413 Regi
2415 2358 2724 2396 caasaream
2751 2359 2882 2397 mox
2911 2343 3237 2414 imposuere
3267 2359 3584 2411 coronam;

405 2435 515 2491 480
554 2433 766 2488 Sancta
801 2431 905 2485 Dei
948 2434 1158 2497 mater,
1189 2431 1383 2501 Virgo,
1416 2431 1490 2485 da
1520 2434 1651 2484 vota
1681 2430 2016 2502 frequenter
2258 2429 2447 2485 Caesar
2466 2433 2525 2484 et
2553 2434 2824 2501 augustus
2856 2434 2986 2502 post
3013 2430 3120 2485 hac
3151 2435 3238 2485 est
3266 2432 3362 2485 ille
3391 2437 3651 2488 vocatus.

550 2521 715 2586 Nato,
737 2535 844 2589 pro
874 2518 1061 2584 nobis,
1093 2534 1198 2588 pro
1229 2517 1344 2572 vita
1367 2534 1586 2589 nosque
1614 2518 1907 2588 regentis!
2255 2518 2350 2572 His
2378 2519 2458 2572 ita
2486 2518 2788 2572 transactis
2813 2518 3092 2573 remeavit
3121 2522 3318 2590 pastor
3346 2520 3543 2574 herilis

554 2609 634 2662 Ac
650 2623 854 2662 omnes
871 2605 1075 2673 sancti,
1100 2621 1348 2677 quorum
1370 2606 1473 2659 sub
1507 2606 1732 2660 honore
1765 2605 1943 2661 dicari
2256 2606 2344 2661 Ad
2385 2606 2674 2677 gremium
2719 2622 2963 2678 sponsae,
2997 2623 3263 2662 recreans
3306 2625 3408 2664 sua
3448 2609 3722 2665 membra

549 2695 790 2766 Templa
815 2693 916 2750 Dei
946 2693 1103 2757 fecit,
1134 2710 1264 2766 quae
1290 2693 1739 2766 circumquaque
1769 2694 2011 2764 paravit,
3386 2697 3598 2768 [quiete
3632 2698 3723 2768 (ιι)

553 2784 685 2856 Ejus
723 2783 875 2855 apud
904 2782 1219 2839 Dominum
1267 2798 1557 2838 memores
1602 2783 1726 2838 sine
1765 2783 1881 2838 line
1912 2800 2015 2855 per
2257 2782 2390 2847 Quis
2439 2784 2523 2839 vel
2573 2785 2818 2856 quantus
2861 2784 2990 2850 erit,
3045 2782 3230 2856 pietas
3281 2800 3383 2838 sua
3429 2784 3541 2838 rite
3588 2799 3726 2854 pro-

1803 2869 2012 2939 [evum,
2085 2935 2091 2940 ,
3489 2872 3682 2932 [habit
3707 2890 3721 2940 ;

409 2962 514 3019 485
549 2963 686 3018 Jura
716 2960 1013 3034 potestatis
1038 2959 1339 3015 vernantis
1365 2959 1506 3015 ﬂore
1532 2959 1736 3033 quietis
2116 2962 2219 3016 530
2249 2960 2432 3025 Quam
2464 2960 2508 3015 si
2534 2960 2676 3016 scire
2697 2960 2834 3015 velis
2866 2977 3018 3016 nunc
3049 2960 3281 3015 auribus
3303 2960 3471 3015 ebibe
3505 2961 3719 3015 cordis.

549 3051 875 3123 Adquirant
897 3049 999 3116 illi,
1031 3065 1136 3121 pro
1167 3049 1561 3104 consolamine
1587 3049 1793 3103 Christi
1817 3067 1831 3118 ;
2138 3114 2149 3124 ι
2254 3050 2402 3104 Vivit
2426 3049 2582 3104 enim
2605 3052 2776 3116 caste,
2802 3049 3035 3120 gemino
3058 3065 3362 3104 succensus
3388 3066 3613 3119 amore,

552 3141 620 3194 Et
649 3142 778 3210 post
811 3137 1135 3210 depositam
1168 3137 1427 3192 mortalis
1457 3137 1713 3210 corporis
1739 3138 2007 3193 umbram
2041 3173 2088 3232 Ο
2250 3139 2330 3191 Ac
2359 3137 2686 3207 evangelico
2715 3137 2970 3190 munitus
3001 3138 3174 3192 corde
3202 3137 3413 3209 sigillo.

550 3229 672 3282 Fiat
700 3227 779 3282 eis
805 3226 990 3282 socius
1017 3226 1228 3282 caelesti
1253 3225 1387 3281 sede
1417 3226 1667 3282 locatus!
2049 3225 2088 3232 ⁷
2253 3226 2594 3297 Serpentem
2612 3226 2776 3280 nivea
2789 3225 2942 3279 fovet
2957 3225 3170 3297 absque
3188 3225 3396 3280 timore
3417 3227 3719 3296 columba,

553 3317 669 3370 Hoc
711 3316 848 3371 velit
892 3316 1010 3387 ipse
1068 3317 1236 3382 Deus,
1291 3313 1387 3386 qui
1445 3318 1671 3370 constat
1718 3315 1902 3370 trinus
1955 3318 2012 3369 et
2254 3313 2451 3369 Omnis
2497 3315 2554 3368 et
2589 3312 2818 3367 invidias
2854 3312 3002 3384 fugit
3038 3313 3202 3368 illum
3245 3315 3432 3385 pallor
3477 3316 3716 3389 ubique.

398 3446 402 3451 .
1816 3413 2008 3473 [unus,
2112 3406 2213 3459 535
2242 3401 2438 3473 Jurgia
2462 3417 2692 3470 semper
2716 3401 2858 3467 odit,
2890 3401 3204 3473 tranquilla
3230 3402 3457 3457 silentia
3491 3405 3716 3475 poscit;

405 3495 510 3550 490
544 3495 616 3549 Ut
643 3493 938 3566 Witigowo
973 3495 1138 3564 pater
1165 3494 1352 3548 valeat
1369 3492 1693 3564 jubeatque
1717 3495 2006 3563 potenter,
2253 3492 2366 3546 Sed
2388 3491 2542 3544 velut
2558 3489 2833 3560 exemplis
2847 3505 2938 3544 res
2958 3493 3044 3544 est
3065 3489 3213 3544 bene
3233 3490 3469 3560 cognita
3494 3493 3715 3560 multis,

544 3587 624 3638 Ac
659 3582 854 3656 ipsius,
881 3583 1090 3644 Amen,
1119 3581 1270 3636 vivat
1298 3597 1403 3652 per
1430 3582 1621 3635 secula
1643 3580 1898 3635 nomen!
2251 3577 2440 3634 Gloria
2468 3579 2782 3648 justorum,
2826 3577 2988 3631 furor
3024 3580 3112 3631 est
3155 3594 3220 3632 ac
3263 3577 3351 3632 ira
3379 3580 3712 3635 malorum!

543 3671 809 3727 Carminis
839 3679 887 3714 ιθ
920 3670 1004 3726 hic
1034 3669 1197 3741 ﬁnem
1221 3671 1316 3724 dat
1346 3669 1606 3736 clausula,
1635 3668 1843 3739 fertque
1867 3669 2011 3739 quie-
2254 3669 2412 3722 l-lunc
2441 3667 2523 3722 ita
2550 3665 2826 3735 temptari
2855 3665 3074 3735 patitur
3101 3665 3407 3737 permissio
3434 3667 3647 3722 Christi

1885 3757 2008 3826 [tem
2250 3756 2438 3810 Rebus
2466 3754 2522 3808 in
2557 3753 2824 3819 adversis,
2865 3752 3112 3806 minima
3139 3753 3242 3807 sed
3273 3756 3438 3824 parte
3473 3754 3711 3810 nocivis.

543 3849 704 3905 Curae
726 3849 1029 3920 scribentis,
1061 3848 1185 3920 quia
1224 3845 1396 3900 labilis
1427 3851 1502 3899 est
1531 3844 1679 3898 labor
1714 3846 1884 3898 omnis
2108 3847 2211 3900 540
2240 3845 2382 3899 Nam
2398 3859 2530 3898 cum
2555 3858 2660 3913 per
2685 3841 2966 3895 damnum
2988 3841 3188 3896 tulerit
3208 3840 3346 3912 quid
3371 3845 3573 3896 mente
3590 3859 3714 3897 mo-

538 3939 759 3993 Premia
790 3936 880 3992 sed
915 3951 1114 4005 semper
1141 3933 1363 3988 stabunt
1391 3935 1504 3986 sine
1535 3933 1643 4001 ﬁne
1661 3937 1907 4002 potenter
1934 3939 2001 3985 i9.
3455 3930 3712 3998 [lestum,

395 4028 502 4082 495
525 4028 568 4097 1-
589 4028 741 4092 Post,
771 4024 906 4078 utin
926 4022 1299 4076 undecimum
1326 4021 1482 4075 venit
1500 4019 1743 4074 feliciter
1760 4037 2000 4088 annum,
2244 4025 2518 4078 Armatur
2548 4018 2672 4074 telis
2702 4034 2828 4089 quae
2855 4018 2953 4073 dat
2977 4018 3260 4089 patientia
3290 4019 3477 4076 fortis.

543 4107 2000 4181 Commissasanimastequomoderaminefrenans,
2243 4113 2474 4166 Invocat
2521 4112 2692 4180 atque
2743 4108 2949 4175 Deum,
3002 4106 3238 4161 redimit
3296 4107 3394 4178 qui
3447 4107 3712 4179 protinus

540 4198 799 4271 Martyris
838 4197 1107 4252 mcclesiae
1140 4196 1346 4252 Christi
1384 4197 1488 4251 sub
1524 4198 1745 4251 honore
1777 4197 2000 4266 dicatae,
3501 4197 3711 4264 lillum.

539 4289 637 4342 Est
662 4288 759 4360 qui
800 4285 1084 4359 Pelagius,
1118 4285 1272 4341 canit
1314 4287 1378 4340 ut
1404 4285 1712 4356 scriptura,
1749 4289 2000 4354 vocatus,
2245 4287 2462 4360 Saepius
2480 4288 2633 4341 hunc
2663 4289 2824 4341 tanto
2847 4285 2960 4339 vidi
2993 4283 3220 4338 ﬂuitare
3251 4283 3495 4356 periclo,

539 4375 711 4432 Edes
740 4375 986 4430 inclusas
1010 4391 1075 4430 ac
1102 4377 1228 4430 arto
1262 4373 1444 4429 limite
1470 4377 1680 4444 septas,
2243 4377 2316 4431 Ut
2344 4393 2551 4430 manus
2574 4375 2794 4430 hostilis
2823 4375 3060 4428 caneret
3085 4389 3216 4426 cum
3248 4388 3383 4426 voce
3413 4373 3669 4443 jocantis
3693 4387 3708 4427 :

399 4465 502 4520 500
559 4464 712 4529 Quas
754 4464 1042 4518 structura
1089 4462 1248 4534 prius
1299 4477 1419 4516 non
1471 4477 1728 4533 congrua
1778 4461 2003 4516 sustulit
2027 4455 2080 4515 D
2103 4467 2204 4521 545
2245 4464 2352 4532 Qui
2370 4467 2547 4535 sapias
2563 4463 2775 4534 gaude!
2804 4465 2960 4518 miser
2986 4468 3059 4516 est
3080 4461 3204 4531 jam
3221 4460 3469 4532 perditus
3500 4461 3614 4530 ille,

1805 4549 1998 4619 [intus,
2240 4553 2499 4608 Hostibus
2531 4558 2580 4605 et
2604 4551 2754 4618 latis,
2784 4553 2848 4620 ﬁt
2876 4552 3045 4604 luctus
3064 4567 3282 4604 amarus
3311 4552 3502 4606 amicis
3526 4554 3550 4604 Ι

537 4641 778 4698 Lumine
809 4657 984 4714 quam
1006 4657 1184 4697 nemo
1209 4640 1535 4713 sapientum
1559 4639 1780 4694 viderat
1809 4655 1996 4710 aequo.
2241 4643 2466 4695 Interea
2494 4639 2739 4693 Domino
2767 4640 3023 4692 clamans
3043 4637 3114 4692 de
3132 4641 3367 4709 pectore
3397 4643 3701 4712 prompto,

535 4730 760 4799 Dicens,
787 4731 939 4786 hanc
967 4731 1168 4786 studiis
1194 4730 1400 4784 fultam
1421 4728 1613 4783 minus
1633 4744 1756 4783 esse
1779 4727 1996 4798 peritis,
2241 4727 2451 4784 Omnia
2478 4726 2762 4794 sustinuit,
2790 4742 2984 4781 secum
3016 4725 3304 4795 patienter
3333 4729 3392 4779 et
3423 4727 3566 4798 egit.

528 4819 691 4876 Nunc
721 4819 800 4875 sic
825 4819 1145 4875 informem
1175 4821 1342 4891 pater
1370 4817 1788 4872 iustauraverat
1816 4816 1996 4885 idem,
2240 4819 2375 4872 Post
2410 4817 2704 4872 modicum
2734 4815 3014 4870 Dominus
3061 4815 3236 4884 venit,
3279 4816 3346 4869 fit
3386 4818 3447 4869 et
3477 4815 3584 4870 iste
3619 4831 3707 4870 re-

527 4909 784 4982 JEquans
803 4909 1088 4979 pulverem
1110 4908 1498 4978 glomeratum
1517 4906 1744 4977 pondus
1761 4905 1998 4960 harenae
3379 4905 3667 4977 [demptus
3686 4919 3709 4968 ;

385 5001 488 5055 595
519 4997 676 5052 Fecit
701 4995 1088 5052 honorificum
1120 4993 1377 5067 specioso
1401 4993 1665 5064 margine
1687 4993 1992 5065 templum.
2099 4997 2202 5051 550
2231 4993 2422 5050 Gloria
2447 4993 2605 5048 venit
2631 4993 2704 5062 ei,
2745 5010 2879 5048 mox
2910 4993 3194 5047 erubuere
3226 4992 3484 5064 superbi.

523 5084 686 5141 Haud
712 5085 911 5156 procul
935 5084 1072 5140 hinc
1094 5083 1303 5139 domus
1333 5085 1440 5149 est,
1466 5081 1650 5152 regali
1681 5083 1992 5136 stemmate
2237 5082 2336 5137 Hic
2365 5085 2450 5137 est
2487 5083 2558 5137 de
2589 5099 2832 5138 numero
2863 5081 3198 5154 pacientum
3247 5082 3468 5136 damna
3513 5082 3704 5147 beato,

1718 5169 1990 5240 [fulgens,
2235 5171 2380 5226 Cum
2422 5171 2668 5227 Domino
2705 5186 2952 5242 quorum
2989 5172 3125 5225 sunt
3167 5185 3358 5241 regna
3394 5170 3570 5226 beata
3602 5185 3703 5240 po-

520 5264 709 5320 Rebus
733 5267 792 5319 et
820 5267 945 5320 arte
974 5280 1078 5318 sua
1101 5261 1236 5317 satis
1261 5258 1667 5331 augustissima
1693 5260 1865 5326 facta,
3469 5260 3703 5332 (lorum.

1696 5379 1931 5434 νΑΒΙλΕ
1977 5380 2268 5437 LECTION
2275 5380 2372 5440 FS.

445 5487 492 5567 f7
514 5500 547 5539 ο
577 5500 748 5609 ,ςυρέςῖ
769 5481 984 5552 scripto.
1011 5488 1057 5523 ²θ
1093 5479 1285 5537 Versus
1313 5478 1373 5532 hi
1405 5484 1506 5532 tres
1537 5477 1700 5532 rubro
1728 5477 1898 5532 colore
1927 5481 2113 5552 scripti
2144 5486 2289 5534 sunt.
2328 5487 2373 5522 29
2403 5477 2552 5534 Hinc
2585 5477 2699 5535 alia
2724 5493 2889 5533 manu
2911 5476 3003 5534 scd
3025 5475 3268 5549 ejusdem
3305 5479 3418 5534 aevi
3435 5479 3647 5550 pergilu
3671 5491 3705 5528 r

446 5571 484 5609 ι.
510 5573 565 5609 e.
592 5571 658 5609 ve
707 5571 721 5608 ι
756 5595 771 5609 .

372 5560 418 5598 ⁸ο
446 5556 484 5612 i.
510 5573 565 5615 ε.
592 5555 771 5612 vehit.
