3882 6222
1377 686 1572 734 CIRCA
1615 685 1903 734 EUMDEM
1944 685 2186 734 ANNUM

1137 815 2419 959 GOZPERTUS

1345 1010 1567 1066 ABBAS
1616 1008 2192 1065 TEGERNSEENSIS.

789 1265 1710 1410 GOZPERTI
1787 1268 2764 1413 EPISTOUE

243 1477 427 1548 (Apud
455 1475 522 1531 Β.
554 1477 617 1530 Ρ.
653 1475 1011 1532 Bernardum
1044 1473 1292 1544 Pezium,
1324 1469 1625 1601 Thesaurrus
1653 1473 1956 1557 Anecdot,
1977 1479 2120 1616 t)om.
2158 1475 2222 1534 ν.
2254 1479 2416 1548 parte
2451 1491 2489 1544 ι,
2523 1491 2580 1548 p.
2618 1478 2740 1539 121,
2774 1491 2842 1532 ex
2871 1489 3064 1532 coaevo
3090 1473 3287 1532 codice

1589 1562 1982 1616 egernseensi.

1589 1562 1958 1618 egernseens:
1970 1588 1982 1600 .

1484 1791 2025 1880 MONITUM

182 1951 364 2004 Plenm
396 1949 567 2002 boum
592 1947 771 2017 frugis
800 1950 931 2000 sunt
961 1945 1213 2018 cpistola}
1232 1946 1526 2018 AGozperti,
1560 1950 1802 2000 exeunte
1828 1947 1950 1999 fere
1972 1946 2180 1999 smculo
2209 1962 2238 1998 χ
2261 1943 2481 1998 abbatis
2501 1944 2961 2018 Tegernseensis,
2988 1960 3233 2018 quarum
3261 1959 3432 2017 quar-

119 2025 186 2083 ta,
211 2022 411 2090 quinta
441 2024 500 2072 et
527 2016 1151 2090 sexta’inscriptie—sunt
1179 2016 1554 2090 Meginhelmo,
1577 2019 1930 2090 famosissima
1961 2019 2162 2090 comiti,
2195 2033 2414 2090 summa
2436 2016 2726 2090 nobilitatis
2745 2016 3432 2090 prosapia'progenito,cui

118 2085 384 2144 familiam
401 2085 916 2160 Tegernseenseni,
949 2090 1004 2140 in
1031 2088 1245 2160 Oriente
1266 2089 1426 2158 gravi
1452 2089 1606 2142 fame
1632 2089 2015 2160 laborantem,
2049 2085 2351 2160 hisverbis
2373 2085 2780 2160 commendat:
2822 2109 2849 2135 «
2882 2085 3149 2160 Petimus
3172 2090 3235 2142 ut
3263 2087 3430 2142 nobis

120 2159 373 2231 aperiatis
412 2156 658 2213 manum
690 2159 870 2212 solita:
903 2158 1220 2228 largitionis
1251 2156 1450 2213 vestrae
1481 2163 1539 2212 et
1559 2159 1811 2227 jubeatis
1844 2158 2008 2212 nobis
2041 2157 2163 2211 dari
2205 2156 2627 2236 aliquantulum
2685 2158 2964 2211 frumenti
2995 2158 3068 2211 ob
3101 2158 3425 2282 eleemoay-

120 2246 243 2282 nam
270 2230 441 2282 vestri
481 2230 540 2282 in
575 2231 786 2282 victum
812 2245 1013 2282 eorum
1045 2229 1103 2282 in
1131 2228 1367 2282 regione
1401 2229 1686 2282 orientali.
1717 2245 1830 2282 qua
1861 2245 1958 2282 vos
2001 2227 2410 2282 dominamini.
2443 2244 2516 2281 ne
2557 2228 2711 2282 fame
2745 2228 2973 2282 penitus
3003 2243 3102 2282 eos
3129 2231 3188 2282 et
3234 2227 3328 2282 ine
3374 2227 3425 2282 ia

120 2227 243 2283 nam
270 2230 441 2283 vestri
481 2230 540 2283 in
575 2231 786 2283 victum
812 2227 1013 2283 eorum
1045 2229 1103 2282 in
1131 2246 1191 2283 re
1238 2228 1367 2283 ione
1401 2229 1686 2294 orientali,
1717 2245 1830 2300 qua
1861 2245 1958 2282 vos
2001 2227 2410 2292 dominamini,
2443 2244 2516 2281 ne
2557 2228 2711 2282 fame
2745 2228 2973 2298 penitus
3003 2243 3102 2282 eos
3129 2231 3188 2282 et
3234 2227 3430 2282 inedia

122 2300 500 2354 consummari
525 2302 611 2354 vel
646 2300 794 2353 mori
821 2299 1172 2353 videamus.»
1195 2246 1323 2362 δυο
1350 2300 1473 2354 loco
1500 2300 1840 2354 Orientemet
1859 2302 2122 2362 regionem
2149 2297 2453 2352 orientalem
2478 2314 2599 2352 esse
2618 2299 2985 2362 Austriam,in
3017 2314 3132 2362 qua
3149 2299 3430 2362 hodieque

122 2300 500 2354 consummari
525 2302 611 2354 vel
646 2300 794 2353 mori
821 2299 1172 2353 videamus.»

122 2371 375 2424 auaadam
408 2371 628 2424 nrasdia
657 2370 794 2424 iuris
811 2370 1172 2424 Tegeruseen

155 2386 375 2424 “$03111

1254 2316 1323 2354 uo
1350 2300 1473 2354 loco
1500 2297 1768 2354 Orientem
1783 2302 1840 2354 et
1859 2302 2122 2369 regionem
2149 2297 2453 2370 orientalem
2478 2314 2599 2352 esse
2618 2297 2985 2370 Austriam,in
3017 2314 3132 2370 qua
3149 2299 3436 2370 hodieque

449 2371 628 2424 rasdia
649 2370 794 2440 juris
811 2370 1250 2440 Tegeruseensis
1279 2374 1434 2434 sunt,
1469 2370 1782 2424 clarissime
1811 2373 2034 2424 constat
2063 2369 2222 2440 exiis
2249 2385 2375 2439 quae
2404 2369 2472 2440 de
2502 2369 2677 2423 veteri
2702 2369 2940 2423 Austrim
2965 2369 3434 2424 noinenclatione

155 2387 375 2424 uaaaam
449 2387 628 2424 rascua
649 2387 794 2440 Juris
822 2387 1250 2440 legeruseenms
1279 2387 1434 2434 sunt,
1469 2387 1782 2424 clarissime
1811 2387 2034 2424 constat
2063 2387 2127 2422 ex
2156 2387 2222 2422 us
2249 2387 2375 2439 qua:
2404 2387 2472 2422 ue
2502 2387 2677 2423 veteri
2702 2387 2940 2423 AllSll‘ltB
2965 2387 3434 2424 noxnenclauone

121 2387 363 2512 gibusius
392 2387 651 2512 disputat
678 2440 1026 2512 reverendus
1045 2440 1243 2512 Frater
1268 2440 1324 2494 in
1342 2440 1817 2512 Dissertationibus
1829 2441 2052 2512 praemis
2077 2439 2148 2493 ad
2166 2447 2368 2512 tomum
2393 2437 2782 2512 (Scriptorum
2799 2455 2978 2493 rerum
2993 2440 3434 2512 Austriacarum.

119 2510 177 2583 _Et
206 2514 404 2564 tamen
435 2509 508 2565 de
535 2511 642 2583 hoc
662 2510 1017 2583 famosissima
1047 2511 1279 2583 comite,
1311 2511 1408 2582 qui
1435 2511 1573 2565 olim
1603 2511 1662 2565 in
1694 2509 1922 2567 Austria
1949 2511 2350 2569 dominabatur.
2381 2509 2584 2577 altum,
2631 2510 2790 2582 quod
2834 2526 2942 2582 ego
2973 2509 3209 2583 quidem
3232 2509 3437 2580 sciam,

117 2580 168 2635 in
195 2583 431 2636 vetustis
457 2580 670 2636 nostris
709 2581 1011 2636 annalibus
1031 2580 1345 2636 silentium}

1577 2703 1970 2723 —.

619 2777 954 2834 EPISTOLA
991 2777 1226 2834 PRIMA.

269 2886 347 2924 AD
377 2883 755 2924 RAHUOLDUM
796 2884 1073 2923 ΑΒΒΔΤΕΜ
1105 2883 1152 2923 S.
1184 2883 1552 2923 EMMBRAMMI

107 2955 175 3014 Se
202 2957 518 3013 Βατὼὸοω
548 2960 604 3011 in
627 2957 762 3027 festo
790 2955 852 3012 S.
883 2955 1281 3012 Emmerammi
1306 2957 1560 3025 futurum
1585 2973 1725 3010 nun-

175 3051 300 3115 tiat,
318 3037 568 3118 petitque
592 3044 696 3100 sibi
739 3044 1142 3102 exscribeudum
1195 3046 1496 3101 transmitti
1535 3043 1730 3099 librum

164 3135 436 3205 plcnariae
457 3133 778 3188 collationis.

171 3223 395 3277 Abbati
423 3223 517 3289 8.,
552 3221 906 3276 monachicae
937 3222 1229 3294 religionis
1257 3223 1486 3294 speculo
1520 3220 1735 3294 perspi-

104 3311 441 3378 cacissimo,
470 3310 533 3364 G.
581 3308 944 3364 famulamini
1003 3310 1180 3364 debiti
1213 3309 1583 3381 discipulatus
1612 3312 1732 3363 toto

100 3399 325 3454 mentis
353 3398 566 3453 aﬂ'ectu
596 3398 902 3468 subjectus.

167 3496 430 3551 Ardenti
456 3495 744 3550 desiderio
766 3495 1137 3567 praesentiam
1153 3494 1520 3567 paternitatis
1533 3496 1734 3550 vestrae

93 3586 339 3640 sitimus
363 3603 376 3640 :
400 3588 826 3640 marcescentes
854 3589 1029 3653 artus,
1061 3601 1203 3657 quos
1233 3601 1352 3655 prie
1405 3583 1734 3638 lassitudine

93 3676 243 3728 senii
279 3675 679 3745 laborumque
711 3689 865 3744 aegre
901 3674 1343 3744 ferimus,penes
1365 3672 1734 3744 vosaliquan-

89 3764 290 3818 tulum
307 3763 580 3818 animare
596 3761 888 3832 cupimus;
921 3761 1273 3832 lepidissimo
1290 3761 1536 3816 fratrum
1568 3761 1741 3815 collo-

93 3851 232 3920 quio
269 3851 582 3923 paululum
611 3849 862 3904 recreari
894 3849 1306 3916 desideramus,
1330 3850 1465 3920 quia
1484 3865 1588 3903 nos
1610 3852 1732 3904 tam

93 3939 279 4010 longo
295 3938 786 4010 temporisspatio
803 3955 836 3992 a
849 3937 1008 3992 vobis
1035 3937 1389 4007 disjunctum
1413 3937 1535 3992 fore
1553 3936 1734 4007 suspi-

94 4025 331 4082 riosum
368 4030 566 4099 pectus
580 4027 914 4098 smpiuscule
948 4025 1197 4080 dolendo
1217 4025 1464 4096 prodere
1493 4041 1611 4079 non
1624 4041 1738 4079 ces-

1746 2784 1803 2843 Α
1823 2795 1929 2834 nus
1958 2777 2238 2850 dignitate
2261 2751 2584 2849 nobilitata,
2610 2778 2946 2836 felicitatem
2971 2791 3217 2835 summa!
3241 2774 3438 2834 salutis

1825 2867 1885 2922 in
1917 2867 2186 2922 Domino.

1899 2956 2070 3012 Nullo
2103 2955 2277 3026 digno
2295 2973 2633 3012 sermonum
2651 2957 2900 3012 tractatu
2924 2973 3228 3030 possumus
3243 2957 3436 3030 grates

1830 3042 2188 3098 conscribere
2199 3043 2734 3100 beneﬁcentissimaa
2749 3045 3067 3100 celsitudini
3101 3049 3302 3102 vestrae
3325 3059 3432 3116 pro

1832 3131 2136 3202 multiplici
2154 3133 2462 3189 clementia
2473 3150 2649 3205 quam
2664 3133 2829 3188 nobis
2840 3132 3094 3205 indignis
3108 3133 3434 3205 nostrisque

1833 3220 2160 3276 domesticis
2180 3219 2461 3276 indefesse
2485 3221 2703 3292 jugiter
2725 3221 2804 3275 im
2811 3221 3129 3292 pertitis.Et
3147 3223 3282 3294 quia
3295 3221 3440 3278 nihil

1832 3310 1947 3372 tale
1979 3309 2094 3362 ullo
2113 3323 2371 3378 unquam
2392 3307 2820 3376 promeruimus
2831 3308 3204 3376 servitio,Deo
3229 3307 3440 3381 suppli-

1833 3413 2030 3451 camus
2061 3397 2123 3449 ut
2149 3394 2307 3448 vobis
2330 3395 2660 3449 mercedem
2688 3399 3092 3466 recompenset
3122 3396 3276 3451 dono
3301 3413 3436 3453 cen-

1833 3484 2107 3556 tuplicato
2132 3499 2145 3551 ;
2179 3481 2237 3536 in
2266 3481 2470 3552 primis
2499 3497 2629 3552 ego,
2653 3482 2751 3553 qui
2784 3482 3006 3536 abbatis
3035 3481 3249 3552 fungor
3281 3499 3442 3539 voca-

1833 3574 2006 3640 bulo,‘
2020 3572 2341 3642 devotaque
2353 3569 2558 3624 cohors
2578 3573 2912 3624 nostrorum
2929 3571 3440 3626 commonasteria-

1833 3663 1975 3718 lium
1999 3678 2173 3734 usque
2207 3660 2382 3716 modo
2432 3657 2781 3714 memoriam
2813 3657 2982 3712 vestri
3013 3655 3321 3711 habuimus
3357 3674 3442 3712 se-

1836 3753 1982 3808 dulis
2004 3750 2380 3808 orationibus.
2427 3748 2708 3820 Deinceps
2738 3749 2936 3802 autem
2966 3744 3298 3800 firmissime
3320 3751 3437 3802 sta-

1832 3841 2048 3896 tuimus
2078 3855 2294 3894 nomen
2330 3840 2579 3892 vestrum
2607 3835 2665 3890 in
2713 3839 2910 3890 nostro
2965 3833 3316 3890 monasterio
3349 3834 3440 3890 die

1833 3934 2125 4001 noctuque
2159 3925 2589 3998 precaminibus
2620 3923 3037 3979 memorialiter
3072 3926 3438 3995 perpetuare.

1910 4017 2174 4087 Lugubre
2216 4013 2483 4069 nuntium
2516 4013 2586 4068 de
2614 4012 2773 4067 obitu
2803 4010 3163 4067 amicissima;
3187 4011 3442 4067 dominae.

97 4118 204 4170 sat.
242 4116 526 4170 Proximo
572 4114 732 4168 ducis
781 4112 961 4168 nostri
994 4112 1282 4184 colloquio
1310 4129 1610 4185 speramus
1635 4129 1740 4166 nos
1759 4105 1810 4164 B
1841 4111 2050 4162 nostrze
2070 4103 2400 4158 Adalheidae
2433 4101 2680 4156 nimium
2706 4117 2809 4155 nos
2839 4103 2966 4157 et...
2991 4102 3207 4168 nostra,
3237 4102 3300 4154 ut
3341 4101 3440 4156 de-

97 4203 456 4273 prmsentari
486 4201 822 4274 conspectui
842 4204 1060 4268 vestro;
1095 4201 1250 4272 quod
1281 4201 1323 4254 si
1356 4201 1532 4255 fuerit
1558 4201 1740 4254 inter-

102 4289 336 4344 dictum
371 4290 566 4362 aliquo
583 4292 795 4344 eventu
823 4289 1328 4362 praepediente,vel
1347 4289 1539 4360 aliqua
1564 4305 1624 4343 re
1645 4306 1744 4344 an-

108 4378 430 4446 nullatum,
461 4383 650 4435 vestro
671 4382 866 4433 tamen
890 4377 1412 4450 precaminel‘ultus
1429 4377 1572 4432 festo
1597 4377 1654 4431 S.
1678 4377 1739 4434 E.

109 4466 352 4535 patroni
384 4467 564 4522 nostri
581 4467 857 4522 interesse
882 4484 998 4521 non
1026 4465 1610 4521 dubitamus.Librum
1625 4465 1742 4536 ple-

107 4555 614 4622 naria'collationis,
645 4571 820 4626 quem
847 4555 1067 4610 dudum
1092 4553 1661 4626 petiveramus,quia
1682 4553 1742 4608 in

115 4647 320 4697 nostra
333 4661 449 4698 non
462 4644 715 4698 habetur
733 4643 1102 4710 bibliotheca,
1121 4644 1301 4698 humo
1319 4647 1491 4698 tenus
1507 4643 1742 4714 genicu-

115 4729 303 4786 lantes
344 4732 664 4804 repetimus
733 4736 794 4786 ut
840 4732 1004 4786 nobis
1072 4731 1332 4803 praestari
1377 4730 1739 4804 prmcipiatis.

120 4816 308 4881 Quam
342 4822 647 4879 celerrime
676 4819 937 4874 videlicet
963 4819 1742 4892 possumus,conscribifaci-

116 4929 266 4982 mus,
293 4915 575 4986 vobisque
606 4913 706 4965 aut
732 4908 838 4981 ipsi
869 4912 1189 4979 reportare,
1215 4911 1315 4963 aut
1340 4925 1444 4980 per
1477 4908 1745 4963 nuntium

120 5005 420 5060 remittere
447 5001 664 5057 statuto
696 5001 964 5069 tempore
995 5013 1112 5052 non
1175 4997 1496 5052 tardamus.
1525 4997 1740 5052 Valete.

701 5103 1042 5159 EPISTOLA
1079 5105 1146 5159 II.

600 5213 670 5251 AD
703 5209 997 5248 ARNOLDUM
1023 5209 1186 5248 COMIT
1196 5210 1288 5248 ΕΜ.

140 5276 213 5343 Illi
233 5307 338 5360 pro
368 5288 621 5360 impensis
644 5283 926 5360 favoribus
953 5282 1637 5360 gratiascumulateagit,
1661 5281 1753 5336 do—

195 5352 464 5433 loremque
494 5352 655 5412 suum
712 5354 776 5408 ob
823 5352 1129 5433 Adet/acidis
1155 5355 1507 5433 imperatricis
1548 5354 1751 5433 obitum

195 5425 455 5498 declar'at,
489 5448 552 5484 ac
612 5444 732 5498 quae
762 5441 870 5496 pro
912 5425 1025 5494 ejus
1081 5425 1284 5498 ani-mae
1340 5426 1519 5497 requie
1568 5443 1600 5477 (ι
1645 5427 1752 5478 suis

198 5496 472 5559 monachis
493 5496 773 5573 persoluta
802 5499 908 5550 sint
920 5496 1232 5566 perscribit.

1839 4195 1956 4250 cuit
1979 4195 2038 4248 in
2068 4208 2200 4246 casu
2231 4191 2357 4246 talis
2387 4206 2674 4262 personae,
2706 4188 3083 4260 perturbavit,
3112 4205 3216 4262 pro
3239 4204 3357 4262 qua
3375 4205 3444 4245 ex

1839 4288 1978 4338 tunc
2034 4297 2211 4352 usque
2255 4295 2409 4333 nunc
2447 4276 2983 4333 consuetudinarias
3023 4277 3443 4350 complevimus

1841 4369 2240 4444 precaminum
2278 4367 2714 4432 celebrationes,
2741 4370 2798 4419 et
2829 4365 2888 4420 in
2945 4381 3176 4438 semper
3209 4366 3444 4422 annuali

1843 4457 2196 4514 revolutione
2227 4453 2504 4527 temporis
2536 4453 2756 4526 vigilias
2782 4453 3097 4526 missasque
3127 4469 3260 4508 eum
3291 4454 3450 4509 obla-

1841 4547 2094 4602 tionibus
2121 4545 2365 4598 sciamus
2383 4542 2592 4598 facere.
2627 4541 2791 4597 Diem
2825 4543 2949 4596 Kal.
2966 4542 3166 4612 jubete
3196 4541 3448 4596 conscri-

1844 4635 1902 4691 bi
1924 4634 2285 4700 membrana,
2315 4632 2592 4704 nobisque
2624 4630 2937 4687 transmitti
2967 4647 3072 4702 per
3099 4634 3448 4703 praesentem

1843 4723 2204 4798 pelligerum.
2241 4721 2456 4776 Valete.

2411 4843 2747 4899 EPISTOLA
2773 4844 2866 4898 lll.

2483 4967 2551 5004 AD
2575 4966 2816 5008 EUHDEI.

1845 5080 2120 5137 Maximus
2137 5077 2463 5148 gratiasaqit
2479 5091 2583 5148 pro
2607 5075 2852 5144 fenestris
2883 5070 3074 5148 templo
3089 5071 3448 5148 ‘Tegernseen.

1920 5155 1968 5206 si
1982 5142 2188 5220 a/l'abre
2216 5142 2560 5218 comparatis,
2579 5142 2640 5220 et
2654 5161 2850 5220 pueros
2876 5142 3009 5220 gues
3037 5142 3270 5220 discendi
3293 5159 3455 5220 causa

1921 5214 2171 5278 hactenus
2201 5223 2257 5272 in
2300 5214 2616 5272 monasterio
2646 5214 2930 5285 enati-ivit,
2956 5214 3267 5272 eruditionis
3291 5217 3458 5284 speci-

1921 5296 2068 5347 mina
2094 5291 2310 5345 daturos
2342 5286 2586 5340 remittit.

1924 5396 2272 5471 Dignissimo
2319 5391 2516 5448 comiti
2549 5389 2832 5460 A.,gloria
2864 5392 3343 5449 multimodarum
3377 5394 3460 5450 vir

1853 5489 2036 5544 tuiem
2060 5484 2271 5554 ubique
2301 5481 2625 5538 ditfamato.
2657 5477 2836 5533 abbas
2861 5478 2925 5534 G.
2957 5479 3322 5555 fratrumque
3353 5483 3462 5540 sibi

197 5594 393 5650 Abbas
420 5565 513 5655 (ἓξ
531 5565 1060 5645 monachicicultus
1074 5585 1195 5639 solo
1226 5582 1466 5638 nomine
1496 5581 1758 5653 provisor
1859 5577 2250 5647 subjectorum
2295 5573 2634 5639 conventus,
2665 5565 3032 5624 sedulitatem
3063 5572 3463 5643 precaminum

131 5683 499 5750 t5()nsl.itutus,
519 5675 722 5734 comiti
748 5675 845 5741 A.,
870 5675 1176 5730 stemmate
1193 5688 1506 5747 generoso,
1524 5686 1628 5726 nec
1649 5670 1759 5727 mi-

1863 5671 1922 5724 et
1951 5663 2195 5719 salutem
2223 5659 2282 5714 in
2325 5658 2598 5718 Domino.
