3882 6222
463 515 564 574 367

1461 509 1794 569 GOZPERTI
1847 509 2131 567 ABBATIS
2175 508 2749 567 TEGERNSEENSIS.

3682 516 3794 569 388

530 629 899 691 Fidelissimas
925 628 1240 688 devotionis
1267 631 1552 699 exercitia,
1588 648 1715 704 qua;
1749 635 1874 686 tam
1905 629 2065 702 longi
2084 639 2139 698 Α
2164 646 2290 685 mus
2313 631 2476 698 scire,
2505 631 2641 704 quid
2672 635 2862 686 essent
2911 629 3092 704 pisces
3118 647 3259 704 quos
3290 633 3510 688 husones
3565 649 3710 688 nom
3745 632 3804 686 i-

464 722 744 796 temporis
773 721 942 776 nobis
965 738 1027 776 ac
1059 720 1265 775 nostris
1290 720 1493 775 avobis
1522 719 1959 792 infatigabiliter
1978 719 2061 772 di-

462 811 728 868 versitate
759 811 1023 865 laborum
1056 808 1570 880 magnitudineque
1602 807 2059 862 ministeriorum

464 903 598 956 sunt
617 899 1273 972 impertita,cunctorum
1294 899 1698 952 remunerator
1713 897 1863 949 Deus
1885 894 2067 949 sancti

465 987 626 1042 testis
656 987 740 1041 sui
768 986 991 1050 Quirini
1018 987 1301 1057 precibus,
1327 984 1686 1039 mercedibus
1709 983 1923 1038 centies
1941 998 2071 1035 cen-

465 1074 752 1147 tuplicatis
765 1074 1120 1129 remunerari
1135 1073 1405 1145 dignetur
1421 1089 1616 1127 coram
1647 1072 1886 1127 coetibus
1899 1070 2068 1124 coele-

467 1162 666 1217 stibus.
697 1162 895 1217 Merito
915 1178 1019 1233 pro
1042 1161 1201 1216 vobis
1214 1163 1328 1215 Deo
1347 1159 1859 1231 supplicamus,qui
1881 1159 2068 1212 locum

467 1252 731 1306 nostrum
754 1250 961 1304 talibus
972 1249 1238 1320 operibus
1254 1250 1545 1303 honorum
1561 1245 2074 1316 sublimastis,qua—

463 1337 614 1408 libus
643 1355 749 1394 nec
786 1338 1104 1411 priscorum
1133 1338 1489 1408 temporibus
1541 1336 1822 1408 comperti
1859 1351 2072 1400 sumus,

470 1443 578 1482 nec
599 1444 716 1483 non
763 1426 978 1482 visuros
1005 1444 1125 1482 esse
1151 1427 1542 1498 sperabamus.
1563 1425 1824 1480 Ecclesiae
1865 1425 2077 1478 nostra:

469 1515 738 1572 fenestras
762 1515 1048 1570 veteribus
1062 1515 1270 1586 pannis
1287 1531 1462 1586 usque
1482 1529 1636 1567 nunc
1666 1513 1901 1566 fuerunt
1918 1511 2074 1564 clau-

471 1600 782 1658 sm.Vestris
805 1601 1061 1656 felicibus
1090 1601 1452 1673 temporibus
1501 1599 1824 1654 auricomus
1844 1599 1926 1652 sol
1959 1595 2076 1668 pri-

475 1706 639 1744 mum
655 1688 1138 1744 infulsitbasilicaa
1164 1691 1376 1743 nostra:
1408 1687 1738 1759 pavimenta
1765 1703 1869 1756 per
1894 1684 2078 1739 disco-

476 1777 622 1832 loria
635 1777 991 1849 picturarum
1012 1776 1636 1846 vitra;cunctorumque
1651 1772 2080 1844 inspicientium

474 1864 652 1920 corda
698 1867 1030 1936 pertentant
1057 1863 1405 1936 multiplicia
1438 1863 1673 1934 gaudia,
1711 1861 1806 1933 qui
1851 1861 2083 1914 interse

475 1952 763 2007 mirantur
780 1951 994 2006 insoliti
1015 1952 1207 2022 operis
1235 1951 1557 2006 varietates.
1581 1949 1859 2014 Quocirca
1873 1964 2080 2020 quous-
2108 1945 2159 2004 B

475 2057 588 2113 que
624 2043 781 2096 locus
807 2041 912 2096 iste
943 2043 1203 2096 cernitur
1232 2041 1332 2096 tali
1362 2041 1664 2096 decoratus
1699 2041 1928 2106 ornatu,
1961 2054 2082 2092 ves-

472 2132 630 2184 trum
672 2145 888 2184 nomen
930 2129 1022 2184 die
1051 2132 1343 2202 noctuque
1385 2126 2087 2184 celebrationibusoratio-

473 2231 616 2272 num
635 2217 955 2272 ascribilur.
990 2216 1414 2273 Etutomnium
1438 2217 1840 2288 proximorum
1868 2217 2084 2269 vestro-

474 2319 606 2360 rum
623 2306 911 2361 memoria
922 2305 1194 2376 deinceps
1205 2307 1295 2360 hic
1308 2303 1976 2375 agatur,facite:concribi
1991 2320 2089 2356 no-

474 2393 636 2448 mina
655 2409 1137 2464 quorumcunque
1163 2394 1400 2447 vultisin
1426 2394 1787 2458 membrana,
1807 2391 2088 2460 nobisque

469 2481 776 2536 transmitli
796 2484 1250 2553 perprmsentem
1264 2481 1761 2535 nuntium.Vestru3
1775 2478 2090 2532 deliberati-

475 2569 572 2622 oni
590 2569 937 2623 dimittimus
959 2569 1086 2624 illos
1104 2586 1315 2640 pueros
1332 2568 1689 2640 probandos,
1705 2568 1749 2622 si
1777 2567 1917 2620 illud
1949 2583 2090 2638 opus

474 2653 1082 2711 adhucitasintedocti
1109 2658 1192 2711 uti
1211 2657 1365 2711 vobis
1394 2656 1878 2711 estbonorificum
1896 2655 2086 2709 nobis-

474 2759 586 2814 que
607 2745 1182 2815 necessarium;vel,si
1201 2745 1417 2816 aliquid
1435 2745 1514 2799 eis
1536 2745 1733 2798 deesse
1768 2742 2085 2810 inveniam,

473 2832 645 2889 liceat
655 2849 755 2889 eos
769 2833 1066 2890 remittere
1077 2834 1237 2890 vobis
1250 2849 1418 2888 causa
1431 2831 1861 2888 meliorationis.
1871 2832 2080 2887 Valete.

1044 2921 1383 2978 EPISTOLA
1427 2922 1514 2976 IV.

870 3009 939 3048 AD
970 3010 1281 3049 HEGINHELH
1289 3009 1359 3048 UH
1379 3009 1632 3047 COMITEH.

469 3077 650 3152 Rogat
674 3094 732 3141 ut
759 3079 860 3138 sibi
881 3080 1128 3137 nonnihil
1161 3081 1431 3152 frumenti
1461 3083 1515 3134 in
1544 3082 1741 3135 victum
1767 3097 1946 3135 eorum
1989 3080 2085 3152 qui

543 3157 608 3211 in
629 3157 856 3218 Ana-tria
885 3156 1224 3208 monasteriio
1251 3170 1342 3208 suo
1362 3154 1626 3219 serviunt,
1651 3153 1970 3222 etargiatur.

541 3245 631 3316 G.,
655 3240 1175 3306 abbasmonasterii
1201 3239 1258 3296 S.
1295 3241 1386 3310 Q.,
1418 3239 1501 3296 ill.
1527 3239 1726 3296 comiti
1745 3220 2077 3295 venerando
2096 3220 2141 3285 C-

473 3334 718 3391 salutem
748 3335 808 3390 in
837 3333 1106 3390 Domino.

543 3425 608 3480 In
639 3422 894 3480 maxima
913 3419 1251 3476 necessitate
1272 3417 1472 3474 fideles
1493 3416 1665 3473 amici
1683 3416 1892 3472 merito
1924 3432 2079 3489 qua:-

472 3516 852 3583 runtur,et,ut
881 3512 988 3569 seri
1000 3515 1162 3585 ptum
1185 3513 1289 3578 est,
1320 3509 1441 3565 sine
1460 3509 1633 3564 dubio
1661 3511 1802 3562 tunc
1820 3522 2082 3580 compro-

471 3601 686 3660 bantur
721 3602 953 3675 quando
983 3601 1252 3657 solatium
1271 3597 1542 3670 adjutorii
1570 3596 1914 3668 largiuntur.
1937 3593 2082 3658 Quia

471 3692 931 3748 consolationem
952 3695 1206 3745 vestram
1229 3703 1460 3758 semper
1479 3685 1858 3741 habuimusin
1891 3683 2080 3739 omni-

472 3779 578 3836 bus
599 3779 772 3836 rebus
799 3777 1250 3846 nostris,idcirco
1299 3776 1475 3829 etiam
1515 3789 1690 3840 nunc,
1718 3772 1881 3844 quasi
1915 3771 2080 3828 unico

473 3869 626 3940 patri
657 3871 722 3923 et
748 3867 982 3941 proprio
1015 3865 1278 3930 domino,
1309 3863 1508 3933 pietati
1536 3864 1742 3916 vestrae
1787 3859 2081 3933 querimo-

473 3955 634 4012 niam
651 3955 892 4011 facimus
913 3953 984 4008 de
1007 3951 1235 4007 familia
1255 3954 1453 4006 nostra
1479 3963 1654 4022 quam
1671 3948 1730 4003 in
1747 3947 1965 4004 Oriente
1989 3949 2086 4003 ha-

473 4043 835 4116 hemns,quze
868 4057 986 4113 prae
1005 4039 1251 4112 penuria
1285 4038 1451 4110 grani
1478 4037 1749 4109 praesenti
1783 4053 1936 4092 anno
1954 4038 2085 4092 sub-

470 4131 628 4204 jacet
655 4130 812 4202 gravi
829 4128 1086 4200 periculo
1130 4127 1419 4194 famis,cui
1451 4127 1524 4182 de
1549 4129 1714 4198 parte
1743 4130 1944 4182 nostra
1969 4143 2087 4181 non

475 4215 1092 4293 possumussubvenire
1105 4215 1247 4270 sicut
1267 4213 1588 4283 debuimus,
1615 4214 1748 4287 quia
1771 4214 1832 4268 in
1860 4214 1968 4269 isto
1993 4230 2091 4268 an-

479 4305 734 4364 noCeres
750 4323 866 4361 non
881 4306 1028 4361 bene
1044 4304 1400 4360 fructificavit
1422 4305 1587 4360 nobis
1619 4305 1678 4360 in
1701 4304 1838 4360 locis
1859 4305 2086 4360 nostris.

481 4393 599 4452 Sed
616 4395 865 4467 petimus
878 4398 938 4448 ut
964 4395 1129 4449 nobis
1153 4394 1422 4466 aperiatis
1449 4410 1692 4449 manum
1712 4393 1896 4448 solita:
1918 4393 2088 4465 largi-

2168 723 2331 786 nant,
2367 720 2475 773 nisi
2534 721 2914 790 eleemosyna
2943 720 3137 774 vestri.
3170 721 3443 774 Volumus
3482 722 3660 775 etiam
3690 738 3800 776 vos

2169 825 2333 862 nosse
2355 809 2509 878 quod
2529 810 2688 862 nullo
2717 825 2873 863 anno
2891 809 3640 880 praetermittimuscensum
3662 827 3801 865 ora-

2169 897 2341 950 tionis
2367 913 2540 967 quem
2557 897 2714 950 vobis
2726 897 3343 970 promisimus,excepti
3357 915 3382 950 s
3401 899 3486 952 his
3517 916 3661 970 quas
3680 916 3796 970 pro

2170 984 2531 1055 elemosynas
2551 984 3075 1039 nobisfacientibus
3098 986 3495 1040 communiter
3524 988 3800 1041 celebra-

2172 1089 2326 1140 mus;
2355 1073 2680 1143 specialiter
2703 1089 2805 1144 pro
2824 1073 2985 1127 vobis
3001 1074 3314 1144 amicisque
3342 1074 3543 1129 vestris
3567 1075 3666 1146 qui
3683 1077 3795 1130 ad-

2173 1161 2281 1214 huc
2305 1162 2499 1215 vivunt
2529 1163 2614 1215 vel
2635 1162 2760 1231 jam
2792 1162 2850 1215 in
2883 1164 3104 1217 Christo
3159 1163 3451 1229 obierunt,
3510 1181 3575 1218 ac
3605 1164 3798 1219 felicis

2177 1249 2475 1302 memoriae
2505 1249 2750 1320 conjuge
2767 1252 2953 1303 vestra
2973 1267 3102 1304 XLIII
3132 1251 3332 1305 missas
3366 1255 3423 1306 et
3443 1252 3726 1323 psalteria
3761 1269 3795 1305 x

2177 1336 2570 1391 decantamus.
2590 1336 2738 1400 Quin
2753 1337 2928 1391 etiam
2949 1339 3188 1392 nomina
3211 1342 3397 1393 vestra
3413 1340 3633 1410 scripta
3649 1343 3798 1394 sunt

2177 1425 2330 1496 apud
2356 1442 2461 1481 nos
2490 1430 2726 1497 propter
2747 1426 2952 1497 jugem
2986 1427 3353 1482 memoriam.
3384 1428 3602 1482 Valete.

2747 1550 3082 1605 EPISTOLA
3119 1551 3205 1604 Vl.

2815 1658 2883 1694 AD
2907 1657 3146 1695 EUMDEH.

2179 1746 2326 1801 Petit
2353 1747 2454 1799 sibi
2501 1749 2729 1817 suisque,
2770 1763 2892 1801 cum
2921 1749 3170 1803 carnibus
3223 1750 3610 1804 monachorum
3643 1769 3794 1806 more

2605 1818 2923 1885 abstineant,
2941 1821 3158 1873 liusunes
3188 1821 3350 1874 mitti.

2253 1905 2478 1959 Domno
2509 1905 2576 1959 M.
2598 1905 2733 1960 boni
2756 1907 3008 1961 nominis
3026 1907 3210 1978 gloria
3225 1908 3436 1980 ubique
3461 1909 3795 1976 diﬁ'amato,

2184 1995 2492 2048 Gozranrcs
2520 1994 2696 2049 abbas
2726 2011 2857 2050 cum
2887 1995 2999 2049 suis
3031 1997 3416 2052 confratribus
3447 2000 3703 2054 salutem
3737 2001 3796 2054 in

2185 2082 2454 2137 Domino.

2257 2171 3044 2244 Nulliusservitiimunusprze
3069 2175 3339 2230 manibus
3369 2176 3685 2241 habentes,
3704 2194 3799 2231 ac-

2188 2257 2442 2312 cedimus
2469 2259 2540 2312 ad
2571 2275 2671 2314 vos
2703 2277 2943 2331 magnas
2973 2279 3062 2315 res
3089 2265 3571 2333 postulantes,sed
3593 2269 3800 2319 tamen

2190 2346 3008 2417 audacter,quiconfidentiam
3028 2352 3372 2406 resumimus
3390 2353 3460 2405 de
3474 2354 3800 2406 conscienti

2191 2435 2361 2488 totius
2392 2436 2668 2490 bonitatis
2700 2438 2756 2490 in
2809 2455 2927 2492 vos.
2984 2442 3042 2491 In
3077 2443 3289 2507 regione
3319 2441 3597 2511 Australi,
3655 2441 3802 2494 sicut

2189 2524 2363 2592 scitis,
2397 2525 2743 2592 habitantes,
2775 2544 2937 2580 more
2962 2529 3408 2597 monachorum,
3445 2533 3506 2582 ut
3538 2530 3735 2596 decet,
3769 2547 3802 2583 a

2188 2611 2455 2666 carnibus
2495 2613 2870 2681 abstinentes,
2900 2619 3136 2687 captura
3167 2617 3406 2688 piscium
3439 2634 3574 2672 raro
3607 2619 3798 2690 pasci-

2188 2716 2338 2766 mur,
2369 2699 2502 2771 quia
2523 2701 2767 2773 piscosas
2799 2720 2974 2774 aquas
3005 2705 3246 2758 minime
3268 2705 3572 2760 habemus.
3600 2707 3720 2760 Sed
3754 2708 3796 2760 si

2187 2788 2335 2842 Deus
2349 2805 2499 2843 anno
2528 2791 2794 2861 praesenti
2807 2791 3131 2846 fecundavit
3151 2795 3455 2864 capturam
3473 2793 3795 2862 husonum,

2185 2876 2482 2931 nobiscum
2513 2879 2762 2949 petimus
2795 2882 2855 2932 ut
2871 2879 3122 2949 jubeatis
3139 2879 3439 2952 largiendo
3461 2883 3796 2938 communi-

2184 2967 2321 3033 cari,
2351 2969 2412 3020 ut
2443 2967 2790 3022 memoriam
2818 2968 2987 3022 vestri
3029 2968 3298 3040 deinceps
3329 2985 3528 3025 coram
3575 2970 3700 3027 Deo
3737 2972 3791 3025 iu

2183 3054 2538 3110 orationibus
2559 3058 2764 3110 nostris
2787 3056 3129 3112 habeamus.
3155 3057 3370 3114 Valete.

2724 3180 3058 3235 EPISTULA
3117 3181 3230 3236 VII.

2391 3297 2460 3334 AD
2504 3296 2829 3335 GEBHARDUI
2860 3295 3152 3334 EPISCOPUI
3183 3295 3573 3337 AUGUSTANUI.

2179 3385 2322 3460 Ejus
2375 3387 2677 3455 religionem
2718 3404 2780 3441 ac
2820 3385 3097 3460 pietatem,
3126 3385 3328 3454 laudat,
3373 3387 3703 3460 spondetgue
3730 3403 3780 3441 se

2253 3458 2323 3512 ad
2350 3460 2610 3526 eumdem,
2666 3477 2788 3513 cum
2832 3473 2933 3526 per
2968 3459 3098 3510 anni
3145 3465 3346 3528 tempus
3393 3458 3628 3527 licuerit,
3691 3477 3778 3514 ac-

2250 3547 2532 3584 cessurum.

2257 3623 2484 3677 Domno
2498 3617 2754 3691 pontifici
2770 3617 3196 3684 G.,sanctorum
3214 3619 3652 3673 antecessorum
3675 3636 3788 3673 me-

2181 3713 2305 3768 ritis
2330 3707 2642 3783 apostolica
2671 3706 2804 3760 sede
2828 3705 3001 3776 digne
3031 3705 3456 3775 sublimato,G.,
3489 3723 3783 3762 servorum

2181 3801 2283 3858 Dei
2299 3800 2552 3866 ultimus,
2576 3794 2922 3866 humilisque
2935 3795 3274 3849 monachica
3285 3796 3668 3867 congregatio
3689 3795 3786 3849 sibi

2185 3888 2512 3954 commissa,
2544 3880 3001 3940 famulaminum
3031 3900 3386 3956 precumque
3411 3884 3781 3940 sedulitatem

2185 3978 2247 4034 in
2281 3975 2523 4032 Christo.

2256 4065 2569 4122 Virtutibus
2598 4069 2798 4121 vestrae
2828 4061 3130 4121 laudabilis
3159 4061 3352 4129 famae,
3373 4078 3516 4134 quas
3542 4061 3671 4134 pius
3701 4077 3780 4115 ru-

2188 4173 2320 4212 mor
2341 4156 2541 4210 matris
2572 4155 2837 4209 Ecclesiae
2855 4154 3065 4224 ubique
3092 4151 3378 4221 diffundit,
3415 4154 3780 4223 congratula-

2190 4261 2343 4312 mur,
2357 4260 2614 4316 quosque
2627 4243 2941 4314 smpissime
2964 4241 3246 4312 comperti
3272 4256 3492 4307 sumus,
3515 4240 3780 4312 frequen-

2189 4333 2322 4389 tiori
2355 4333 2684 4387 narratione
2710 4331 3020 4387 venerandi
3047 4329 3315 4385 antistitis
3340 4329 3526 4384 nostri
3557 4330 3780 4396 G.(Gotc

2189 4421 2422 4477 schalchi
2469 4439 2548 4492 ep.
2599 4419 2888 4492 Frising.),
2975 4420 3072 4491 qui
3103 4435 3199 4473 vos
3230 4418 3481 4472 multum
3513 4421 3676 4472 amat
3730 4418 3779 4469 in

481 4481 662 4582 fumis
687 4485 913 4582 νῗδιίξων
937 4487 1003 4582 ,δι’
1021 4483 1272 4554 jubeaﬁs
1313 4483 1480 4582 “om?
1511 4483 1635 4582 f1?“
1666 4483 2088 4582 {fli‘quantulum
2112 4502 2166 4560 D
2193 4511 2440 4578 Christo,
2468 4481 2601 4564 dum
2622 4481 2939 4582 priscorum
2958 4481 3448 4580 praedecessorum
3481 4507 3656 4561 vestri
3681 4505 3782 4577 epi-

477 4571 762 4628 frumcnti
794 4571 866 4626 ob
902 4572 1329 4643 eleemosynam
1357 4573 1527 4626 vestri
1557 4572 1616 4626 in
1641 4571 1854 4626 victum
1887 4587 2090 4626 eorum

481 4663 548 4719 in
566 4663 776 4732 regione
795 4661 1178 4733 orientali,qua
1194 4677 1290 4715 vos
1317 4660 1721 4726 dominamini,
1745 4678 1816 4715 ne
1831 4659 1984 4714 fame
2000 4677 2096 4730 pe-

478 4752 748 4808 hituseos
768 4749 1033 4805 etinedia
1053 4749 1448 4804 consummari
1475 4751 1560 4804 vel
1593 4749 1743 4804 mori
1775 4748 2092 4805 videamus.

481 4840 700 4898 Valete.
1187 4892 1194 4897 .

1111 4909 1448 4967 EPISTOLA
1471 4911 1534 4966 V.

1125 5009 1192 5044 AD
1224 5008 1468 5047 EUMDEM.

484 5082 704 5140 Gratias
727 5084 839 5152 agit
848 5097 950 5152 pro
994 5080 1279 5135 husOnibus
1309 5085 1530 5152 piscium
1559 5096 1768 5148 genere,
1805 5085 2096 5150 quantum-

593 5173 652 5208 ue
673 5169 894 5224 precum
919 5153 1034 5207 Deo
1068 5169 1172 5222 pro
1201 5153 1318 5223 eius
1358 5153 1598 5223 conjugis
1649 5153 1836 5207 anima
1867 5153 2097 5221 oﬂerant

605 5227 964 5294 'egernseenses
976 5265 989 5292 ,
1007 5227 1240 5294 exponit.

551 5313 958 5367 Famosissimo
991 5311 1188 5367 comiti
1214 5326 1585 5378 nccmumuo,
1619 5325 1863 5365 summa
1892 5308 2094 5362 nobili-

483 5400 617 5455 tatis
643 5401 910 5473 prosapia
940 5399 1273 5471 progcnito,
1293 5399 1357 5454 G.
1381 5399 1557 5454 abbas
1588 5416 1719 5453 cum
1751 5414 1928 5470 grege
1976 5412 2097 5451 mo-

471 5489 719 5545 nachico
740 5489 847 5545 sibi
878 5488 1138 5557 subjecto
1168 5488 1411 5541 salutem
1440 5487 1497 5541 in
1531 5487 1801 5542 Domino.

549 5578 714 5642 Quod
765 5574 1007 5645 singulis
1035 5575 1202 5628 annis
1261 5576 1514 5646 petendo
1545 5592 1644 5630 vos
1693 5573 2088 5643 sollicitamus,

472 5667 772 5739 compellit
795 5680 900 5718 nos
921 5663 1142 5718 instans
1162 5664 1489 5731 necessitas,
1521 5669 1581 5719 et
1603 5663 1774 5719 solita
1794 5667 1965 5735 atque
1985 5681 2087 5719 an-

471 5755 657 5812 nualis
685 5751 912 5822 largitio
938 5749 1307 5821 benignitatis
1337 5755 1558 5822 vestrae,
1588 5753 1724 5826 quia
1746 5752 1837 5806 vix
1884 5753 2081 5824 potui.

2192 4615 2496 4670 scoparum
2515 4598 2700 4669 gratia
2711 4615 2810 4652 seu
2821 4597 3210 4652 familiaritate
3224 4595 3536 4651 admodum
3553 4596 3780 4668 plenitcr

2195 4692 2268 4746 ob
2295 4691 2720 4759 eleemosynam
2748 4688 2833 4742 sui
2857 4688 3037 4742 functi
3065 4705 3280 4753 sumus,
3327 4687 3427 4759 qui
3459 4704 3567 4742 nos
3587 4688 3778 4741 dilexe-

2194 4782 2329 4833 runt
2348 4794 2448 4849 pro
2464 4794 2662 4831 amore
2685 4775 3092 4848 Deisanctique
3109 4775 3595 4846 Quirini,patroni
3617 4773 3779 4830 nostri

2197 4884 2264 4921 eo
2293 4865 2588 4920 ardentius
2603 4865 2776 4920 etiam
2803 4865 3053 4936 gratiam
3074 4863 3243 4918 vestri
3273 4880 3391 4935 prie
3410 4864 3631 4917 caeteris
3650 4864 3777 4916 habe

2197 4954 2428 5025 spiritus
2453 4953 2736 5008 desiderio
2750 4953 2996 5018 sitimus,
3015 4969 3128 5024 quo
3150 4968 3248 5006 vos
3268 4969 3489 5006 nomen
3521 4950 3780 5023 religiosi-

2201 5047 2493 5113 talemque
2510 5040 2870 5095 Benedictinw
2890 5043 3015 5094 vita:
3035 5039 3292 5110 positum
3315 5039 3373 5092 in
3391 5039 3703 5110 apostolica
3717 5037 3782 5092 di-

2197 5132 2417 5205 gnitate
2440 5147 2556 5202 prae
2590 5129 2712 5184 aliis
2744 5145 3023 5183 exornare
3052 5128 3309 5183 moribus
3325 5127 3640 5200 habituque
3671 5143 3782 5180 sen—

2197 5220 2388 5274 timus.
2407 5219 2550 5283 Quia
2569 5217 2792 5290 gremio
2819 5216 3461 5288 Augustensisecclesim
3493 5215 3689 5270 nutriti
3703 5230 3777 5267 su-

2195 5326 2323 5363 mus
2345 5325 2378 5362 a
2415 5324 2616 5378 puero,
2647 5309 2908 5361 sanctum
2939 5307 3132 5360 locum
3150 5323 3300 5377 saepe
3338 5304 3547 5376 saepius
3578 5303 3776 5358 visitare

2196 5396 2875 5467 debemus,proximaque
2889 5398 3106 5461 instate,
3132 5393 3363 5466 quando
3386 5394 3653 5464 gramina
3667 5387 3771 5444 sum

2194 5502 2322 5540 cere
2353 5489 2594 5557 possunt
2624 5482 3215 5551 iteratoribus,vestris
3252 5482 3615 5537 orationibus
3647 5480 3770 5533 intus

2192 5591 2290 5629 vos
2315 5574 2507 5628 videre
2538 5572 2819 5644 cupimus,
2843 5575 3141 5643 vestraque
3173 5571 3424 5625 animari
3458 5567 3768 5642 praesentia,

2188 5667 2252 5718 ut
2285 5661 2514 5734 spiritus
2535 5662 2822 5717 desiderat
2866 5677 2969 5731 per
3009 5661 3235 5732 singula
3283 5665 3607 5717 momenta.
3639 5658 3767 5722 Quo-

2181 5752 2338 5807 circa
2373 5751 2644 5824 petimus,
2693 5750 2952 5823 pontifex
2975 5749 3321 5819 venerande,
3352 5749 3625 5822 deincops
3654 5761 3757 5801 me-
