  <div class='ocr_page' id='page_1' title='image "/cluster/home/n/w/nwhite01/storage/ocr_20150623/139/uva.x000829787/192.png"; bbox 0 0 3882 6222; ppageno 0'>
   <div class='ocr_carea' id='block_1_1' title="bbox 161 434 256 487">
    <p class='ocr_par' dir='ltr' id='par_1_1' title="bbox 161 434 256 487">
     <span class='ocr_line' id='line_1_1' title="bbox 161 434 256 487; baseline 0.011 -1"><span class='ocrx_word' id='word_1_1' title='bbox 161 434 256 487; x_wconf 78' lang='lat'>369</span> 
     </span>
    </p>
   </div>
   <div class='ocr_carea' id='block_1_2' title="bbox 1650 437 2028 494">
    <p class='ocr_par' dir='ltr' id='par_1_2' title="bbox 1650 437 2028 494">
     <span class='ocr_line' id='line_1_2' title="bbox 1650 437 2028 494; baseline 0.008 -3"><span class='ocrx_word' id='word_1_2' title='bbox 1650 437 2028 494; x_wconf 52' lang='lat' dir='ltr'>EPISTOLA‘I.</span> 
     </span>
    </p>
   </div>
   <div class='ocr_carea' id='block_1_3' title="bbox 3379 459 3482 515">
    <p class='ocr_par' dir='ltr' id='par_1_3' title="bbox 3379 459 3482 515">
     <span class='ocr_line' id='line_1_3' title="bbox 3379 459 3482 515; baseline 0.029 -3"><span class='ocrx_word' id='word_1_3' title='bbox 3379 459 3482 515; x_wconf 84' lang='lat'>370</span> 
     </span>
    </p>
   </div>
   <div class='ocr_carea' id='block_1_4' title="bbox 159 557 3483 649">
    <p class='ocr_par' dir='ltr' id='par_1_4' title="bbox 159 557 3483 649">
     <span class='ocr_line' id='line_1_4' title="bbox 159 557 3483 649; baseline 0.008 -37"><span class='ocrx_word' id='word_1_4' title='bbox 159 557 412 612; x_wconf 86' lang='lat' dir='ltr'>mentote</span> <span class='ocrx_word' id='word_1_5' title='bbox 449 557 644 612; x_wconf 99' lang='lat' dir='ltr'>nostri</span> <span class='ocrx_word' id='word_1_6' title='bbox 673 573 687 612; x_wconf 87' lang='lat'>:</span> <span class='ocrx_word' id='word_1_7' title='bbox 727 561 965 630; x_wconf 81' lang='lat' dir='ltr'>quando</span> <span class='ocrx_word' id='word_1_8' title='bbox 996 577 1098 615; x_wconf 91' lang='lat' dir='ltr'>nos</span> <span class='ocrx_word' id='word_1_9' title='bbox 1146 561 1317 615; x_wconf 79' lang='lat' dir='ltr'>vestri</span> <span class='ocrx_word' id='word_1_10' title='bbox 1361 560 1773 632; x_wconf 87' lang='lat' dir='ltr'>obliviscimur,</span> <span class='ocrx_word' id='word_1_11' title='bbox 1802 567 1856 626; x_wconf 80' lang='grc' dir='ltr'><strong>Α</strong></span> <span class='ocrx_word' id='word_1_12' title='bbox 1885 581 1989 621; x_wconf 92' lang='lat' dir='ltr'>nos</span> <span class='ocrx_word' id='word_1_13' title='bbox 2020 566 2302 624; x_wconf 81' lang='lat' dir='ltr'>habemus</span> <span class='ocrx_word' id='word_1_14' title='bbox 2319 586 2422 641; x_wconf 91' lang='lat' dir='ltr'>pro</span> <span class='ocrx_word' id='word_1_15' title='bbox 2445 573 2796 629; x_wconf 86' lang='lat' dir='ltr'>mercatione</span> <span class='ocrx_word' id='word_1_16' title='bbox 2816 592 2989 649; x_wconf 87' lang='lat' dir='ltr'>quam</span> <span class='ocrx_word' id='word_1_17' title='bbox 3012 577 3258 635; x_wconf 87' lang='lat' dir='ltr'>famulus</span> <span class='ocrx_word' id='word_1_18' title='bbox 3287 586 3483 640; x_wconf 80' lang='lat' dir='ltr'>noster</span> 
     </span>
    </p>
   </div>
   <div class='ocr_carea' id='block_1_5' title="bbox 162 645 1170 702">
    <p class='ocr_par' dir='ltr' id='par_1_5' title="bbox 162 645 1170 702">
     <span class='ocr_line' id='line_1_5' title="bbox 162 645 1170 702; baseline 0.002 -2"><span class='ocrx_word' id='word_1_19' title='bbox 162 662 260 700; x_wconf 91' lang='lat' dir='ltr'>nec</span> <span class='ocrx_word' id='word_1_20' title='bbox 288 645 475 699; x_wconf 77' lang='lat' dir='ltr'>nostri</span> <span class='ocrx_word' id='word_1_21' title='bbox 508 647 922 702; x_wconf 85' lang='lat' dir='ltr'>recordamur.</span> <span class='ocrx_word' id='word_1_22' title='bbox 955 649 1170 702; x_wconf 78' lang='lat' dir='ltr'>Valete.</span> 
     </span>
    </p>
   </div>
   <div class='ocr_carea' id='block_1_6' title="bbox 265 728 1232 792">
    <p class='ocr_par' dir='ltr' id='par_1_6' title="bbox 265 728 1232 792">
     <span class='ocr_line' id='line_1_6' title="bbox 265 728 1232 792; baseline 0.006 -6"><span class='ocrx_word' id='word_1_23' title='bbox 265 728 274 733; x_wconf 70' lang='grc'><em>’</em></span> <span class='ocrx_word' id='word_1_24' title='bbox 721 735 1060 791; x_wconf 81' lang='lat' dir='ltr'>EPISTOLA</span> <span class='ocrx_word' id='word_1_25' title='bbox 1096 738 1232 792; x_wconf 84' lang='lat' dir='ltr'>Vlll.</span> 
     </span>
    </p>
   </div>
   <div class='ocr_carea' id='block_1_7' title="bbox 742 840 1210 880">
    <p class='ocr_par' dir='ltr' id='par_1_7' title="bbox 742 840 1210 880">
     <span class='ocr_line' id='line_1_7' title="bbox 742 840 1210 880; baseline 0.002 -2"><span class='ocrx_word' id='word_1_26' title='bbox 742 840 819 878; x_wconf 71' lang='lat' dir='ltr'>AD</span> <span class='ocrx_word' id='word_1_27' title='bbox 872 841 1210 880; x_wconf 77' lang='lat' dir='ltr'>BRUNONEM.</span> 
     </span>
    </p>
   </div>
   <div class='ocr_carea' id='block_1_8' title="bbox 169 909 1782 970">
    <p class='ocr_par' dir='ltr' id='par_1_8' title="bbox 169 909 1782 970">
     <span class='ocr_line' id='line_1_8' title="bbox 169 909 1782 970; baseline 0.003 -5"><span class='ocrx_word' id='word_1_28' title='bbox 169 910 234 965; x_wconf 85' lang='lat' dir='ltr'>Ut</span> <span class='ocrx_word' id='word_1_29' title='bbox 259 909 495 964; x_wconf 75' lang='lat' dir='ltr'>decimas</span> <span class='ocrx_word' id='word_1_30' title='bbox 527 911 590 966; x_wconf 80' lang='lat' dir='ltr'>in</span> <span class='ocrx_word' id='word_1_31' title='bbox 620 912 731 963; x_wconf 75' lang='lat' dir='ltr'>vico</span> <span class='ocrx_word' id='word_1_32' title='bbox 766 911 1067 966; x_wconf 69' lang='lat' dir='ltr'>Talin/uisa</span> <span class='ocrx_word' id='word_1_33' title='bbox 1116 914 1338 968; x_wconf 59' lang='lat' dir='ltr'>ecclesia</span> <span class='ocrx_word' id='word_1_34' title='bbox 1366 914 1782 970; x_wconf 72' lang='lat' dir='ltr'>Tontinhusanae</span> 
     </span>
    </p>
   </div>
   <div class='ocr_carea' id='block_1_9' title="bbox 794 999 1162 1069">
    <p class='ocr_par' dir='ltr' id='par_1_9' title="bbox 794 999 1162 1069">
     <span class='ocr_line' id='line_1_9' title="bbox 794 999 1162 1069; baseline 0.011 -19"><span class='ocrx_word' id='word_1_35' title='bbox 794 999 944 1054; x_wconf 83' lang='lat' dir='ltr'>reddi</span> <span class='ocrx_word' id='word_1_36' title='bbox 952 1001 1162 1069; x_wconf 85' lang='lat' dir='ltr'>jubeat.</span> 
     </span>
    </p>
   </div>
   <div class='ocr_carea' id='block_1_10' title="bbox 229 1086 1779 1158">
    <p class='ocr_par' dir='ltr' id='par_1_10' title="bbox 229 1086 1779 1158">
     <span class='ocr_line' id='line_1_10' title="bbox 229 1086 1779 1158; baseline 0.003 -18"><span class='ocrx_word' id='word_1_37' title='bbox 229 1089 523 1154; x_wconf 72' lang='lat' dir='ltr'>Bauuom,</span> <span class='ocrx_word' id='word_1_38' title='bbox 555 1087 690 1141; x_wconf 89' lang='lat' dir='ltr'>dom</span> <span class='ocrx_word' id='word_1_39' title='bbox 702 1103 776 1141; x_wconf 93' lang='lat' dir='ltr'>no</span> <span class='ocrx_word' id='word_1_40' title='bbox 795 1086 1340 1156; x_wconf 85' lang='lat' dir='ltr'>beneﬁcentissimo,</span> <span class='ocrx_word' id='word_1_41' title='bbox 1368 1089 1563 1158; x_wconf 81' lang='lat' dir='ltr'>abbas,</span> <span class='ocrx_word' id='word_1_42' title='bbox 1594 1091 1779 1145; x_wconf 79' lang='lat' dir='ltr'>vester</span> 
     </span>
    </p>
   </div>
   <div class='ocr_carea' id='block_1_11' title="bbox 160 1174 704 1230">
    <p class='ocr_par' dir='ltr' id='par_1_11' title="bbox 160 1174 704 1230">
     <span class='ocr_line' id='line_1_11' title="bbox 160 1174 704 1230; baseline -0.004 0"><span class='ocrx_word' id='word_1_43' title='bbox 160 1174 409 1230; x_wconf 84' lang='lat' dir='ltr'>servitor</span> <span class='ocrx_word' id='word_1_44' title='bbox 439 1175 704 1229; x_wconf 88' lang='lat' dir='ltr'>devotus.</span> 
     </span>
    </p>
   </div>
   <div class='ocr_carea' id='block_1_12' title="bbox 232 1261 1780 1333">
    <p class='ocr_par' dir='ltr' id='par_1_12' title="bbox 232 1261 1780 1333">
     <span class='ocr_line' id='line_1_12' title="bbox 232 1261 1780 1333; baseline 0.004 -17"><span class='ocrx_word' id='word_1_45' title='bbox 232 1261 490 1326; x_wconf 80' lang='lat' dir='ltr'>Quidam</span> <span class='ocrx_word' id='word_1_46' title='bbox 542 1262 758 1317; x_wconf 89' lang='lat' dir='ltr'>viculus</span> <span class='ocrx_word' id='word_1_47' title='bbox 805 1263 1162 1319; x_wconf 67' lang='lat' dir='ltr'>haereditatis</span> <span class='ocrx_word' id='word_1_48' title='bbox 1208 1267 1429 1333; x_wconf 76' lang='lat' dir='ltr'>vestrae,</span> <span class='ocrx_word' id='word_1_49' title='bbox 1470 1266 1780 1323; x_wconf 88' lang='lat' dir='ltr'>Tatinhusa</span> 
     </span>
    </p>
   </div>
   <div class='ocr_carea' id='block_1_13' title="bbox 159 1350 1776 1424">
    <p class='ocr_par' dir='ltr' id='par_1_13' title="bbox 159 1350 1776 1424">
     <span class='ocr_line' id='line_1_13' title="bbox 159 1350 1776 1424; baseline 0.002 -19"><span class='ocrx_word' id='word_1_50' title='bbox 159 1354 558 1422; x_wconf 88' lang='lat' dir='ltr'>nuncupatus,</span> <span class='ocrx_word' id='word_1_51' title='bbox 593 1350 844 1406; x_wconf 85' lang='lat' dir='ltr'>duarum</span> <span class='ocrx_word' id='word_1_52' title='bbox 877 1351 1162 1407; x_wconf 90' lang='lat' dir='ltr'>hobarum</span> <span class='ocrx_word' id='word_1_53' title='bbox 1189 1353 1420 1407; x_wconf 88' lang='lat' dir='ltr'>colonia</span> <span class='ocrx_word' id='word_1_54' title='bbox 1469 1370 1776 1424; x_wconf 85' lang='lat' dir='ltr'>possessus,</span> 
     </span>
    </p>
   </div>
   <div class='ocr_carea' id='block_1_14' title="bbox 158 1439 1777 1514">
    <p class='ocr_par' dir='ltr' id='par_1_14' title="bbox 158 1439 1777 1514">
     <span class='ocr_line' id='line_1_14' title="bbox 158 1439 1777 1514; baseline 0.002 -20"><span class='ocrx_word' id='word_1_55' title='bbox 158 1439 459 1495; x_wconf 81' lang='lat' dir='ltr'>memoria</span> <span class='ocrx_word' id='word_1_56' title='bbox 486 1441 732 1493; x_wconf 63' lang='lat' dir='ltr'>etaetate</span> <span class='ocrx_word' id='word_1_57' title='bbox 753 1441 1093 1495; x_wconf 88' lang='lat' dir='ltr'>cunctorum</span> <span class='ocrx_word' id='word_1_58' title='bbox 1119 1440 1216 1511; x_wconf 88' lang='lat' dir='ltr'>qui</span> <span class='ocrx_word' id='word_1_59' title='bbox 1243 1441 1430 1495; x_wconf 88' lang='lat' dir='ltr'>adhuc</span> <span class='ocrx_word' id='word_1_60' title='bbox 1452 1447 1777 1514; x_wconf 81' lang='lat' dir='ltr'>supersunt,</span> 
     </span>
    </p>
   </div>
   <div class='ocr_carea' id='block_1_15' title="bbox 153 1526 1780 1599">
    <p class='ocr_par' dir='ltr' id='par_1_15' title="bbox 153 1526 1780 1599">
     <span class='ocr_line' id='line_1_15' title="bbox 153 1526 1780 1599; baseline 0.002 -17"><span class='ocrx_word' id='word_1_61' title='bbox 153 1543 400 1596; x_wconf 83' lang='lat' dir='ltr'>semper</span> <span class='ocrx_word' id='word_1_62' title='bbox 433 1526 757 1581; x_wconf 90' lang='lat' dir='ltr'>decimatus</span> <span class='ocrx_word' id='word_1_63' title='bbox 798 1527 987 1582; x_wconf 86' lang='lat' dir='ltr'>fuerat</span> <span class='ocrx_word' id='word_1_64' title='bbox 1027 1529 1101 1582; x_wconf 86' lang='lat' dir='ltr'>ad</span> <span class='ocrx_word' id='word_1_65' title='bbox 1146 1529 1445 1584; x_wconf 86' lang='lat' dir='ltr'>ecclesiam</span> <span class='ocrx_word' id='word_1_66' title='bbox 1501 1533 1780 1599; x_wconf 87' lang='lat' dir='ltr'>nostram,</span> 
     </span>
    </p>
   </div>
   <div class='ocr_carea' id='block_1_16' title="bbox 153 1614 1783 1688">
    <p class='ocr_par' dir='ltr' id='par_1_16' title="bbox 153 1614 1783 1688">
     <span class='ocr_line' id='line_1_16' title="bbox 153 1614 1783 1688; baseline 0.002 -18"><span class='ocrx_word' id='word_1_67' title='bbox 153 1615 528 1670; x_wconf 87' lang='lat' dir='ltr'>Tontinhusa</span> <span class='ocrx_word' id='word_1_68' title='bbox 543 1614 932 1670; x_wconf 82' lang='lat' dir='ltr'>nominatam.</span> <span class='ocrx_word' id='word_1_69' title='bbox 955 1616 1021 1669; x_wconf 87' lang='lat' dir='ltr'>Et</span> <span class='ocrx_word' id='word_1_70' title='bbox 1041 1633 1345 1671; x_wconf 89' lang='lat' dir='ltr'>causamur</span> <span class='ocrx_word' id='word_1_71' title='bbox 1360 1617 1560 1688; x_wconf 90' lang='lat' dir='ltr'>pietati</span> <span class='ocrx_word' id='word_1_72' title='bbox 1582 1622 1783 1673; x_wconf 81' lang='lat' dir='ltr'>vestrae</span> 
     </span>
    </p>
   </div>
   <div class='ocr_carea' id='block_1_17' title="bbox 155 1702 1782 1777">
    <p class='ocr_par' dir='ltr' id='par_1_17' title="bbox 155 1702 1782 1777">
     <span class='ocr_line' id='line_1_17' title="bbox 155 1702 1782 1777; baseline 0.002 -20"><span class='ocrx_word' id='word_1_73' title='bbox 155 1702 512 1757; x_wconf 78' lang='lat' dir='ltr'>vestituram</span> <span class='ocrx_word' id='word_1_74' title='bbox 529 1702 695 1756; x_wconf 89' lang='lat' dir='ltr'>nobis</span> <span class='ocrx_word' id='word_1_75' title='bbox 715 1703 923 1772; x_wconf 79' lang='lat' dir='ltr'>injuste</span> <span class='ocrx_word' id='word_1_76' title='bbox 941 1704 1684 1777; x_wconf 88' lang='lat' dir='ltr'>abstractam,petimusque</span> <span class='ocrx_word' id='word_1_77' title='bbox 1699 1709 1782 1774; x_wconf 90' lang='lat' dir='ltr'>ut,</span> 
     </span>
    </p>
   </div>
   <div class='ocr_carea' id='block_1_18' title="bbox 148 1790 1786 1862">
    <p class='ocr_par' dir='ltr' id='par_1_18' title="bbox 148 1790 1786 1862">
     <span class='ocr_line' id='line_1_18' title="bbox 148 1790 1786 1862; baseline 0.003 -17"><span class='ocrx_word' id='word_1_78' title='bbox 148 1791 427 1862; x_wconf 88' lang='lat' dir='ltr'>judicum</span> <span class='ocrx_word' id='word_1_79' title='bbox 454 1790 632 1844; x_wconf 83' lang='lat' dir='ltr'>vestri</span> <span class='ocrx_word' id='word_1_80' title='bbox 674 1791 1078 1846; x_wconf 81' lang='lat' dir='ltr'>moderamine</span> <span class='ocrx_word' id='word_1_81' title='bbox 1109 1792 1310 1847; x_wconf 85' lang='lat' dir='ltr'>omnia</span> <span class='ocrx_word' id='word_1_82' title='bbox 1332 1793 1490 1862; x_wconf 88' lang='lat' dir='ltr'>justa</span> <span class='ocrx_word' id='word_1_83' title='bbox 1535 1795 1786 1850; x_wconf 76' lang='lat' dir='ltr'>libenter</span> 
     </span>
    </p>
   </div>
   <div class='ocr_carea' id='block_1_19' title="bbox 1887 655 3483 732">
    <p class='ocr_par' dir='ltr' id='par_1_19' title="bbox 1887 655 3483 732">
     <span class='ocr_line' id='line_1_19' title="bbox 1887 655 3483 732; baseline 0.012 -25"><span class='ocrx_word' id='word_1_84' title='bbox 1887 657 1943 707; x_wconf 90' lang='lat' dir='ltr'>et</span> <span class='ocrx_word' id='word_1_85' title='bbox 1968 655 2218 712; x_wconf 88' lang='lat' dir='ltr'>famulus</span> <span class='ocrx_word' id='word_1_86' title='bbox 2242 664 2428 714; x_wconf 85' lang='lat' dir='ltr'>vester</span> <span class='ocrx_word' id='word_1_87' title='bbox 2458 660 2609 715; x_wconf 91' lang='lat' dir='ltr'>inter</span> <span class='ocrx_word' id='word_1_88' title='bbox 2625 680 2681 717; x_wconf 89' lang='lat' dir='ltr'>se</span> <span class='ocrx_word' id='word_1_89' title='bbox 2706 663 3063 732; x_wconf 86' lang='lat' dir='ltr'>fecerunt,ut</span> <span class='ocrx_word' id='word_1_90' title='bbox 3083 671 3483 726; x_wconf 86' lang='lat' dir='ltr'>commutatio-</span> 
     </span>
    </p>
   </div>
   <div class='ocr_carea' id='block_1_20' title="bbox 1887 744 3483 826">
    <p class='ocr_par' dir='ltr' id='par_1_20' title="bbox 1887 744 3483 826">
     <span class='ocr_line' id='line_1_20' title="bbox 1887 744 3483 826; baseline 0.012 -32"><span class='ocrx_word' id='word_1_91' title='bbox 1887 759 2023 796; x_wconf 89' lang='lat' dir='ltr'>nem</span> <span class='ocrx_word' id='word_1_92' title='bbox 2059 744 2180 798; x_wconf 83' lang='lat' dir='ltr'>fieri</span> <span class='ocrx_word' id='word_1_93' title='bbox 2218 747 2473 816; x_wconf 82' lang='lat' dir='ltr'>ejusdem</span> <span class='ocrx_word' id='word_1_94' title='bbox 2509 751 2875 807; x_wconf 86' lang='lat' dir='ltr'>mercationis</span> <span class='ocrx_word' id='word_1_95' title='bbox 2900 754 3266 826; x_wconf 67' lang='lat' dir='ltr'>prmeipiatis,</span> <span class='ocrx_word' id='word_1_96' title='bbox 3295 761 3351 811; x_wconf 92' lang='lat' dir='ltr'>et</span> <span class='ocrx_word' id='word_1_97' title='bbox 3371 759 3483 814; x_wconf 91' lang='lat' dir='ltr'>hoc</span> 
     </span>
    </p>
   </div>
   <div class='ocr_carea' id='block_1_21' title="bbox 1884 830 3481 913">
    <p class='ocr_par' dir='ltr' id='par_1_21' title="bbox 1884 830 3481 913">
     <span class='ocr_line' id='line_1_21' title="bbox 1884 830 3481 913; baseline 0.011 -30"><span class='ocrx_word' id='word_1_98' title='bbox 1884 830 2216 900; x_wconf 80' lang='lat' dir='ltr'>perficiatur</span> <span class='ocrx_word' id='word_1_99' title='bbox 2245 838 2400 890; x_wconf 89' lang='lat' dir='ltr'>salva</span> <span class='ocrx_word' id='word_1_100' title='bbox 2436 837 2545 891; x_wconf 87' lang='lat' dir='ltr'>ﬁde</span> <span class='ocrx_word' id='word_1_101' title='bbox 2577 837 2728 894; x_wconf 86' lang='lat' dir='ltr'>inter</span> <span class='ocrx_word' id='word_1_102' title='bbox 2756 844 3028 913; x_wconf 89' lang='lat' dir='ltr'>utrosque</span> <span class='ocrx_word' id='word_1_103' title='bbox 3061 841 3140 896; x_wconf 88' lang='lat' dir='ltr'>ita</span> <span class='ocrx_word' id='word_1_104' title='bbox 3180 845 3402 913; x_wconf 88' lang='lat' dir='ltr'>tamen,</span> <span class='ocrx_word' id='word_1_105' title='bbox 3433 847 3481 902; x_wconf 88' lang='lat' dir='ltr'>si</span> 
     </span>
    </p>
   </div>
   <div class='ocr_carea' id='block_1_22' title="bbox 1880 919 3478 1001">
    <p class='ocr_par' dir='ltr' id='par_1_22' title="bbox 1880 919 3478 1001">
     <span class='ocr_line' id='line_1_22' title="bbox 1880 919 3478 1001; baseline 0.013 -32"><span class='ocrx_word' id='word_1_106' title='bbox 1880 919 2048 972; x_wconf 90' lang='lat' dir='ltr'>vultis</span> <span class='ocrx_word' id='word_1_107' title='bbox 2059 924 2114 974; x_wconf 88' lang='lat' dir='ltr'>et</span> <span class='ocrx_word' id='word_1_108' title='bbox 2128 923 2524 995; x_wconf 66' lang='lat' dir='ltr'>przecipitismt</span> <span class='ocrx_word' id='word_1_109' title='bbox 2541 926 2787 982; x_wconf 88' lang='lat' dir='ltr'>famulus</span> <span class='ocrx_word' id='word_1_110' title='bbox 2802 931 3478 1001; x_wconf 88' lang='lat' dir='ltr'>nostercumjuramento</span> 
     </span>
    </p>
   </div>
   <div class='ocr_carea' id='block_1_23' title="bbox 1883 1011 3481 1094">
    <p class='ocr_par' dir='ltr' id='par_1_23' title="bbox 1883 1011 3481 1094">
     <span class='ocr_line' id='line_1_23' title="bbox 1883 1011 3481 1094; baseline 0.011 -34"><span class='ocrx_word' id='word_1_111' title='bbox 1883 1011 2239 1064; x_wconf 90' lang='lat' dir='ltr'>contestetur</span> <span class='ocrx_word' id='word_1_112' title='bbox 2266 1029 2338 1065; x_wconf 91' lang='lat' dir='ltr'>ne</span> <span class='ocrx_word' id='word_1_113' title='bbox 2379 1030 2469 1067; x_wconf 89' lang='lat' dir='ltr'>res</span> <span class='ocrx_word' id='word_1_114' title='bbox 2492 1014 2692 1069; x_wconf 84' lang='lat' dir='ltr'>famuli</span> <span class='ocrx_word' id='word_1_115' title='bbox 2720 1017 2887 1071; x_wconf 87' lang='lat' dir='ltr'>vestri</span> <span class='ocrx_word' id='word_1_116' title='bbox 2909 1019 3170 1089; x_wconf 90' lang='lat' dir='ltr'>pejorata</span> <span class='ocrx_word' id='word_1_117' title='bbox 3193 1019 3265 1075; x_wconf 89' lang='lat' dir='ltr'>sit</span> <span class='ocrx_word' id='word_1_118' title='bbox 3293 1019 3352 1076; x_wconf 87' lang='lat' dir='ltr'>in</span> <span class='ocrx_word' id='word_1_119' title='bbox 3381 1039 3481 1094; x_wconf 88' lang='lat' dir='ltr'>po-</span> 
     </span>
    </p>
   </div>
   <div class='ocr_carea' id='block_1_24' title="bbox 1881 1095 2931 1175">
    <p class='ocr_par' dir='ltr' id='par_1_24' title="bbox 1881 1095 2931 1175">
     <span class='ocr_line' id='line_1_24' title="bbox 1881 1095 2931 1175; baseline 0.011 -27"><span class='ocrx_word' id='word_1_120' title='bbox 1881 1095 2085 1151; x_wconf 80' lang='lat' dir='ltr'>testate</span> <span class='ocrx_word' id='word_1_121' title='bbox 2114 1114 2215 1153; x_wconf 89' lang='lat' dir='ltr'>sua</span> <span class='ocrx_word' id='word_1_122' title='bbox 2245 1099 2314 1154; x_wconf 92' lang='lat' dir='ltr'>de</span> <span class='ocrx_word' id='word_1_123' title='bbox 2347 1117 2448 1156; x_wconf 91' lang='lat' dir='ltr'>suo</span> <span class='ocrx_word' id='word_1_124' title='bbox 2481 1100 2671 1175; x_wconf 89' lang='lat' dir='ltr'>aliquo</span> <span class='ocrx_word' id='word_1_125' title='bbox 2705 1104 2931 1160; x_wconf 87' lang='lat' dir='ltr'>delicto.</span> 
     </span>
    </p>
   </div>
   <div class='ocr_carea' id='block_1_25' title="bbox 2443 1209 2908 1268">
    <p class='ocr_par' dir='ltr' id='par_1_25' title="bbox 2443 1209 2908 1268">
     <span class='ocr_line' id='line_1_25' title="bbox 2443 1209 2908 1268; baseline 0.009 -6"><span class='ocrx_word' id='word_1_126' title='bbox 2443 1209 2776 1268; x_wconf 83' lang='lat' dir='ltr'>EPISTOLA</span> <span class='ocrx_word' id='word_1_127' title='bbox 2801 1213 2908 1268; x_wconf 82' lang='lat' dir='ltr'>XII.</span> 
     </span>
    </p>
   </div>
   <div class='ocr_carea' id='block_1_26' title="bbox 2118 1328 3242 1381">
    <p class='ocr_par' dir='ltr' id='par_1_26' title="bbox 2118 1328 3242 1381">
     <span class='ocr_line' id='line_1_26' title="bbox 2118 1328 3242 1381; baseline 0.012 -16"><span class='ocrx_word' id='word_1_128' title='bbox 2118 1328 2192 1366; x_wconf 74' lang='lat' dir='ltr'>AD</span> <span class='ocrx_word' id='word_1_129' title='bbox 2223 1330 2637 1374; x_wconf 71' lang='lat' dir='ltr'>ElHSTATENSIS</span> <span class='ocrx_word' id='word_1_130' title='bbox 2658 1336 2947 1378; x_wconf 76' lang='lat' dir='ltr'>ECCLESUE</span> <span class='ocrx_word' id='word_1_131' title='bbox 2962 1338 3242 1381; x_wconf 70' lang='lat' dir='ltr'>FRATRES.</span> 
     </span>
    </p>
   </div>
   <div class='ocr_carea' id='block_1_27' title="bbox 2032 1420 3340 1502">
    <p class='ocr_par' dir='ltr' id='par_1_27' title="bbox 2032 1420 3340 1502">
     <span class='ocr_line' id='line_1_27' title="bbox 2032 1420 3340 1502; baseline 0.008 -25"><span class='ocrx_word' id='word_1_132' title='bbox 2032 1420 2104 1477; x_wconf 91' lang='lat' dir='ltr'>Ut</span> <span class='ocrx_word' id='word_1_133' title='bbox 2127 1421 2274 1478; x_wconf 79' lang='lat' dir='ltr'>diem</span> <span class='ocrx_word' id='word_1_134' title='bbox 2314 1424 2485 1481; x_wconf 84' lang='lat' dir='ltr'>obitus</span> <span class='ocrx_word' id='word_1_135' title='bbox 2513 1427 2704 1495; x_wconf 80' lang='lat' dir='ltr'>fratris</span> <span class='ocrx_word' id='word_1_136' title='bbox 2727 1431 2814 1485; x_wconf 70' lang='lat' dir='ltr'>sui</span> <span class='ocrx_word' id='word_1_137' title='bbox 2840 1429 2914 1484; x_wconf 88' lang='lat' dir='ltr'>ad</span> <span class='ocrx_word' id='word_1_138' title='bbox 2934 1444 2992 1486; x_wconf 78' lang='lat' dir='ltr'>se</span> <span class='ocrx_word' id='word_1_139' title='bbox 3014 1434 3340 1502; x_wconf 77' lang='lat' dir='ltr'>perscribunt</span> 
     </span>
    </p>
   </div>
   <div class='ocr_carea' id='block_1_28' title="bbox 1953 1510 3484 1594">
    <p class='ocr_par' dir='ltr' id='par_1_28' title="bbox 1953 1510 3484 1594">
     <span class='ocr_line' id='line_1_28' title="bbox 1953 1510 3484 1594; baseline 0.011 -31"><span class='ocrx_word' id='word_1_140' title='bbox 1953 1510 2039 1576; x_wconf 89' lang='lat' dir='ltr'>G.,</span> <span class='ocrx_word' id='word_1_141' title='bbox 2071 1512 2532 1570; x_wconf 65' lang='lat' dir='ltr'>Taceasssausxs</span> <span class='ocrx_word' id='word_1_142' title='bbox 2550 1517 2887 1574; x_wconf 86' lang='lat' dir='ltr'>monasterii</span> <span class='ocrx_word' id='word_1_143' title='bbox 2909 1520 3106 1583; x_wconf 81' lang='lat' dir='ltr'>abbas,</span> <span class='ocrx_word' id='word_1_144' title='bbox 3123 1522 3382 1594; x_wconf 79' lang='lat' dir='ltr'>quamvis</span> <span class='ocrx_word' id='word_1_145' title='bbox 3400 1523 3484 1584; x_wconf 86' lang='lat' dir='ltr'>in-</span> 
     </span>
    </p>
   </div>
   <div class='ocr_carea' id='block_1_29' title="bbox 1884 1596 3483 1668">
    <p class='ocr_par' dir='ltr' id='par_1_29' title="bbox 1884 1596 3483 1668">
     <span class='ocr_line' id='line_1_29' title="bbox 1884 1596 3483 1668; baseline 0.011 -18"><span class='ocrx_word' id='word_1_146' title='bbox 1884 1596 2109 1667; x_wconf 82' lang='lat' dir='ltr'>dignus,</span> <span class='ocrx_word' id='word_1_147' title='bbox 2168 1600 2439 1657; x_wconf 82' lang='lat' dir='ltr'>fratribus</span> <span class='ocrx_word' id='word_1_148' title='bbox 2493 1603 2864 1662; x_wconf 87' lang='lat' dir='ltr'>Eihstatensis</span> <span class='ocrx_word' id='word_1_149' title='bbox 2909 1608 3170 1665; x_wconf 61' lang='lat' dir='ltr'>Ecclesia</span> <span class='ocrx_word' id='word_1_150' title='bbox 3218 1612 3483 1668; x_wconf 83' lang='lat' dir='ltr'>emendis</span> 
     </span>
    </p>
   </div>
   <div class='ocr_carea' id='block_1_30' title="bbox 1883 1687 3249 1764">
    <p class='ocr_par' dir='ltr' id='par_1_30' title="bbox 1883 1687 3249 1764">
     <span class='ocr_line' id='line_1_30' title="bbox 1883 1687 3249 1764; baseline 0.011 -25"><span class='ocrx_word' id='word_1_151' title='bbox 1883 1687 2166 1756; x_wconf 86' lang='lat' dir='ltr'>tanquam</span> <span class='ocrx_word' id='word_1_152' title='bbox 2198 1688 2437 1743; x_wconf 86' lang='lat' dir='ltr'>utcrinis</span> <span class='ocrx_word' id='word_1_153' title='bbox 2464 1691 2800 1748; x_wconf 78' lang='lat' dir='ltr'>Christianae</span> <span class='ocrx_word' id='word_1_154' title='bbox 2831 1696 3249 1764; x_wconf 78' lang='lat' dir='ltr'>germanitatis.</span> 
     </span>
    </p>
   </div>
   <div class='ocr_carea' id='block_1_31' title="bbox 1956 1773 3485 1860">
    <p class='ocr_par' dir='ltr' id='par_1_31' title="bbox 1956 1773 3485 1860">
     <span class='ocr_line' id='line_1_31' title="bbox 1956 1773 3485 1860; baseline 0.013 -35"><span class='ocrx_word' id='word_1_155' title='bbox 1956 1773 2224 1836; x_wconf 86' lang='lat' dir='ltr'>Quamvis</span> <span class='ocrx_word' id='word_1_156' title='bbox 2239 1778 2523 1848; x_wconf 84' lang='lat' dir='ltr'>corporali</span> <span class='ocrx_word' id='word_1_157' title='bbox 2549 1779 2835 1836; x_wconf 86' lang='lat' dir='ltr'>localitate</span> <span class='ocrx_word' id='word_1_158' title='bbox 2856 1799 2891 1839; x_wconf 88' lang='lat' dir='ltr'>a</span> <span class='ocrx_word' id='word_1_159' title='bbox 2907 1785 3065 1840; x_wconf 85' lang='lat' dir='ltr'>vobis</span> <span class='ocrx_word' id='word_1_160' title='bbox 3077 1785 3254 1842; x_wconf 87' lang='lat' dir='ltr'>simus</span> <span class='ocrx_word' id='word_1_161' title='bbox 3271 1788 3485 1860; x_wconf 84' lang='lat' dir='ltr'>disjun-</span> 
     </span>
    </p>
   </div>
   <div class='ocr_carea' id='block_1_32' title="bbox 151 1861 3484 1950">
    <p class='ocr_par' dir='ltr' id='par_1_32' title="bbox 151 1861 3484 1950">
     <span class='ocr_line' id='line_1_32' title="bbox 151 1861 3484 1950; baseline 0.005 -35"><span class='ocrx_word' id='word_1_162' title='bbox 151 1861 558 1948; x_wconf 47' lang='lat' dir='ltr'>rondﬂanle,</span> <span class='ocrx_word' id='word_1_163' title='bbox 582 1879 750 1932; x_wconf 69' lang='lat' dir='ltr'>nobis</span> <span class='ocrx_word' id='word_1_164' title='bbox 763 1879 1106 1950; x_wconf 60' lang='grc' dir='ltr'>ρηρρίρίεηίε</span> <span class='ocrx_word' id='word_1_165' title='bbox 1139 1861 1413 1936; x_wconf 57' lang='grc' dir='ltr'>ρᾶιηάέω</span> <span class='ocrx_word' id='word_1_166' title='bbox 1448 1881 1782 1938; x_wconf 59' lang='grc' dir='ltr'>δεοίωδιίο,</span> <span class='ocrx_word' id='word_1_167' title='bbox 1811 1867 1862 1925; x_wconf 91' lang='grc' dir='ltr'>Β</span> <span class='ocrx_word' id='word_1_168' title='bbox 1885 1861 2384 1950; x_wconf 83' lang='lat' dir='ltr'>cti,coagulatione</span> <span class='ocrx_word' id='word_1_169' title='bbox 2408 1868 2604 1922; x_wconf 89' lang='lat' dir='ltr'>tamen</span> <span class='ocrx_word' id='word_1_170' title='bbox 2630 1870 2888 1938; x_wconf 86' lang='lat' dir='ltr'>specialis</span> <span class='ocrx_word' id='word_1_171' title='bbox 2912 1878 3484 1932; x_wconf 87' lang='lat' dir='ltr'>commemorationis</span> 
     </span>
    </p>
   </div>
   <div class='ocr_carea' id='block_1_33' title="bbox 153 1965 1784 2040">
    <p class='ocr_par' dir='ltr' id='par_1_33' title="bbox 153 1965 1784 2040">
     <span class='ocr_line' id='line_1_33' title="bbox 153 1965 1784 2040; baseline 0.003 -20"><span class='ocrx_word' id='word_1_172' title='bbox 153 1983 300 2020; x_wconf 90' lang='lat' dir='ltr'>nem</span> <span class='ocrx_word' id='word_1_173' title='bbox 335 1965 608 2032; x_wconf 85' lang='lat' dir='ltr'>concedi,</span> <span class='ocrx_word' id='word_1_174' title='bbox 642 1967 828 2022; x_wconf 90' lang='lat' dir='ltr'>donec</span> <span class='ocrx_word' id='word_1_175' title='bbox 859 1967 917 2020; x_wconf 90' lang='lat' dir='ltr'>in</span> <span class='ocrx_word' id='word_1_176' title='bbox 945 1968 1189 2023; x_wconf 86' lang='lat' dir='ltr'>concilio</span> <span class='ocrx_word' id='word_1_177' title='bbox 1221 1969 1699 2040; x_wconf 84' lang='lat' dir='ltr'>archipresbyteri</span> <span class='ocrx_word' id='word_1_178' title='bbox 1727 1974 1784 2025; x_wconf 88' lang='lat' dir='ltr'>et</span> 
     </span>
    </p>
   </div>
   <div class='ocr_carea' id='block_1_34' title="bbox 154 2054 1782 2128">
    <p class='ocr_par' dir='ltr' id='par_1_34' title="bbox 154 2054 1782 2128">
     <span class='ocr_line' id='line_1_34' title="bbox 154 2054 1782 2128; baseline 0.003 -20"><span class='ocrx_word' id='word_1_179' title='bbox 154 2054 320 2124; x_wconf 85' lang='lat' dir='ltr'>apud</span> <span class='ocrx_word' id='word_1_180' title='bbox 372 2055 576 2125; x_wconf 89' lang='lat' dir='ltr'>legum</span> <span class='ocrx_word' id='word_1_181' title='bbox 633 2054 962 2109; x_wconf 86' lang='lat' dir='ltr'>conditores</span> <span class='ocrx_word' id='word_1_182' title='bbox 998 2055 1342 2125; x_wconf 89' lang='lat' dir='ltr'>dijudicetur</span> <span class='ocrx_word' id='word_1_183' title='bbox 1367 2058 1520 2128; x_wconf 90' lang='lat' dir='ltr'>quod</span> <span class='ocrx_word' id='word_1_184' title='bbox 1539 2058 1782 2128; x_wconf 89' lang='lat' dir='ltr'>justissi-</span> 
     </span>
    </p>
   </div>
   <div class='ocr_carea' id='block_1_35' title="bbox 155 2141 1784 2216">
    <p class='ocr_par' dir='ltr' id='par_1_35' title="bbox 155 2141 1784 2216">
     <span class='ocr_line' id='line_1_35' title="bbox 155 2141 1784 2216; baseline 0.004 -21"><span class='ocrx_word' id='word_1_185' title='bbox 155 2157 328 2196; x_wconf 85' lang='lat' dir='ltr'>mum</span> <span class='ocrx_word' id='word_1_186' title='bbox 361 2141 468 2208; x_wconf 86' lang='lat' dir='ltr'>sit;</span> <span class='ocrx_word' id='word_1_187' title='bbox 509 2145 712 2213; x_wconf 85' lang='lat' dir='ltr'>postea</span> <span class='ocrx_word' id='word_1_188' title='bbox 740 2143 1011 2198; x_wconf 88' lang='lat' dir='ltr'>nolumus</span> <span class='ocrx_word' id='word_1_189' title='bbox 1055 2161 1158 2198; x_wconf 87' lang='lat' dir='ltr'>nec</span> <span class='ocrx_word' id='word_1_190' title='bbox 1211 2162 1513 2216; x_wconf 90' lang='lat' dir='ltr'>possumus</span> <span class='ocrx_word' id='word_1_191' title='bbox 1551 2149 1784 2202; x_wconf 86' lang='lat' dir='ltr'>contra-</span> 
     </span>
    </p>
   </div>
   <div class='ocr_carea' id='block_1_36' title="bbox 154 2231 1779 2304">
    <p class='ocr_par' dir='ltr' id='par_1_36' title="bbox 154 2231 1779 2304">
     <span class='ocr_line' id='line_1_36' title="bbox 154 2231 1779 2304; baseline 0.004 -20"><span class='ocrx_word' id='word_1_192' title='bbox 154 2231 380 2298; x_wconf 81' lang='lat' dir='ltr'>dicere,</span> <span class='ocrx_word' id='word_1_193' title='bbox 411 2231 703 2304; x_wconf 87' lang='lat' dir='ltr'>quidquid</span> <span class='ocrx_word' id='word_1_194' title='bbox 733 2231 940 2287; x_wconf 85' lang='lat' dir='ltr'>exinde</span> <span class='ocrx_word' id='word_1_195' title='bbox 988 2233 1180 2288; x_wconf 88' lang='lat' dir='ltr'>facere</span> <span class='ocrx_word' id='word_1_196' title='bbox 1211 2232 1537 2304; x_wconf 68' lang='lat' dir='ltr'>prmcipitis.</span> <span class='ocrx_word' id='word_1_197' title='bbox 1567 2235 1779 2290; x_wconf 87' lang='lat' dir='ltr'>Valete.</span> 
     </span>
    </p>
   </div>
   <div class='ocr_carea' id='block_1_37' title="bbox 742 2321 1206 2379">
    <p class='ocr_par' dir='ltr' id='par_1_37' title="bbox 742 2321 1206 2379">
     <span class='ocr_line' id='line_1_37' title="bbox 742 2321 1206 2379; baseline 0.009 -5"><span class='ocrx_word' id='word_1_198' title='bbox 742 2321 1077 2376; x_wconf 79' lang='lat' dir='ltr'>EPISTOLA</span> <span class='ocrx_word' id='word_1_199' title='bbox 1122 2324 1206 2379; x_wconf 84' lang='lat' dir='ltr'>1X.</span> 
     </span>
    </p>
   </div>
   <div class='ocr_carea' id='block_1_38' title="bbox 597 2426 1354 2466">
    <p class='ocr_par' dir='ltr' id='par_1_38' title="bbox 597 2426 1354 2466">
     <span class='ocr_line' id='line_1_38' title="bbox 597 2426 1354 2466; baseline 0.003 -2"><span class='ocrx_word' id='word_1_200' title='bbox 597 2427 674 2464; x_wconf 75' lang='lat' dir='ltr'>AD</span> <span class='ocrx_word' id='word_1_201' title='bbox 728 2426 1012 2465; x_wconf 80' lang='lat' dir='ltr'>OTTONEM</span> <span class='ocrx_word' id='word_1_202' title='bbox 1065 2427 1331 2466; x_wconf 77' lang='lat' dir='ltr'>COMITEM</span> <span class='ocrx_word' id='word_1_203' title='bbox 1341 2453 1354 2466; x_wconf 85' lang='lat'>.</span> 
     </span>
    </p>
   </div>
   <div class='ocr_carea' id='block_1_39' title="bbox 150 2494 1783 2571">
    <p class='ocr_par' dir='ltr' id='par_1_39' title="bbox 150 2494 1783 2571">
     <span class='ocr_line' id='line_1_39' title="bbox 150 2494 1783 2571; baseline 0.003 -21"><span class='ocrx_word' id='word_1_204' title='bbox 150 2494 521 2553; x_wconf 76' lang='lat' dir='ltr'>Commendat</span> <span class='ocrx_word' id='word_1_205' title='bbox 580 2499 633 2552; x_wconf 87' lang='lat' dir='ltr'>ei</span> <span class='ocrx_word' id='word_1_206' title='bbox 666 2515 877 2552; x_wconf 84' lang='lat' dir='ltr'>servum</span> <span class='ocrx_word' id='word_1_207' title='bbox 927 2499 1226 2570; x_wconf 84' lang='lat' dir='ltr'>quemdam,</span> <span class='ocrx_word' id='word_1_208' title='bbox 1265 2504 1521 2571; x_wconf 79' lang='lat' dir='ltr'>rogatque</span> <span class='ocrx_word' id='word_1_209' title='bbox 1568 2508 1626 2554; x_wconf 83' lang='lat' dir='ltr'>ut</span> <span class='ocrx_word' id='word_1_210' title='bbox 1679 2500 1783 2556; x_wconf 86' lang='lat' dir='ltr'>duo</span> 
     </span>
    </p>
   </div>
   <div class='ocr_carea' id='block_1_40' title="bbox 627 2587 1328 2658">
    <p class='ocr_par' dir='ltr' id='par_1_40' title="bbox 627 2587 1328 2658">
     <span class='ocr_line' id='line_1_40' title="bbox 627 2587 1328 2658; baseline 0 -18"><span class='ocrx_word' id='word_1_211' title='bbox 627 2588 742 2658; x_wconf 79' lang='lat' dir='ltr'>ipso</span> <span class='ocrx_word' id='word_1_212' title='bbox 763 2587 988 2658; x_wconf 73' lang='lat' dir='ltr'>palliolo</span> <span class='ocrx_word' id='word_1_213' title='bbox 1017 2587 1328 2641; x_wconf 80' lang='lat' dir='ltr'>reddantur.</span> 
     </span>
    </p>
   </div>
   <div class='ocr_carea' id='block_1_41' title="bbox 220 2673 1780 2732">
    <p class='ocr_par' dir='ltr' id='par_1_41' title="bbox 220 2673 1780 2732">
     <span class='ocr_line' id='line_1_41' title="bbox 220 2673 1780 2732; baseline 0.003 -4"><span class='ocrx_word' id='word_1_214' title='bbox 220 2673 472 2729; x_wconf 75' lang='lat' dir='ltr'>O&#39;rrom</span> <span class='ocrx_word' id='word_1_215' title='bbox 499 2673 703 2730; x_wconf 88' lang='lat' dir='ltr'>comiti</span> <span class='ocrx_word' id='word_1_216' title='bbox 726 2675 1055 2730; x_wconf 87' lang='lat' dir='ltr'>venerando</span> <span class='ocrx_word' id='word_1_217' title='bbox 1078 2676 1420 2731; x_wconf 76' lang='lat' dir='ltr'>Gozraarus</span> <span class='ocrx_word' id='word_1_218' title='bbox 1445 2676 1622 2731; x_wconf 86' lang='lat' dir='ltr'>abbas</span> <span class='ocrx_word' id='word_1_219' title='bbox 1647 2693 1780 2732; x_wconf 91' lang='lat' dir='ltr'>cum</span> 
     </span>
    </p>
   </div>
   <div class='ocr_carea' id='block_1_42' title="bbox 143 2761 1779 2836">
    <p class='ocr_par' dir='ltr' id='par_1_42' title="bbox 143 2761 1779 2836">
     <span class='ocr_line' id='line_1_42' title="bbox 143 2761 1779 2836; baseline 0.001 -19"><span class='ocrx_word' id='word_1_220' title='bbox 143 2761 441 2818; x_wconf 80' lang='lat' dir='ltr'>fratribus</span> <span class='ocrx_word' id='word_1_221' title='bbox 471 2761 582 2817; x_wconf 85' lang='lat' dir='ltr'>sibi</span> <span class='ocrx_word' id='word_1_222' title='bbox 603 2762 925 2818; x_wconf 88' lang='lat' dir='ltr'>commissis</span> <span class='ocrx_word' id='word_1_223' title='bbox 949 2763 1219 2819; x_wconf 86' lang='lat' dir='ltr'>devotum</span> <span class='ocrx_word' id='word_1_224' title='bbox 1241 2763 1536 2819; x_wconf 87' lang='lat' dir='ltr'>servitium</span> <span class='ocrx_word' id='word_1_225' title='bbox 1559 2781 1624 2819; x_wconf 87' lang='lat' dir='ltr'>ac</span> <span class='ocrx_word' id='word_1_226' title='bbox 1648 2781 1779 2836; x_wconf 87' lang='lat' dir='ltr'>pre-</span> 
     </span>
    </p>
   </div>
   <div class='ocr_carea' id='block_1_43' title="bbox 146 2849 718 2906">
    <p class='ocr_par' dir='ltr' id='par_1_43' title="bbox 146 2849 718 2906">
     <span class='ocr_line' id='line_1_43' title="bbox 146 2849 718 2906; baseline 0 -2"><span class='ocrx_word' id='word_1_227' title='bbox 146 2866 290 2905; x_wconf 86' lang='lat' dir='ltr'>cum</span> <span class='ocrx_word' id='word_1_228' title='bbox 313 2849 718 2906; x_wconf 86' lang='lat' dir='ltr'>sedulitatem.</span> 
     </span>
    </p>
   </div>
   <div class='ocr_carea' id='block_1_44' title="bbox 223 2938 1778 3012">
    <p class='ocr_par' dir='ltr' id='par_1_44' title="bbox 223 2938 1778 3012">
     <span class='ocr_line' id='line_1_44' title="bbox 223 2938 1778 3012; baseline 0.004 -19"><span class='ocrx_word' id='word_1_229' title='bbox 223 2938 337 2993; x_wconf 92' lang='lat' dir='ltr'>Diu</span> <span class='ocrx_word' id='word_1_230' title='bbox 358 2942 659 3011; x_wconf 89' lang='lat' dir='ltr'>noctuque</span> <span class='ocrx_word' id='word_1_231' title='bbox 683 2941 886 2994; x_wconf 69' lang='lat' dir='ltr'>vestrm</span> <span class='ocrx_word' id='word_1_232' title='bbox 903 2939 1105 3011; x_wconf 84' lang='lat' dir='ltr'>pietati</span> <span class='ocrx_word' id='word_1_233' title='bbox 1129 2941 1378 2996; x_wconf 89' lang='lat' dir='ltr'>nimium</span> <span class='ocrx_word' id='word_1_234' title='bbox 1401 2943 1778 3012; x_wconf 84' lang='lat' dir='ltr'>conﬁdentes,</span> 
     </span>
    </p>
   </div>
   <div class='ocr_carea' id='block_1_45' title="bbox 149 3027 1777 3101">
    <p class='ocr_par' dir='ltr' id='par_1_45' title="bbox 149 3027 1777 3101">
     <span class='ocr_line' id='line_1_45' title="bbox 149 3027 1777 3101; baseline 0.003 -20"><span class='ocrx_word' id='word_1_235' title='bbox 149 3027 335 3083; x_wconf 87' lang='lat' dir='ltr'>istum</span> <span class='ocrx_word' id='word_1_236' title='bbox 368 3045 606 3083; x_wconf 87' lang='lat' dir='ltr'>servum</span> <span class='ocrx_word' id='word_1_237' title='bbox 655 3030 1125 3096; x_wconf 91' lang='lat' dir='ltr'>nostrum,omni</span> <span class='ocrx_word' id='word_1_238' title='bbox 1169 3031 1370 3086; x_wconf 87' lang='lat' dir='ltr'>solatio</span> <span class='ocrx_word' id='word_1_239' title='bbox 1420 3032 1777 3101; x_wconf 90' lang='lat' dir='ltr'>destitutum,</span> 
     </span>
    </p>
   </div>
   <div class='ocr_carea' id='block_1_46' title="bbox 149 3116 1779 3188">
    <p class='ocr_par' dir='ltr' id='par_1_46' title="bbox 149 3116 1779 3188">
     <span class='ocr_line' id='line_1_46' title="bbox 149 3116 1779 3188; baseline 0.004 -18"><span class='ocrx_word' id='word_1_240' title='bbox 149 3117 654 3172; x_wconf 88' lang='lat' dir='ltr'>commendamus</span> <span class='ocrx_word' id='word_1_241' title='bbox 669 3116 850 3183; x_wconf 86' lang='lat' dir='ltr'>vobis,</span> <span class='ocrx_word' id='word_1_242' title='bbox 874 3120 1195 3188; x_wconf 89' lang='lat' dir='ltr'>postDeum</span> <span class='ocrx_word' id='word_1_243' title='bbox 1219 3119 1613 3174; x_wconf 90' lang='lat' dir='ltr'>unicissimum</span> <span class='ocrx_word' id='word_1_244' title='bbox 1640 3138 1779 3176; x_wconf 89' lang='lat' dir='ltr'>con-</span> 
     </span>
    </p>
   </div>
   <div class='ocr_carea' id='block_1_47' title="bbox 148 3204 1780 3282">
    <p class='ocr_par' dir='ltr' id='par_1_47' title="bbox 148 3204 1780 3282">
     <span class='ocr_line' id='line_1_47' title="bbox 148 3204 1780 3282; baseline 0.004 -24"><span class='ocrx_word' id='word_1_245' title='bbox 148 3205 481 3259; x_wconf 86' lang='lat' dir='ltr'>solatorem</span> <span class='ocrx_word' id='word_1_246' title='bbox 506 3205 580 3258; x_wconf 93' lang='lat' dir='ltr'>de</span> <span class='ocrx_word' id='word_1_247' title='bbox 605 3204 712 3257; x_wconf 91' lang='lat' dir='ltr'>sibi</span> <span class='ocrx_word' id='word_1_248' title='bbox 737 3221 890 3258; x_wconf 90' lang='lat' dir='ltr'>nunc</span> <span class='ocrx_word' id='word_1_249' title='bbox 922 3204 1158 3282; x_wconf 78' lang='lat' dir='ltr'>instanti</span> <span class='ocrx_word' id='word_1_250' title='bbox 1189 3207 1587 3265; x_wconf 85' lang='lat' dir='ltr'>tribulatione.</span> <span class='ocrx_word' id='word_1_251' title='bbox 1619 3208 1780 3264; x_wconf 90' lang='lat' dir='ltr'>Vide-</span> 
     </span>
    </p>
   </div>
   <div class='ocr_carea' id='block_1_48' title="bbox 150 3291 1776 3368">
    <p class='ocr_par' dir='ltr' id='par_1_48' title="bbox 150 3291 1776 3368">
     <span class='ocr_line' id='line_1_48' title="bbox 150 3291 1776 3368; baseline 0.004 -24"><span class='ocrx_word' id='word_1_252' title='bbox 150 3291 290 3346; x_wconf 89' lang='lat' dir='ltr'>licet</span> <span class='ocrx_word' id='word_1_253' title='bbox 323 3292 444 3347; x_wconf 93' lang='lat' dir='ltr'>duo</span> <span class='ocrx_word' id='word_1_254' title='bbox 481 3293 743 3364; x_wconf 86' lang='lat' dir='ltr'>palliola,</span> <span class='ocrx_word' id='word_1_255' title='bbox 779 3309 905 3364; x_wconf 72' lang='lat' dir='ltr'>quae</span> <span class='ocrx_word' id='word_1_256' title='bbox 936 3298 1340 3349; x_wconf 88' lang='lat' dir='ltr'>remanserant</span> <span class='ocrx_word' id='word_1_257' title='bbox 1369 3295 1428 3349; x_wconf 90' lang='lat' dir='ltr'>in</span> <span class='ocrx_word' id='word_1_258' title='bbox 1460 3299 1645 3350; x_wconf 88' lang='lat' dir='ltr'>vestra</span> <span class='ocrx_word' id='word_1_259' title='bbox 1673 3313 1776 3368; x_wconf 91' lang='lat' dir='ltr'>po-</span> 
     </span>
    </p>
   </div>
   <div class='ocr_carea' id='block_1_49' title="bbox 149 3380 1781 3453">
    <p class='ocr_par' dir='ltr' id='par_1_49' title="bbox 149 3380 1781 3453">
     <span class='ocr_line' id='line_1_49' title="bbox 149 3380 1781 3453; baseline 0.003 -20"><span class='ocrx_word' id='word_1_260' title='bbox 149 3383 390 3448; x_wconf 87' lang='lat' dir='ltr'>testate,</span> <span class='ocrx_word' id='word_1_261' title='bbox 433 3380 543 3434; x_wconf 91' lang='lat' dir='ltr'>sibi</span> <span class='ocrx_word' id='word_1_262' title='bbox 595 3380 760 3435; x_wconf 90' lang='lat' dir='ltr'>reddi</span> <span class='ocrx_word' id='word_1_263' title='bbox 814 3381 1161 3452; x_wconf 76' lang='lat' dir='ltr'>prsecipiatis</span> <span class='ocrx_word' id='word_1_264' title='bbox 1211 3399 1316 3453; x_wconf 91' lang='lat' dir='ltr'>pro</span> <span class='ocrx_word' id='word_1_265' title='bbox 1366 3399 1565 3439; x_wconf 88' lang='lat' dir='ltr'>amore</span> <span class='ocrx_word' id='word_1_266' title='bbox 1590 3385 1692 3440; x_wconf 89' lang='lat' dir='ltr'>Dei</span> <span class='ocrx_word' id='word_1_267' title='bbox 1722 3387 1781 3439; x_wconf 88' lang='lat' dir='ltr'>et</span> 
     </span>
    </p>
   </div>
   <div class='ocr_carea' id='block_1_50' title="bbox 152 3468 1778 3544">
    <p class='ocr_par' dir='ltr' id='par_1_50' title="bbox 152 3468 1778 3544">
     <span class='ocr_line' id='line_1_50' title="bbox 152 3468 1778 3544; baseline 0.003 -21"><span class='ocrx_word' id='word_1_268' title='bbox 152 3469 209 3525; x_wconf 91' lang='lat' dir='ltr'>S.</span> <span class='ocrx_word' id='word_1_269' title='bbox 247 3468 480 3533; x_wconf 88' lang='lat' dir='ltr'>Quirini</span> <span class='ocrx_word' id='word_1_270' title='bbox 513 3469 1063 3540; x_wconf 84' lang='lat' dir='ltr'>eleemosynamque</span> <span class='ocrx_word' id='word_1_271' title='bbox 1084 3471 1278 3526; x_wconf 90' lang='lat' dir='ltr'>vestri.</span> <span class='ocrx_word' id='word_1_272' title='bbox 1305 3471 1362 3526; x_wconf 89' lang='lat' dir='ltr'>Si</span> <span class='ocrx_word' id='word_1_273' title='bbox 1393 3473 1778 3544; x_wconf 87' lang='lat' dir='ltr'>illumldigna-</span> 
     </span>
    </p>
   </div>
   <div class='ocr_carea' id='block_1_51' title="bbox 152 3558 1775 3631">
    <p class='ocr_par' dir='ltr' id='par_1_51' title="bbox 152 3558 1775 3631">
     <span class='ocr_line' id='line_1_51' title="bbox 152 3558 1775 3631; baseline 0.002 -19"><span class='ocrx_word' id='word_1_274' title='bbox 152 3559 298 3612; x_wconf 91' lang='lat' dir='ltr'>mini</span> <span class='ocrx_word' id='word_1_275' title='bbox 325 3558 643 3626; x_wconf 88' lang='lat' dir='ltr'>consolari,</span> <span class='ocrx_word' id='word_1_276' title='bbox 692 3575 797 3612; x_wconf 89' lang='lat' dir='ltr'>nos</span> <span class='ocrx_word' id='word_1_277' title='bbox 828 3559 1023 3631; x_wconf 89' lang='lat' dir='ltr'>utique</span> <span class='ocrx_word' id='word_1_278' title='bbox 1061 3558 1261 3614; x_wconf 89' lang='lat' dir='ltr'>scitote</span> <span class='ocrx_word' id='word_1_279' title='bbox 1291 3561 1540 3616; x_wconf 90' lang='lat' dir='ltr'>multum</span> <span class='ocrx_word' id='word_1_280' title='bbox 1569 3561 1775 3616; x_wconf 81' lang='lat' dir='ltr'>exinde</span> 
     </span>
    </p>
   </div>
   <div class='ocr_carea' id='block_1_52' title="bbox 152 3647 707 3718">
    <p class='ocr_par' dir='ltr' id='par_1_52' title="bbox 152 3647 707 3718">
     <span class='ocr_line' id='line_1_52' title="bbox 152 3647 707 3718; baseline 0 -18"><span class='ocrx_word' id='word_1_281' title='bbox 152 3647 463 3718; x_wconf 84' lang='lat' dir='ltr'>gratulari.</span> <span class='ocrx_word' id='word_1_282' title='bbox 489 3647 707 3701; x_wconf 88' lang='lat' dir='ltr'>Valete.</span> 
     </span>
    </p>
   </div>
   <div class='ocr_carea' id='block_1_53' title="bbox 767 3734 1192 3793">
    <p class='ocr_par' dir='ltr' id='par_1_53' title="bbox 767 3734 1192 3793">
     <span class='ocr_line' id='line_1_53' title="bbox 767 3734 1192 3793; baseline 0.012 -5"><span class='ocrx_word' id='word_1_283' title='bbox 767 3734 1100 3792; x_wconf 83' lang='lat' dir='ltr'>EPISTOLA</span> <span class='ocrx_word' id='word_1_284' title='bbox 1130 3739 1192 3793; x_wconf 89' lang='grc' dir='ltr'>Χ.</span> 
     </span>
    </p>
   </div>
   <div class='ocr_carea' id='block_1_54' title="bbox 684 3839 1263 3879">
    <p class='ocr_par' dir='ltr' id='par_1_54' title="bbox 684 3839 1263 3879">
     <span class='ocr_line' id='line_1_54' title="bbox 684 3839 1263 3879; baseline 0 -2"><span class='ocrx_word' id='word_1_285' title='bbox 684 3839 758 3878; x_wconf 78' lang='grc' dir='ltr'><strong>ΑΒ</strong></span> <span class='ocrx_word' id='word_1_286' title='bbox 792 3841 850 3879; x_wconf 79' lang='grc' dir='ltr'>Η.</span> <span class='ocrx_word' id='word_1_287' title='bbox 885 3839 1263 3879; x_wconf 76' lang='lat' dir='ltr'>COMITISSAM.</span> 
     </span>
    </p>
   </div>
   <div class='ocr_carea' id='block_1_55' title="bbox 153 3912 1774 3984">
    <p class='ocr_par' dir='ltr' id='par_1_55' title="bbox 153 3912 1774 3984">
     <span class='ocr_line' id='line_1_55' title="bbox 153 3912 1774 3984; baseline 0.001 -18"><span class='ocrx_word' id='word_1_288' title='bbox 153 3913 302 3968; x_wconf 85' lang='lat' dir='ltr'>Petit</span> <span class='ocrx_word' id='word_1_289' title='bbox 343 3915 649 3984; x_wconf 79' lang='lat' dir='ltr'>pecuniam</span> <span class='ocrx_word' id='word_1_290' title='bbox 696 3929 796 3983; x_wconf 85' lang='lat' dir='ltr'>pro</span> <span class='ocrx_word' id='word_1_291' title='bbox 847 3912 1204 3984; x_wconf 84' lang='lat' dir='ltr'>quorumdam</span> <span class='ocrx_word' id='word_1_292' title='bbox 1246 3915 1774 3983; x_wconf 65' lang='lat' dir='ltr'>consanguineorum</span> 
     </span>
    </p>
   </div>
   <div class='ocr_carea' id='block_1_56' title="bbox 653 4002 1278 4072">
    <p class='ocr_par' dir='ltr' id='par_1_56' title="bbox 653 4002 1278 4072">
     <span class='ocr_line' id='line_1_56' title="bbox 653 4002 1278 4072; baseline 0.003 -18"><span class='ocrx_word' id='word_1_293' title='bbox 653 4017 876 4055; x_wconf 84' lang='lat' dir='ltr'>suorum</span> <span class='ocrx_word' id='word_1_294' title='bbox 905 4002 1278 4072; x_wconf 80' lang='lat' dir='ltr'>redemptione.</span> 
     </span>
    </p>
   </div>
   <div class='ocr_carea' id='block_1_57' title="bbox 225 4089 1770 4163">
    <p class='ocr_par' dir='ltr' id='par_1_57' title="bbox 225 4089 1770 4163">
     <span class='ocr_line' id='line_1_57' title="bbox 225 4089 1770 4163; baseline 0.001 -19"><span class='ocrx_word' id='word_1_295' title='bbox 225 4091 478 4145; x_wconf 82' lang='lat' dir='ltr'>Domme</span> <span class='ocrx_word' id='word_1_296' title='bbox 529 4089 840 4144; x_wconf 71' lang='lat' dir='ltr'>comitissaa</span> <span class='ocrx_word' id='word_1_297' title='bbox 891 4090 980 4156; x_wconf 83' lang='lat' dir='ltr'>H.,</span> <span class='ocrx_word' id='word_1_298' title='bbox 1032 4090 1186 4146; x_wconf 88' lang='lat' dir='ltr'>bona</span> <span class='ocrx_word' id='word_1_299' title='bbox 1242 4090 1514 4162; x_wconf 90' lang='lat' dir='ltr'>opinione</span> <span class='ocrx_word' id='word_1_300' title='bbox 1561 4091 1770 4163; x_wconf 90' lang='lat' dir='ltr'>ubique</span> 
     </span>
    </p>
   </div>
   <div class='ocr_carea' id='block_1_58' title="bbox 158 4178 1772 4247">
    <p class='ocr_par' dir='ltr' id='par_1_58' title="bbox 158 4178 1772 4247">
     <span class='ocr_line' id='line_1_58' title="bbox 158 4178 1772 4247; baseline 0.001 -15"><span class='ocrx_word' id='word_1_301' title='bbox 158 4178 502 4247; x_wconf 65' lang='lat' dir='ltr'>diffamatis,</span> <span class='ocrx_word' id='word_1_302' title='bbox 532 4182 721 4232; x_wconf 85' lang='lat' dir='ltr'>vester</span> <span class='ocrx_word' id='word_1_303' title='bbox 740 4178 983 4235; x_wconf 89' lang='lat' dir='ltr'>servitor</span> <span class='ocrx_word' id='word_1_304' title='bbox 999 4178 1240 4234; x_wconf 89' lang='lat' dir='ltr'>devotus</span> <span class='ocrx_word' id='word_1_305' title='bbox 1260 4180 1470 4236; x_wconf 71' lang='lat' dir='ltr'>sedulm</span> <span class='ocrx_word' id='word_1_306' title='bbox 1497 4180 1772 4235; x_wconf 89' lang='lat' dir='ltr'>orationis</span> 
     </span>
    </p>
   </div>
   <div class='ocr_carea' id='block_1_59' title="bbox 166 4269 571 4325">
    <p class='ocr_par' dir='ltr' id='par_1_59' title="bbox 166 4269 571 4325">
     <span class='ocr_line' id='line_1_59' title="bbox 166 4269 571 4325; baseline -0.002 -4"><span class='ocrx_word' id='word_1_307' title='bbox 166 4269 547 4325; x_wconf 82' lang='lat' dir='ltr'>constantiam</span> <span class='ocrx_word' id='word_1_308' title='bbox 558 4306 571 4320; x_wconf 93' lang='lat'>.</span> 
     </span>
    </p>
   </div>
   <div class='ocr_carea' id='block_1_60' title="bbox 228 4355 1772 4429">
    <p class='ocr_par' dir='ltr' id='par_1_60' title="bbox 228 4355 1772 4429">
     <span class='ocr_line' id='line_1_60' title="bbox 228 4355 1772 4429; baseline 0 -17"><span class='ocrx_word' id='word_1_309' title='bbox 228 4357 507 4412; x_wconf 87' lang='lat' dir='ltr'>Instantis</span> <span class='ocrx_word' id='word_1_310' title='bbox 535 4355 889 4410; x_wconf 87' lang='lat' dir='ltr'>necessitatis</span> <span class='ocrx_word' id='word_1_311' title='bbox 905 4372 1052 4411; x_wconf 70' lang='lat' dir='ltr'>meae</span> <span class='ocrx_word' id='word_1_312' title='bbox 1068 4372 1297 4411; x_wconf 87' lang='lat' dir='ltr'>causam</span> <span class='ocrx_word' id='word_1_313' title='bbox 1313 4373 1639 4429; x_wconf 89' lang='lat' dir='ltr'>conqueror</span> <span class='ocrx_word' id='word_1_314' title='bbox 1654 4356 1772 4428; x_wconf 88' lang='lat' dir='ltr'>pie-</span> 
     </span>
    </p>
   </div>
   <div class='ocr_carea' id='block_1_61' title="bbox 1876 1949 3483 2036">
    <p class='ocr_par' dir='ltr' id='par_1_61' title="bbox 1876 1949 3483 2036">
     <span class='ocr_line' id='line_1_61' title="bbox 1876 1949 3483 2036; baseline 0.01 -32"><span class='ocrx_word' id='word_1_315' title='bbox 1876 1949 2097 2022; x_wconf 84' lang='lat' dir='ltr'>jugitcr</span> <span class='ocrx_word' id='word_1_316' title='bbox 2115 1954 2314 2008; x_wconf 72' lang='lat' dir='ltr'>vestra:</span> <span class='ocrx_word' id='word_1_317' title='bbox 2333 1953 2628 2010; x_wconf 88' lang='lat' dir='ltr'>dilectioni</span> <span class='ocrx_word' id='word_1_318' title='bbox 2645 1972 2844 2012; x_wconf 87' lang='lat' dir='ltr'>sumus</span> <span class='ocrx_word' id='word_1_319' title='bbox 2863 1962 3276 2032; x_wconf 82' lang='lat' dir='ltr'>compaginati.</span> <span class='ocrx_word' id='word_1_320' title='bbox 3296 1965 3483 2036; x_wconf 85' lang='lat' dir='ltr'>Lugu-</span> 
     </span>
    </p>
   </div>
   <div class='ocr_carea' id='block_1_62' title="bbox 1883 2038 3484 2120">
    <p class='ocr_par' dir='ltr' id='par_1_62' title="bbox 1883 2038 3484 2120">
     <span class='ocr_line' id='line_1_62' title="bbox 1883 2038 3484 2120; baseline 0.009 -27"><span class='ocrx_word' id='word_1_321' title='bbox 1883 2038 1985 2093; x_wconf 88' lang='lat' dir='ltr'>bre</span> <span class='ocrx_word' id='word_1_322' title='bbox 2004 2039 2272 2100; x_wconf 87' lang='lat' dir='ltr'>nuntium</span> <span class='ocrx_word' id='word_1_323' title='bbox 2300 2043 2569 2098; x_wconf 88' lang='lat' dir='ltr'>turbabat</span> <span class='ocrx_word' id='word_1_324' title='bbox 2586 2061 2690 2100; x_wconf 88' lang='lat' dir='ltr'>nos</span> <span class='ocrx_word' id='word_1_325' title='bbox 2710 2046 2882 2102; x_wconf 89' lang='lat' dir='ltr'>corde</span> <span class='ocrx_word' id='word_1_326' title='bbox 2904 2049 3231 2120; x_wconf 88' lang='lat' dir='ltr'>tenus,quia</span> <span class='ocrx_word' id='word_1_327' title='bbox 3242 2051 3484 2108; x_wconf 83' lang='lat' dir='ltr'>fratrem</span> 
     </span>
    </p>
   </div>
   <div class='ocr_carea' id='block_1_63' title="bbox 1884 2129 3482 2212">
    <p class='ocr_par' dir='ltr' id='par_1_63' title="bbox 1884 2129 3482 2212">
     <span class='ocr_line' id='line_1_63' title="bbox 1884 2129 3482 2212; baseline 0.009 -31"><span class='ocrx_word' id='word_1_328' title='bbox 1884 2131 2148 2182; x_wconf 91' lang='lat' dir='ltr'>nostrum</span> <span class='ocrx_word' id='word_1_329' title='bbox 2173 2129 2298 2198; x_wconf 90' lang='lat' dir='ltr'>jam</span> <span class='ocrx_word' id='word_1_330' title='bbox 2345 2130 2418 2186; x_wconf 88' lang='lat' dir='ltr'>ad</span> <span class='ocrx_word' id='word_1_331' title='bbox 2461 2132 2642 2187; x_wconf 90' lang='lat' dir='ltr'>Deum</span> <span class='ocrx_word' id='word_1_332' title='bbox 2684 2132 2961 2204; x_wconf 82' lang='lat' dir='ltr'>migrasse</span> <span class='ocrx_word' id='word_1_333' title='bbox 2993 2137 3333 2206; x_wconf 85' lang='lat' dir='ltr'>audivimus,</span> <span class='ocrx_word' id='word_1_334' title='bbox 3363 2140 3482 2212; x_wconf 88' lang='lat' dir='ltr'>qui,</span> 
     </span>
    </p>
   </div>
   <div class='ocr_carea' id='block_1_64' title="bbox 1884 2215 3484 2296">
    <p class='ocr_par' dir='ltr' id='par_1_64' title="bbox 1884 2215 3484 2296">
     <span class='ocr_line' id='line_1_64' title="bbox 1884 2215 3484 2296; baseline 0.009 -27"><span class='ocrx_word' id='word_1_335' title='bbox 1884 2216 2024 2270; x_wconf 89' lang='lat' dir='ltr'>dum</span> <span class='ocrx_word' id='word_1_336' title='bbox 2052 2215 2207 2284; x_wconf 88' lang='lat' dir='ltr'>vixit,</span> <span class='ocrx_word' id='word_1_337' title='bbox 2237 2218 2544 2274; x_wconf 89' lang='lat' dir='ltr'>dimidium</span> <span class='ocrx_word' id='word_1_338' title='bbox 2577 2220 2786 2276; x_wconf 64' lang='lat' dir='ltr'>animae</span> <span class='ocrx_word' id='word_1_339' title='bbox 2817 2239 2964 2278; x_wconf 69' lang='lat' dir='ltr'>mete</span> <span class='ocrx_word' id='word_1_340' title='bbox 3013 2223 3140 2289; x_wconf 89' lang='lat' dir='ltr'>fuit,</span> <span class='ocrx_word' id='word_1_341' title='bbox 3163 2225 3322 2296; x_wconf 87' lang='lat' dir='ltr'>cujus</span> <span class='ocrx_word' id='word_1_342' title='bbox 3365 2229 3484 2284; x_wconf 85' lang='lat' dir='ltr'>obi-</span> 
     </span>
    </p>
   </div>
   <div class='ocr_carea' id='block_1_65' title="bbox 1882 2305 3484 2384">
    <p class='ocr_par' dir='ltr' id='par_1_65' title="bbox 1882 2305 3484 2384">
     <span class='ocr_line' id='line_1_65' title="bbox 1882 2305 3484 2384; baseline 0.009 -27"><span class='ocrx_word' id='word_1_343' title='bbox 1882 2306 1972 2358; x_wconf 87' lang='lat' dir='ltr'>tus</span> <span class='ocrx_word' id='word_1_344' title='bbox 2007 2305 2162 2361; x_wconf 90' lang='lat' dir='ltr'>diem</span> <span class='ocrx_word' id='word_1_345' title='bbox 2192 2307 2541 2364; x_wconf 84' lang='lat' dir='ltr'>Kalendario</span> <span class='ocrx_word' id='word_1_346' title='bbox 2571 2310 2849 2366; x_wconf 88' lang='lat' dir='ltr'>conscribi</span> <span class='ocrx_word' id='word_1_347' title='bbox 2869 2311 3147 2384; x_wconf 82' lang='lat' dir='ltr'>nobisque</span> <span class='ocrx_word' id='word_1_348' title='bbox 3171 2316 3484 2373; x_wconf 85' lang='lat' dir='ltr'>transmitti</span> 
     </span>
    </p>
   </div>
   <div class='ocr_carea' id='block_1_66' title="bbox 1882 2397 3481 2470">
    <p class='ocr_par' dir='ltr' id='par_1_66' title="bbox 1882 2397 3481 2470">
     <span class='ocr_line' id='line_1_66' title="bbox 1882 2397 3481 2470; baseline 0.008 -22"><span class='ocrx_word' id='word_1_349' title='bbox 1882 2410 2176 2466; x_wconf 84' lang='lat' dir='ltr'>rogamus.</span> <span class='ocrx_word' id='word_1_350' title='bbox 2211 2397 2325 2452; x_wconf 84' lang='lat' dir='ltr'>Hoc</span> <span class='ocrx_word' id='word_1_351' title='bbox 2351 2413 2533 2454; x_wconf 90' lang='lat' dir='ltr'>unum</span> <span class='ocrx_word' id='word_1_352' title='bbox 2562 2399 2769 2454; x_wconf 85' lang='lat' dir='ltr'>viventi</span> <span class='ocrx_word' id='word_1_353' title='bbox 2795 2401 2959 2458; x_wconf 83' lang='lat' dir='ltr'>fratri</span> <span class='ocrx_word' id='word_1_354' title='bbox 2986 2406 3182 2459; x_wconf 88' lang='lat' dir='ltr'>nostro</span> <span class='ocrx_word' id='word_1_355' title='bbox 3213 2403 3351 2460; x_wconf 87' lang='lat' dir='ltr'>dare</span> <span class='ocrx_word' id='word_1_356' title='bbox 3380 2405 3481 2470; x_wconf 82' lang='lat' dir='ltr'>de-</span> 
     </span>
    </p>
   </div>
   <div class='ocr_carea' id='block_1_67' title="bbox 1885 2483 3483 2564">
    <p class='ocr_par' dir='ltr' id='par_1_67' title="bbox 1885 2483 3483 2564">
     <span class='ocr_line' id='line_1_67' title="bbox 1885 2483 3483 2564; baseline 0.008 -27"><span class='ocrx_word' id='word_1_357' title='bbox 1885 2483 2190 2551; x_wconf 88' lang='lat' dir='ltr'>crevimus,</span> <span class='ocrx_word' id='word_1_358' title='bbox 2223 2485 2324 2542; x_wconf 89' lang='lat' dir='ltr'>sed</span> <span class='ocrx_word' id='word_1_359' title='bbox 2382 2503 2516 2541; x_wconf 88' lang='lat' dir='ltr'>eum</span> <span class='ocrx_word' id='word_1_360' title='bbox 2569 2486 2627 2540; x_wconf 88' lang='lat' dir='ltr'>in</span> <span class='ocrx_word' id='word_1_361' title='bbox 2680 2487 2903 2544; x_wconf 88' lang='lat' dir='ltr'>Christo</span> <span class='ocrx_word' id='word_1_362' title='bbox 2956 2491 3140 2545; x_wconf 65' lang='lat' dir='ltr'>laetari</span> <span class='ocrx_word' id='word_1_363' title='bbox 3183 2507 3483 2564; x_wconf 84' lang='lat' dir='ltr'>speramus</span> 
     </span>
    </p>
   </div>
   <div class='ocr_carea' id='block_1_68' title="bbox 1885 2572 3484 2648">
    <p class='ocr_par' dir='ltr' id='par_1_68' title="bbox 1885 2572 3484 2648">
     <span class='ocr_line' id='line_1_68' title="bbox 1885 2572 3484 2648; baseline 0.008 -22"><span class='ocrx_word' id='word_1_364' title='bbox 1885 2572 2141 2628; x_wconf 88' lang='lat' dir='ltr'>Petimus</span> <span class='ocrx_word' id='word_1_365' title='bbox 2170 2576 2232 2629; x_wconf 91' lang='lat' dir='ltr'>ut</span> <span class='ocrx_word' id='word_1_366' title='bbox 2257 2589 2362 2646; x_wconf 90' lang='lat' dir='ltr'>pro</span> <span class='ocrx_word' id='word_1_367' title='bbox 2394 2575 2683 2632; x_wconf 87' lang='lat' dir='ltr'>memoria</span> <span class='ocrx_word' id='word_1_368' title='bbox 2706 2576 2890 2633; x_wconf 83' lang='lat' dir='ltr'>felicis</span> <span class='ocrx_word' id='word_1_369' title='bbox 2927 2578 3138 2636; x_wconf 74' lang='lat' dir='ltr'>anima:</span> <span class='ocrx_word' id='word_1_370' title='bbox 3173 2581 3332 2637; x_wconf 87' lang='lat' dir='ltr'>vobis</span> <span class='ocrx_word' id='word_1_371' title='bbox 3379 2582 3484 2648; x_wconf 82' lang='lat' dir='ltr'>mi-</span> 
     </span>
    </p>
   </div>
   <div class='ocr_carea' id='block_1_69' title="bbox 1881 2661 2652 2734">
    <p class='ocr_par' dir='ltr' id='par_1_69' title="bbox 1881 2661 2652 2734">
     <span class='ocr_line' id='line_1_69' title="bbox 1881 2661 2652 2734; baseline 0.008 -18"><span class='ocrx_word' id='word_1_372' title='bbox 1881 2661 2113 2718; x_wconf 85' lang='lat' dir='ltr'>nistrari</span> <span class='ocrx_word' id='word_1_373' title='bbox 2131 2661 2402 2734; x_wconf 86' lang='lat' dir='ltr'>jubeatis.</span> <span class='ocrx_word' id='word_1_374' title='bbox 2439 2664 2652 2722; x_wconf 84' lang='lat' dir='ltr'>Valete.</span> 
     </span>
    </p>
   </div>
   <div class='ocr_carea' id='block_1_70' title="bbox 2428 2771 2924 2831">
    <p class='ocr_par' dir='ltr' id='par_1_70' title="bbox 2428 2771 2924 2831">
     <span class='ocr_line' id='line_1_70' title="bbox 2428 2771 2924 2831; baseline 0.012 -7"><span class='ocrx_word' id='word_1_375' title='bbox 2428 2771 2763 2828; x_wconf 82' lang='lat' dir='ltr'>EPISTOLA</span> <span class='ocrx_word' id='word_1_376' title='bbox 2789 2774 2924 2831; x_wconf 78' lang='lat' dir='ltr'>XIII.</span> 
     </span>
    </p>
   </div>
   <div class='ocr_carea' id='block_1_71' title="bbox 2461 2893 2891 2934">
    <p class='ocr_par' dir='ltr' id='par_1_71' title="bbox 2461 2893 2891 2934">
     <span class='ocr_line' id='line_1_71' title="bbox 2461 2893 2891 2934; baseline 0.007 -3"><span class='ocrx_word' id='word_1_377' title='bbox 2461 2893 2537 2931; x_wconf 72' lang='lat' dir='ltr'>AD</span> <span class='ocrx_word' id='word_1_378' title='bbox 2557 2894 2809 2934; x_wconf 78' lang='lat' dir='ltr'><strong>DOMNUM</strong></span> <span class='ocrx_word' id='word_1_379' title='bbox 2832 2895 2891 2934; x_wconf 74' lang='grc' dir='ltr'>Η.</span> 
     </span>
    </p>
   </div>
   <div class='ocr_carea' id='block_1_72' title="bbox 1886 2978 3480 3057">
    <p class='ocr_par' dir='ltr' id='par_1_72' title="bbox 1886 2978 3480 3057">
     <span class='ocr_line' id='line_1_72' title="bbox 1886 2978 3480 3057; baseline 0.008 -22"><span class='ocrx_word' id='word_1_380' title='bbox 1886 2978 1959 3035; x_wconf 89' lang='lat' dir='ltr'>Ut</span> <span class='ocrx_word' id='word_1_381' title='bbox 1978 2982 2188 3035; x_wconf 82' lang='lat' dir='ltr'>tertiam</span> <span class='ocrx_word' id='word_1_382' title='bbox 2206 2989 2415 3054; x_wconf 84' lang='lat' dir='ltr'>partem</span> <span class='ocrx_word' id='word_1_383' title='bbox 2440 2983 2698 3039; x_wconf 78' lang='lat' dir='ltr'>Historiae</span> <span class='ocrx_word' id='word_1_384' title='bbox 2741 2984 3046 3057; x_wconf 63' lang='lat' dir='ltr'>Tnpartitae</span> <span class='ocrx_word' id='word_1_385' title='bbox 3081 2989 3185 3043; x_wconf 88' lang='lat' dir='ltr'>sibi</span> <span class='ocrx_word' id='word_1_386' title='bbox 3209 2990 3480 3050; x_wconf 84' lang='lat' dir='ltr'>utendam.</span> 
     </span>
    </p>
   </div>
   <div class='ocr_carea' id='block_1_73' title="bbox 2299 3073 3064 3132">
    <p class='ocr_par' dir='ltr' id='par_1_73' title="bbox 2299 3073 3064 3132">
     <span class='ocr_line' id='line_1_73' title="bbox 2299 3073 3064 3132; baseline 0.008 -7"><span class='ocrx_word' id='word_1_387' title='bbox 2299 3079 2349 3125; x_wconf 90' lang='lat' dir='ltr'>et</span> <span class='ocrx_word' id='word_1_388' title='bbox 2377 3073 2771 3128; x_wconf 77' lang='lat' dir='ltr'>exscribendam</span> <span class='ocrx_word' id='word_1_389' title='bbox 2795 3076 3064 3132; x_wconf 84' lang='lat' dir='ltr'>concedat.</span> 
     </span>
    </p>
   </div>
   <div class='ocr_carea' id='block_1_74' title="bbox 1809 3154 3478 3235">
    <p class='ocr_par' dir='ltr' id='par_1_74' title="bbox 1809 3154 3478 3235">
     <span class='ocr_line' id='line_1_74' title="bbox 1809 3154 3478 3235; baseline 0.007 -21"><span class='ocrx_word' id='word_1_390' title='bbox 1809 3154 1856 3214; x_wconf 89' lang='lat' dir='ltr'>C</span> <span class='ocrx_word' id='word_1_391' title='bbox 1948 3158 2138 3214; x_wconf 81' lang='lat' dir='ltr'>Abbas</span> <span class='ocrx_word' id='word_1_392' title='bbox 2167 3161 2254 3227; x_wconf 90' lang='lat' dir='ltr'>G.,</span> <span class='ocrx_word' id='word_1_393' title='bbox 2290 3162 2550 3232; x_wconf 90' lang='lat' dir='ltr'>quamvis</span> <span class='ocrx_word' id='word_1_394' title='bbox 2581 3161 2875 3235; x_wconf 79' lang='lat' dir='ltr'>indignus,</span> <span class='ocrx_word' id='word_1_395' title='bbox 2901 3165 3120 3222; x_wconf 90' lang='lat' dir='ltr'>domno</span> <span class='ocrx_word' id='word_1_396' title='bbox 3145 3167 3212 3225; x_wconf 81' lang='grc' dir='ltr'>Η.</span> <span class='ocrx_word' id='word_1_397' title='bbox 3232 3169 3478 3227; x_wconf 85' lang='lat' dir='ltr'>salutem</span> 
     </span>
    </p>
   </div>
   <div class='ocr_carea' id='block_1_75' title="bbox 1877 3246 2206 3302">
    <p class='ocr_par' dir='ltr' id='par_1_75' title="bbox 1877 3246 2206 3302">
     <span class='ocr_line' id='line_1_75' title="bbox 1877 3246 2206 3302; baseline 0.006 -2"><span class='ocrx_word' id='word_1_398' title='bbox 1877 3246 1936 3301; x_wconf 88' lang='lat' dir='ltr'>in</span> <span class='ocrx_word' id='word_1_399' title='bbox 1964 3247 2206 3302; x_wconf 85' lang='lat' dir='ltr'>Christo.</span> 
     </span>
    </p>
   </div>
   <div class='ocr_carea' id='block_1_76' title="bbox 1949 3335 3478 3418">
    <p class='ocr_par' dir='ltr' id='par_1_76' title="bbox 1949 3335 3478 3418">
     <span class='ocr_line' id='line_1_76' title="bbox 1949 3335 3478 3418; baseline 0.009 -29"><span class='ocrx_word' id='word_1_400' title='bbox 1949 3335 2376 3404; x_wconf 77' lang='lat' dir='ltr'>Recordamini,</span> <span class='ocrx_word' id='word_1_401' title='bbox 2407 3337 2676 3408; x_wconf 84' lang='lat' dir='ltr'>petimus,</span> <span class='ocrx_word' id='word_1_402' title='bbox 2705 3339 2839 3393; x_wconf 83' lang='lat' dir='ltr'>fidei</span> <span class='ocrx_word' id='word_1_403' title='bbox 2867 3339 3271 3414; x_wconf 89' lang='lat' dir='ltr'>cbaritatisque</span> <span class='ocrx_word' id='word_1_404' title='bbox 3301 3362 3478 3418; x_wconf 88' lang='lat' dir='ltr'>quam</span> 
     </span>
    </p>
   </div>
   <div class='ocr_carea' id='block_1_77' title="bbox 1878 3425 3477 3496">
    <p class='ocr_par' dir='ltr' id='par_1_77' title="bbox 1878 3425 3477 3496">
     <span class='ocr_line' id='line_1_77' title="bbox 1878 3425 3477 3496; baseline 0.008 -18"><span class='ocrx_word' id='word_1_405' title='bbox 1878 3425 2121 3494; x_wconf 88' lang='lat' dir='ltr'>uterque</span> <span class='ocrx_word' id='word_1_406' title='bbox 2137 3426 2390 3478; x_wconf 91' lang='lat' dir='ltr'>vestrum</span> <span class='ocrx_word' id='word_1_407' title='bbox 2413 3425 2577 3478; x_wconf 89' lang='lat' dir='ltr'>alteri</span> <span class='ocrx_word' id='word_1_408' title='bbox 2593 3425 2963 3495; x_wconf 88' lang='lat' dir='ltr'>promiserat;</span> <span class='ocrx_word' id='word_1_409' title='bbox 2982 3432 3057 3496; x_wconf 91' lang='lat' dir='ltr'>et,</span> <span class='ocrx_word' id='word_1_410' title='bbox 3083 3446 3155 3484; x_wconf 91' lang='lat' dir='ltr'>ne</span> <span class='ocrx_word' id='word_1_411' title='bbox 3167 3432 3282 3487; x_wconf 93' lang='lat' dir='ltr'>ullo</span> <span class='ocrx_word' id='word_1_412' title='bbox 3300 3435 3477 3490; x_wconf 91' lang='lat' dir='ltr'>modo</span> 
     </span>
    </p>
   </div>
   <div class='ocr_carea' id='block_1_78' title="bbox 1877 3509 3478 3586">
    <p class='ocr_par' dir='ltr' id='par_1_78' title="bbox 1877 3509 3478 3586">
     <span class='ocr_line' id='line_1_78' title="bbox 1877 3509 3478 3586; baseline 0.006 -20"><span class='ocrx_word' id='word_1_413' title='bbox 1877 3509 2030 3566; x_wconf 89' lang='lat' dir='ltr'>inter</span> <span class='ocrx_word' id='word_1_414' title='bbox 2069 3528 2176 3567; x_wconf 92' lang='lat' dir='ltr'>nos</span> <span class='ocrx_word' id='word_1_415' title='bbox 2205 3511 2494 3582; x_wconf 85' lang='lat' dir='ltr'>frigescat,</span> <span class='ocrx_word' id='word_1_416' title='bbox 2527 3511 2572 3565; x_wconf 92' lang='lat' dir='ltr'>si</span> <span class='ocrx_word' id='word_1_417' title='bbox 2603 3512 2768 3567; x_wconf 89' lang='lat' dir='ltr'>nobis</span> <span class='ocrx_word' id='word_1_418' title='bbox 2805 3513 3021 3586; x_wconf 91' lang='lat' dir='ltr'>aliquid</span> <span class='ocrx_word' id='word_1_419' title='bbox 3052 3517 3223 3571; x_wconf 88' lang='lat' dir='ltr'>vestri</span> <span class='ocrx_word' id='word_1_420' title='bbox 3264 3521 3478 3576; x_wconf 90' lang='lat' dir='ltr'>servitii</span> 
     </span>
    </p>
   </div>
   <div class='ocr_carea' id='block_1_79' title="bbox 1876 3599 3476 3674">
    <p class='ocr_par' dir='ltr' id='par_1_79' title="bbox 1876 3599 3476 3674">
     <span class='ocr_line' id='line_1_79' title="bbox 1876 3599 3476 3674; baseline 0.005 -21"><span class='ocrx_word' id='word_1_421' title='bbox 1876 3599 2207 3671; x_wconf 62' lang='lat' dir='ltr'>praecipitis,</span> <span class='ocrx_word' id='word_1_422' title='bbox 2229 3599 2463 3654; x_wconf 86' lang='lat' dir='ltr'>devotus</span> <span class='ocrx_word' id='word_1_423' title='bbox 2482 3599 2723 3671; x_wconf 91' lang='lat' dir='ltr'>implere</span> <span class='ocrx_word' id='word_1_424' title='bbox 2745 3602 3006 3656; x_wconf 90' lang='lat' dir='ltr'>studebo.</span> <span class='ocrx_word' id='word_1_425' title='bbox 3033 3603 3351 3674; x_wconf 71' lang='lat' dir='ltr'>Tripartitse</span> <span class='ocrx_word' id='word_1_426' title='bbox 3382 3608 3476 3662; x_wconf 85' lang='lat' dir='ltr'>Hi-</span> 
     </span>
    </p>
   </div>
   <div class='ocr_carea' id='block_1_80' title="bbox 1875 3687 3477 3766">
    <p class='ocr_par' dir='ltr' id='par_1_80' title="bbox 1875 3687 3477 3766">
     <span class='ocr_line' id='line_1_80' title="bbox 1875 3687 3477 3766; baseline 0.004 -24"><span class='ocrx_word' id='word_1_427' title='bbox 1875 3687 2065 3743; x_wconf 80' lang='lat' dir='ltr'>storiae</span> <span class='ocrx_word' id='word_1_428' title='bbox 2083 3689 2222 3743; x_wconf 90' lang='lat' dir='ltr'>duas</span> <span class='ocrx_word' id='word_1_429' title='bbox 2238 3691 2429 3759; x_wconf 85' lang='lat' dir='ltr'>partes</span> <span class='ocrx_word' id='word_1_430' title='bbox 2445 3687 2795 3760; x_wconf 90' lang='lat' dir='ltr'>conscriptas</span> <span class='ocrx_word' id='word_1_431' title='bbox 2811 3689 3120 3758; x_wconf 85' lang='lat' dir='ltr'>habemus;</span> <span class='ocrx_word' id='word_1_432' title='bbox 3146 3692 3318 3748; x_wconf 89' lang='lat' dir='ltr'>tertia</span> <span class='ocrx_word' id='word_1_433' title='bbox 3344 3711 3477 3766; x_wconf 89' lang='lat' dir='ltr'>pars</span> 
     </span>
    </p>
   </div>
   <div class='ocr_carea' id='block_1_81' title="bbox 1875 3776 3474 3852">
    <p class='ocr_par' dir='ltr' id='par_1_81' title="bbox 1875 3776 3474 3852">
     <span class='ocr_line' id='line_1_81' title="bbox 1875 3776 3474 3852; baseline 0.003 -22"><span class='ocrx_word' id='word_1_434' title='bbox 1875 3776 2002 3832; x_wconf 88' lang='lat' dir='ltr'>ideo</span> <span class='ocrx_word' id='word_1_435' title='bbox 2034 3777 2213 3844; x_wconf 89' lang='lat' dir='ltr'>deest,</span> <span class='ocrx_word' id='word_1_436' title='bbox 2234 3777 2369 3849; x_wconf 89' lang='lat' dir='ltr'>quia</span> <span class='ocrx_word' id='word_1_437' title='bbox 2395 3778 2691 3852; x_wconf 82' lang='lat' dir='ltr'>exemplar</span> <span class='ocrx_word' id='word_1_438' title='bbox 2719 3777 2860 3834; x_wconf 88' lang='lat' dir='ltr'>alias</span> <span class='ocrx_word' id='word_1_439' title='bbox 2880 3777 3180 3850; x_wconf 82' lang='lat' dir='ltr'>acquirere</span> <span class='ocrx_word' id='word_1_440' title='bbox 3200 3796 3318 3834; x_wconf 90' lang='lat' dir='ltr'>non</span> <span class='ocrx_word' id='word_1_441' title='bbox 3342 3796 3474 3851; x_wconf 89' lang='lat' dir='ltr'>pos-</span> 
     </span>
    </p>
   </div>
   <div class='ocr_carea' id='block_1_82' title="bbox 1874 3865 3472 3940">
    <p class='ocr_par' dir='ltr' id='par_1_82' title="bbox 1874 3865 3472 3940">
     <span class='ocr_line' id='line_1_82' title="bbox 1874 3865 3472 3940; baseline 0.003 -21"><span class='ocrx_word' id='word_1_442' title='bbox 1874 3883 2090 3935; x_wconf 89' lang='lat' dir='ltr'>sumus,</span> <span class='ocrx_word' id='word_1_443' title='bbox 2115 3865 2224 3922; x_wconf 88' lang='lat' dir='ltr'>nisi</span> <span class='ocrx_word' id='word_1_444' title='bbox 2241 3867 2314 3922; x_wconf 92' lang='lat' dir='ltr'>ob</span> <span class='ocrx_word' id='word_1_445' title='bbox 2340 3865 2589 3938; x_wconf 83' lang='lat' dir='ltr'>gratiam</span> <span class='ocrx_word' id='word_1_446' title='bbox 2613 3866 2782 3924; x_wconf 86' lang='lat' dir='ltr'>vestri</span> <span class='ocrx_word' id='word_1_447' title='bbox 2813 3866 2979 3923; x_wconf 88' lang='lat' dir='ltr'>nobis</span> <span class='ocrx_word' id='word_1_448' title='bbox 3008 3866 3240 3926; x_wconf 85' lang='lat' dir='ltr'>mittere</span> <span class='ocrx_word' id='word_1_449' title='bbox 3269 3868 3472 3940; x_wconf 85' lang='lat' dir='ltr'>digne-</span> 
     </span>
    </p>
   </div>
   <div class='ocr_carea' id='block_1_83' title="bbox 1873 3953 2035 4011">
    <p class='ocr_par' dir='ltr' id='par_1_83' title="bbox 1873 3953 2035 4011">
     <span class='ocr_line' id='line_1_83' title="bbox 1873 3953 2035 4011; baseline 0.012 -2"><span class='ocrx_word' id='word_1_450' title='bbox 1873 3953 2035 4011; x_wconf 90' lang='lat' dir='ltr'>mini.</span> 
     </span>
    </p>
   </div>
   <div class='ocr_carea' id='block_1_84' title="bbox 2429 4053 2917 4110">
    <p class='ocr_par' dir='ltr' id='par_1_84' title="bbox 2429 4053 2917 4110">
     <span class='ocr_line' id='line_1_84' title="bbox 2429 4053 2917 4110; baseline 0.004 -4"><span class='ocrx_word' id='word_1_451' title='bbox 2429 4053 2764 4110; x_wconf 83' lang='lat' dir='ltr'>EPISTOLA</span> <span class='ocrx_word' id='word_1_452' title='bbox 2787 4054 2917 4110; x_wconf 81' lang='lat' dir='ltr'>XIV.</span> 
     </span>
    </p>
   </div>
   <div class='ocr_carea' id='block_1_85' title="bbox 2423 4175 2914 4229">
    <p class='ocr_par' dir='ltr' id='par_1_85' title="bbox 2423 4175 2914 4229">
     <span class='ocr_line' id='line_1_85' title="bbox 2423 4175 2914 4229; baseline -0.002 -13"><span class='ocrx_word' id='word_1_453' title='bbox 2423 4175 2498 4216; x_wconf 66' lang='lat' dir='ltr'>an</span> <span class='ocrx_word' id='word_1_454' title='bbox 2529 4178 2585 4216; x_wconf 86' lang='lat' dir='ltr'>R.</span> <span class='ocrx_word' id='word_1_455' title='bbox 2620 4176 2914 4229; x_wconf 72' lang='lat' dir='ltr'>COMITEM,</span> 
     </span>
    </p>
   </div>
   <div class='ocr_carea' id='block_1_86' title="bbox 1871 4266 3473 4342">
    <p class='ocr_par' dir='ltr' id='par_1_86' title="bbox 1871 4266 3473 4342">
     <span class='ocr_line' id='line_1_86' title="bbox 1871 4266 3473 4342; baseline 0.004 -21"><span class='ocrx_word' id='word_1_456' title='bbox 1871 4267 2104 4324; x_wconf 86' lang='lat' dir='ltr'>Immam</span> <span class='ocrx_word' id='word_1_457' title='bbox 2132 4267 2383 4324; x_wconf 75' lang='lat' dir='ltr'>ancillam</span> <span class='ocrx_word' id='word_1_458' title='bbox 2407 4283 2528 4320; x_wconf 84' lang='lat' dir='ltr'>cum</span> <span class='ocrx_word' id='word_1_459' title='bbox 2569 4266 2700 4336; x_wconf 79' lang='lat' dir='ltr'>ﬁliis</span> <span class='ocrx_word' id='word_1_460' title='bbox 2722 4270 2832 4322; x_wconf 76' lang='lat' dir='ltr'>suis</span> <span class='ocrx_word' id='word_1_461' title='bbox 2857 4267 2960 4322; x_wconf 86' lang='lat' dir='ltr'>sibi</span> <span class='ocrx_word' id='word_1_462' title='bbox 2997 4267 3107 4340; x_wconf 85' lang='lat' dir='ltr'>lege</span> <span class='ocrx_word' id='word_1_463' title='bbox 3141 4269 3322 4326; x_wconf 82' lang='lat' dir='ltr'>deberi</span> <span class='ocrx_word' id='word_1_464' title='bbox 3339 4287 3473 4342; x_wconf 81' lang='lat' dir='ltr'>pro-</span> 
     </span>
    </p>
   </div>
   <div class='ocr_carea' id='block_1_87' title="bbox 2364 4355 2985 4426">
    <p class='ocr_par' dir='ltr' id='par_1_87' title="bbox 2364 4355 2985 4426">
     <span class='ocr_line' id='line_1_87' title="bbox 2364 4355 2985 4426; baseline 0.005 -18"><span class='ocrx_word' id='word_1_465' title='bbox 2364 4355 2473 4421; x_wconf 88' lang='lat' dir='ltr'>bat,</span> <span class='ocrx_word' id='word_1_466' title='bbox 2502 4371 2565 4410; x_wconf 86' lang='lat' dir='ltr'>ac</span> <span class='ocrx_word' id='word_1_467' title='bbox 2585 4355 2734 4409; x_wconf 86' lang='lat' dir='ltr'>reddi</span> <span class='ocrx_word' id='word_1_468' title='bbox 2747 4357 2985 4426; x_wconf 79' lang='lat' dir='ltr'>postulat</span> 
     </span>
    </p>
   </div>
   <div class='ocr_carea' id='block_1_88' title="bbox 171 4444 3475 4537">
    <p class='ocr_par' dir='ltr' id='par_1_88' title="bbox 171 4444 3475 4537">
     <span class='ocr_line' id='line_1_88' title="bbox 171 4444 3475 4537; baseline 0.002 -25"><span class='ocrx_word' id='word_1_469' title='bbox 171 4447 259 4537; x_wconf 55' lang='lat' dir='ltr'>[alni</span> <span class='ocrx_word' id='word_1_470' title='bbox 289 4449 522 4537; x_wconf 51' lang='grc' dir='ltr'>Ῡθεῒῗεξν</span> <span class='ocrx_word' id='word_1_471' title='bbox 541 4445 676 4517; x_wconf 60' lang='lat' dir='ltr'>(lilia</span> <span class='ocrx_word' id='word_1_472' title='bbox 709 4461 828 4537; x_wconf 56' lang='lat' dir='ltr'>395a</span> <span class='ocrx_word' id='word_1_473' title='bbox 853 4448 915 4498; x_wconf 67' lang='lat' dir='ltr'>ut</span> <span class='ocrx_word' id='word_1_474' title='bbox 936 4444 1224 4537; x_wconf 43' lang='lat' dir='ltr'>audimus,</span> <span class='ocrx_word' id='word_1_475' title='bbox 1243 4444 1772 4537; x_wconf 24' lang='lat' dir='ltr'>benignec‘JPS‘Ola&#39;</span> <span class='ocrx_word' id='word_1_476' title='bbox 1795 4465 1848 4524; x_wconf 94' lang='lat' dir='ltr'>D</span> <span class='ocrx_word' id='word_1_477' title='bbox 1946 4465 2172 4518; x_wconf 88' lang='lat' dir='ltr'>Domuo</span> <span class='ocrx_word' id='word_1_478' title='bbox 2203 4463 2294 4528; x_wconf 67' lang='lat'>3.,</span> <span class='ocrx_word' id='word_1_479' title='bbox 2321 4460 2629 4516; x_wconf 89' lang='lat' dir='ltr'>comitatus</span> <span class='ocrx_word' id='word_1_480' title='bbox 2663 4463 2886 4517; x_wconf 88' lang='lat' dir='ltr'>honore</span> <span class='ocrx_word' id='word_1_481' title='bbox 2909 4462 3073 4518; x_wconf 89' lang='lat' dir='ltr'>valde</span> <span class='ocrx_word' id='word_1_482' title='bbox 3103 4462 3301 4537; x_wconf 84' lang='lat' dir='ltr'>digno,</span> <span class='ocrx_word' id='word_1_483' title='bbox 3327 4463 3475 4522; x_wconf 89' lang='lat' dir='ltr'>Goz-</span> 
     </span>
    </p>
   </div>
   <div class='ocr_carea' id='block_1_89' title="bbox 170 4531 1774 4606">
    <p class='ocr_par' dir='ltr' id='par_1_89' title="bbox 170 4531 1774 4606">
     <span class='ocr_line' id='line_1_89' title="bbox 170 4531 1774 4606; baseline 0.001 -18"><span class='ocrx_word' id='word_1_484' title='bbox 170 4535 300 4588; x_wconf 86' lang='lat' dir='ltr'>mini</span> <span class='ocrx_word' id='word_1_485' title='bbox 331 4533 434 4606; x_wconf 90' lang='lat' dir='ltr'>qui</span> <span class='ocrx_word' id='word_1_486' title='bbox 461 4534 524 4588; x_wconf 91' lang='lat' dir='ltr'>in</span> <span class='ocrx_word' id='word_1_487' title='bbox 555 4531 824 4604; x_wconf 81' lang='lat' dir='ltr'>angustia</span> <span class='ocrx_word' id='word_1_488' title='bbox 841 4537 990 4588; x_wconf 89' lang='lat' dir='ltr'>sunt.</span> <span class='ocrx_word' id='word_1_489' title='bbox 1007 4531 1254 4598; x_wconf 83' lang='lat' dir='ltr'>Quidam</span> <span class='ocrx_word' id='word_1_490' title='bbox 1275 4533 1774 4605; x_wconf 86' lang='lat' dir='ltr'>consanguinitate</span> 
     </span>
    </p>
   </div>
   <div class='ocr_carea' id='block_1_90' title="bbox 170 4621 1775 4695">
    <p class='ocr_par' dir='ltr' id='par_1_90' title="bbox 170 4621 1775 4695">
     <span class='ocr_line' id='line_1_90' title="bbox 170 4621 1775 4695; baseline -0.001 -16"><span class='ocrx_word' id='word_1_491' title='bbox 170 4625 299 4679; x_wconf 87' lang='lat' dir='ltr'>mihi</span> <span class='ocrx_word' id='word_1_492' title='bbox 311 4623 531 4695; x_wconf 83' lang='lat' dir='ltr'>juncti,</span> <span class='ocrx_word' id='word_1_493' title='bbox 557 4622 654 4695; x_wconf 91' lang='lat' dir='ltr'>qui</span> <span class='ocrx_word' id='word_1_494' title='bbox 684 4623 919 4676; x_wconf 89' lang='lat' dir='ltr'>fuerunt</span> <span class='ocrx_word' id='word_1_495' title='bbox 937 4621 1121 4689; x_wconf 89' lang='lat' dir='ltr'>liberi,</span> <span class='ocrx_word' id='word_1_496' title='bbox 1147 4622 1458 4676; x_wconf 87' lang='lat' dir='ltr'>venundati</span> <span class='ocrx_word' id='word_1_497' title='bbox 1477 4623 1548 4676; x_wconf 89' lang='lat' dir='ltr'>ab</span> <span class='ocrx_word' id='word_1_498' title='bbox 1565 4623 1775 4694; x_wconf 90' lang='lat' dir='ltr'>iniquis</span> 
     </span>
    </p>
   </div>
   <div class='ocr_carea' id='block_1_91' title="bbox 170 4711 1773 4782">
    <p class='ocr_par' dir='ltr' id='par_1_91' title="bbox 170 4711 1773 4782">
     <span class='ocr_line' id='line_1_91' title="bbox 170 4711 1773 4782; baseline -0.001 -14"><span class='ocrx_word' id='word_1_499' title='bbox 170 4713 513 4779; x_wconf 90' lang='lat' dir='ltr'>hominibus,</span> <span class='ocrx_word' id='word_1_500' title='bbox 561 4713 705 4766; x_wconf 89' lang='lat' dir='ltr'>duro</span> <span class='ocrx_word' id='word_1_501' title='bbox 730 4713 1076 4782; x_wconf 89' lang='lat' dir='ltr'>premuntur</span> <span class='ocrx_word' id='word_1_502' title='bbox 1102 4711 1356 4765; x_wconf 90' lang='lat' dir='ltr'>servitio.</span> <span class='ocrx_word' id='word_1_503' title='bbox 1385 4711 1500 4766; x_wconf 92' lang='lat' dir='ltr'>Sed</span> <span class='ocrx_word' id='word_1_504' title='bbox 1521 4711 1773 4766; x_wconf 89' lang='lat' dir='ltr'>domnus</span> 
     </span>
    </p>
   </div>
   <div class='ocr_carea' id='block_1_92' title="bbox 172 4799 1774 4870">
    <p class='ocr_par' dir='ltr' id='par_1_92' title="bbox 172 4799 1774 4870">
     <span class='ocr_line' id='line_1_92' title="bbox 172 4799 1774 4870; baseline -0.001 -14"><span class='ocrx_word' id='word_1_505' title='bbox 172 4807 375 4869; x_wconf 88' lang='lat' dir='ltr'>noster,</span> <span class='ocrx_word' id='word_1_506' title='bbox 393 4802 510 4855; x_wconf 87' lang='lat' dir='ltr'>dux</span> <span class='ocrx_word' id='word_1_507' title='bbox 524 4799 826 4861; x_wconf 88' lang='lat' dir='ltr'>Henricus,</span> <span class='ocrx_word' id='word_1_508' title='bbox 845 4799 919 4852; x_wconf 93' lang='lat' dir='ltr'>ob</span> <span class='ocrx_word' id='word_1_509' title='bbox 940 4800 1374 4870; x_wconf 86' lang='lat' dir='ltr'>eleemosynam</span> <span class='ocrx_word' id='word_1_510' title='bbox 1399 4799 1482 4853; x_wconf 93' lang='lat' dir='ltr'>sui</span> <span class='ocrx_word' id='word_1_511' title='bbox 1501 4801 1774 4870; x_wconf 73' lang='lat' dir='ltr'>praecepit</span> 
     </span>
    </p>
   </div>
   <div class='ocr_carea' id='block_1_93' title="bbox 173 4885 1774 4957">
    <p class='ocr_par' dir='ltr' id='par_1_93' title="bbox 173 4885 1774 4957">
     <span class='ocr_line' id='line_1_93' title="bbox 173 4885 1774 4957; baseline -0.001 -13"><span class='ocrx_word' id='word_1_512' title='bbox 173 4894 226 4945; x_wconf 88' lang='lat' dir='ltr'>ut</span> <span class='ocrx_word' id='word_1_513' title='bbox 254 4890 420 4946; x_wconf 90' lang='lat' dir='ltr'>liberi</span> <span class='ocrx_word' id='word_1_514' title='bbox 450 4889 725 4953; x_wconf 88' lang='lat' dir='ltr'>redeant,</span> <span class='ocrx_word' id='word_1_515' title='bbox 761 4886 807 4940; x_wconf 90' lang='lat' dir='ltr'>si</span> <span class='ocrx_word' id='word_1_516' title='bbox 847 4885 981 4940; x_wconf 88' lang='lat' dir='ltr'>eiet</span> <span class='ocrx_word' id='word_1_517' title='bbox 1009 4886 1261 4957; x_wconf 86' lang='lat' dir='ltr'>pretium</span> <span class='ocrx_word' id='word_1_518' title='bbox 1306 4887 1635 4942; x_wconf 89' lang='lat' dir='ltr'>reddamus.</span> <span class='ocrx_word' id='word_1_519' title='bbox 1687 4888 1774 4943; x_wconf 88' lang='lat' dir='ltr'>Ad</span> 
     </span>
    </p>
   </div>
   <div class='ocr_carea' id='block_1_94' title="bbox 173 4974 1772 5050">
    <p class='ocr_par' dir='ltr' id='par_1_94' title="bbox 173 4974 1772 5050">
     <span class='ocr_line' id='line_1_94' title="bbox 173 4974 1772 5050; baseline -0.002 -16"><span class='ocrx_word' id='word_1_520' title='bbox 173 4979 266 5034; x_wconf 88' lang='lat' dir='ltr'>hoc</span> <span class='ocrx_word' id='word_1_521' title='bbox 288 4978 550 5050; x_wconf 89' lang='lat' dir='ltr'>petimus</span> <span class='ocrx_word' id='word_1_522' title='bbox 572 4978 634 5030; x_wconf 89' lang='lat' dir='ltr'>ut</span> <span class='ocrx_word' id='word_1_523' title='bbox 653 4974 824 5030; x_wconf 87' lang='lat' dir='ltr'>nobis</span> <span class='ocrx_word' id='word_1_524' title='bbox 855 4974 1087 5046; x_wconf 86' lang='lat' dir='ltr'>aliquod</span> <span class='ocrx_word' id='word_1_525' title='bbox 1112 4975 1387 5030; x_wconf 87' lang='lat' dir='ltr'>auxilium</span> <span class='ocrx_word' id='word_1_526' title='bbox 1419 4975 1640 5030; x_wconf 88' lang='lat' dir='ltr'>faciatis</span> <span class='ocrx_word' id='word_1_527' title='bbox 1668 4993 1772 5047; x_wconf 93' lang='lat' dir='ltr'>pro</span> 
     </span>
    </p>
   </div>
   <div class='ocr_carea' id='block_1_95' title="bbox 174 5064 1773 5137">
    <p class='ocr_par' dir='ltr' id='par_1_95' title="bbox 174 5064 1773 5137">
     <span class='ocr_line' id='line_1_95' title="bbox 174 5064 1773 5137; baseline -0.002 -14"><span class='ocrx_word' id='word_1_528' title='bbox 174 5067 260 5122; x_wconf 88' lang='lat' dir='ltr'>Dei</span> <span class='ocrx_word' id='word_1_529' title='bbox 279 5083 506 5134; x_wconf 90' lang='lat' dir='ltr'>amore,</span> <span class='ocrx_word' id='word_1_530' title='bbox 522 5080 763 5136; x_wconf 88' lang='lat' dir='ltr'>semper</span> <span class='ocrx_word' id='word_1_531' title='bbox 791 5079 1020 5117; x_wconf 89' lang='lat' dir='ltr'>memor</span> <span class='ocrx_word' id='word_1_532' title='bbox 1040 5064 1196 5135; x_wconf 92' lang='lat' dir='ltr'>quod</span> <span class='ocrx_word' id='word_1_533' title='bbox 1217 5068 1512 5134; x_wconf 88' lang='lat' dir='ltr'>ereptores</span> <span class='ocrx_word' id='word_1_534' title='bbox 1538 5081 1773 5137; x_wconf 83' lang='lat' dir='ltr'>oppres-</span> 
     </span>
    </p>
   </div>
   <div class='ocr_carea' id='block_1_96' title="bbox 173 5151 1614 5222">
    <p class='ocr_par' dir='ltr' id='par_1_96' title="bbox 173 5151 1614 5222">
     <span class='ocr_line' id='line_1_96' title="bbox 173 5151 1614 5222; baseline -0.001 -12"><span class='ocrx_word' id='word_1_535' title='bbox 173 5171 351 5212; x_wconf 84' lang='lat' dir='ltr'>serum</span> <span class='ocrx_word' id='word_1_536' title='bbox 371 5155 485 5211; x_wconf 91' lang='lat' dir='ltr'>sibi</span> <span class='ocrx_word' id='word_1_537' title='bbox 508 5155 856 5209; x_wconf 87' lang='lat' dir='ltr'>mereantur</span> <span class='ocrx_word' id='word_1_538' title='bbox 875 5151 1118 5222; x_wconf 81' lang='lat' dir='ltr'>praemia</span> <span class='ocrx_word' id='word_1_539' title='bbox 1137 5155 1375 5208; x_wconf 81' lang='lat' dir='ltr'>aeterna.</span> <span class='ocrx_word' id='word_1_540' title='bbox 1399 5152 1614 5209; x_wconf 88' lang='lat' dir='ltr'>Valete.</span> 
     </span>
    </p>
   </div>
   <div class='ocr_carea' id='block_1_97' title="bbox 738 5256 1200 5314">
    <p class='ocr_par' dir='ltr' id='par_1_97' title="bbox 738 5256 1200 5314">
     <span class='ocr_line' id='line_1_97' title="bbox 738 5256 1200 5314; baseline 0.006 -3"><span class='ocrx_word' id='word_1_541' title='bbox 738 5256 1072 5312; x_wconf 82' lang='lat' dir='ltr'>EPISTOLA</span> <span class='ocrx_word' id='word_1_542' title='bbox 1119 5259 1200 5314; x_wconf 89' lang='grc' dir='ltr'>ΧΙ.</span> 
     </span>
    </p>
   </div>
   <div class='ocr_carea' id='block_1_98' title="bbox 580 5363 1352 5402">
    <p class='ocr_par' dir='ltr' id='par_1_98' title="bbox 580 5363 1352 5402">
     <span class='ocr_line' id='line_1_98' title="bbox 580 5363 1352 5402; baseline -0.001 -1"><span class='ocrx_word' id='word_1_543' title='bbox 580 5363 660 5402; x_wconf 75' lang='grc' dir='ltr'>ΑΙ)</span> <span class='ocrx_word' id='word_1_544' title='bbox 701 5363 1027 5402; x_wconf 80' lang='lat' dir='ltr'>OTPERTUM</span> <span class='ocrx_word' id='word_1_545' title='bbox 1063 5363 1352 5401; x_wconf 74' lang='lat' dir='ltr'>ABBATEM.</span> 
     </span>
    </p>
   </div>
   <div class='ocr_carea' id='block_1_99' title="bbox 183 5438 1774 5513">
    <p class='ocr_par' dir='ltr' id='par_1_99' title="bbox 183 5438 1774 5513">
     <span class='ocr_line' id='line_1_99' title="bbox 183 5438 1774 5513; baseline -0.005 -15"><span class='ocrx_word' id='word_1_546' title='bbox 183 5440 244 5498; x_wconf 89' lang='lat' dir='ltr'>Ut</span> <span class='ocrx_word' id='word_1_547' title='bbox 264 5439 555 5513; x_wconf 80' lang='lat' dir='ltr'>quamdam</span> <span class='ocrx_word' id='word_1_548' title='bbox 587 5439 731 5490; x_wconf 84' lang='lat' dir='ltr'>inter</span> <span class='ocrx_word' id='word_1_549' title='bbox 771 5438 1046 5508; x_wconf 77' lang='lat' dir='ltr'>atriusque</span> <span class='ocrx_word' id='word_1_550' title='bbox 1098 5453 1270 5491; x_wconf 83' lang='lat' dir='ltr'>servos</span> <span class='ocrx_word' id='word_1_551' title='bbox 1310 5440 1774 5494; x_wconf 85' lang='lat' dir='ltr'>commutationem</span> 
     </span>
    </p>
   </div>
   <div class='ocr_carea' id='block_1_100' title="bbox 736 5527 1205 5596">
    <p class='ocr_par' dir='ltr' id='par_1_100' title="bbox 736 5527 1205 5596">
     <span class='ocr_line' id='line_1_100' title="bbox 736 5527 1205 5596; baseline 0.011 -20"><span class='ocrx_word' id='word_1_552' title='bbox 736 5527 856 5592; x_wconf 76' lang='lat' dir='ltr'>ﬁeri</span> <span class='ocrx_word' id='word_1_553' title='bbox 893 5529 1205 5596; x_wconf 82' lang='lat' dir='ltr'>permittat.</span> 
     </span>
    </p>
   </div>
   <div class='ocr_carea' id='block_1_101' title="bbox 239 5614 1776 5675">
    <p class='ocr_par' dir='ltr' id='par_1_101' title="bbox 239 5614 1776 5675">
     <span class='ocr_line' id='line_1_101' title="bbox 239 5614 1776 5675; baseline -0.005 0"><span class='ocrx_word' id='word_1_554' title='bbox 239 5614 416 5675; x_wconf 81' lang='lat' dir='ltr'>Abbas</span> <span class='ocrx_word' id='word_1_555' title='bbox 446 5619 806 5672; x_wconf 74' lang='lat' dir='ltr'>Gozean&#39;rus</span> <span class='ocrx_word' id='word_1_556' title='bbox 838 5630 966 5668; x_wconf 82' lang='lat' dir='ltr'>cum</span> <span class='ocrx_word' id='word_1_557' title='bbox 999 5614 1270 5669; x_wconf 87' lang='lat' dir='ltr'>fratribus</span> <span class='ocrx_word' id='word_1_558' title='bbox 1310 5614 1515 5669; x_wconf 85' lang='lat' dir='ltr'>dilecto</span> <span class='ocrx_word' id='word_1_559' title='bbox 1561 5615 1776 5668; x_wconf 88' lang='lat' dir='ltr'>domno</span> 
     </span>
    </p>
   </div>
   <div class='ocr_carea' id='block_1_102' title="bbox 182 5704 1514 5766">
    <p class='ocr_par' dir='ltr' id='par_1_102' title="bbox 182 5704 1514 5766">
     <span class='ocr_line' id='line_1_102' title="bbox 182 5704 1514 5766; baseline -0.005 -1"><span class='ocrx_word' id='word_1_560' title='bbox 182 5716 232 5766; x_wconf 88' lang='lat' dir='ltr'>et</span> <span class='ocrx_word' id='word_1_561' title='bbox 256 5706 528 5764; x_wconf 82' lang='lat' dir='ltr'>confratri</span> <span class='ocrx_word' id='word_1_562' title='bbox 559 5707 853 5760; x_wconf 82' lang='lat' dir='ltr'>OTPERTO</span> <span class='ocrx_word' id='word_1_563' title='bbox 881 5705 1120 5758; x_wconf 83' lang='lat' dir='ltr'>salutem</span> <span class='ocrx_word' id='word_1_564' title='bbox 1156 5704 1211 5757; x_wconf 91' lang='lat' dir='ltr'>in</span> <span class='ocrx_word' id='word_1_565' title='bbox 1247 5704 1514 5759; x_wconf 89' lang='lat' dir='ltr'>Domino.</span> 
     </span>
    </p>
   </div>
   <div class='ocr_carea' id='block_1_103' title="bbox 1875 4549 3473 4624">
    <p class='ocr_par' dir='ltr' id='par_1_103' title="bbox 1875 4549 3473 4624">
     <span class='ocr_line' id='line_1_103' title="bbox 1875 4549 3473 4624; baseline 0.002 -18"><span class='ocrx_word' id='word_1_566' title='bbox 1875 4567 2102 4608; x_wconf 78' lang='lat' dir='ltr'>paarus</span> <span class='ocrx_word' id='word_1_567' title='bbox 2135 4551 2312 4605; x_wconf 86' lang='lat' dir='ltr'>abbas</span> <span class='ocrx_word' id='word_1_568' title='bbox 2342 4565 2474 4604; x_wconf 88' lang='lat' dir='ltr'>cum</span> <span class='ocrx_word' id='word_1_569' title='bbox 2499 4549 2772 4605; x_wconf 86' lang='lat' dir='ltr'>fratribus</span> <span class='ocrx_word' id='word_1_570' title='bbox 2803 4549 2906 4605; x_wconf 87' lang='lat' dir='ltr'>sibi</span> <span class='ocrx_word' id='word_1_571' title='bbox 2936 4551 3202 4624; x_wconf 88' lang='lat' dir='ltr'>subjectis</span> <span class='ocrx_word' id='word_1_572' title='bbox 3229 4554 3473 4609; x_wconf 85' lang='lat' dir='ltr'>salutem</span> 
     </span>
    </p>
   </div>
   <div class='ocr_carea' id='block_1_104' title="bbox 1873 4639 2228 4696">
    <p class='ocr_par' dir='ltr' id='par_1_104' title="bbox 1873 4639 2228 4696">
     <span class='ocr_line' id='line_1_104' title="bbox 1873 4639 2228 4696; baseline -0.008 0"><span class='ocrx_word' id='word_1_573' title='bbox 1873 4641 1932 4696; x_wconf 90' lang='lat' dir='ltr'>in</span> <span class='ocrx_word' id='word_1_574' title='bbox 1960 4639 2228 4696; x_wconf 89' lang='lat' dir='ltr'>Domino.</span> 
     </span>
    </p>
   </div>
   <div class='ocr_carea' id='block_1_105' title="bbox 1945 4727 3477 4804">
    <p class='ocr_par' dir='ltr' id='par_1_105' title="bbox 1945 4727 3477 4804">
     <span class='ocr_line' id='line_1_105' title="bbox 1945 4727 3477 4804; baseline 0.003 -20"><span class='ocrx_word' id='word_1_575' title='bbox 1945 4732 2007 4784; x_wconf 87' lang='lat' dir='ltr'>In</span> <span class='ocrx_word' id='word_1_576' title='bbox 2034 4728 2193 4784; x_wconf 90' lang='lat' dir='ltr'>omni</span> <span class='ocrx_word' id='word_1_577' title='bbox 2215 4730 2496 4799; x_wconf 88' lang='lat' dir='ltr'>potestate</span> <span class='ocrx_word' id='word_1_578' title='bbox 2515 4727 2686 4783; x_wconf 90' lang='lat' dir='ltr'>vestri</span> <span class='ocrx_word' id='word_1_579' title='bbox 2702 4727 3040 4800; x_wconf 72' lang='lat' dir='ltr'>praesidatus</span> <span class='ocrx_word' id='word_1_580' title='bbox 3071 4729 3359 4804; x_wconf 89' lang='lat' dir='ltr'>sapienter</span> <span class='ocrx_word' id='word_1_581' title='bbox 3377 4747 3477 4788; x_wconf 89' lang='lat' dir='ltr'>vos</span> 
     </span>
    </p>
   </div>
   <div class='ocr_carea' id='block_1_106' title="bbox 1875 4817 3478 4892">
    <p class='ocr_par' dir='ltr' id='par_1_106' title="bbox 1875 4817 3478 4892">
     <span class='ocr_line' id='line_1_106' title="bbox 1875 4817 3478 4892; baseline 0.001 -18"><span class='ocrx_word' id='word_1_582' title='bbox 1875 4821 2132 4892; x_wconf 89' lang='lat' dir='ltr'>agere,et</span> <span class='ocrx_word' id='word_1_583' title='bbox 2149 4821 2356 4873; x_wconf 88' lang='lat' dir='ltr'>cuncta</span> <span class='ocrx_word' id='word_1_584' title='bbox 2367 4817 2677 4873; x_wconf 88' lang='lat' dir='ltr'>secundum</span> <span class='ocrx_word' id='word_1_585' title='bbox 2691 4819 2880 4890; x_wconf 86' lang='lat' dir='ltr'>legem</span> <span class='ocrx_word' id='word_1_586' title='bbox 2899 4817 3233 4883; x_wconf 85' lang='lat' dir='ltr'>decernere,</span> <span class='ocrx_word' id='word_1_587' title='bbox 3247 4835 3478 4891; x_wconf 90' lang='lat' dir='ltr'>semper</span> 
     </span>
    </p>
   </div>
   <div class='ocr_carea' id='block_1_107' title="bbox 1876 4905 3481 4978">
    <p class='ocr_par' dir='ltr' id='par_1_107' title="bbox 1876 4905 3481 4978">
     <span class='ocr_line' id='line_1_107' title="bbox 1876 4905 3481 4978; baseline 0.001 -17"><span class='ocrx_word' id='word_1_588' title='bbox 1876 4905 2216 4962; x_wconf 87' lang='lat' dir='ltr'>audivimus.</span> <span class='ocrx_word' id='word_1_589' title='bbox 2237 4906 2369 4960; x_wconf 88' lang='lat' dir='ltr'>Ideo</span> <span class='ocrx_word' id='word_1_590' title='bbox 2392 4906 2653 4961; x_wconf 92' lang='lat' dir='ltr'>dolemus</span> <span class='ocrx_word' id='word_1_591' title='bbox 2669 4905 2826 4978; x_wconf 90' lang='lat' dir='ltr'>quod</span> <span class='ocrx_word' id='word_1_592' title='bbox 2846 4905 3064 4960; x_wconf 89' lang='lat' dir='ltr'>famula</span> <span class='ocrx_word' id='word_1_593' title='bbox 3080 4907 3276 4961; x_wconf 89' lang='lat' dir='ltr'>nostra</span> <span class='ocrx_word' id='word_1_594' title='bbox 3292 4908 3481 4963; x_wconf 86' lang='lat' dir='ltr'>Imma</span> 
     </span>
    </p>
   </div>
   <div class='ocr_carea' id='block_1_108' title="bbox 1875 4992 3480 5064">
    <p class='ocr_par' dir='ltr' id='par_1_108' title="bbox 1875 4992 3480 5064">
     <span class='ocr_line' id='line_1_108' title="bbox 1875 4992 3480 5064; baseline -0.001 -13"><span class='ocrx_word' id='word_1_595' title='bbox 1875 5013 2006 5051; x_wconf 89' lang='lat' dir='ltr'>cum</span> <span class='ocrx_word' id='word_1_596' title='bbox 2033 4995 2160 5050; x_wconf 89' lang='lat' dir='ltr'>filiis</span> <span class='ocrx_word' id='word_1_597' title='bbox 2189 4994 2302 5048; x_wconf 91' lang='lat' dir='ltr'>suis</span> <span class='ocrx_word' id='word_1_598' title='bbox 2331 4995 2496 5049; x_wconf 89' lang='lat' dir='ltr'>nobis</span> <span class='ocrx_word' id='word_1_599' title='bbox 2527 4997 2613 5048; x_wconf 87' lang='lat' dir='ltr'>est</span> <span class='ocrx_word' id='word_1_600' title='bbox 2652 5012 2686 5049; x_wconf 87' lang='lat' dir='ltr'>a</span> <span class='ocrx_word' id='word_1_601' title='bbox 2711 4996 2900 5048; x_wconf 88' lang='lat' dir='ltr'>vestra</span> <span class='ocrx_word' id='word_1_602' title='bbox 2938 4994 3222 5063; x_wconf 89' lang='lat' dir='ltr'>potestate</span> <span class='ocrx_word' id='word_1_603' title='bbox 3267 4992 3480 5064; x_wconf 89' lang='lat' dir='ltr'>injuste</span> 
     </span>
    </p>
   </div>
   <div class='ocr_carea' id='block_1_109' title="bbox 1874 5080 3478 5158">
    <p class='ocr_par' dir='ltr' id='par_1_109' title="bbox 1874 5080 3478 5158">
     <span class='ocr_line' id='line_1_109' title="bbox 1874 5080 3478 5158; baseline -0.002 -18"><span class='ocrx_word' id='word_1_604' title='bbox 1874 5087 2061 5158; x_wconf 89' lang='lat' dir='ltr'>rapta.</span> <span class='ocrx_word' id='word_1_605' title='bbox 2089 5082 2311 5138; x_wconf 90' lang='lat' dir='ltr'>Scimus</span> <span class='ocrx_word' id='word_1_606' title='bbox 2331 5082 2510 5151; x_wconf 89' lang='lat' dir='ltr'>enim,</span> <span class='ocrx_word' id='word_1_607' title='bbox 2531 5082 2574 5138; x_wconf 92' lang='lat' dir='ltr'>si</span> <span class='ocrx_word' id='word_1_608' title='bbox 2590 5083 2779 5154; x_wconf 91' lang='lat' dir='ltr'>legem</span> <span class='ocrx_word' id='word_1_609' title='bbox 2795 5083 3024 5154; x_wconf 88' lang='lat' dir='ltr'>patrum</span> <span class='ocrx_word' id='word_1_610' title='bbox 3045 5096 3282 5136; x_wconf 90' lang='lat' dir='ltr'>suorum</span> <span class='ocrx_word' id='word_1_611' title='bbox 3299 5080 3478 5137; x_wconf 87' lang='lat' dir='ltr'>habe-</span> 
     </span>
    </p>
   </div>
   <div class='ocr_carea' id='block_1_110' title="bbox 1873 5168 3479 5244">
    <p class='ocr_par' dir='ltr' id='par_1_110' title="bbox 1873 5168 3479 5244">
     <span class='ocr_line' id='line_1_110' title="bbox 1873 5168 3479 5244; baseline -0.002 -15"><span class='ocrx_word' id='word_1_612' title='bbox 1873 5177 1982 5242; x_wconf 89' lang='lat' dir='ltr'>ret,</span> <span class='ocrx_word' id='word_1_613' title='bbox 2018 5173 2174 5244; x_wconf 92' lang='lat' dir='ltr'>quod</span> <span class='ocrx_word' id='word_1_614' title='bbox 2205 5171 2306 5225; x_wconf 82' lang='lat' dir='ltr'>ﬁlii</span> <span class='ocrx_word' id='word_1_615' title='bbox 2372 5172 2496 5242; x_wconf 90' lang='lat' dir='ltr'>ejus</span> <span class='ocrx_word' id='word_1_616' title='bbox 2536 5171 2706 5226; x_wconf 89' lang='lat' dir='ltr'>vestri</span> <span class='ocrx_word' id='word_1_617' title='bbox 2753 5170 3108 5227; x_wconf 89' lang='lat' dir='ltr'>serviessent.</span> <span class='ocrx_word' id='word_1_618' title='bbox 3138 5168 3238 5223; x_wconf 88' lang='lat' dir='ltr'>Illa</span> <span class='ocrx_word' id='word_1_619' title='bbox 3282 5172 3479 5226; x_wconf 88' lang='lat' dir='ltr'>autem</span> 
     </span>
    </p>
   </div>
   <div class='ocr_carea' id='block_1_111' title="bbox 1873 5259 3483 5335">
    <p class='ocr_par' dir='ltr' id='par_1_111' title="bbox 1873 5259 3483 5335">
     <span class='ocr_line' id='line_1_111' title="bbox 1873 5259 3483 5335; baseline -0.002 -18"><span class='ocrx_word' id='word_1_620' title='bbox 1873 5261 2124 5335; x_wconf 89' lang='lat' dir='ltr'>perdidit</span> <span class='ocrx_word' id='word_1_621' title='bbox 2137 5261 2327 5331; x_wconf 87' lang='lat' dir='ltr'>legem</span> <span class='ocrx_word' id='word_1_622' title='bbox 2350 5259 2750 5332; x_wconf 89' lang='lat' dir='ltr'>patrum,quia</span> <span class='ocrx_word' id='word_1_623' title='bbox 2769 5259 2826 5314; x_wconf 92' lang='lat' dir='ltr'>in</span> <span class='ocrx_word' id='word_1_624' title='bbox 2856 5261 3052 5315; x_wconf 90' lang='lat' dir='ltr'>nostra</span> <span class='ocrx_word' id='word_1_625' title='bbox 3065 5259 3348 5331; x_wconf 87' lang='lat' dir='ltr'>potestate</span> <span class='ocrx_word' id='word_1_626' title='bbox 3369 5259 3483 5313; x_wconf 81' lang='lat' dir='ltr'>stu-</span> 
     </span>
    </p>
   </div>
   <div class='ocr_carea' id='block_1_112' title="bbox 1872 5346 3483 5422">
    <p class='ocr_par' dir='ltr' id='par_1_112' title="bbox 1872 5346 3483 5422">
     <span class='ocr_line' id='line_1_112' title="bbox 1872 5346 3483 5422; baseline -0.004 -18"><span class='ocrx_word' id='word_1_627' title='bbox 1872 5353 2040 5422; x_wconf 90' lang='lat' dir='ltr'>prata</span> <span class='ocrx_word' id='word_1_628' title='bbox 2057 5351 2142 5404; x_wconf 91' lang='lat' dir='ltr'>est</span> <span class='ocrx_word' id='word_1_629' title='bbox 2154 5351 2210 5403; x_wconf 92' lang='lat' dir='ltr'>et</span> <span class='ocrx_word' id='word_1_630' title='bbox 2223 5350 2452 5420; x_wconf 80' lang='lat' dir='ltr'>peperit</span> <span class='ocrx_word' id='word_1_631' title='bbox 2469 5347 2652 5400; x_wconf 82' lang='lat' dir='ltr'>filium</span> <span class='ocrx_word' id='word_1_632' title='bbox 2670 5352 2984 5422; x_wconf 89' lang='lat' dir='ltr'>antequam</span> <span class='ocrx_word' id='word_1_633' title='bbox 2999 5346 3330 5420; x_wconf 90' lang='lat' dir='ltr'>legitimum</span> <span class='ocrx_word' id='word_1_634' title='bbox 3351 5363 3483 5403; x_wconf 84' lang='lat' dir='ltr'>ma-</span> 
     </span>
    </p>
   </div>
   <div class='ocr_carea' id='block_1_113' title="bbox 1876 5433 3476 5509">
    <p class='ocr_par' dir='ltr' id='par_1_113' title="bbox 1876 5433 3476 5509">
     <span class='ocr_line' id='line_1_113' title="bbox 1876 5433 3476 5509; baseline -0.001 -16"><span class='ocrx_word' id='word_1_635' title='bbox 1876 5439 2050 5494; x_wconf 90' lang='lat' dir='ltr'>ritum</span> <span class='ocrx_word' id='word_1_636' title='bbox 2071 5437 2380 5507; x_wconf 83' lang='lat' dir='ltr'>acciperet;</span> <span class='ocrx_word' id='word_1_637' title='bbox 2405 5435 2562 5506; x_wconf 87' lang='lat' dir='ltr'>cujus</span> <span class='ocrx_word' id='word_1_638' title='bbox 2581 5433 2667 5490; x_wconf 90' lang='lat' dir='ltr'>rei</span> <span class='ocrx_word' id='word_1_639' title='bbox 2687 5437 2858 5490; x_wconf 88' lang='lat' dir='ltr'>testes</span> <span class='ocrx_word' id='word_1_640' title='bbox 2879 5439 3013 5491; x_wconf 91' lang='lat' dir='ltr'>sunt</span> <span class='ocrx_word' id='word_1_641' title='bbox 3044 5452 3246 5492; x_wconf 90' lang='lat' dir='ltr'>omnes</span> <span class='ocrx_word' id='word_1_642' title='bbox 3279 5435 3376 5509; x_wconf 89' lang='lat' dir='ltr'>qui</span> <span class='ocrx_word' id='word_1_643' title='bbox 3407 5436 3476 5492; x_wconf 89' lang='lat' dir='ltr'>il-</span> 
     </span>
    </p>
   </div>
   <div class='ocr_carea' id='block_1_114' title="bbox 1878 5521 3483 5598">
    <p class='ocr_par' dir='ltr' id='par_1_114' title="bbox 1878 5521 3483 5598">
     <span class='ocr_line' id='line_1_114' title="bbox 1878 5521 3483 5598; baseline -0.001 -16"><span class='ocrx_word' id='word_1_644' title='bbox 1878 5530 1994 5582; x_wconf 89' lang='lat' dir='ltr'>lam</span> <span class='ocrx_word' id='word_1_645' title='bbox 2023 5527 2398 5596; x_wconf 84' lang='lat' dir='ltr'>cognoscuut,</span> <span class='ocrx_word' id='word_1_646' title='bbox 2434 5523 2533 5598; x_wconf 89' lang='lat' dir='ltr'>qui</span> <span class='ocrx_word' id='word_1_647' title='bbox 2564 5521 2837 5578; x_wconf 87' lang='lat' dir='ltr'>eumdem</span> <span class='ocrx_word' id='word_1_648' title='bbox 2863 5522 3148 5580; x_wconf 84' lang='lat' dir='ltr'>infantem</span> <span class='ocrx_word' id='word_1_649' title='bbox 3197 5524 3483 5581; x_wconf 89' lang='lat' dir='ltr'>viderunt.</span> 
     </span>
    </p>
   </div>
   <div class='ocr_carea' id='block_1_115' title="bbox 1881 5611 3486 5685">
    <p class='ocr_par' dir='ltr' id='par_1_115' title="bbox 1881 5611 3486 5685">
     <span class='ocr_line' id='line_1_115' title="bbox 1881 5611 3486 5685; baseline 0.002 -17"><span class='ocrx_word' id='word_1_650' title='bbox 1881 5615 2094 5668; x_wconf 86' lang='lat' dir='ltr'>Idcirco</span> <span class='ocrx_word' id='word_1_651' title='bbox 2115 5613 2361 5685; x_wconf 90' lang='lat' dir='ltr'>petimus</span> <span class='ocrx_word' id='word_1_652' title='bbox 2386 5616 2448 5668; x_wconf 87' lang='lat' dir='ltr'>ut</span> <span class='ocrx_word' id='word_1_653' title='bbox 2466 5611 2630 5667; x_wconf 90' lang='lat' dir='ltr'>nobis</span> <span class='ocrx_word' id='word_1_654' title='bbox 2647 5611 2917 5668; x_wconf 85' lang='lat' dir='ltr'>eamdem</span> <span class='ocrx_word' id='word_1_655' title='bbox 2940 5627 3165 5668; x_wconf 87' lang='lat' dir='ltr'>servam</span> <span class='ocrx_word' id='word_1_656' title='bbox 3190 5630 3321 5669; x_wconf 90' lang='lat' dir='ltr'>cum</span> <span class='ocrx_word' id='word_1_657' title='bbox 3356 5615 3486 5672; x_wconf 83' lang='lat' dir='ltr'>filiis</span> 
     </span>
    </p>
   </div>
   <div class='ocr_carea' id='block_1_116' title="bbox 1886 5699 3480 5774">
    <p class='ocr_par' dir='ltr' id='par_1_116' title="bbox 1886 5699 3480 5774">
     <span class='ocr_line' id='line_1_116' title="bbox 1886 5699 3480 5774; baseline 0.003 -17"><span class='ocrx_word' id='word_1_658' title='bbox 1886 5702 2049 5757; x_wconf 85' lang='lat' dir='ltr'>reddi</span> <span class='ocrx_word' id='word_1_659' title='bbox 2077 5701 2439 5772; x_wconf 74' lang='lat' dir='ltr'>prmoipiatis,</span> <span class='ocrx_word' id='word_1_660' title='bbox 2468 5718 2540 5757; x_wconf 89' lang='lat' dir='ltr'>ne</span> <span class='ocrx_word' id='word_1_661' title='bbox 2559 5704 2614 5755; x_wconf 87' lang='lat' dir='ltr'>ct</span> <span class='ocrx_word' id='word_1_662' title='bbox 2638 5701 2794 5756; x_wconf 83' lang='lat' dir='ltr'>vobis</span> <span class='ocrx_word' id='word_1_663' title='bbox 2825 5702 3123 5774; x_wconf 87' lang='lat' dir='ltr'>peccatum</span> <span class='ocrx_word' id='word_1_664' title='bbox 3162 5699 3254 5769; x_wconf 90' lang='lat' dir='ltr'>sit,</span> <span class='ocrx_word' id='word_1_665' title='bbox 3281 5702 3328 5760; x_wconf 90' lang='lat' dir='ltr'>si</span> <span class='ocrx_word' id='word_1_666' title='bbox 3351 5720 3480 5760; x_wconf 84' lang='lat' dir='ltr'>mo-</span> 
     </span>
    </p>
   </div>
   <div class='ocr_carea' id='block_1_117' title="bbox 249 5788 3487 5872">
    <p class='ocr_par' dir='ltr' id='par_1_117' title="bbox 249 5788 3487 5872">
     <span class='ocr_line' id='line_1_117' title="bbox 249 5788 3487 5872; baseline -0.003 -17"><span class='ocrx_word' id='word_1_667' title='bbox 249 5801 543 5872; x_wconf 75' lang='lat' dir='ltr'>Bogamus</span> <span class='ocrx_word' id='word_1_668' title='bbox 581 5811 684 5850; x_wconf 88' lang='lat' dir='ltr'>vos</span> <span class='ocrx_word' id='word_1_669' title='bbox 717 5810 821 5865; x_wconf 87' lang='lat' dir='ltr'>per</span> <span class='ocrx_word' id='word_1_670' title='bbox 852 5811 1112 5852; x_wconf 88' lang='lat' dir='ltr'>amorem</span> <span class='ocrx_word' id='word_1_671' title='bbox 1139 5793 1406 5851; x_wconf 66' lang='lat' dir='ltr'>amicitiae</span> <span class='ocrx_word' id='word_1_672' title='bbox 1432 5809 1610 5867; x_wconf 85' lang='lat' dir='ltr'>quam</span> <span class='ocrx_word' id='word_1_673' title='bbox 1640 5793 1792 5849; x_wconf 86' lang='lat' dir='ltr'>inter</span> <span class='ocrx_word' id='word_1_674' title='bbox 1895 5808 2025 5849; x_wconf 87' lang='lat' dir='ltr'>ram</span> <span class='ocrx_word' id='word_1_675' title='bbox 2059 5790 2120 5848; x_wconf 87' lang='lat' dir='ltr'>in</span> <span class='ocrx_word' id='word_1_676' title='bbox 2151 5788 2449 5847; x_wconf 87' lang='lat' dir='ltr'>reddendo</span> <span class='ocrx_word' id='word_1_677' title='bbox 2470 5791 2674 5863; x_wconf 81' lang='lat' dir='ltr'>facitis,</span> <span class='ocrx_word' id='word_1_678' title='bbox 2708 5795 2766 5855; x_wconf 85' lang='lat' dir='ltr'>et</span> <span class='ocrx_word' id='word_1_679' title='bbox 2790 5789 2954 5848; x_wconf 85' lang='lat' dir='ltr'>nobis</span> <span class='ocrx_word' id='word_1_680' title='bbox 2983 5803 3212 5845; x_wconf 86' lang='lat' dir='ltr'>necesse</span> <span class='ocrx_word' id='word_1_681' title='bbox 3237 5806 3357 5846; x_wconf 89' lang='lat' dir='ltr'>non</span> <span class='ocrx_word' id='word_1_682' title='bbox 3398 5793 3487 5860; x_wconf 67' lang='lat' dir='ltr'>sic,</span> 
     </span>
    </p>
   </div>
  </div>
