  <div class='ocr_page' id='page_1' title='image "/cluster/home/n/w/nwhite01/storage/ocr_20150623/139/uva.x000829787/193.png"; bbox 0 0 3882 6222; ppageno 0'>
   <div class='ocr_carea' id='block_1_1' title="bbox 420 454 516 512">
    <p class='ocr_par' dir='ltr' id='par_1_1' title="bbox 420 454 516 512">
     <span class='ocr_line' id='line_1_1' title="bbox 420 454 516 512; baseline -0.021 0"><span class='ocrx_word' id='word_1_1' title='bbox 420 454 516 512; x_wconf 83' lang='lat' dir='ltr'><strong>37l</strong></span> 
     </span>
    </p>
   </div>
   <div class='ocr_carea' id='block_1_2' title="bbox 421 569 2113 644">
    <p class='ocr_par' dir='ltr' id='par_1_2' title="bbox 421 569 2113 644">
     <span class='ocr_line' id='line_1_2' title="bbox 421 569 2113 644; baseline -0.004 -13"><span class='ocrx_word' id='word_1_2' title='bbox 421 592 550 636; x_wconf 86' lang='lat' dir='ltr'><strong>cum</strong></span> <span class='ocrx_word' id='word_1_3' title='bbox 605 572 902 644; x_wconf 76' lang='lat' dir='ltr'><strong>negatione,</strong></span> <span class='ocrx_word' id='word_1_4' title='bbox 929 578 1111 627; x_wconf 86' lang='lat' dir='ltr'><strong>contra</strong></span> <span class='ocrx_word' id='word_1_5' title='bbox 1133 589 1340 628; x_wconf 81' lang='lat' dir='ltr'><strong>sensum</strong></span> <span class='ocrx_word' id='word_1_6' title='bbox 1362 571 1434 626; x_wconf 90' lang='lat' dir='ltr'><strong>sit</strong></span> <span class='ocrx_word' id='word_1_7' title='bbox 1460 572 1676 627; x_wconf 91' lang='lat' dir='ltr'><strong>domno</strong></span> <span class='ocrx_word' id='word_1_8' title='bbox 1696 573 1877 627; x_wconf 80' lang='lat' dir='ltr'><strong>nostri</strong></span> <span class='ocrx_word' id='word_1_9' title='bbox 1901 569 2030 626; x_wconf 91' lang='lat' dir='ltr'><strong>duci</strong></span> <span class='ocrx_word' id='word_1_10' title='bbox 2059 574 2113 634; x_wconf 87' lang='grc' dir='ltr'><strong>Α</strong></span> 
     </span>
    </p>
   </div>
   <div class='ocr_carea' id='block_1_3' title="bbox 429 659 1399 733">
    <p class='ocr_par' dir='ltr' id='par_1_3' title="bbox 429 659 1399 733">
     <span class='ocr_line' id='line_1_3' title="bbox 429 659 1399 733; baseline -0.006 -13"><span class='ocrx_word' id='word_1_11' title='bbox 429 665 503 720; x_wconf 91' lang='lat' dir='ltr'><strong>de</strong></span> <span class='ocrx_word' id='word_1_12' title='bbox 532 665 640 719; x_wconf 90' lang='lat' dir='ltr'><strong>hac</strong></span> <span class='ocrx_word' id='word_1_13' title='bbox 666 659 1158 733; x_wconf 89' lang='lat' dir='ltr'><strong>requerimoniam</strong></span> <span class='ocrx_word' id='word_1_14' title='bbox 1191 661 1399 715; x_wconf 86' lang='lat' dir='ltr'><strong>facere.</strong></span> 
     </span>
    </p>
   </div>
   <div class='ocr_carea' id='block_1_4' title="bbox 1003 749 1465 823">
    <p class='ocr_par' dir='ltr' id='par_1_4' title="bbox 1003 749 1465 823">
     <span class='ocr_line' id='line_1_4' title="bbox 1003 749 1465 823; baseline 0 -19"><span class='ocrx_word' id='word_1_15' title='bbox 1003 749 1335 823; x_wconf 82' lang='lat' dir='ltr'><strong>EPISTOLA</strong></span> <span class='ocrx_word' id='word_1_16' title='bbox 1360 750 1465 804; x_wconf 86' lang='lat' dir='ltr'><strong>xv.</strong></span> 
     </span>
    </p>
   </div>
   <div class='ocr_carea' id='block_1_5' title="bbox 440 837 2036 909">
    <p class='ocr_par' dir='ltr' id='par_1_5' title="bbox 440 837 2036 909">
     <span class='ocr_line' id='line_1_5' title="bbox 440 837 2036 909; baseline -0.006 -10"><span class='ocrx_word' id='word_1_17' title='bbox 440 841 513 899; x_wconf 88' lang='lat' dir='ltr'><strong><em>Ut</em></strong></span> <span class='ocrx_word' id='word_1_18' title='bbox 543 842 601 894; x_wconf 79' lang='lat' dir='ltr'><strong>in</strong></span> <span class='ocrx_word' id='word_1_19' title='bbox 625 841 833 909; x_wconf 81' lang='lat' dir='ltr'><strong>egregio</strong></span> <span class='ocrx_word' id='word_1_20' title='bbox 852 838 1279 908; x_wconf 82' lang='lat' dir='ltr'><strong>Tegcrnseensem</strong></span> <span class='ocrx_word' id='word_1_21' title='bbox 1299 838 1571 906; x_wconf 76' lang='lat' dir='ltr'><strong>familiam</strong></span> <span class='ocrx_word' id='word_1_22' title='bbox 1595 837 1830 907; x_wconf 80' lang='lat' dir='ltr'><strong>juvamii</strong></span> <span class='ocrx_word' id='word_1_23' title='bbox 1858 838 2036 890; x_wconf 84' lang='lat' dir='ltr'><strong>animo</strong></span> 
     </span>
    </p>
   </div>
   <div class='ocr_carea' id='block_1_6' title="bbox 499 925 2034 1000">
    <p class='ocr_par' dir='ltr' id='par_1_6' title="bbox 499 925 2034 1000">
     <span class='ocr_line' id='line_1_6' title="bbox 499 925 2034 1000; baseline -0.003 -17"><span class='ocrx_word' id='word_1_24' title='bbox 499 930 769 1000; x_wconf 79' lang='lat' dir='ltr'><strong>persistat,</strong></span> <span class='ocrx_word' id='word_1_25' title='bbox 792 934 842 981; x_wconf 87' lang='lat' dir='ltr'><strong>et</strong></span> <span class='ocrx_word' id='word_1_26' title='bbox 861 927 1115 999; x_wconf 81' lang='lat' dir='ltr'><strong>quosdam</strong></span> <span class='ocrx_word' id='word_1_27' title='bbox 1143 926 1377 997; x_wconf 77' lang='lat' dir='ltr'><strong>[amulos</strong></span> <span class='ocrx_word' id='word_1_28' title='bbox 1419 928 1632 980; x_wconf 75' lang='lat' dir='ltr'><strong>civitate</strong></span> <span class='ocrx_word' id='word_1_29' title='bbox 1651 925 1852 996; x_wconf 77' lang='lat' dir='ltr'><strong>pulsos,</strong></span> <span class='ocrx_word' id='word_1_30' title='bbox 1887 933 2034 979; x_wconf 84' lang='lat' dir='ltr'><strong>tuea-</strong></span> 
     </span>
    </p>
   </div>
   <div class='ocr_carea' id='block_1_7' title="bbox 503 1023 611 1074">
    <p class='ocr_par' dir='ltr' id='par_1_7' title="bbox 503 1023 611 1074">
     <span class='ocr_line' id='line_1_7' title="bbox 503 1023 611 1074; baseline 0.028 -3"><span class='ocrx_word' id='word_1_31' title='bbox 503 1023 611 1074; x_wconf 87' lang='lat' dir='ltr'><strong>tur.</strong></span> 
     </span>
    </p>
   </div>
   <div class='ocr_carea' id='block_1_8' title="bbox 509 1100 2037 1168">
    <p class='ocr_par' dir='ltr' id='par_1_8' title="bbox 509 1100 2037 1168">
     <span class='ocr_line' id='line_1_8' title="bbox 509 1100 2037 1168; baseline -0.004 -9"><span class='ocrx_word' id='word_1_32' title='bbox 509 1106 599 1168; x_wconf 88' lang='lat' dir='ltr'><strong>G.,</strong></span> <span class='ocrx_word' id='word_1_33' title='bbox 614 1103 673 1159; x_wconf 93' lang='lat' dir='ltr'><strong>in</strong></span> <span class='ocrx_word' id='word_1_34' title='bbox 695 1102 966 1159; x_wconf 90' lang='lat' dir='ltr'><strong>omnibus</strong></span> <span class='ocrx_word' id='word_1_35' title='bbox 991 1105 1178 1158; x_wconf 98' lang='lat' dir='ltr'><strong>vester</strong></span> <span class='ocrx_word' id='word_1_36' title='bbox 1198 1103 1434 1157; x_wconf 89' lang='lat' dir='ltr'><strong>devotus</strong></span> <span class='ocrx_word' id='word_1_37' title='bbox 1455 1101 1716 1168; x_wconf 89' lang='lat' dir='ltr'><strong>servitor,</strong></span> <span class='ocrx_word' id='word_1_38' title='bbox 1732 1103 1792 1156; x_wconf 92' lang='lat' dir='ltr'><strong>P.</strong></span> <span class='ocrx_word' id='word_1_39' title='bbox 1811 1100 2037 1155; x_wconf 88' lang='lat' dir='ltr'><strong>amicis-</strong></span> 
     </span>
    </p>
   </div>
   <div class='ocr_carea' id='block_1_9' title="bbox 441 1189 2038 1264">
    <p class='ocr_par' dir='ltr' id='par_1_9' title="bbox 441 1189 2038 1264">
     <span class='ocr_line' id='line_1_9' title="bbox 441 1189 2038 1264; baseline -0.004 -14"><span class='ocrx_word' id='word_1_40' title='bbox 441 1194 586 1250; x_wconf 90' lang='lat' dir='ltr'><strong>simo</strong></span> <span class='ocrx_word' id='word_1_41' title='bbox 619 1191 1048 1264; x_wconf 87' lang='lat' dir='ltr'><strong>consanguineo</strong></span> <span class='ocrx_word' id='word_1_42' title='bbox 1067 1192 1399 1262; x_wconf 87' lang='lat' dir='ltr'><strong>domnoque</strong></span> <span class='ocrx_word' id='word_1_43' title='bbox 1417 1189 1752 1245; x_wconf 89' lang='lat' dir='ltr'><strong>charissimo</strong></span> <span class='ocrx_word' id='word_1_44' title='bbox 1780 1190 2038 1245; x_wconf 87' lang='lat' dir='ltr'><strong>sedulam</strong></span> 
     </span>
    </p>
   </div>
   <div class='ocr_carea' id='block_1_10' title="bbox 442 1279 1597 1352">
    <p class='ocr_par' dir='ltr' id='par_1_10' title="bbox 442 1279 1597 1352">
     <span class='ocr_line' id='line_1_10' title="bbox 442 1279 1597 1352; baseline -0.003 -12"><span class='ocrx_word' id='word_1_45' title='bbox 442 1284 770 1340; x_wconf 87' lang='lat' dir='ltr'><strong>orationem</strong></span> <span class='ocrx_word' id='word_1_46' title='bbox 803 1282 1189 1352; x_wconf 89' lang='lat' dir='ltr'><strong>devotumque</strong></span> <span class='ocrx_word' id='word_1_47' title='bbox 1211 1279 1567 1333; x_wconf 82' lang='lat' dir='ltr'><strong>famulamen</strong></span> <span class='ocrx_word' id='word_1_48' title='bbox 1583 1321 1597 1336; x_wconf 93' lang='lat'><strong>.</strong></span> 
     </span>
    </p>
   </div>
   <div class='ocr_carea' id='block_1_11' title="bbox 513 1365 2042 1443">
    <p class='ocr_par' dir='ltr' id='par_1_11' title="bbox 513 1365 2042 1443">
     <span class='ocr_line' id='line_1_11' title="bbox 513 1365 2042 1443; baseline -0.005 -16"><span class='ocrx_word' id='word_1_49' title='bbox 513 1369 1028 1443; x_wconf 89' lang='lat' dir='ltr'><strong>Deus,quinullum</strong></span> <span class='ocrx_word' id='word_1_50' title='bbox 1043 1369 1191 1424; x_wconf 86' lang='lat' dir='ltr'><strong>bene</strong></span> <span class='ocrx_word' id='word_1_51' title='bbox 1213 1370 1549 1439; x_wconf 78' lang='lat' dir='ltr'><strong>operantem</strong></span> <span class='ocrx_word' id='word_1_52' title='bbox 1584 1365 1926 1421; x_wconf 89' lang='lat' dir='ltr'><strong>indonatum</strong></span> <span class='ocrx_word' id='word_1_53' title='bbox 1953 1383 2042 1420; x_wconf 92' lang='lat' dir='ltr'><strong>re-</strong></span> 
     </span>
    </p>
   </div>
   <div class='ocr_carea' id='block_1_12' title="bbox 443 1453 2045 1533">
    <p class='ocr_par' dir='ltr' id='par_1_12' title="bbox 443 1453 2045 1533">
     <span class='ocr_line' id='line_1_12' title="bbox 443 1453 2045 1533; baseline -0.006 -18"><span class='ocrx_word' id='word_1_54' title='bbox 443 1460 685 1533; x_wconf 78' lang='lat' dir='ltr'><strong>linquet,</strong></span> <span class='ocrx_word' id='word_1_55' title='bbox 701 1458 964 1514; x_wconf 90' lang='lat' dir='ltr'><strong>restituat</strong></span> <span class='ocrx_word' id='word_1_56' title='bbox 981 1455 1140 1512; x_wconf 86' lang='lat' dir='ltr'><strong>vobis</strong></span> <span class='ocrx_word' id='word_1_57' title='bbox 1152 1454 1635 1511; x_wconf 85' lang='lat' dir='ltr'><strong>remunerationis</strong></span> <span class='ocrx_word' id='word_1_58' title='bbox 1650 1456 1866 1509; x_wconf 89' lang='lat' dir='ltr'><strong>donum</strong></span> <span class='ocrx_word' id='word_1_59' title='bbox 1891 1453 2045 1524; x_wconf 91' lang='lat' dir='ltr'><strong>quod</strong></span> 
     </span>
    </p>
   </div>
   <div class='ocr_carea' id='block_1_13' title="bbox 443 1540 2046 1621">
    <p class='ocr_par' dir='ltr' id='par_1_13' title="bbox 443 1540 2046 1621">
     <span class='ocr_line' id='line_1_13' title="bbox 443 1540 2046 1621; baseline -0.007 -17"><span class='ocrx_word' id='word_1_60' title='bbox 443 1565 551 1621; x_wconf 92' lang='lat' dir='ltr'><strong>pro</strong></span> <span class='ocrx_word' id='word_1_61' title='bbox 576 1547 740 1603; x_wconf 90' lang='lat' dir='ltr'><strong>nobis</strong></span> <span class='ocrx_word' id='word_1_62' title='bbox 761 1549 1113 1612; x_wconf 86' lang='lat' dir='ltr'><strong>constanter,</strong></span> <span class='ocrx_word' id='word_1_63' title='bbox 1129 1545 1333 1600; x_wconf 88' lang='lat' dir='ltr'><strong>devote</strong></span> <span class='ocrx_word' id='word_1_64' title='bbox 1358 1543 1719 1615; x_wconf 84' lang='lat' dir='ltr'><strong>ﬁdeliterque</strong></span> <span class='ocrx_word' id='word_1_65' title='bbox 1745 1540 2046 1596; x_wconf 85' lang='lat' dir='ltr'><strong>laborastis</strong></span> 
     </span>
    </p>
   </div>
   <div class='ocr_carea' id='block_1_14' title="bbox 446 1629 2044 1709">
    <p class='ocr_par' dir='ltr' id='par_1_14' title="bbox 446 1629 2044 1709">
     <span class='ocr_line' id='line_1_14' title="bbox 446 1629 2044 1709; baseline -0.007 -17"><span class='ocrx_word' id='word_1_66' title='bbox 446 1637 506 1692; x_wconf 90' lang='lat' dir='ltr'><strong>in</strong></span> <span class='ocrx_word' id='word_1_67' title='bbox 521 1653 589 1692; x_wconf 86' lang='lat' dir='ltr'><strong>eo</strong></span> <span class='ocrx_word' id='word_1_68' title='bbox 614 1637 768 1709; x_wconf 89' lang='lat' dir='ltr'><strong>quod</strong></span> <span class='ocrx_word' id='word_1_69' title='bbox 787 1637 861 1691; x_wconf 88' lang='lat' dir='ltr'><strong>ad</strong></span> <span class='ocrx_word' id='word_1_70' title='bbox 882 1637 1131 1690; x_wconf 87' lang='lat' dir='ltr'><strong>vestrum</strong></span> <span class='ocrx_word' id='word_1_71' title='bbox 1156 1633 1423 1689; x_wconf 85' lang='lat' dir='ltr'><strong>solatium</strong></span> <span class='ocrx_word' id='word_1_72' title='bbox 1448 1629 2044 1702; x_wconf 81' lang='lat' dir='ltr'><strong>confugimus(l2)ju-</strong></span> 
     </span>
    </p>
   </div>
   <div class='ocr_carea' id='block_1_15' title="bbox 448 1717 2048 1792">
    <p class='ocr_par' dir='ltr' id='par_1_15' title="bbox 448 1717 2048 1792">
     <span class='ocr_line' id='line_1_15' title="bbox 448 1717 2048 1792; baseline -0.007 -10"><span class='ocrx_word' id='word_1_73' title='bbox 448 1725 663 1781; x_wconf 87' lang='lat' dir='ltr'><strong>stitiam</strong></span> <span class='ocrx_word' id='word_1_74' title='bbox 683 1725 783 1780; x_wconf 92' lang='lat' dir='ltr'><strong>Dei</strong></span> <span class='ocrx_word' id='word_1_75' title='bbox 799 1721 1332 1779; x_wconf 86' lang='lat' dir='ltr'><strong>nostrimonasterii</strong></span> <span class='ocrx_word' id='word_1_76' title='bbox 1353 1717 2048 1792; x_wconf 83' lang='lat' dir='ltr'><strong>exquirendam.Pctimus</strong></span> 
     </span>
    </p>
   </div>
   <div class='ocr_carea' id='block_1_16' title="bbox 1031 445 3129 508">
    <p class='ocr_par' dir='ltr' id='par_1_16' title="bbox 1031 445 3129 508">
     <span class='ocr_line' id='line_1_16' title="bbox 1031 445 3129 508; baseline 0.001 -2"><span class='ocrx_word' id='word_1_77' title='bbox 1031 449 1371 508; x_wconf 81' lang='lat' dir='ltr'><strong>GOZPERTI</strong></span> <span class='ocrx_word' id='word_1_78' title='bbox 1405 446 1691 506; x_wconf 78' lang='lat' dir='ltr'><strong>ABBATIS</strong></span> <span class='ocrx_word' id='word_1_79' title='bbox 1727 447 2281 505; x_wconf 81' lang='lat' dir='ltr'><strong>TEGERNSEENSIS</strong></span> <span class='ocrx_word' id='word_1_80' title='bbox 2322 445 2694 506; x_wconf 78' lang='lat' dir='ltr'><strong>EPISTOUE.</strong></span> <span class='ocrx_word' id='word_1_81' title='bbox 2722 475 2794 494; x_wconf 93' lang='lat'><strong>—</strong></span> <span class='ocrx_word' id='word_1_82' title='bbox 2828 446 3129 508; x_wconf 75' lang='lat' dir='ltr'><strong>APPEND.</strong></span> 
     </span>
    </p>
   </div>
   <div class='ocr_carea' id='block_1_17' title="bbox 3641 448 3766 506">
    <p class='ocr_par' dir='ltr' id='par_1_17' title="bbox 3641 448 3766 506">
     <span class='ocr_line' id='line_1_17' title="bbox 3641 448 3766 506; baseline -0.024 0"><span class='ocrx_word' id='word_1_83' title='bbox 3641 448 3766 506; x_wconf 79' lang='lat'><strong>372</strong></span> 
     </span>
    </p>
   </div>
   <div class='ocr_carea' id='block_1_18' title="bbox 2686 571 3172 628">
    <p class='ocr_par' dir='ltr' id='par_1_18' title="bbox 2686 571 3172 628">
     <span class='ocr_line' id='line_1_18' title="bbox 2686 571 3172 628; baseline 0.004 -2"><span class='ocrx_word' id='word_1_84' title='bbox 2686 571 3019 627; x_wconf 76' lang='lat' dir='ltr'><strong>EPISTULA</strong></span> <span class='ocrx_word' id='word_1_85' title='bbox 3043 573 3172 628; x_wconf 85' lang='lat' dir='ltr'><strong>XVI.</strong></span> 
     </span>
    </p>
   </div>
   <div class='ocr_carea' id='block_1_19' title="bbox 2747 660 3120 698">
    <p class='ocr_par' dir='ltr' id='par_1_19' title="bbox 2747 660 3120 698">
     <span class='ocr_line' id='line_1_19' title="bbox 2747 660 3120 698; baseline 0 -2"><span class='ocrx_word' id='word_1_86' title='bbox 2747 660 2820 696; x_wconf 78' lang='lat' dir='ltr'><strong>AD</strong></span> <span class='ocrx_word' id='word_1_87' title='bbox 2855 661 3120 698; x_wconf 81' lang='lat' dir='ltr'><strong>EUMDEM.</strong></span> 
     </span>
    </p>
   </div>
   <div class='ocr_carea' id='block_1_20' title="bbox 2140 711 3770 783">
    <p class='ocr_par' dir='ltr' id='par_1_20' title="bbox 2140 711 3770 783">
     <span class='ocr_line' id='line_1_20' title="bbox 2140 711 3770 783; baseline 0 -17"><span class='ocrx_word' id='word_1_88' title='bbox 2140 711 2497 782; x_wconf 77' lang='lat' dir='ltr'><strong>Conqueritur</strong></span> <span class='ocrx_word' id='word_1_89' title='bbox 2517 714 2578 767; x_wconf 88' lang='lat' dir='ltr'><strong>ob</strong></span> <span class='ocrx_word' id='word_1_90' title='bbox 2608 716 2693 767; x_wconf 87' lang='lat' dir='ltr'><strong>sui</strong></span> <span class='ocrx_word' id='word_1_91' title='bbox 2727 715 3016 782; x_wconf 79' lang='lat' dir='ltr'><strong>neglectum</strong></span> <span class='ocrx_word' id='word_1_92' title='bbox 3059 721 3107 766; x_wconf 86' lang='lat' dir='ltr'><strong>et</strong></span> <span class='ocrx_word' id='word_1_93' title='bbox 3135 713 3466 778; x_wconf 80' lang='lat' dir='ltr'><strong>oblivionem,</strong></span> <span class='ocrx_word' id='word_1_94' title='bbox 3489 717 3770 783; x_wconf 78' lang='lat' dir='ltr'><strong>rogatque</strong></span> 
     </span>
    </p>
   </div>
   <div class='ocr_carea' id='block_1_21' title="bbox 2209 785 3772 854">
    <p class='ocr_par' dir='ltr' id='par_1_21' title="bbox 2209 785 3772 854">
     <span class='ocr_line' id='line_1_21' title="bbox 2209 785 3772 854; baseline -0.001 -17"><span class='ocrx_word' id='word_1_95' title='bbox 2209 791 2268 837; x_wconf 75' lang='lat' dir='ltr'><strong>ut</strong></span> <span class='ocrx_word' id='word_1_96' title='bbox 2301 785 2505 854; x_wconf 81' lang='lat' dir='ltr'><strong>aliquid</strong></span> <span class='ocrx_word' id='word_1_97' title='bbox 2535 787 2710 854; x_wconf 76' lang='lat' dir='ltr'><strong>capri,</strong></span> <span class='ocrx_word' id='word_1_98' title='bbox 2741 787 2923 838; x_wconf 85' lang='lat' dir='ltr'><strong>stanni</strong></span> <span class='ocrx_word' id='word_1_99' title='bbox 2957 793 3008 837; x_wconf 86' lang='lat' dir='ltr'><strong>et</strong></span> <span class='ocrx_word' id='word_1_100' title='bbox 3029 785 3243 854; x_wconf 79' lang='lat' dir='ltr'><strong>plumbi</strong></span> <span class='ocrx_word' id='word_1_101' title='bbox 3294 786 3364 837; x_wconf 84' lang='lat' dir='ltr'><strong>ad</strong></span> <span class='ocrx_word' id='word_1_102' title='bbox 3407 785 3772 854; x_wconf 75' lang='lat' dir='ltr'><strong>fundendum</strong></span> 
     </span>
    </p>
   </div>
   <div class='ocr_carea' id='block_1_22' title="bbox 2209 854 3772 924">
    <p class='ocr_par' dir='ltr' id='par_1_22' title="bbox 2209 854 3772 924">
     <span class='ocr_line' id='line_1_22' title="bbox 2209 854 3772 924; baseline 0.001 -16"><span class='ocrx_word' id='word_1_103' title='bbox 2209 870 2546 923; x_wconf 80' lang='lat' dir='ltr'><strong>Campanam,</strong></span> <span class='ocrx_word' id='word_1_104' title='bbox 2588 863 2635 908; x_wconf 83' lang='lat' dir='ltr'><strong>et</strong></span> <span class='ocrx_word' id='word_1_105' title='bbox 2659 856 2903 909; x_wconf 76' lang='lat' dir='ltr'><strong>nonnihil</strong></span> <span class='ocrx_word' id='word_1_106' title='bbox 2934 857 3293 924; x_wconf 76' lang='lat' dir='ltr'><strong>thymiamatis</strong></span> <span class='ocrx_word' id='word_1_107' title='bbox 3320 856 3390 910; x_wconf 85' lang='lat' dir='ltr'><strong>ad</strong></span> <span class='ocrx_word' id='word_1_108' title='bbox 3409 855 3625 911; x_wconf 81' lang='lat' dir='ltr'><strong>cultum</strong></span> <span class='ocrx_word' id='word_1_109' title='bbox 3652 854 3772 910; x_wconf 77' lang='lat' dir='ltr'><strong>Dei</strong></span> 
     </span>
    </p>
   </div>
   <div class='ocr_carea' id='block_1_23' title="bbox 2210 925 2838 992">
    <p class='ocr_par' dir='ltr' id='par_1_23' title="bbox 2210 925 2838 992">
     <span class='ocr_line' id='line_1_23' title="bbox 2210 925 2838 992; baseline 0.002 -15"><span class='ocrx_word' id='word_1_110' title='bbox 2210 931 2256 977; x_wconf 83' lang='lat' dir='ltr'><strong>et</strong></span> <span class='ocrx_word' id='word_1_111' title='bbox 2285 926 2351 981; x_wconf 90' lang='lat' dir='ltr'><strong>S.</strong></span> <span class='ocrx_word' id='word_1_112' title='bbox 2392 925 2614 992; x_wconf 80' lang='lat' dir='ltr'><strong>Quirini</strong></span> <span class='ocrx_word' id='word_1_113' title='bbox 2641 929 2838 984; x_wconf 84' lang='lat' dir='ltr'><strong>mittat.</strong></span> 
     </span>
    </p>
   </div>
   <div class='ocr_carea' id='block_1_24' title="bbox 2212 1013 3774 1088">
    <p class='ocr_par' dir='ltr' id='par_1_24' title="bbox 2212 1013 3774 1088">
     <span class='ocr_line' id='line_1_24' title="bbox 2212 1013 3774 1088; baseline 0.003 -22"><span class='ocrx_word' id='word_1_114' title='bbox 2212 1013 2403 1067; x_wconf 84' lang='lat' dir='ltr'><strong>Abbas</strong></span> <span class='ocrx_word' id='word_1_115' title='bbox 2429 1013 2490 1070; x_wconf 90' lang='lat' dir='ltr'><strong>G.</strong></span> <span class='ocrx_word' id='word_1_116' title='bbox 2524 1014 2828 1086; x_wconf 71' lang='lat' dir='ltr'><strong>cmterique</strong></span> <span class='ocrx_word' id='word_1_117' title='bbox 2867 1014 3074 1069; x_wconf 86' lang='lat' dir='ltr'><strong>fratres</strong></span> <span class='ocrx_word' id='word_1_118' title='bbox 3123 1016 3184 1069; x_wconf 90' lang='lat' dir='ltr'><strong>P.</strong></span> <span class='ocrx_word' id='word_1_119' title='bbox 3227 1015 3774 1088; x_wconf 64' lang='lat' dir='ltr'><strong>quidquidjpatres</strong></span> 
     </span>
    </p>
   </div>
   <div class='ocr_carea' id='block_1_25' title="bbox 2146 1099 3199 1172">
    <p class='ocr_par' dir='ltr' id='par_1_25' title="bbox 2146 1099 3199 1172">
     <span class='ocr_line' id='line_1_25' title="bbox 2146 1099 3199 1172; baseline 0.005 -19"><span class='ocrx_word' id='word_1_120' title='bbox 2146 1099 2355 1154; x_wconf 91' lang='lat' dir='ltr'><strong>dilecto</strong></span> <span class='ocrx_word' id='word_1_121' title='bbox 2376 1101 2545 1155; x_wconf 83' lang='lat' dir='ltr'><strong>fratri</strong></span> <span class='ocrx_word' id='word_1_122' title='bbox 2571 1102 2804 1172; x_wconf 84' lang='lat' dir='ltr'><strong>ﬁlioque</strong></span> <span class='ocrx_word' id='word_1_123' title='bbox 2835 1102 3171 1157; x_wconf 89' lang='lat' dir='ltr'><strong>charissimo</strong></span> <span class='ocrx_word' id='word_1_124' title='bbox 3186 1144 3199 1159; x_wconf 93' lang='lat'><strong>.</strong></span> 
     </span>
    </p>
   </div>
   <div class='ocr_carea' id='block_1_26' title="bbox 2221 1190 3778 1263">
    <p class='ocr_par' dir='ltr' id='par_1_26' title="bbox 2221 1190 3778 1263">
     <span class='ocr_line' id='line_1_26' title="bbox 2221 1190 3778 1263; baseline 0.003 -21"><span class='ocrx_word' id='word_1_125' title='bbox 2221 1191 2416 1243; x_wconf 89' lang='lat' dir='ltr'><strong>Plures</strong></span> <span class='ocrx_word' id='word_1_126' title='bbox 2461 1190 2600 1244; x_wconf 90' lang='lat' dir='ltr'><strong>anni</strong></span> <span class='ocrx_word' id='word_1_127' title='bbox 2631 1194 3044 1261; x_wconf 86' lang='lat' dir='ltr'><strong>computantur</strong></span> <span class='ocrx_word' id='word_1_128' title='bbox 3085 1192 3240 1263; x_wconf 92' lang='lat' dir='ltr'><strong>quod</strong></span> <span class='ocrx_word' id='word_1_129' title='bbox 3272 1192 3530 1248; x_wconf 87' lang='lat' dir='ltr'><strong>nativum</strong></span> <span class='ocrx_word' id='word_1_130' title='bbox 3570 1195 3778 1249; x_wconf 89' lang='lat' dir='ltr'><strong>solum</strong></span> 
     </span>
    </p>
   </div>
   <div class='ocr_carea' id='block_1_27' title="bbox 2150 1278 3779 1354">
    <p class='ocr_par' dir='ltr' id='par_1_27' title="bbox 2150 1278 3779 1354">
     <span class='ocr_line' id='line_1_27' title="bbox 2150 1278 3779 1354; baseline 0.003 -22"><span class='ocrx_word' id='word_1_131' title='bbox 2150 1278 2556 1350; x_wconf 90' lang='lat' dir='ltr'><strong>dereliquistis,</strong></span> <span class='ocrx_word' id='word_1_132' title='bbox 2582 1282 2640 1333; x_wconf 91' lang='lat' dir='ltr'><strong>et</strong></span> <span class='ocrx_word' id='word_1_133' title='bbox 2663 1279 2932 1350; x_wconf 84' lang='lat' dir='ltr'><strong>regiones</strong></span> <span class='ocrx_word' id='word_1_134' title='bbox 2959 1280 3153 1334; x_wconf 90' lang='lat' dir='ltr'><strong>adistis</strong></span> <span class='ocrx_word' id='word_1_135' title='bbox 3172 1279 3418 1352; x_wconf 81' lang='lat' dir='ltr'><strong>ignotas,</strong></span> <span class='ocrx_word' id='word_1_136' title='bbox 3442 1281 3500 1336; x_wconf 92' lang='lat' dir='ltr'><strong>in</strong></span> <span class='ocrx_word' id='word_1_137' title='bbox 3529 1284 3779 1354; x_wconf 89' lang='lat' dir='ltr'><strong>quibus,</strong></span> 
     </span>
    </p>
   </div>
   <div class='ocr_carea' id='block_1_28' title="bbox 2152 1366 3783 1435">
    <p class='ocr_par' dir='ltr' id='par_1_28' title="bbox 2152 1366 3783 1435">
     <span class='ocr_line' id='line_1_28' title="bbox 2152 1366 3783 1435; baseline 0.004 -16"><span class='ocrx_word' id='word_1_138' title='bbox 2152 1369 2212 1420; x_wconf 89' lang='lat' dir='ltr'><strong>ut</strong></span> <span class='ocrx_word' id='word_1_139' title='bbox 2239 1366 2489 1420; x_wconf 83' lang='lat' dir='ltr'><strong>libenter</strong></span> <span class='ocrx_word' id='word_1_140' title='bbox 2527 1367 2870 1435; x_wconf 86' lang='lat' dir='ltr'><strong>audivimus,</strong></span> <span class='ocrx_word' id='word_1_141' title='bbox 2905 1368 3082 1422; x_wconf 89' lang='lat' dir='ltr'><strong>etiam</strong></span> <span class='ocrx_word' id='word_1_142' title='bbox 3117 1369 3251 1424; x_wconf 86' lang='lat' dir='ltr'><strong>satis</strong></span> <span class='ocrx_word' id='word_1_143' title='bbox 3284 1370 3514 1425; x_wconf 89' lang='lat' dir='ltr'><strong>abunde</strong></span> <span class='ocrx_word' id='word_1_144' title='bbox 3548 1371 3783 1426; x_wconf 88' lang='lat' dir='ltr'><strong>ditatus</strong></span> 
     </span>
    </p>
   </div>
   <div class='ocr_carea' id='block_1_29' title="bbox 2152 1455 3784 1532">
    <p class='ocr_par' dir='ltr' id='par_1_29' title="bbox 2152 1455 3784 1532">
     <span class='ocr_line' id='line_1_29' title="bbox 2152 1455 3784 1532; baseline 0.004 -24"><span class='ocrx_word' id='word_1_145' title='bbox 2152 1455 2306 1510; x_wconf 88' lang='lat' dir='ltr'><strong>estis.</strong></span> <span class='ocrx_word' id='word_1_146' title='bbox 2343 1455 2453 1509; x_wconf 88' lang='lat' dir='ltr'><strong>Sed</strong></span> <span class='ocrx_word' id='word_1_147' title='bbox 2487 1456 2772 1510; x_wconf 89' lang='lat' dir='ltr'><strong>miramur</strong></span> <span class='ocrx_word' id='word_1_148' title='bbox 2790 1459 2846 1510; x_wconf 91' lang='lat' dir='ltr'><strong>et</strong></span> <span class='ocrx_word' id='word_1_149' title='bbox 2868 1457 3129 1512; x_wconf 90' lang='lat' dir='ltr'><strong>dolemus</strong></span> <span class='ocrx_word' id='word_1_150' title='bbox 3155 1459 3311 1529; x_wconf 90' lang='lat' dir='ltr'><strong>quod</strong></span> <span class='ocrx_word' id='word_1_151' title='bbox 3333 1460 3512 1514; x_wconf 87' lang='lat' dir='ltr'><strong>nostri</strong></span> <span class='ocrx_word' id='word_1_152' title='bbox 3533 1462 3784 1532; x_wconf 87' lang='lat' dir='ltr'><strong>penitus</strong></span> 
     </span>
    </p>
   </div>
   <div class='ocr_carea' id='block_1_30' title="bbox 2154 1543 3784 1615">
    <p class='ocr_par' dir='ltr' id='par_1_30' title="bbox 2154 1543 3784 1615">
     <span class='ocr_line' id='line_1_30' title="bbox 2154 1543 3784 1615; baseline 0.004 -20"><span class='ocrx_word' id='word_1_153' title='bbox 2154 1543 2232 1596; x_wconf 89' lang='lat' dir='ltr'><strong>ita</strong></span> <span class='ocrx_word' id='word_1_154' title='bbox 2259 1543 2470 1596; x_wconf 89' lang='lat' dir='ltr'><strong>oblitus</strong></span> <span class='ocrx_word' id='word_1_155' title='bbox 2497 1544 2649 1611; x_wconf 90' lang='lat' dir='ltr'><strong>estis,</strong></span> <span class='ocrx_word' id='word_1_156' title='bbox 2691 1547 2753 1598; x_wconf 92' lang='lat' dir='ltr'><strong>ut</strong></span> <span class='ocrx_word' id='word_1_157' title='bbox 2785 1562 2889 1598; x_wconf 90' lang='lat' dir='ltr'><strong>nec</strong></span> <span class='ocrx_word' id='word_1_158' title='bbox 2922 1561 3026 1615; x_wconf 91' lang='lat' dir='ltr'><strong>per</strong></span> <span class='ocrx_word' id='word_1_159' title='bbox 3057 1546 3310 1614; x_wconf 87' lang='lat' dir='ltr'><strong>nuntios,</strong></span> <span class='ocrx_word' id='word_1_160' title='bbox 3336 1547 3467 1601; x_wconf 89' lang='lat' dir='ltr'><strong>hinc</strong></span> <span class='ocrx_word' id='word_1_161' title='bbox 3498 1547 3648 1601; x_wconf 91' lang='lat' dir='ltr'><strong>inde</strong></span> <span class='ocrx_word' id='word_1_162' title='bbox 3678 1565 3784 1602; x_wconf 69' lang='lat' dir='ltr'><strong>sa:-</strong></span> 
     </span>
    </p>
   </div>
   <div class='ocr_carea' id='block_1_31' title="bbox 2153 1630 3782 1708">
    <p class='ocr_par' dir='ltr' id='par_1_31' title="bbox 2153 1630 3782 1708">
     <span class='ocr_line' id='line_1_31' title="bbox 2153 1630 3782 1708; baseline 0.004 -25"><span class='ocrx_word' id='word_1_163' title='bbox 2153 1630 2280 1699; x_wconf 92' lang='lat' dir='ltr'><strong>pius</strong></span> <span class='ocrx_word' id='word_1_164' title='bbox 2302 1631 2659 1699; x_wconf 89' lang='lat' dir='ltr'><strong>cursitantes,</strong></span> <span class='ocrx_word' id='word_1_165' title='bbox 2676 1634 2747 1686; x_wconf 93' lang='lat' dir='ltr'><strong>ull</strong></span> <span class='ocrx_word' id='word_1_166' title='bbox 2759 1649 2854 1686; x_wconf 92' lang='lat' dir='ltr'><strong>um</strong></span> <span class='ocrx_word' id='word_1_167' title='bbox 2869 1633 3226 1688; x_wconf 89' lang='lat' dir='ltr'><strong>salutaminis</strong></span> <span class='ocrx_word' id='word_1_168' title='bbox 3242 1635 3483 1690; x_wconf 84' lang='lat' dir='ltr'><strong>verbum</strong></span> <span class='ocrx_word' id='word_1_169' title='bbox 3501 1651 3782 1708; x_wconf 85' lang='lat' dir='ltr'><strong>unquam</strong></span> 
     </span>
    </p>
   </div>
   <div class='ocr_carea' id='block_1_32' title="bbox 2154 1716 3781 1794">
    <p class='ocr_par' dir='ltr' id='par_1_32' title="bbox 2154 1716 3781 1794">
     <span class='ocr_line' id='line_1_32' title="bbox 2154 1716 3781 1794; baseline 0.005 -24"><span class='ocrx_word' id='word_1_170' title='bbox 2154 1716 2322 1772; x_wconf 88' lang='lat' dir='ltr'><strong>nobis</strong></span> <span class='ocrx_word' id='word_1_171' title='bbox 2347 1718 2767 1787; x_wconf 87' lang='lat' dir='ltr'><strong>demandastis;</strong></span> <span class='ocrx_word' id='word_1_172' title='bbox 2801 1737 2932 1774; x_wconf 92' lang='lat' dir='ltr'><strong>cum</strong></span> <span class='ocrx_word' id='word_1_173' title='bbox 2960 1721 3142 1775; x_wconf 90' lang='lat' dir='ltr'><strong>menti</strong></span> <span class='ocrx_word' id='word_1_174' title='bbox 3166 1724 3781 1794; x_wconf 59' lang='lat' dir='ltr'><strong>nostrai,utpuerulus</strong></span> 
     </span>
    </p>
   </div>
   <div class='ocr_carea' id='block_1_33' title="bbox 446 1806 3781 1886">
    <p class='ocr_par' dir='ltr' id='par_1_33' title="bbox 446 1806 3781 1886">
     <span class='ocr_line' id='line_1_33' title="bbox 446 1806 3781 1886; baseline -0.001 -17"><span class='ocrx_word' id='word_1_175' title='bbox 446 1831 580 1869; x_wconf 84' lang='lat' dir='ltr'><strong>vero</strong></span> <span class='ocrx_word' id='word_1_176' title='bbox 597 1816 659 1869; x_wconf 90' lang='lat' dir='ltr'><strong>ut</strong></span> <span class='ocrx_word' id='word_1_177' title='bbox 671 1829 776 1886; x_wconf 87' lang='lat' dir='ltr'><strong>pro</strong></span> <span class='ocrx_word' id='word_1_178' title='bbox 795 1829 992 1868; x_wconf 89' lang='lat' dir='ltr'><strong>amore</strong></span> <span class='ocrx_word' id='word_1_179' title='bbox 1005 1810 1106 1866; x_wconf 92' lang='lat' dir='ltr'><strong>Dei</strong></span> <span class='ocrx_word' id='word_1_180' title='bbox 1125 1809 1421 1881; x_wconf 86' lang='lat' dir='ltr'><strong>sanctique</strong></span> <span class='ocrx_word' id='word_1_181' title='bbox 1441 1806 1663 1872; x_wconf 88' lang='lat' dir='ltr'><strong>Quirini</strong></span> <span class='ocrx_word' id='word_1_182' title='bbox 1693 1807 1879 1860; x_wconf 89' lang='lat' dir='ltr'><strong>adhuc</strong></span> <span class='ocrx_word' id='word_1_183' title='bbox 1917 1823 2049 1878; x_wconf 88' lang='lat' dir='ltr'><strong>per—</strong></span> <span class='ocrx_word' id='word_1_184' title='bbox 2074 1879 2117 1886; x_wconf 87' lang='lat'><em>_</em></span> <span class='ocrx_word' id='word_1_185' title='bbox 2157 1806 2347 1873; x_wconf 90' lang='lat' dir='ltr'><strong>eratis,</strong></span> <span class='ocrx_word' id='word_1_186' title='bbox 2372 1807 2544 1861; x_wconf 90' lang='lat' dir='ltr'><strong>corde</strong></span> <span class='ocrx_word' id='word_1_187' title='bbox 2567 1811 2730 1861; x_wconf 87' lang='lat' dir='ltr'><strong>lenus</strong></span> <span class='ocrx_word' id='word_1_188' title='bbox 2756 1825 2984 1880; x_wconf 86' lang='lat' dir='ltr'><strong>semper</strong></span> <span class='ocrx_word' id='word_1_189' title='bbox 3011 1825 3214 1864; x_wconf 90' lang='lat' dir='ltr'><strong>omore</strong></span> <span class='ocrx_word' id='word_1_190' title='bbox 3251 1809 3372 1864; x_wconf 89' lang='lat' dir='ltr'><strong>sitis</strong></span> <span class='ocrx_word' id='word_1_191' title='bbox 3403 1812 3781 1882; x_wconf 88' lang='lat' dir='ltr'><strong>coagulatus.</strong></span> 
     </span>
    </p>
   </div>
   <div class='ocr_carea' id='block_1_34' title="bbox 445 1879 3786 1972">
    <p class='ocr_par' dir='ltr' id='par_1_34' title="bbox 445 1879 3786 1972">
     <span class='ocr_line' id='line_1_34' title="bbox 445 1879 3786 1972; baseline -0.001 -15"><span class='ocrx_word' id='word_1_192' title='bbox 445 1902 656 1957; x_wconf 89' lang='lat' dir='ltr'><strong>sistatis</strong></span> <span class='ocrx_word' id='word_1_193' title='bbox 671 1879 797 1956; x_wconf 41' lang='lat' dir='ltr'><strong>&#39;ﬁdo</strong></span> <span class='ocrx_word' id='word_1_194' title='bbox 818 1899 1130 1972; x_wconf 87' lang='lat' dir='ltr'><strong>adjutorio,</strong></span> <span class='ocrx_word' id='word_1_195' title='bbox 1160 1902 1218 1952; x_wconf 88' lang='lat' dir='ltr'><strong>ut</strong></span> <span class='ocrx_word' id='word_1_196' title='bbox 1241 1879 1510 1968; x_wconf 70' lang='lat' dir='ltr'><strong>cmpistis,</strong></span> <span class='ocrx_word' id='word_1_197' title='bbox 1530 1900 1588 1950; x_wconf 89' lang='lat' dir='ltr'><strong>et</strong></span> <span class='ocrx_word' id='word_1_198' title='bbox 1606 1911 1782 1966; x_wconf 88' lang='lat' dir='ltr'><strong>usque</strong></span> <span class='ocrx_word' id='word_1_199' title='bbox 1805 1895 1877 1948; x_wconf 91' lang='lat' dir='ltr'><strong>ad</strong></span> <span class='ocrx_word' id='word_1_200' title='bbox 1908 1895 2048 1948; x_wconf 82' lang='lat' dir='ltr'><strong>fide-</strong></span> <span class='ocrx_word' id='word_1_201' title='bbox 2073 1879 2123 1937; x_wconf 86' lang='lat' dir='ltr'><strong>B</strong></span> <span class='ocrx_word' id='word_1_202' title='bbox 2158 1895 2242 1950; x_wconf 90' lang='lat' dir='ltr'><strong>Ob</strong></span> <span class='ocrx_word' id='word_1_203' title='bbox 2260 1894 2723 1950; x_wconf 88' lang='lat' dir='ltr'><strong>recordationem</strong></span> <span class='ocrx_word' id='word_1_204' title='bbox 2739 1913 2854 1950; x_wconf 91' lang='lat' dir='ltr'><strong>non</strong></span> <span class='ocrx_word' id='word_1_205' title='bbox 2869 1879 3268 1952; x_wconf 65' lang='lat' dir='ltr'><strong>obliviscenda:</strong></span> <span class='ocrx_word' id='word_1_206' title='bbox 3289 1879 3618 1969; x_wconf 56' lang='lat' dir='ltr'><strong>priorisciue</strong></span> <span class='ocrx_word' id='word_1_207' title='bbox 3633 1899 3786 1953; x_wconf 89' lang='lat' dir='ltr'><strong>ami-</strong></span> 
     </span>
    </p>
   </div>
   <div class='ocr_carea' id='block_1_35' title="bbox 446 1983 2053 2058">
    <p class='ocr_par' dir='ltr' id='par_1_35' title="bbox 446 1983 2053 2058">
     <span class='ocr_line' id='line_1_35' title="bbox 446 1983 2053 2058; baseline -0.005 -12"><span class='ocrx_word' id='word_1_208' title='bbox 446 1991 564 2046; x_wconf 88' lang='lat' dir='ltr'><strong>lem</strong></span> <span class='ocrx_word' id='word_1_209' title='bbox 585 1990 786 2052; x_wconf 84' lang='lat' dir='ltr'><strong>finem,</strong></span> <span class='ocrx_word' id='word_1_210' title='bbox 816 1992 879 2043; x_wconf 90' lang='lat' dir='ltr'><strong>ut</strong></span> <span class='ocrx_word' id='word_1_211' title='bbox 913 1987 1073 2043; x_wconf 88' lang='lat' dir='ltr'><strong>vobis</strong></span> <span class='ocrx_word' id='word_1_212' title='bbox 1098 1986 1463 2052; x_wconf 81' lang='lat' dir='ltr'><strong>confidimus,</strong></span> <span class='ocrx_word' id='word_1_213' title='bbox 1489 1983 1832 2058; x_wconf 87' lang='lat' dir='ltr'><strong>perducatis.</strong></span> <span class='ocrx_word' id='word_1_214' title='bbox 1882 1983 2053 2046; x_wconf 90' lang='lat' dir='ltr'><strong>Quid-</strong></span> 
     </span>
    </p>
   </div>
   <div class='ocr_carea' id='block_1_36' title="bbox 447 2074 2050 2151">
    <p class='ocr_par' dir='ltr' id='par_1_36' title="bbox 447 2074 2050 2151">
     <span class='ocr_line' id='line_1_36' title="bbox 447 2074 2050 2151; baseline -0.004 -18"><span class='ocrx_word' id='word_1_215' title='bbox 447 2078 585 2151; x_wconf 87' lang='lat' dir='ltr'><strong>quid</strong></span> <span class='ocrx_word' id='word_1_216' title='bbox 618 2095 725 2133; x_wconf 91' lang='lat' dir='ltr'><strong>nos</strong></span> <span class='ocrx_word' id='word_1_217' title='bbox 748 2077 834 2132; x_wconf 86' lang='lat' dir='ltr'><strong>vel</strong></span> <span class='ocrx_word' id='word_1_218' title='bbox 862 2075 1048 2131; x_wconf 90' lang='lat' dir='ltr'><strong>nuntii</strong></span> <span class='ocrx_word' id='word_1_219' title='bbox 1067 2074 1247 2130; x_wconf 88' lang='lat' dir='ltr'><strong>nostri</strong></span> <span class='ocrx_word' id='word_1_220' title='bbox 1272 2075 1430 2130; x_wconf 88' lang='lat' dir='ltr'><strong>vobis</strong></span> <span class='ocrx_word' id='word_1_221' title='bbox 1455 2074 1591 2128; x_wconf 90' lang='lat' dir='ltr'><strong>dare</strong></span> <span class='ocrx_word' id='word_1_222' title='bbox 1616 2091 1718 2145; x_wconf 92' lang='lat' dir='ltr'><strong>pro</strong></span> <span class='ocrx_word' id='word_1_223' title='bbox 1741 2074 1850 2127; x_wconf 91' lang='lat' dir='ltr'><strong>hoc</strong></span> <span class='ocrx_word' id='word_1_224' title='bbox 1873 2090 2050 2144; x_wconf 90' lang='lat' dir='ltr'><strong>nego-</strong></span> 
     </span>
    </p>
   </div>
   <div class='ocr_carea' id='block_1_37' title="bbox 447 2161 2054 2239">
    <p class='ocr_par' dir='ltr' id='par_1_37' title="bbox 447 2161 2054 2239">
     <span class='ocr_line' id='line_1_37' title="bbox 447 2161 2054 2239; baseline -0.004 -19"><span class='ocrx_word' id='word_1_225' title='bbox 447 2167 530 2222; x_wconf 89' lang='lat' dir='ltr'><strong>tio</strong></span> <span class='ocrx_word' id='word_1_226' title='bbox 560 2164 953 2238; x_wconf 89' lang='lat' dir='ltr'><strong>promisimus,</strong></span> <span class='ocrx_word' id='word_1_227' title='bbox 977 2165 1210 2236; x_wconf 87' lang='lat' dir='ltr'><strong>quando</strong></span> <span class='ocrx_word' id='word_1_228' title='bbox 1246 2165 1333 2217; x_wconf 91' lang='lat' dir='ltr'><strong>vel</strong></span> <span class='ocrx_word' id='word_1_229' title='bbox 1367 2163 1461 2216; x_wconf 91' lang='lat' dir='ltr'><strong>ubi</strong></span> <span class='ocrx_word' id='word_1_230' title='bbox 1495 2162 1683 2227; x_wconf 91' lang='lat' dir='ltr'><strong>vultis,</strong></span> <span class='ocrx_word' id='word_1_231' title='bbox 1733 2161 1854 2239; x_wconf 79' lang='lat' dir='ltr'><strong>sine</strong></span> <span class='ocrx_word' id='word_1_232' title='bbox 1889 2178 2054 2215; x_wconf 89' lang='lat' dir='ltr'><strong>mora</strong></span> 
     </span>
    </p>
   </div>
   <div class='ocr_carea' id='block_1_38' title="bbox 450 2248 2054 2328">
    <p class='ocr_par' dir='ltr' id='par_1_38' title="bbox 450 2248 2054 2328">
     <span class='ocr_line' id='line_1_38' title="bbox 450 2248 2054 2328; baseline -0.004 -19"><span class='ocrx_word' id='word_1_233' title='bbox 450 2256 890 2328; x_wconf 69' lang='lat' dir='ltr'><strong>praesentamus,</strong></span> <span class='ocrx_word' id='word_1_234' title='bbox 920 2252 1001 2306; x_wconf 89' lang='lat' dir='ltr'><strong>ita</strong></span> <span class='ocrx_word' id='word_1_235' title='bbox 1030 2254 1228 2306; x_wconf 90' lang='lat' dir='ltr'><strong>tamen</strong></span> <span class='ocrx_word' id='word_1_236' title='bbox 1260 2249 1306 2303; x_wconf 92' lang='lat' dir='ltr'><strong>si</strong></span> <span class='ocrx_word' id='word_1_237' title='bbox 1336 2252 1522 2304; x_wconf 85' lang='lat' dir='ltr'><strong>vestro</strong></span> <span class='ocrx_word' id='word_1_238' title='bbox 1555 2248 1856 2319; x_wconf 87' lang='lat' dir='ltr'><strong>juvamine</strong></span> <span class='ocrx_word' id='word_1_239' title='bbox 1890 2249 2054 2303; x_wconf 89' lang='lat' dir='ltr'><strong>nobis</strong></span> 
     </span>
    </p>
   </div>
   <div class='ocr_carea' id='block_1_39' title="bbox 452 2336 2055 2398">
    <p class='ocr_par' dir='ltr' id='par_1_39' title="bbox 452 2336 2055 2398">
     <span class='ocr_line' id='line_1_39' title="bbox 452 2336 2055 2398; baseline -0.005 0"><span class='ocrx_word' id='word_1_240' title='bbox 452 2343 657 2398; x_wconf 87' lang='lat' dir='ltr'><strong>curtlia</strong></span> <span class='ocrx_word' id='word_1_241' title='bbox 675 2341 1072 2397; x_wconf 88' lang='lat' dir='ltr'><strong>restituantur.</strong></span> <span class='ocrx_word' id='word_1_242' title='bbox 1091 2341 1233 2394; x_wconf 85' lang='lat' dir='ltr'><strong>Istos</strong></span> <span class='ocrx_word' id='word_1_243' title='bbox 1254 2339 1502 2392; x_wconf 84' lang='lat' dir='ltr'><strong>famulos</strong></span> <span class='ocrx_word' id='word_1_244' title='bbox 1523 2340 1751 2391; x_wconf 91' lang='lat' dir='ltr'><strong>nostros</strong></span> <span class='ocrx_word' id='word_1_245' title='bbox 1773 2336 2055 2392; x_wconf 88' lang='lat' dir='ltr'><strong>mittimus</strong></span> 
     </span>
    </p>
   </div>
   <div class='ocr_carea' id='block_1_40' title="bbox 450 2423 2052 2503">
    <p class='ocr_par' dir='ltr' id='par_1_40' title="bbox 450 2423 2052 2503">
     <span class='ocr_line' id='line_1_40' title="bbox 450 2423 2052 2503; baseline -0.006 -17"><span class='ocrx_word' id='word_1_246' title='bbox 450 2430 652 2503; x_wconf 84' lang='lat' dir='ltr'><strong>pietati</strong></span> <span class='ocrx_word' id='word_1_247' title='bbox 681 2432 904 2495; x_wconf 64' lang='lat' dir='ltr'><strong>vestras,</strong></span> <span class='ocrx_word' id='word_1_248' title='bbox 930 2444 1076 2499; x_wconf 87' lang='lat' dir='ltr'><strong>quos</strong></span> <span class='ocrx_word' id='word_1_249' title='bbox 1105 2426 1196 2480; x_wconf 87' lang='lat' dir='ltr'><strong>isti</strong></span> <span class='ocrx_word' id='word_1_250' title='bbox 1227 2424 1433 2479; x_wconf 90' lang='lat' dir='ltr'><strong>urbani</strong></span> <span class='ocrx_word' id='word_1_251' title='bbox 1465 2425 1536 2478; x_wconf 91' lang='lat' dir='ltr'><strong>de</strong></span> <span class='ocrx_word' id='word_1_252' title='bbox 1567 2423 1793 2477; x_wconf 87' lang='lat' dir='ltr'><strong>civitate</strong></span> <span class='ocrx_word' id='word_1_253' title='bbox 1823 2425 2052 2495; x_wconf 84' lang='lat' dir='ltr'><strong>expule-</strong></span> 
     </span>
    </p>
   </div>
   <div class='ocr_carea' id='block_1_41' title="bbox 449 2511 2052 2591">
    <p class='ocr_par' dir='ltr' id='par_1_41' title="bbox 449 2511 2052 2591">
     <span class='ocr_line' id='line_1_41' title="bbox 449 2511 2052 2591; baseline -0.007 -15"><span class='ocrx_word' id='word_1_254' title='bbox 449 2521 586 2576; x_wconf 86' lang='lat' dir='ltr'><strong>rant</strong></span> <span class='ocrx_word' id='word_1_255' title='bbox 596 2518 836 2591; x_wconf 90' lang='lat' dir='ltr'><strong>propter</strong></span> <span class='ocrx_word' id='word_1_256' title='bbox 847 2513 1201 2588; x_wconf 85' lang='lat' dir='ltr'><strong>despoliatos</strong></span> <span class='ocrx_word' id='word_1_257' title='bbox 1211 2511 1498 2580; x_wconf 85' lang='lat' dir='ltr'><strong>homines,</strong></span> <span class='ocrx_word' id='word_1_258' title='bbox 1521 2512 1676 2584; x_wconf 91' lang='lat' dir='ltr'><strong>quod</strong></span> <span class='ocrx_word' id='word_1_259' title='bbox 1691 2511 1839 2566; x_wconf 90' lang='lat' dir='ltr'><strong>bene</strong></span> <span class='ocrx_word' id='word_1_260' title='bbox 1856 2511 2052 2580; x_wconf 88' lang='lat' dir='ltr'><strong>nostis,</strong></span> 
     </span>
    </p>
   </div>
   <div class='ocr_carea' id='block_1_42' title="bbox 453 2599 2058 2679">
    <p class='ocr_par' dir='ltr' id='par_1_42' title="bbox 453 2599 2058 2679">
     <span class='ocr_line' id='line_1_42' title="bbox 453 2599 2058 2679; baseline -0.006 -18"><span class='ocrx_word' id='word_1_261' title='bbox 453 2605 594 2679; x_wconf 88' lang='lat' dir='ltr'><strong>quia</strong></span> <span class='ocrx_word' id='word_1_262' title='bbox 615 2604 696 2660; x_wconf 88' lang='lat' dir='ltr'><strong>illi</strong></span> <span class='ocrx_word' id='word_1_263' title='bbox 716 2604 788 2661; x_wconf 91' lang='lat' dir='ltr'><strong>de</strong></span> <span class='ocrx_word' id='word_1_264' title='bbox 808 2605 916 2659; x_wconf 92' lang='lat' dir='ltr'><strong>hac</strong></span> <span class='ocrx_word' id='word_1_265' title='bbox 929 2619 994 2658; x_wconf 90' lang='lat' dir='ltr'><strong>re</strong></span> <span class='ocrx_word' id='word_1_266' title='bbox 1015 2601 1232 2673; x_wconf 85' lang='lat' dir='ltr'><strong>aliquid</strong></span> <span class='ocrx_word' id='word_1_267' title='bbox 1245 2617 1362 2656; x_wconf 92' lang='lat' dir='ltr'><strong>non</strong></span> <span class='ocrx_word' id='word_1_268' title='bbox 1376 2603 1864 2673; x_wconf 65' lang='lat' dir='ltr'><strong>prmsumpserant</strong></span> <span class='ocrx_word' id='word_1_269' title='bbox 1879 2599 2058 2670; x_wconf 88' lang='lat' dir='ltr'><strong>prius-</strong></span> 
     </span>
    </p>
   </div>
   <div class='ocr_carea' id='block_1_43' title="bbox 456 2687 2054 2765">
    <p class='ocr_par' dir='ltr' id='par_1_43' title="bbox 456 2687 2054 2765">
     <span class='ocr_line' id='line_1_43' title="bbox 456 2687 2054 2765; baseline -0.004 -18"><span class='ocrx_word' id='word_1_270' title='bbox 456 2708 632 2765; x_wconf 89' lang='lat' dir='ltr'><strong>quam</strong></span> <span class='ocrx_word' id='word_1_271' title='bbox 651 2694 902 2748; x_wconf 86' lang='lat' dir='ltr'><strong>vestram</strong></span> <span class='ocrx_word' id='word_1_272' title='bbox 933 2693 992 2746; x_wconf 89' lang='lat' dir='ltr'><strong>et</strong></span> <span class='ocrx_word' id='word_1_273' title='bbox 1011 2688 1211 2745; x_wconf 91' lang='lat' dir='ltr'><strong>domni</strong></span> <span class='ocrx_word' id='word_1_274' title='bbox 1237 2687 1503 2760; x_wconf 90' lang='lat' dir='ltr'><strong>Taginini</strong></span> <span class='ocrx_word' id='word_1_275' title='bbox 1542 2687 1835 2744; x_wconf 88' lang='lat' dir='ltr'><strong>licentiam</strong></span> <span class='ocrx_word' id='word_1_276' title='bbox 1879 2688 2054 2742; x_wconf 90' lang='lat' dir='ltr'><strong>habe-</strong></span> 
     </span>
    </p>
   </div>
   <div class='ocr_carea' id='block_1_44' title="bbox 451 2777 2050 2850">
    <p class='ocr_par' dir='ltr' id='par_1_44' title="bbox 451 2777 2050 2850">
     <span class='ocr_line' id='line_1_44' title="bbox 451 2777 2050 2850; baseline -0.005 -14"><span class='ocrx_word' id='word_1_277' title='bbox 451 2781 616 2837; x_wconf 88' lang='lat' dir='ltr'><strong>bant.</strong></span> <span class='ocrx_word' id='word_1_278' title='bbox 648 2777 926 2844; x_wconf 86' lang='lat' dir='ltr'><strong>Quocirca</strong></span> <span class='ocrx_word' id='word_1_279' title='bbox 947 2794 1223 2850; x_wconf 83' lang='lat' dir='ltr'><strong>rogamus</strong></span> <span class='ocrx_word' id='word_1_280' title='bbox 1259 2794 1331 2832; x_wconf 92' lang='lat' dir='ltr'><strong>ne</strong></span> <span class='ocrx_word' id='word_1_281' title='bbox 1372 2793 1469 2833; x_wconf 91' lang='lat' dir='ltr'><strong>eos</strong></span> <span class='ocrx_word' id='word_1_282' title='bbox 1509 2779 1667 2831; x_wconf 87' lang='lat' dir='ltr'><strong>extra</strong></span> <span class='ocrx_word' id='word_1_283' title='bbox 1711 2777 2050 2848; x_wconf 84' lang='lat' dir='ltr'><strong>potestatem</strong></span> 
     </span>
    </p>
   </div>
   <div class='ocr_carea' id='block_1_45' title="bbox 455 2863 2054 2937">
    <p class='ocr_par' dir='ltr' id='par_1_45' title="bbox 455 2863 2054 2937">
     <span class='ocr_line' id='line_1_45' title="bbox 455 2863 2054 2937; baseline -0.006 -12"><span class='ocrx_word' id='word_1_284' title='bbox 455 2871 707 2925; x_wconf 87' lang='lat' dir='ltr'><strong>vestram</strong></span> <span class='ocrx_word' id='word_1_285' title='bbox 733 2865 1056 2934; x_wconf 88' lang='lat' dir='ltr'><strong>dimittatis,</strong></span> <span class='ocrx_word' id='word_1_286' title='bbox 1081 2866 1265 2922; x_wconf 92' lang='lat' dir='ltr'><strong>donec</strong></span> <span class='ocrx_word' id='word_1_287' title='bbox 1304 2863 1430 2920; x_wconf 92' lang='lat' dir='ltr'><strong>illos</strong></span> <span class='ocrx_word' id='word_1_288' title='bbox 1476 2865 1710 2937; x_wconf 84' lang='lat' dir='ltr'><strong>pacifice</strong></span> <span class='ocrx_word' id='word_1_289' title='bbox 1740 2867 1799 2918; x_wconf 91' lang='lat' dir='ltr'><strong>et</strong></span> <span class='ocrx_word' id='word_1_290' title='bbox 1837 2864 1960 2919; x_wconf 90' lang='lat' dir='ltr'><strong>sine</strong></span> <span class='ocrx_word' id='word_1_291' title='bbox 1989 2863 2054 2917; x_wconf 84' lang='lat' dir='ltr'><strong>ti-</strong></span> 
     </span>
    </p>
   </div>
   <div class='ocr_carea' id='block_1_46' title="bbox 457 2952 1748 3014">
    <p class='ocr_par' dir='ltr' id='par_1_46' title="bbox 457 2952 1748 3014">
     <span class='ocr_line' id='line_1_46' title="bbox 457 2952 1748 3014; baseline -0.005 0"><span class='ocrx_word' id='word_1_292' title='bbox 457 2973 624 3014; x_wconf 89' lang='lat' dir='ltr'><strong>more</strong></span> <span class='ocrx_word' id='word_1_293' title='bbox 651 2956 710 3012; x_wconf 92' lang='lat' dir='ltr'><strong>in</strong></span> <span class='ocrx_word' id='word_1_294' title='bbox 735 2954 964 3012; x_wconf 89' lang='lat' dir='ltr'><strong>civitate</strong></span> <span class='ocrx_word' id='word_1_295' title='bbox 996 2971 1234 3013; x_wconf 87' lang='lat' dir='ltr'><strong>manere</strong></span> <span class='ocrx_word' id='word_1_296' title='bbox 1264 2952 1502 3012; x_wconf 87' lang='lat' dir='ltr'><strong>faciatis.</strong></span> <span class='ocrx_word' id='word_1_297' title='bbox 1536 2953 1748 3008; x_wconf 88' lang='lat' dir='ltr'><strong>Valete.</strong></span> 
     </span>
    </p>
   </div>
   <div class='ocr_carea' id='block_1_47' title="bbox 526 3074 1380 3151">
    <p class='ocr_par' dir='ltr' id='par_1_47' title="bbox 526 3074 1380 3151">
     <span class='ocr_line' id='line_1_47' title="bbox 526 3074 1380 3151; baseline -0.002 -15"><span class='ocrx_word' id='word_1_298' title='bbox 526 3078 640 3150; x_wconf 82' lang='lat' dir='ltr'><strong>(l2)</strong></span> <span class='ocrx_word' id='word_1_299' title='bbox 661 3077 898 3134; x_wconf 84' lang='lat' dir='ltr'><strong>Videtur</strong></span> <span class='ocrx_word' id='word_1_300' title='bbox 927 3077 1121 3135; x_wconf 87' lang='lat' dir='ltr'><strong>deesse</strong></span> <span class='ocrx_word' id='word_1_301' title='bbox 1144 3074 1380 3151; x_wconf 90' lang='lat' dir='ltr'><strong>aliquid.</strong></span> 
     </span>
    </p>
   </div>
   <div class='ocr_carea' id='block_1_48' title="bbox 2158 1983 3782 2057">
    <p class='ocr_par' dir='ltr' id='par_1_48' title="bbox 2158 1983 3782 2057">
     <span class='ocr_line' id='line_1_48' title="bbox 2158 1983 3782 2057; baseline 0.001 -19"><span class='ocrx_word' id='word_1_302' title='bbox 2158 1983 2306 2038; x_wconf 59' lang='lat' dir='ltr'><strong>citius</strong></span> <span class='ocrx_word' id='word_1_303' title='bbox 2336 1999 2612 2053; x_wconf 83' lang='lat' dir='ltr'><strong>rogamus</strong></span> <span class='ocrx_word' id='word_1_304' title='bbox 2644 1983 2809 2037; x_wconf 91' lang='lat' dir='ltr'><strong>nobis</strong></span> <span class='ocrx_word' id='word_1_305' title='bbox 2838 1984 3155 2038; x_wconf 89' lang='lat' dir='ltr'><strong>transmitti</strong></span> <span class='ocrx_word' id='word_1_306' title='bbox 3188 1985 3554 2057; x_wconf 88' lang='lat' dir='ltr'><strong>aliquantum</strong></span> <span class='ocrx_word' id='word_1_307' title='bbox 3583 1987 3782 2056; x_wconf 88' lang='lat' dir='ltr'><strong>cupri,</strong></span> 
     </span>
    </p>
   </div>
   <div class='ocr_carea' id='block_1_49' title="bbox 2159 2071 3786 2141">
    <p class='ocr_par' dir='ltr' id='par_1_49' title="bbox 2159 2071 3786 2141">
     <span class='ocr_line' id='line_1_49' title="bbox 2159 2071 3786 2141; baseline 0.002 -15"><span class='ocrx_word' id='word_1_308' title='bbox 2159 2071 2372 2137; x_wconf 91' lang='lat' dir='ltr'><strong>stanni,</strong></span> <span class='ocrx_word' id='word_1_309' title='bbox 2407 2071 2519 2126; x_wconf 89' lang='lat' dir='ltr'><strong>sive</strong></span> <span class='ocrx_word' id='word_1_310' title='bbox 2547 2071 2720 2125; x_wconf 91' lang='lat' dir='ltr'><strong>etiam</strong></span> <span class='ocrx_word' id='word_1_311' title='bbox 2746 2071 2988 2141; x_wconf 90' lang='lat' dir='ltr'><strong>plumbi.</strong></span> <span class='ocrx_word' id='word_1_312' title='bbox 3022 2073 3299 2128; x_wconf 85' lang='lat' dir='ltr'><strong>Volumus</strong></span> <span class='ocrx_word' id='word_1_313' title='bbox 3330 2074 3512 2136; x_wconf 87' lang='lat' dir='ltr'><strong>enim,</strong></span> <span class='ocrx_word' id='word_1_314' title='bbox 3552 2074 3600 2128; x_wconf 90' lang='lat' dir='ltr'><strong>si</strong></span> <span class='ocrx_word' id='word_1_315' title='bbox 3625 2075 3786 2129; x_wconf 89' lang='lat' dir='ltr'><strong>Deus</strong></span> 
     </span>
    </p>
   </div>
   <div class='ocr_carea' id='block_1_50' title="bbox 2158 2159 3784 2232">
    <p class='ocr_par' dir='ltr' id='par_1_50' title="bbox 2158 2159 3784 2232">
     <span class='ocr_line' id='line_1_50' title="bbox 2158 2159 3784 2232; baseline 0.002 -18"><span class='ocrx_word' id='word_1_316' title='bbox 2158 2159 2402 2232; x_wconf 61' lang='lat' dir='ltr'><strong>prauibit,</strong></span> <span class='ocrx_word' id='word_1_317' title='bbox 2437 2159 2718 2229; x_wconf 83' lang='lat' dir='ltr'><strong>grandem</strong></span> <span class='ocrx_word' id='word_1_318' title='bbox 2741 2159 2982 2214; x_wconf 85' lang='lat' dir='ltr'><strong>fundere</strong></span> <span class='ocrx_word' id='word_1_319' title='bbox 3005 2177 3348 2232; x_wconf 90' lang='lat' dir='ltr'><strong>campanam</strong></span> <span class='ocrx_word' id='word_1_320' title='bbox 3371 2163 3444 2216; x_wconf 90' lang='lat' dir='ltr'><strong>ad</strong></span> <span class='ocrx_word' id='word_1_321' title='bbox 3474 2163 3784 2217; x_wconf 88' lang='lat' dir='ltr'><strong>honorem</strong></span> 
     </span>
    </p>
   </div>
   <div class='ocr_carea' id='block_1_51' title="bbox 2157 2246 3786 2310">
    <p class='ocr_par' dir='ltr' id='par_1_51' title="bbox 2157 2246 3786 2310">
     <span class='ocr_line' id='line_1_51' title="bbox 2157 2246 3786 2310; baseline 0.001 -6"><span class='ocrx_word' id='word_1_322' title='bbox 2157 2249 2256 2304; x_wconf 90' lang='lat' dir='ltr'><strong>Dei</strong></span> <span class='ocrx_word' id='word_1_323' title='bbox 2289 2252 2347 2301; x_wconf 89' lang='lat' dir='ltr'><strong>et</strong></span> <span class='ocrx_word' id='word_1_324' title='bbox 2367 2247 2424 2301; x_wconf 92' lang='lat' dir='ltr'><strong>S.</strong></span> <span class='ocrx_word' id='word_1_325' title='bbox 2445 2246 2689 2310; x_wconf 86' lang='lat' dir='ltr'><strong>Quirini.</strong></span> <span class='ocrx_word' id='word_1_326' title='bbox 2719 2247 2812 2300; x_wconf 83' lang='lat' dir='ltr'><strong>llis</strong></span> <span class='ocrx_word' id='word_1_327' title='bbox 2833 2247 2989 2301; x_wconf 89' lang='lat' dir='ltr'><strong>enim</strong></span> <span class='ocrx_word' id='word_1_328' title='bbox 3020 2249 3289 2304; x_wconf 89' lang='lat' dir='ltr'><strong>omnibus</strong></span> <span class='ocrx_word' id='word_1_329' title='bbox 3321 2250 3617 2305; x_wconf 69' lang='lat' dir='ltr'><strong>exhausta:</strong></span> <span class='ocrx_word' id='word_1_330' title='bbox 3640 2254 3786 2304; x_wconf 88' lang='lat' dir='ltr'><strong>sunt</strong></span> 
     </span>
    </p>
   </div>
   <div class='ocr_carea' id='block_1_52' title="bbox 2158 2333 3785 2410">
    <p class='ocr_par' dir='ltr' id='par_1_52' title="bbox 2158 2333 3785 2410">
     <span class='ocr_line' id='line_1_52' title="bbox 2158 2333 3785 2410; baseline 0.001 -20"><span class='ocrx_word' id='word_1_331' title='bbox 2158 2339 2368 2390; x_wconf 71' lang='lat' dir='ltr'><strong>nostrm</strong></span> <span class='ocrx_word' id='word_1_332' title='bbox 2419 2333 2620 2405; x_wconf 69' lang='lat' dir='ltr'><strong>patria:</strong></span> <span class='ocrx_word' id='word_1_333' title='bbox 2659 2333 2936 2402; x_wconf 88' lang='lat' dir='ltr'><strong>civitates,</strong></span> <span class='ocrx_word' id='word_1_334' title='bbox 2991 2352 3097 2390; x_wconf 88' lang='lat' dir='ltr'><strong>nec</strong></span> <span class='ocrx_word' id='word_1_335' title='bbox 3145 2337 3261 2391; x_wconf 92' lang='lat' dir='ltr'><strong>ullo</strong></span> <span class='ocrx_word' id='word_1_336' title='bbox 3318 2337 3501 2408; x_wconf 89' lang='lat' dir='ltr'><strong>pretio</strong></span> <span class='ocrx_word' id='word_1_337' title='bbox 3549 2338 3785 2410; x_wconf 86' lang='lat' dir='ltr'><strong>aliquid</strong></span> 
     </span>
    </p>
   </div>
   <div class='ocr_carea' id='block_1_53' title="bbox 2158 2420 3784 2495">
    <p class='ocr_par' dir='ltr' id='par_1_53' title="bbox 2158 2420 3784 2495">
     <span class='ocr_line' id='line_1_53' title="bbox 2158 2420 3784 2495; baseline 0.002 -19"><span class='ocrx_word' id='word_1_338' title='bbox 2158 2420 2477 2476; x_wconf 90' lang='lat' dir='ltr'><strong>istiusmodi</strong></span> <span class='ocrx_word' id='word_1_339' title='bbox 2501 2437 2802 2491; x_wconf 89' lang='lat' dir='ltr'><strong>possumus</strong></span> <span class='ocrx_word' id='word_1_340' title='bbox 2827 2439 3187 2495; x_wconf 90' lang='lat' dir='ltr'><strong>comparare.</strong></span> <span class='ocrx_word' id='word_1_341' title='bbox 3206 2425 3294 2479; x_wconf 86' lang='lat' dir='ltr'><strong>Ad</strong></span> <span class='ocrx_word' id='word_1_342' title='bbox 3313 2424 3784 2480; x_wconf 84' lang='lat' dir='ltr'><strong>thuriﬁcandum</strong></span> 
     </span>
    </p>
   </div>
   <div class='ocr_carea' id='block_1_54' title="bbox 2159 2508 3786 2586">
    <p class='ocr_par' dir='ltr' id='par_1_54' title="bbox 2159 2508 3786 2586">
     <span class='ocr_line' id='line_1_54' title="bbox 2159 2508 3786 2586; baseline 0.002 -20"><span class='ocrx_word' id='word_1_343' title='bbox 2159 2511 2336 2566; x_wconf 88' lang='lat' dir='ltr'><strong>etiam</strong></span> <span class='ocrx_word' id='word_1_344' title='bbox 2361 2508 2559 2565; x_wconf 91' lang='lat' dir='ltr'><strong>domui</strong></span> <span class='ocrx_word' id='word_1_345' title='bbox 2588 2509 2985 2582; x_wconf 87' lang='lat' dir='ltr'><strong>Deiallarique</strong></span> <span class='ocrx_word' id='word_1_346' title='bbox 3006 2510 3064 2566; x_wconf 93' lang='lat' dir='ltr'><strong>S.</strong></span> <span class='ocrx_word' id='word_1_347' title='bbox 3081 2510 3304 2576; x_wconf 89' lang='lat' dir='ltr'><strong>Quirini</strong></span> <span class='ocrx_word' id='word_1_348' title='bbox 3325 2513 3583 2586; x_wconf 88' lang='lat' dir='ltr'><strong>petimus</strong></span> <span class='ocrx_word' id='word_1_349' title='bbox 3604 2515 3786 2569; x_wconf 88' lang='lat' dir='ltr'><strong>nobis</strong></span> 
     </span>
    </p>
   </div>
   <div class='ocr_carea' id='block_1_55' title="bbox 2161 2599 3785 2672">
    <p class='ocr_par' dir='ltr' id='par_1_55' title="bbox 2161 2599 3785 2672">
     <span class='ocr_line' id='line_1_55' title="bbox 2161 2599 3785 2672; baseline 0.002 -19"><span class='ocrx_word' id='word_1_350' title='bbox 2161 2599 2582 2671; x_wconf 88' lang='lat' dir='ltr'><strong>aliquantulum</strong></span> <span class='ocrx_word' id='word_1_351' title='bbox 2612 2599 2794 2653; x_wconf 89' lang='lat' dir='ltr'><strong>thuris</strong></span> <span class='ocrx_word' id='word_1_352' title='bbox 2833 2601 2920 2654; x_wconf 90' lang='lat' dir='ltr'><strong>vel</strong></span> <span class='ocrx_word' id='word_1_353' title='bbox 2969 2599 3208 2670; x_wconf 88' lang='lat' dir='ltr'><strong>alicujus</strong></span> <span class='ocrx_word' id='word_1_354' title='bbox 3249 2600 3476 2672; x_wconf 82' lang='lat' dir='ltr'><strong>generis</strong></span> <span class='ocrx_word' id='word_1_355' title='bbox 3515 2602 3785 2672; x_wconf 86' lang='lat' dir='ltr'><strong>thymia-</strong></span> 
     </span>
    </p>
   </div>
   <div class='ocr_carea' id='block_1_56' title="bbox 2161 2687 3785 2760">
    <p class='ocr_par' dir='ltr' id='par_1_56' title="bbox 2161 2687 3785 2760">
     <span class='ocr_line' id='line_1_56' title="bbox 2161 2687 3785 2760; baseline 0.001 -17"><span class='ocrx_word' id='word_1_356' title='bbox 2161 2691 2320 2743; x_wconf 89' lang='lat' dir='ltr'><strong>mata</strong></span> <span class='ocrx_word' id='word_1_357' title='bbox 2355 2687 2691 2742; x_wconf 89' lang='lat' dir='ltr'><strong>transmitti.</strong></span> <span class='ocrx_word' id='word_1_358' title='bbox 2734 2687 2791 2740; x_wconf 92' lang='lat' dir='ltr'><strong>Si</strong></span> <span class='ocrx_word' id='word_1_359' title='bbox 2837 2687 3054 2758; x_wconf 91' lang='lat' dir='ltr'><strong>aliquid</strong></span> <span class='ocrx_word' id='word_1_360' title='bbox 3103 2687 3270 2742; x_wconf 92' lang='lat' dir='ltr'><strong>nobis</strong></span> <span class='ocrx_word' id='word_1_361' title='bbox 3309 2705 3413 2760; x_wconf 92' lang='lat' dir='ltr'><strong>per</strong></span> <span class='ocrx_word' id='word_1_362' title='bbox 3450 2692 3785 2760; x_wconf 61' lang='lat' dir='ltr'><strong>praesentes</strong></span> 
     </span>
    </p>
   </div>
   <div class='ocr_carea' id='block_1_57' title="bbox 2137 2775 3786 2848">
    <p class='ocr_par' dir='ltr' id='par_1_57' title="bbox 2137 2775 3786 2848">
     <span class='ocr_line' id='line_1_57' title="bbox 2137 2775 3786 2848; baseline 0.001 -18"><span class='ocrx_word' id='word_1_363' title='bbox 2137 2775 2397 2830; x_wconf 85' lang='lat' dir='ltr'><strong>nuntios</strong></span> <span class='ocrx_word' id='word_1_364' title='bbox 2421 2775 2776 2830; x_wconf 85' lang='lat' dir='ltr'><strong>remandatis</strong></span> <span class='ocrx_word' id='word_1_365' title='bbox 2798 2775 2953 2848; x_wconf 90' lang='lat' dir='ltr'><strong>quod</strong></span> <span class='ocrx_word' id='word_1_366' title='bbox 2985 2775 3056 2830; x_wconf 92' lang='lat' dir='ltr'><strong>ad</strong></span> <span class='ocrx_word' id='word_1_367' title='bbox 3081 2775 3376 2831; x_wconf 88' lang='lat' dir='ltr'><strong>servitium</strong></span> <span class='ocrx_word' id='word_1_368' title='bbox 3403 2781 3668 2832; x_wconf 86' lang='lat' dir='ltr'><strong>vestrum</strong></span> <span class='ocrx_word' id='word_1_369' title='bbox 3703 2778 3786 2832; x_wconf 81' lang='lat' dir='ltr'><strong>fa-</strong></span> 
     </span>
    </p>
   </div>
   <div class='ocr_carea' id='block_1_58' title="bbox 2159 2863 3784 2934">
    <p class='ocr_par' dir='ltr' id='par_1_58' title="bbox 2159 2863 3784 2934">
     <span class='ocr_line' id='line_1_58' title="bbox 2159 2863 3784 2934; baseline 0.002 -16"><span class='ocrx_word' id='word_1_370' title='bbox 2159 2881 2286 2918; x_wconf 91' lang='lat' dir='ltr'><strong>cere</strong></span> <span class='ocrx_word' id='word_1_371' title='bbox 2333 2880 2654 2934; x_wconf 90' lang='lat' dir='ltr'><strong>possumus,</strong></span> <span class='ocrx_word' id='word_1_372' title='bbox 2697 2863 2860 2918; x_wconf 88' lang='lat' dir='ltr'><strong>omni</strong></span> <span class='ocrx_word' id='word_1_373' title='bbox 2910 2863 3233 2920; x_wconf 85' lang='lat' dir='ltr'><strong>devotionis</strong></span> <span class='ocrx_word' id='word_1_374' title='bbox 3281 2864 3469 2921; x_wconf 85' lang='lat' dir='ltr'><strong>studio</strong></span> <span class='ocrx_word' id='word_1_375' title='bbox 3518 2865 3784 2922; x_wconf 86' lang='lat' dir='ltr'><strong>libenter</strong></span> 
     </span>
    </p>
   </div>
   <div class='ocr_carea' id='block_1_59' title="bbox 2156 2951 2790 3023">
    <p class='ocr_par' dir='ltr' id='par_1_59' title="bbox 2156 2951 2790 3023">
     <span class='ocr_line' id='line_1_59' title="bbox 2156 2951 2790 3023; baseline -0.002 -16"><span class='ocrx_word' id='word_1_376' title='bbox 2156 2951 2547 3023; x_wconf 88' lang='lat' dir='ltr'><strong>implebimus.</strong></span> <span class='ocrx_word' id='word_1_377' title='bbox 2577 2952 2790 3007; x_wconf 91' lang='lat' dir='ltr'><strong>Valete.</strong></span> 
     </span>
    </p>
   </div>
   <div class='ocr_carea' id='block_1_60' title="bbox 1308 3367 2930 3465">
    <p class='ocr_par' dir='ltr' id='par_1_60' title="bbox 1308 3367 2930 3465">
     <span class='ocr_line' id='line_1_60' title="bbox 1308 3367 2930 3465; baseline -0.004 0"><span class='ocrx_word' id='word_1_378' title='bbox 1308 3367 1873 3465; x_wconf 84' lang='lat' dir='ltr'><strong>GOZPEBTI</strong></span> <span class='ocrx_word' id='word_1_379' title='bbox 1950 3370 2535 3460; x_wconf 62' lang='lat' dir='ltr'><strong>EPISTOLZE</strong></span> <span class='ocrx_word' id='word_1_380' title='bbox 2603 3371 2930 3458; x_wconf 70' lang='lat' dir='ltr'><strong>ALI/E.</strong></span> 
     </span>
    </p>
   </div>
   <div class='ocr_carea' id='block_1_61' title="bbox 1378 3574 2842 3651">
    <p class='ocr_par' dir='ltr' id='par_1_61' title="bbox 1378 3574 2842 3651">
     <span class='ocr_line' id='line_1_61' title="bbox 1378 3574 2842 3651; baseline -0.006 -15"><span class='ocrx_word' id='word_1_381' title='bbox 1378 3578 1570 3651; x_wconf 77' lang='lat' dir='ltr'><strong>(Apud</strong></span> <span class='ocrx_word' id='word_1_382' title='bbox 1600 3576 1834 3646; x_wconf 81' lang='lat' dir='ltr'><strong>MabilL,</strong></span> <span class='ocrx_word' id='word_1_383' title='bbox 1880 3574 2132 3632; x_wconf 83' lang='lat' dir='ltr'><strong>Analect.</strong></span> <span class='ocrx_word' id='word_1_384' title='bbox 2171 3591 2303 3630; x_wconf 90' lang='lat' dir='ltr'><strong>nov.</strong></span> <span class='ocrx_word' id='word_1_385' title='bbox 2341 3575 2479 3631; x_wconf 89' lang='lat' dir='ltr'><strong>edit.</strong></span> <span class='ocrx_word' id='word_1_386' title='bbox 2520 3591 2654 3647; x_wconf 90' lang='lat' dir='ltr'><strong>pag.</strong></span> <span class='ocrx_word' id='word_1_387' title='bbox 2691 3575 2842 3639; x_wconf 79' lang='grc'><strong>434.)</strong></span> 
     </span>
    </p>
   </div>
   <div class='ocr_carea' id='block_1_62' title="bbox 955 3829 1564 3889">
    <p class='ocr_par' dir='ltr' id='par_1_62' title="bbox 955 3829 1564 3889">
     <span class='ocr_line' id='line_1_62' title="bbox 955 3829 1564 3889; baseline -0.008 -2"><span class='ocrx_word' id='word_1_388' title='bbox 955 3830 1286 3889; x_wconf 76' lang='lat' dir='ltr'><strong>EPISTOLA</strong></span> <span class='ocrx_word' id='word_1_389' title='bbox 1329 3829 1564 3884; x_wconf 80' lang='lat' dir='ltr'><strong>PRIMA.</strong></span> 
     </span>
    </p>
   </div>
   <div class='ocr_carea' id='block_1_63' title="bbox 810 3931 1705 3976">
    <p class='ocr_par' dir='ltr' id='par_1_63' title="bbox 810 3931 1705 3976">
     <span class='ocr_line' id='line_1_63' title="bbox 810 3931 1705 3976; baseline -0.009 1"><span class='ocrx_word' id='word_1_390' title='bbox 810 3937 885 3976; x_wconf 71' lang='lat' dir='ltr'><strong>AD</strong></span> <span class='ocrx_word' id='word_1_391' title='bbox 932 3936 1176 3976; x_wconf 77' lang='lat' dir='ltr'><strong>UTONEM</strong></span> <span class='ocrx_word' id='word_1_392' title='bbox 1207 3934 1488 3973; x_wconf 74' lang='lat' dir='ltr'><strong>NBPOTEM</strong></span> <span class='ocrx_word' id='word_1_393' title='bbox 1527 3931 1705 3971; x_wconf 81' lang='lat' dir='ltr'><strong>SUUM.</strong></span> 
     </span>
    </p>
   </div>
   <div class='ocr_carea' id='block_1_64' title="bbox 529 4002 2064 4076">
    <p class='ocr_par' dir='ltr' id='par_1_64' title="bbox 529 4002 2064 4076">
     <span class='ocr_line' id='line_1_64' title="bbox 529 4002 2064 4076; baseline -0.004 -11"><span class='ocrx_word' id='word_1_394' title='bbox 529 4011 722 4066; x_wconf 79' lang='lat' dir='ltr'><strong>Abbas</strong></span> <span class='ocrx_word' id='word_1_395' title='bbox 757 4010 1126 4076; x_wconf 72' lang='lat' dir='ltr'><strong>Gozrsa&#39;rus,</strong></span> <span class='ocrx_word' id='word_1_396' title='bbox 1153 4005 1390 4061; x_wconf 91' lang='lat' dir='ltr'><strong>humilis</strong></span> <span class='ocrx_word' id='word_1_397' title='bbox 1437 4004 1538 4060; x_wconf 89' lang='lat' dir='ltr'><strong>Dei</strong></span> <span class='ocrx_word' id='word_1_398' title='bbox 1579 4004 1846 4071; x_wconf 84' lang='lat' dir='ltr'><strong>famulus,</strong></span> <span class='ocrx_word' id='word_1_399' title='bbox 1878 4002 2064 4059; x_wconf 81' lang='lat' dir='ltr'><strong>UTONI</strong></span> 
     </span>
    </p>
   </div>
   <div class='ocr_carea' id='block_1_65' title="bbox 460 4095 1435 4170">
    <p class='ocr_par' dir='ltr' id='par_1_65' title="bbox 460 4095 1435 4170">
     <span class='ocr_line' id='line_1_65' title="bbox 460 4095 1435 4170; baseline -0.002 -16"><span class='ocrx_word' id='word_1_400' title='bbox 460 4099 668 4155; x_wconf 91' lang='lat' dir='ltr'><strong>dilecto</strong></span> <span class='ocrx_word' id='word_1_401' title='bbox 700 4098 897 4170; x_wconf 91' lang='lat' dir='ltr'><strong>nepoti</strong></span> <span class='ocrx_word' id='word_1_402' title='bbox 921 4098 1166 4152; x_wconf 84' lang='lat' dir='ltr'><strong>salutem</strong></span> <span class='ocrx_word' id='word_1_403' title='bbox 1200 4095 1258 4149; x_wconf 91' lang='lat' dir='ltr'><strong>in</strong></span> <span class='ocrx_word' id='word_1_404' title='bbox 1290 4097 1435 4152; x_wconf 91' lang='lat' dir='ltr'><strong>Deo.</strong></span> 
     </span>
    </p>
   </div>
   <div class='ocr_carea' id='block_1_66' title="bbox 532 4182 2064 4256">
    <p class='ocr_par' dir='ltr' id='par_1_66' title="bbox 532 4182 2064 4256">
     <span class='ocr_line' id='line_1_66' title="bbox 532 4182 2064 4256; baseline -0.004 -14"><span class='ocrx_word' id='word_1_405' title='bbox 532 4186 790 4242; x_wconf 89' lang='lat' dir='ltr'><strong>Petimus</strong></span> <span class='ocrx_word' id='word_1_406' title='bbox 823 4201 923 4240; x_wconf 93' lang='lat' dir='ltr'><strong>vos</strong></span> <span class='ocrx_word' id='word_1_407' title='bbox 955 4201 1058 4256; x_wconf 90' lang='lat' dir='ltr'><strong>per</strong></span> <span class='ocrx_word' id='word_1_408' title='bbox 1099 4199 1362 4238; x_wconf 88' lang='lat' dir='ltr'><strong>amorem</strong></span> <span class='ocrx_word' id='word_1_409' title='bbox 1397 4182 1496 4238; x_wconf 91' lang='lat' dir='ltr'><strong>Dei</strong></span> <span class='ocrx_word' id='word_1_410' title='bbox 1537 4185 1595 4237; x_wconf 87' lang='lat' dir='ltr'><strong>et</strong></span> <span class='ocrx_word' id='word_1_411' title='bbox 1624 4182 1801 4237; x_wconf 90' lang='lat' dir='ltr'><strong>sancti</strong></span> <span class='ocrx_word' id='word_1_412' title='bbox 1846 4182 2064 4247; x_wconf 90' lang='lat' dir='ltr'><strong>Quirini</strong></span> 
     </span>
    </p>
   </div>
   <div class='ocr_carea' id='block_1_67' title="bbox 459 4271 2068 4346">
    <p class='ocr_par' dir='ltr' id='par_1_67' title="bbox 459 4271 2068 4346">
     <span class='ocr_line' id='line_1_67' title="bbox 459 4271 2068 4346; baseline -0.003 -16"><span class='ocrx_word' id='word_1_413' title='bbox 459 4273 734 4346; x_wconf 86' lang='lat' dir='ltr'><strong>martyris</strong></span> <span class='ocrx_word' id='word_1_414' title='bbox 754 4272 861 4340; x_wconf 91' lang='lat' dir='ltr'><strong>sui,</strong></span> <span class='ocrx_word' id='word_1_415' title='bbox 880 4275 942 4328; x_wconf 91' lang='lat' dir='ltr'><strong>ut</strong></span> <span class='ocrx_word' id='word_1_416' title='bbox 954 4271 1118 4327; x_wconf 90' lang='lat' dir='ltr'><strong>nobis</strong></span> <span class='ocrx_word' id='word_1_417' title='bbox 1139 4272 1424 4327; x_wconf 90' lang='lat' dir='ltr'><strong>decimam</strong></span> <span class='ocrx_word' id='word_1_418' title='bbox 1444 4273 1686 4327; x_wconf 84' lang='lat' dir='ltr'><strong>reddere</strong></span> <span class='ocrx_word' id='word_1_419' title='bbox 1723 4271 2068 4344; x_wconf 72' lang='lat' dir='ltr'><strong>prmcipiatis</strong></span> 
     </span>
    </p>
   </div>
   <div class='ocr_carea' id='block_1_68' title="bbox 462 4360 2062 4436">
    <p class='ocr_par' dir='ltr' id='par_1_68' title="bbox 462 4360 2062 4436">
     <span class='ocr_line' id='line_1_68' title="bbox 462 4360 2062 4436; baseline -0.003 -19"><span class='ocrx_word' id='word_1_420' title='bbox 462 4379 639 4436; x_wconf 92' lang='lat' dir='ltr'><strong>quam</strong></span> <span class='ocrx_word' id='word_1_421' title='bbox 673 4361 889 4416; x_wconf 89' lang='lat' dir='ltr'><strong>debent</strong></span> <span class='ocrx_word' id='word_1_422' title='bbox 911 4360 1167 4431; x_wconf 91' lang='lat' dir='ltr'><strong>hospites</strong></span> <span class='ocrx_word' id='word_1_423' title='bbox 1197 4361 1376 4416; x_wconf 90' lang='lat' dir='ltr'><strong>sancti</strong></span> <span class='ocrx_word' id='word_1_424' title='bbox 1409 4360 1630 4425; x_wconf 88' lang='lat' dir='ltr'><strong>Quirini</strong></span> <span class='ocrx_word' id='word_1_425' title='bbox 1679 4360 1735 4414; x_wconf 92' lang='lat' dir='ltr'><strong>in</strong></span> <span class='ocrx_word' id='word_1_426' title='bbox 1771 4360 2062 4413; x_wconf 90' lang='lat' dir='ltr'><strong>servitium</strong></span> 
     </span>
    </p>
   </div>
   <div class='ocr_carea' id='block_1_69' title="bbox 459 4448 2068 4521">
    <p class='ocr_par' dir='ltr' id='par_1_69' title="bbox 459 4448 2068 4521">
     <span class='ocr_line' id='line_1_69' title="bbox 459 4448 2068 4521; baseline -0.004 -15"><span class='ocrx_word' id='word_1_427' title='bbox 459 4450 701 4517; x_wconf 88' lang='lat' dir='ltr'><strong>habere,</strong></span> <span class='ocrx_word' id='word_1_428' title='bbox 721 4451 780 4504; x_wconf 91' lang='lat' dir='ltr'><strong>et</strong></span> <span class='ocrx_word' id='word_1_429' title='bbox 806 4465 1087 4520; x_wconf 88' lang='lat' dir='ltr'><strong>pauperes</strong></span> <span class='ocrx_word' id='word_1_430' title='bbox 1108 4449 1167 4504; x_wconf 92' lang='lat' dir='ltr'><strong>in</strong></span> <span class='ocrx_word' id='word_1_431' title='bbox 1199 4449 1411 4504; x_wconf 89' lang='lat' dir='ltr'><strong>victum</strong></span> <span class='ocrx_word' id='word_1_432' title='bbox 1442 4449 1539 4521; x_wconf 90' lang='lat' dir='ltr'><strong>qui</strong></span> <span class='ocrx_word' id='word_1_433' title='bbox 1561 4448 1816 4520; x_wconf 84' lang='lat' dir='ltr'><strong>quotidie</strong></span> <span class='ocrx_word' id='word_1_434' title='bbox 1830 4448 2068 4501; x_wconf 88' lang='lat' dir='ltr'><strong>veniunt</strong></span> 
     </span>
    </p>
   </div>
   <div class='ocr_carea' id='block_1_70' title="bbox 463 4536 2062 4608">
    <p class='ocr_par' dir='ltr' id='par_1_70' title="bbox 463 4536 2062 4608">
     <span class='ocr_line' id='line_1_70' title="bbox 463 4536 2062 4608; baseline -0.002 -15"><span class='ocrx_word' id='word_1_435' title='bbox 463 4538 535 4594; x_wconf 89' lang='lat' dir='ltr'><strong>ad</strong></span> <span class='ocrx_word' id='word_1_436' title='bbox 564 4537 688 4608; x_wconf 92' lang='lat' dir='ltr'><strong>ejus</strong></span> <span class='ocrx_word' id='word_1_437' title='bbox 729 4537 1167 4594; x_wconf 86' lang='lat' dir='ltr'><strong>monasterium.</strong></span> <span class='ocrx_word' id='word_1_438' title='bbox 1200 4538 1547 4593; x_wconf 90' lang='lat' dir='ltr'><strong>Timendum</strong></span> <span class='ocrx_word' id='word_1_439' title='bbox 1578 4536 1735 4592; x_wconf 89' lang='lat' dir='ltr'><strong>enim</strong></span> <span class='ocrx_word' id='word_1_440' title='bbox 1765 4536 1928 4590; x_wconf 91' lang='lat' dir='ltr'><strong>valde</strong></span> <span class='ocrx_word' id='word_1_441' title='bbox 1959 4540 2062 4602; x_wconf 92' lang='lat' dir='ltr'><strong>est,</strong></span> 
     </span>
    </p>
   </div>
   <div class='ocr_carea' id='block_1_71' title="bbox 461 4624 2066 4699">
    <p class='ocr_par' dir='ltr' id='par_1_71' title="bbox 461 4624 2066 4699">
     <span class='ocr_line' id='line_1_71' title="bbox 461 4624 2066 4699; baseline -0.002 -18"><span class='ocrx_word' id='word_1_442' title='bbox 461 4643 594 4682; x_wconf 91' lang='lat' dir='ltr'><strong>cum</strong></span> <span class='ocrx_word' id='word_1_443' title='bbox 622 4629 1049 4698; x_wconf 88' lang='lat' dir='ltr'><strong>eleemosynam</strong></span> <span class='ocrx_word' id='word_1_444' title='bbox 1073 4627 1333 4683; x_wconf 66' lang='lat' dir='ltr'><strong>Ecclesia:</strong></span> <span class='ocrx_word' id='word_1_445' title='bbox 1359 4627 1459 4682; x_wconf 90' lang='lat' dir='ltr'><strong>Dei</strong></span> <span class='ocrx_word' id='word_1_446' title='bbox 1483 4625 1831 4699; x_wconf 90' lang='lat' dir='ltr'><strong>pauperibus</strong></span> <span class='ocrx_word' id='word_1_447' title='bbox 1860 4624 2066 4679; x_wconf 88' lang='lat' dir='ltr'><strong>Christi</strong></span> 
     </span>
    </p>
   </div>
   <div class='ocr_carea' id='block_1_72' title="bbox 461 4713 2066 4787">
    <p class='ocr_par' dir='ltr' id='par_1_72' title="bbox 461 4713 2066 4787">
     <span class='ocr_line' id='line_1_72' title="bbox 461 4713 2066 4787; baseline -0.004 -16"><span class='ocrx_word' id='word_1_448' title='bbox 461 4715 670 4787; x_wconf 85' lang='lat' dir='ltr'><strong>injuste</strong></span> <span class='ocrx_word' id='word_1_449' title='bbox 684 4715 900 4782; x_wconf 89' lang='lat' dir='ltr'><strong>tollitis,</strong></span> <span class='ocrx_word' id='word_1_450' title='bbox 921 4718 983 4770; x_wconf 93' lang='lat' dir='ltr'><strong>ut</strong></span> <span class='ocrx_word' id='word_1_451' title='bbox 1002 4717 1234 4772; x_wconf 89' lang='lat' dir='ltr'><strong>tollalur</strong></span> <span class='ocrx_word' id='word_1_452' title='bbox 1251 4715 1408 4771; x_wconf 90' lang='lat' dir='ltr'><strong>vobis</strong></span> <span class='ocrx_word' id='word_1_453' title='bbox 1430 4733 1464 4770; x_wconf 91' lang='lat' dir='ltr'><strong>a</strong></span> <span class='ocrx_word' id='word_1_454' title='bbox 1485 4717 1602 4770; x_wconf 94' lang='lat' dir='ltr'><strong>Deo</strong></span> <span class='ocrx_word' id='word_1_455' title='bbox 1638 4713 1793 4786; x_wconf 89' lang='lat' dir='ltr'><strong>quod</strong></span> <span class='ocrx_word' id='word_1_456' title='bbox 1827 4713 2066 4767; x_wconf 87' lang='lat' dir='ltr'><strong>licenter</strong></span> 
     </span>
    </p>
   </div>
   <div class='ocr_carea' id='block_1_73' title="bbox 459 4802 2068 4876">
    <p class='ocr_par' dir='ltr' id='par_1_73' title="bbox 459 4802 2068 4876">
     <span class='ocr_line' id='line_1_73' title="bbox 459 4802 2068 4876; baseline -0.002 -16"><span class='ocrx_word' id='word_1_457' title='bbox 459 4807 518 4860; x_wconf 87' lang='lat' dir='ltr'><strong>et</strong></span> <span class='ocrx_word' id='word_1_458' title='bbox 540 4803 661 4859; x_wconf 90' lang='lat' dir='ltr'><strong>sine</strong></span> <span class='ocrx_word' id='word_1_459' title='bbox 683 4804 900 4875; x_wconf 87' lang='lat' dir='ltr'><strong>peccati</strong></span> <span class='ocrx_word' id='word_1_460' title='bbox 932 4803 1187 4876; x_wconf 78' lang='lat' dir='ltr'><strong>periculo</strong></span> <span class='ocrx_word' id='word_1_461' title='bbox 1221 4805 1435 4859; x_wconf 89' lang='lat' dir='ltr'><strong>habere</strong></span> <span class='ocrx_word' id='word_1_462' title='bbox 1457 4802 1733 4876; x_wconf 87' lang='lat' dir='ltr'><strong>potestis;</strong></span> <span class='ocrx_word' id='word_1_463' title='bbox 1783 4802 1938 4874; x_wconf 91' lang='lat' dir='ltr'><strong>quod</strong></span> <span class='ocrx_word' id='word_1_464' title='bbox 1967 4819 2068 4856; x_wconf 86' lang='lat' dir='ltr'><strong>vos</strong></span> 
     </span>
    </p>
   </div>
   <div class='ocr_carea' id='block_1_74' title="bbox 456 4892 1384 4951">
    <p class='ocr_par' dir='ltr' id='par_1_74' title="bbox 456 4892 1384 4951">
     <span class='ocr_line' id='line_1_74' title="bbox 456 4892 1384 4951; baseline -0.005 0"><span class='ocrx_word' id='word_1_465' title='bbox 456 4895 606 4951; x_wconf 89' lang='lat' dir='ltr'><strong>Deus</strong></span> <span class='ocrx_word' id='word_1_466' title='bbox 635 4892 814 4949; x_wconf 87' lang='lat' dir='ltr'><strong>vitare</strong></span> <span class='ocrx_word' id='word_1_467' title='bbox 843 4893 1144 4948; x_wconf 90' lang='lat' dir='ltr'><strong>concedat.</strong></span> <span class='ocrx_word' id='word_1_468' title='bbox 1169 4892 1384 4946; x_wconf 88' lang='lat' dir='ltr'><strong>Valete.</strong></span> 
     </span>
    </p>
   </div>
   <div class='ocr_carea' id='block_1_75' title="bbox 1052 4979 1483 5035">
    <p class='ocr_par' dir='ltr' id='par_1_75' title="bbox 1052 4979 1483 5035">
     <span class='ocr_line' id='line_1_75' title="bbox 1052 4979 1483 5035; baseline -0.002 -1"><span class='ocrx_word' id='word_1_469' title='bbox 1052 4979 1387 5035; x_wconf 82' lang='lat' dir='ltr'><strong>EPISTOLA</strong></span> <span class='ocrx_word' id='word_1_470' title='bbox 1418 4981 1483 5034; x_wconf 87' lang='lat' dir='ltr'><strong>ll.</strong></span> 
     </span>
    </p>
   </div>
   <div class='ocr_carea' id='block_1_76' title="bbox 945 5084 1574 5124">
    <p class='ocr_par' dir='ltr' id='par_1_76' title="bbox 945 5084 1574 5124">
     <span class='ocr_line' id='line_1_76' title="bbox 945 5084 1574 5124; baseline -0.005 0"><span class='ocrx_word' id='word_1_471' title='bbox 945 5085 1020 5124; x_wconf 76' lang='lat' dir='ltr'><strong>AD</strong></span> <span class='ocrx_word' id='word_1_472' title='bbox 1059 5084 1322 5124; x_wconf 74' lang='lat' dir='ltr'><strong>COMITEM</strong></span> <span class='ocrx_word' id='word_1_473' title='bbox 1365 5085 1475 5122; x_wconf 73' lang='grc' dir='ltr'><strong>ΑΒΔ</strong></span> <span class='ocrx_word' id='word_1_474' title='bbox 1484 5084 1574 5122; x_wconf 86' lang='lat' dir='ltr'><strong>LP.</strong></span> 
     </span>
    </p>
   </div>
   <div class='ocr_carea' id='block_1_77' title="bbox 527 5155 2064 5215">
    <p class='ocr_par' dir='ltr' id='par_1_77' title="bbox 527 5155 2064 5215">
     <span class='ocr_line' id='line_1_77' title="bbox 527 5155 2064 5215; baseline -0.003 0"><span class='ocrx_word' id='word_1_475' title='bbox 527 5157 892 5215; x_wconf 88' lang='lat' dir='ltr'><strong>Nobilissimo</strong></span> <span class='ocrx_word' id='word_1_476' title='bbox 908 5156 1106 5214; x_wconf 91' lang='lat' dir='ltr'><strong>comiti</strong></span> <span class='ocrx_word' id='word_1_477' title='bbox 1123 5158 1343 5211; x_wconf 75' lang='lat' dir='ltr'><strong>ADALP.</strong></span> <span class='ocrx_word' id='word_1_478' title='bbox 1359 5156 1712 5212; x_wconf 76' lang='lat' dir='ltr'><strong>Gozpznrus</strong></span> <span class='ocrx_word' id='word_1_479' title='bbox 1736 5155 1912 5210; x_wconf 87' lang='lat' dir='ltr'><strong>abbas</strong></span> <span class='ocrx_word' id='word_1_480' title='bbox 1933 5171 2064 5210; x_wconf 91' lang='lat' dir='ltr'><strong>cum</strong></span> 
     </span>
    </p>
   </div>
   <div class='ocr_carea' id='block_1_78' title="bbox 453 5243 2063 5318">
    <p class='ocr_par' dir='ltr' id='par_1_78' title="bbox 453 5243 2063 5318">
     <span class='ocr_line' id='line_1_78' title="bbox 453 5243 2063 5318; baseline -0.004 -16"><span class='ocrx_word' id='word_1_481' title='bbox 453 5245 759 5302; x_wconf 88' lang='lat' dir='ltr'><strong>monachis</strong></span> <span class='ocrx_word' id='word_1_482' title='bbox 775 5244 884 5300; x_wconf 91' lang='lat' dir='ltr'><strong>sibi</strong></span> <span class='ocrx_word' id='word_1_483' title='bbox 906 5243 1247 5311; x_wconf 91' lang='lat' dir='ltr'><strong>commissis,</strong></span> <span class='ocrx_word' id='word_1_484' title='bbox 1272 5243 1484 5318; x_wconf 91' lang='lat' dir='ltr'><strong>pignus</strong></span> <span class='ocrx_word' id='word_1_485' title='bbox 1509 5243 1742 5315; x_wconf 88' lang='lat' dir='ltr'><strong>superni</strong></span> <span class='ocrx_word' id='word_1_486' title='bbox 1768 5243 2063 5298; x_wconf 89' lang='lat' dir='ltr'><strong>salutami—</strong></span> 
     </span>
    </p>
   </div>
   <div class='ocr_carea' id='block_1_79' title="bbox 457 5331 912 5389">
    <p class='ocr_par' dir='ltr' id='par_1_79' title="bbox 457 5331 912 5389">
     <span class='ocr_line' id='line_1_79' title="bbox 457 5331 912 5389; baseline 0.002 -1"><span class='ocrx_word' id='word_1_487' title='bbox 457 5333 546 5388; x_wconf 90' lang='lat' dir='ltr'><strong>nis</strong></span> <span class='ocrx_word' id='word_1_488' title='bbox 574 5332 634 5388; x_wconf 91' lang='lat' dir='ltr'><strong>in</strong></span> <span class='ocrx_word' id='word_1_489' title='bbox 666 5331 912 5389; x_wconf 90' lang='lat' dir='ltr'><strong>Christo.</strong></span> 
     </span>
    </p>
   </div>
   <div class='ocr_carea' id='block_1_80' title="bbox 447 5415 2061 5494">
    <p class='ocr_par' dir='ltr' id='par_1_80' title="bbox 447 5415 2061 5494">
     <span class='ocr_line' id='line_1_80' title="bbox 447 5415 2061 5494; baseline -0.001 -20"><span class='ocrx_word' id='word_1_490' title='bbox 447 5415 454 5419; x_wconf 79' lang='grc'><em>’</em></span> <span class='ocrx_word' id='word_1_491' title='bbox 527 5420 872 5494; x_wconf 89' lang='lat' dir='ltr'><strong>Quanquam</strong></span> <span class='ocrx_word' id='word_1_492' title='bbox 903 5419 962 5474; x_wconf 90' lang='lat' dir='ltr'><strong>in</strong></span> <span class='ocrx_word' id='word_1_493' title='bbox 996 5419 1213 5474; x_wconf 90' lang='lat' dir='ltr'><strong>ultimis</strong></span> <span class='ocrx_word' id='word_1_494' title='bbox 1236 5419 1568 5492; x_wconf 86' lang='lat' dir='ltr'><strong>regionibus</strong></span> <span class='ocrx_word' id='word_1_495' title='bbox 1596 5419 2061 5476; x_wconf 83' lang='lat' dir='ltr'><strong>saxosissilvosis-</strong></span> 
     </span>
    </p>
   </div>
   <div class='ocr_carea' id='block_1_81' title="bbox 455 5508 2060 5583">
    <p class='ocr_par' dir='ltr' id='par_1_81' title="bbox 455 5508 2060 5583">
     <span class='ocr_line' id='line_1_81' title="bbox 455 5508 2060 5583; baseline -0.001 -20"><span class='ocrx_word' id='word_1_496' title='bbox 455 5524 567 5581; x_wconf 88' lang='lat' dir='ltr'><strong>que</strong></span> <span class='ocrx_word' id='word_1_497' title='bbox 593 5508 730 5564; x_wconf 91' lang='lat' dir='ltr'><strong>locis</strong></span> <span class='ocrx_word' id='word_1_498' title='bbox 761 5509 1110 5571; x_wconf 77' lang='lat' dir='ltr'><strong>habitamus,</strong></span> <span class='ocrx_word' id='word_1_499' title='bbox 1133 5509 1372 5564; x_wconf 88' lang='lat' dir='ltr'><strong>celebris</strong></span> <span class='ocrx_word' id='word_1_500' title='bbox 1401 5509 1558 5564; x_wconf 80' lang='lat' dir='ltr'><strong>fama</strong></span> <span class='ocrx_word' id='word_1_501' title='bbox 1583 5509 1810 5583; x_wconf 88' lang='lat' dir='ltr'><strong>pietatis</strong></span> <span class='ocrx_word' id='word_1_502' title='bbox 1841 5512 2060 5574; x_wconf 79' lang='lat' dir='ltr'><strong>vestrae,</strong></span> 
     </span>
    </p>
   </div>
   <div class='ocr_carea' id='block_1_82' title="bbox 456 5595 2058 5670">
    <p class='ocr_par' dir='ltr' id='par_1_82' title="bbox 456 5595 2058 5670">
     <span class='ocr_line' id='line_1_82' title="bbox 456 5595 2058 5670; baseline -0.001 -19"><span class='ocrx_word' id='word_1_503' title='bbox 456 5613 632 5669; x_wconf 90' lang='lat' dir='ltr'><strong>quam</strong></span> <span class='ocrx_word' id='word_1_504' title='bbox 663 5595 721 5651; x_wconf 91' lang='lat' dir='ltr'><strong>in</strong></span> <span class='ocrx_word' id='word_1_505' title='bbox 754 5613 859 5651; x_wconf 90' lang='lat' dir='ltr'><strong>nos</strong></span> <span class='ocrx_word' id='word_1_506' title='bbox 911 5598 1287 5670; x_wconf 87' lang='lat' dir='ltr'><strong>nostramque</strong></span> <span class='ocrx_word' id='word_1_507' title='bbox 1327 5597 1672 5653; x_wconf 79' lang='lat' dir='ltr'><strong>familiolam</strong></span> <span class='ocrx_word' id='word_1_508' title='bbox 1713 5596 2058 5663; x_wconf 78' lang='lat' dir='ltr'><strong>exercuislis,</strong></span> 
     </span>
    </p>
   </div>
   <div class='ocr_carea' id='block_1_83' title="bbox 455 5683 2061 5757">
    <p class='ocr_par' dir='ltr' id='par_1_83' title="bbox 455 5683 2061 5757">
     <span class='ocr_line' id='line_1_83' title="bbox 455 5683 2061 5757; baseline 0 -18"><span class='ocrx_word' id='word_1_509' title='bbox 455 5701 606 5757; x_wconf 65' lang='lat' dir='ltr'><strong>saepe</strong></span> <span class='ocrx_word' id='word_1_510' title='bbox 642 5683 848 5755; x_wconf 57' lang='lat' dir='ltr'><strong>sapius</strong></span> <span class='ocrx_word' id='word_1_511' title='bbox 877 5684 1061 5738; x_wconf 87' lang='lat' dir='ltr'><strong>relatu</strong></span> <span class='ocrx_word' id='word_1_512' title='bbox 1085 5685 1467 5756; x_wconf 90' lang='lat' dir='ltr'><strong>plurimorum</strong></span> <span class='ocrx_word' id='word_1_513' title='bbox 1489 5687 1563 5741; x_wconf 81' lang='lat' dir='ltr'><strong>ad</strong></span> <span class='ocrx_word' id='word_1_514' title='bbox 1596 5704 1700 5740; x_wconf 89' lang='lat' dir='ltr'><strong>nos</strong></span> <span class='ocrx_word' id='word_1_515' title='bbox 1728 5703 1905 5757; x_wconf 86' lang='lat' dir='ltr'><strong>usque</strong></span> <span class='ocrx_word' id='word_1_516' title='bbox 1939 5703 2061 5756; x_wconf 88' lang='lat' dir='ltr'><strong>per-</strong></span> 
     </span>
    </p>
   </div>
   <div class='ocr_carea' id='block_1_84' title="bbox 453 5772 2061 5848">
    <p class='ocr_par' dir='ltr' id='par_1_84' title="bbox 453 5772 2061 5848">
     <span class='ocr_line' id='line_1_84' title="bbox 453 5772 2061 5848; baseline 0.001 -18"><span class='ocrx_word' id='word_1_517' title='bbox 453 5774 628 5832; x_wconf 85' lang='lat' dir='ltr'><strong>venit.</strong></span> <span class='ocrx_word' id='word_1_518' title='bbox 662 5773 770 5838; x_wconf 88' lang='lat' dir='ltr'><strong>Qui</strong></span> <span class='ocrx_word' id='word_1_519' title='bbox 792 5772 948 5831; x_wconf 88' lang='lat' dir='ltr'><strong>uullo</strong></span> <span class='ocrx_word' id='word_1_520' title='bbox 984 5774 1097 5832; x_wconf 89' lang='lat' dir='ltr'><strong>alio</strong></span> <span class='ocrx_word' id='word_1_521' title='bbox 1134 5773 1359 5832; x_wconf 86' lang='lat' dir='ltr'><strong>servitio</strong></span> <span class='ocrx_word' id='word_1_522' title='bbox 1382 5791 1683 5848; x_wconf 89' lang='lat' dir='ltr'><strong>possumus</strong></span> <span class='ocrx_word' id='word_1_523' title='bbox 1724 5779 1823 5832; x_wconf 88' lang='lat' dir='ltr'><strong>aut</strong></span> <span class='ocrx_word' id='word_1_524' title='bbox 1856 5775 2061 5832; x_wconf 80' lang='lat' dir='ltr'><strong>sufﬁci-</strong></span> 
     </span>
    </p>
   </div>
   <div class='ocr_carea' id='block_1_85' title="bbox 2085 3820 3779 3894">
    <p class='ocr_par' dir='ltr' id='par_1_85' title="bbox 2085 3820 3779 3894">
     <span class='ocr_line' id='line_1_85' title="bbox 2085 3820 3779 3894; baseline -0.001 -14"><span class='ocrx_word' id='word_1_525' title='bbox 2085 3829 2132 3888; x_wconf 89' lang='lat' dir='ltr'>C</span> <span class='ocrx_word' id='word_1_526' title='bbox 2167 3841 2314 3892; x_wconf 91' lang='lat' dir='ltr'><strong>mus,</strong></span> <span class='ocrx_word' id='word_1_527' title='bbox 2335 3840 2549 3879; x_wconf 89' lang='lat' dir='ltr'><strong>nomen</strong></span> <span class='ocrx_word' id='word_1_528' title='bbox 2575 3826 2826 3880; x_wconf 89' lang='lat' dir='ltr'><strong>vestrum</strong></span> <span class='ocrx_word' id='word_1_529' title='bbox 2858 3823 2916 3878; x_wconf 92' lang='lat' dir='ltr'><strong>in</strong></span> <span class='ocrx_word' id='word_1_530' title='bbox 2949 3822 3094 3878; x_wconf 91' lang='lat' dir='ltr'><strong>libro</strong></span> <span class='ocrx_word' id='word_1_531' title='bbox 3145 3820 3273 3877; x_wconf 60' lang='lat' dir='ltr'><strong>vitae</strong></span> <span class='ocrx_word' id='word_1_532' title='bbox 3315 3823 3471 3894; x_wconf 87' lang='lat' dir='ltr'><strong>apud</strong></span> <span class='ocrx_word' id='word_1_533' title='bbox 3506 3840 3614 3878; x_wconf 89' lang='lat' dir='ltr'><strong>nos</strong></span> <span class='ocrx_word' id='word_1_534' title='bbox 3643 3840 3779 3880; x_wconf 91' lang='lat' dir='ltr'><strong>con-</strong></span> 
     </span>
    </p>
   </div>
   <div class='ocr_carea' id='block_1_86' title="bbox 2165 3911 3776 3984">
    <p class='ocr_par' dir='ltr' id='par_1_86' title="bbox 2165 3911 3776 3984">
     <span class='ocr_line' id='line_1_86' title="bbox 2165 3911 3776 3984; baseline -0.001 -15"><span class='ocrx_word' id='word_1_535' title='bbox 2165 3914 2440 3984; x_wconf 90' lang='lat' dir='ltr'><strong>scriptum</strong></span> <span class='ocrx_word' id='word_1_536' title='bbox 2468 3914 2746 3969; x_wconf 86' lang='lat' dir='ltr'><strong>habemus</strong></span> <span class='ocrx_word' id='word_1_537' title='bbox 2776 3916 2832 3968; x_wconf 89' lang='lat' dir='ltr'><strong>et</strong></span> <span class='ocrx_word' id='word_1_538' title='bbox 2863 3911 3122 3984; x_wconf 89' lang='lat' dir='ltr'><strong>quotidie</strong></span> <span class='ocrx_word' id='word_1_539' title='bbox 3153 3911 3546 3984; x_wconf 90' lang='lat' dir='ltr'><strong>supplicamus</strong></span> <span class='ocrx_word' id='word_1_540' title='bbox 3590 3930 3623 3966; x_wconf 89' lang='lat' dir='ltr'><strong>a</strong></span> <span class='ocrx_word' id='word_1_541' title='bbox 3658 3914 3776 3968; x_wconf 91' lang='lat' dir='ltr'><strong>Deo</strong></span> 
     </span>
    </p>
   </div>
   <div class='ocr_carea' id='block_1_87' title="bbox 2165 4001 3778 4074">
    <p class='ocr_par' dir='ltr' id='par_1_87' title="bbox 2165 4001 3778 4074">
     <span class='ocr_line' id='line_1_87' title="bbox 2165 4001 3778 4074; baseline -0.001 -17"><span class='ocrx_word' id='word_1_542' title='bbox 2165 4003 2324 4057; x_wconf 86' lang='lat' dir='ltr'><strong>vobis</strong></span> <span class='ocrx_word' id='word_1_543' title='bbox 2352 4003 2866 4069; x_wconf 88' lang='lat' dir='ltr'><strong>remunerandum,</strong></span> <span class='ocrx_word' id='word_1_544' title='bbox 2895 4017 2998 4074; x_wconf 91' lang='lat' dir='ltr'><strong>pro</strong></span> <span class='ocrx_word' id='word_1_545' title='bbox 3025 4001 3188 4071; x_wconf 87' lang='lat' dir='ltr'><strong>cujus</strong></span> <span class='ocrx_word' id='word_1_546' title='bbox 3217 4017 3417 4055; x_wconf 87' lang='lat' dir='ltr'><strong>amore</strong></span> <span class='ocrx_word' id='word_1_547' title='bbox 3446 4001 3588 4056; x_wconf 78' lang='lat' dir='ltr'><strong>talia</strong></span> <span class='ocrx_word' id='word_1_548' title='bbox 3609 4001 3778 4056; x_wconf 88' lang='lat' dir='ltr'><strong>nobis</strong></span> 
     </span>
    </p>
   </div>
   <div class='ocr_carea' id='block_1_88' title="bbox 2169 4089 3776 4164">
    <p class='ocr_par' dir='ltr' id='par_1_88' title="bbox 2169 4089 3776 4164">
     <span class='ocr_line' id='line_1_88' title="bbox 2169 4089 3776 4164; baseline -0.001 -19"><span class='ocrx_word' id='word_1_549' title='bbox 2169 4093 2492 4164; x_wconf 88' lang='lat' dir='ltr'><strong>nostrisque</strong></span> <span class='ocrx_word' id='word_1_550' title='bbox 2524 4092 2726 4146; x_wconf 83' lang='lat' dir='ltr'><strong>facitis.</strong></span> <span class='ocrx_word' id='word_1_551' title='bbox 2758 4093 2817 4146; x_wconf 90' lang='lat' dir='ltr'><strong>ln</strong></span> <span class='ocrx_word' id='word_1_552' title='bbox 2858 4091 3084 4157; x_wconf 88' lang='lat' dir='ltr'><strong>talibus,</strong></span> <span class='ocrx_word' id='word_1_553' title='bbox 3105 4094 3165 4144; x_wconf 91' lang='lat' dir='ltr'><strong>ut</strong></span> <span class='ocrx_word' id='word_1_554' title='bbox 3195 4089 3589 4160; x_wconf 69' lang='lat' dir='ltr'><strong>prmdiximus,</strong></span> <span class='ocrx_word' id='word_1_555' title='bbox 3636 4091 3776 4146; x_wconf 82' lang='lat' dir='ltr'><strong>locis</strong></span> 
     </span>
    </p>
   </div>
   <div class='ocr_carea' id='block_1_89' title="bbox 2169 4177 3772 4251">
    <p class='ocr_par' dir='ltr' id='par_1_89' title="bbox 2169 4177 3772 4251">
     <span class='ocr_line' id='line_1_89' title="bbox 2169 4177 3772 4251; baseline 0.001 -18"><span class='ocrx_word' id='word_1_556' title='bbox 2169 4180 2464 4250; x_wconf 87' lang='lat' dir='ltr'><strong>degentes,</strong></span> <span class='ocrx_word' id='word_1_557' title='bbox 2489 4179 2818 4251; x_wconf 90' lang='lat' dir='ltr'><strong>piscationis</strong></span> <span class='ocrx_word' id='word_1_558' title='bbox 2850 4196 3122 4251; x_wconf 87' lang='lat' dir='ltr'><strong>magnam</strong></span> <span class='ocrx_word' id='word_1_559' title='bbox 3156 4177 3461 4249; x_wconf 81' lang='lat' dir='ltr'><strong>penuriam</strong></span> <span class='ocrx_word' id='word_1_560' title='bbox 3493 4179 3772 4249; x_wconf 90' lang='lat' dir='ltr'><strong>patimur.</strong></span> 
     </span>
    </p>
   </div>
   <div class='ocr_carea' id='block_1_90' title="bbox 2170 4266 3770 4341">
    <p class='ocr_par' dir='ltr' id='par_1_90' title="bbox 2170 4266 3770 4341">
     <span class='ocr_line' id='line_1_90' title="bbox 2170 4266 3770 4341; baseline -0.001 -21"><span class='ocrx_word' id='word_1_561' title='bbox 2170 4267 2447 4330; x_wconf 85' lang='lat' dir='ltr'><strong>Quocirca</strong></span> <span class='ocrx_word' id='word_1_562' title='bbox 2469 4268 2737 4341; x_wconf 91' lang='lat' dir='ltr'><strong>petimus,</strong></span> <span class='ocrx_word' id='word_1_563' title='bbox 2762 4269 2806 4322; x_wconf 92' lang='lat' dir='ltr'><strong>si</strong></span> <span class='ocrx_word' id='word_1_564' title='bbox 2829 4268 2886 4322; x_wconf 92' lang='lat' dir='ltr'><strong>in</strong></span> <span class='ocrx_word' id='word_1_565' title='bbox 2909 4285 3086 4322; x_wconf 88' lang='lat' dir='ltr'><strong>manu</strong></span> <span class='ocrx_word' id='word_1_566' title='bbox 3114 4269 3299 4320; x_wconf 85' lang='lat' dir='ltr'><strong>vestra</strong></span> <span class='ocrx_word' id='word_1_567' title='bbox 3317 4283 3472 4321; x_wconf 90' lang='lat' dir='ltr'><strong>anno</strong></span> <span class='ocrx_word' id='word_1_568' title='bbox 3501 4266 3770 4339; x_wconf 59' lang='lat' dir='ltr'><strong>priesenti</strong></span> 
     </span>
    </p>
   </div>
   <div class='ocr_carea' id='block_1_91' title="bbox 2167 4354 3773 4427">
    <p class='ocr_par' dir='ltr' id='par_1_91' title="bbox 2167 4354 3773 4427">
     <span class='ocr_line' id='line_1_91' title="bbox 2167 4354 3773 4427; baseline -0.001 -19"><span class='ocrx_word' id='word_1_569' title='bbox 2167 4355 2454 4425; x_wconf 90' lang='lat' dir='ltr'><strong>piscatura</strong></span> <span class='ocrx_word' id='word_1_570' title='bbox 2480 4360 2565 4410; x_wconf 90' lang='lat' dir='ltr'><strong>est</strong></span> <span class='ocrx_word' id='word_1_571' title='bbox 2583 4360 2939 4427; x_wconf 82' lang='lat' dir='ltr'><strong>prosperata,</strong></span> <span class='ocrx_word' id='word_1_572' title='bbox 2957 4354 3251 4411; x_wconf 90' lang='lat' dir='ltr'><strong>nobiscum</strong></span> <span class='ocrx_word' id='word_1_573' title='bbox 3270 4355 3438 4410; x_wconf 86' lang='lat' dir='ltr'><strong>solita</strong></span> <span class='ocrx_word' id='word_1_574' title='bbox 3464 4355 3773 4410; x_wconf 81' lang='lat' dir='ltr'><strong>clementia</strong></span> 
     </span>
    </p>
   </div>
   <div class='ocr_carea' id='block_1_92' title="bbox 2170 4444 2999 4518">
    <p class='ocr_par' dir='ltr' id='par_1_92' title="bbox 2170 4444 2999 4518">
     <span class='ocr_line' id='line_1_92' title="bbox 2170 4444 2999 4518; baseline 0 -20"><span class='ocrx_word' id='word_1_575' title='bbox 2170 4444 2367 4515; x_wconf 90' lang='lat' dir='ltr'><strong>partiri</strong></span> <span class='ocrx_word' id='word_1_576' title='bbox 2401 4445 2763 4518; x_wconf 66' lang='lat' dir='ltr'><strong>praecipiatis.</strong></span> <span class='ocrx_word' id='word_1_577' title='bbox 2790 4446 2999 4499; x_wconf 90' lang='lat' dir='ltr'><strong>Valete.</strong></span> 
     </span>
    </p>
   </div>
   <div class='ocr_carea' id='block_1_93' title="bbox 2736 4569 3197 4625">
    <p class='ocr_par' dir='ltr' id='par_1_93' title="bbox 2736 4569 3197 4625">
     <span class='ocr_line' id='line_1_93' title="bbox 2736 4569 3197 4625; baseline 0 -2"><span class='ocrx_word' id='word_1_578' title='bbox 2736 4569 3068 4625; x_wconf 82' lang='lat' dir='ltr'><strong>EPISTOLA</strong></span> <span class='ocrx_word' id='word_1_579' title='bbox 3107 4571 3197 4624; x_wconf 82' lang='lat' dir='ltr'><strong>IlI.</strong></span> 
     </span>
    </p>
   </div>
   <div class='ocr_carea' id='block_1_94' title="bbox 2484 4691 3447 4731">
    <p class='ocr_par' dir='ltr' id='par_1_94' title="bbox 2484 4691 3447 4731">
     <span class='ocr_line' id='line_1_94' title="bbox 2484 4691 3447 4731; baseline -0.003 -2"><span class='ocrx_word' id='word_1_580' title='bbox 2484 4692 2560 4729; x_wconf 88' lang='grc' dir='ltr'><strong>Αῐ)</strong></span> <span class='ocrx_word' id='word_1_581' title='bbox 2596 4691 2918 4730; x_wconf 74' lang='lat' dir='ltr'><strong>ARNOLDUM</strong></span> <span class='ocrx_word' id='word_1_582' title='bbox 2962 4692 3239 4731; x_wconf 78' lang='lat' dir='ltr'><strong>NEPOTEM</strong></span> <span class='ocrx_word' id='word_1_583' title='bbox 3269 4691 3447 4731; x_wconf 85' lang='lat' dir='ltr'><strong>SUUM.</strong></span> 
     </span>
    </p>
   </div>
   <div class='ocr_carea' id='block_1_95' title="bbox 2235 4798 3766 4870">
    <p class='ocr_par' dir='ltr' id='par_1_95' title="bbox 2235 4798 3766 4870">
     <span class='ocr_line' id='line_1_95' title="bbox 2235 4798 3766 4870; baseline -0.002 -16"><span class='ocrx_word' id='word_1_584' title='bbox 2235 4801 2585 4854; x_wconf 73' lang='lat' dir='ltr'><strong>Gozpan&#39;rus</strong></span> <span class='ocrx_word' id='word_1_585' title='bbox 2603 4799 2778 4853; x_wconf 89' lang='lat' dir='ltr'><strong>abbas</strong></span> <span class='ocrx_word' id='word_1_586' title='bbox 2810 4799 3160 4865; x_wconf 88' lang='lat' dir='ltr'><strong>nominatus,</strong></span> <span class='ocrx_word' id='word_1_587' title='bbox 3186 4798 3450 4870; x_wconf 90' lang='lat' dir='ltr'><strong>quamvis</strong></span> <span class='ocrx_word' id='word_1_588' title='bbox 3479 4798 3766 4870; x_wconf 87' lang='lat' dir='ltr'><strong>indiguus,</strong></span> 
     </span>
    </p>
   </div>
   <div class='ocr_carea' id='block_1_96' title="bbox 2167 4888 3769 4961">
    <p class='ocr_par' dir='ltr' id='par_1_96' title="bbox 2167 4888 3769 4961">
     <span class='ocr_line' id='line_1_96' title="bbox 2167 4888 3769 4961; baseline -0.001 -19"><span class='ocrx_word' id='word_1_589' title='bbox 2167 4889 2381 4959; x_wconf 87' lang='lat' dir='ltr'><strong>seniori</strong></span> <span class='ocrx_word' id='word_1_590' title='bbox 2412 4890 2715 4955; x_wconf 77' lang='lat' dir='ltr'><strong>ARNOLDO,</strong></span> <span class='ocrx_word' id='word_1_591' title='bbox 2748 4889 3022 4961; x_wconf 89' lang='lat' dir='ltr'><strong>neptique</strong></span> <span class='ocrx_word' id='word_1_592' title='bbox 3052 4891 3264 4943; x_wconf 71' lang='lat' dir='ltr'><strong>nostra:</strong></span> <span class='ocrx_word' id='word_1_593' title='bbox 3306 4888 3540 4960; x_wconf 89' lang='lat' dir='ltr'><strong>conjugi</strong></span> <span class='ocrx_word' id='word_1_594' title='bbox 3572 4891 3769 4942; x_wconf 63' lang='lat' dir='ltr'><strong>vestra</strong></span> 
     </span>
    </p>
   </div>
   <div class='ocr_carea' id='block_1_97' title="bbox 2167 4977 3291 5034">
    <p class='ocr_par' dir='ltr' id='par_1_97' title="bbox 2167 4977 3291 5034">
     <span class='ocr_line' id='line_1_97' title="bbox 2167 4977 3291 5034; baseline 0 0"><span class='ocrx_word' id='word_1_595' title='bbox 2167 4977 2501 5034; x_wconf 69' lang='lat' dir='ltr'><strong>Adalhaidae</strong></span> <span class='ocrx_word' id='word_1_596' title='bbox 2528 4978 2772 5032; x_wconf 88' lang='lat' dir='ltr'><strong>salutem</strong></span> <span class='ocrx_word' id='word_1_597' title='bbox 2804 4977 2861 5032; x_wconf 92' lang='lat' dir='ltr'><strong>in</strong></span> <span class='ocrx_word' id='word_1_598' title='bbox 2891 4979 3006 5032; x_wconf 90' lang='lat' dir='ltr'><strong>Deo</strong></span> <span class='ocrx_word' id='word_1_599' title='bbox 3039 4994 3291 5034; x_wconf 92' lang='lat' dir='ltr'><strong>summo.</strong></span> 
     </span>
    </p>
   </div>
   <div class='ocr_carea' id='block_1_98' title="bbox 2240 5064 3769 5138">
    <p class='ocr_par' dir='ltr' id='par_1_98' title="bbox 2240 5064 3769 5138">
     <span class='ocr_line' id='line_1_98' title="bbox 2240 5064 3769 5138; baseline -0.001 -20"><span class='ocrx_word' id='word_1_600' title='bbox 2240 5065 2583 5120; x_wconf 88' lang='lat' dir='ltr'><strong>Necessitate</strong></span> <span class='ocrx_word' id='word_1_601' title='bbox 2622 5065 2872 5120; x_wconf 83' lang='lat' dir='ltr'><strong>maxima</strong></span> <span class='ocrx_word' id='word_1_602' title='bbox 2892 5065 3196 5138; x_wconf 87' lang='lat' dir='ltr'><strong>compulsi,</strong></span> <span class='ocrx_word' id='word_1_603' title='bbox 3215 5064 3535 5119; x_wconf 87' lang='lat' dir='ltr'><strong>amicorum</strong></span> <span class='ocrx_word' id='word_1_604' title='bbox 3554 5066 3769 5118; x_wconf 87' lang='lat' dir='ltr'><strong>nostro-</strong></span> 
     </span>
    </p>
   </div>
   <div class='ocr_carea' id='block_1_99' title="bbox 2167 5152 3766 5225">
    <p class='ocr_par' dir='ltr' id='par_1_99' title="bbox 2167 5152 3766 5225">
     <span class='ocr_line' id='line_1_99' title="bbox 2167 5152 3766 5225; baseline -0.003 -16"><span class='ocrx_word' id='word_1_605' title='bbox 2167 5171 2297 5209; x_wconf 92' lang='lat' dir='ltr'><strong>rum</strong></span> <span class='ocrx_word' id='word_1_606' title='bbox 2322 5153 2437 5207; x_wconf 85' lang='lat' dir='ltr'><strong>fida</strong></span> <span class='ocrx_word' id='word_1_607' title='bbox 2469 5154 2800 5222; x_wconf 80' lang='lat' dir='ltr'><strong>ﬂagitamus</strong></span> <span class='ocrx_word' id='word_1_608' title='bbox 2846 5154 3072 5220; x_wconf 84' lang='lat' dir='ltr'><strong>auxilia,</strong></span> <span class='ocrx_word' id='word_1_609' title='bbox 3115 5153 3250 5225; x_wconf 88' lang='lat' dir='ltr'><strong>quia</strong></span> <span class='ocrx_word' id='word_1_610' title='bbox 3297 5152 3572 5224; x_wconf 69' lang='lat' dir='ltr'><strong>prmsenti</strong></span> <span class='ocrx_word' id='word_1_611' title='bbox 3615 5169 3766 5206; x_wconf 89' lang='lat' dir='ltr'><strong>anno</strong></span> 
     </span>
    </p>
   </div>
   <div class='ocr_carea' id='block_1_100' title="bbox 2169 5242 3765 5299">
    <p class='ocr_par' dir='ltr' id='par_1_100' title="bbox 2169 5242 3765 5299">
     <span class='ocr_line' id='line_1_100' title="bbox 2169 5242 3765 5299; baseline -0.004 0"><span class='ocrx_word' id='word_1_612' title='bbox 2169 5243 2410 5299; x_wconf 89' lang='lat' dir='ltr'><strong>minime</strong></span> <span class='ocrx_word' id='word_1_613' title='bbox 2425 5243 2717 5297; x_wconf 82' lang='lat' dir='ltr'><strong>sufficiunt</strong></span> <span class='ocrx_word' id='word_1_614' title='bbox 2740 5243 2903 5298; x_wconf 91' lang='lat' dir='ltr'><strong>nobis</strong></span> <span class='ocrx_word' id='word_1_615' title='bbox 2916 5243 3165 5297; x_wconf 89' lang='lat' dir='ltr'><strong>victuum</strong></span> <span class='ocrx_word' id='word_1_616' title='bbox 3180 5242 3460 5296; x_wconf 88' lang='lat' dir='ltr'><strong>alimonia</strong></span> <span class='ocrx_word' id='word_1_617' title='bbox 3478 5242 3765 5296; x_wconf 82' lang='lat' dir='ltr'><strong>fructuum</strong></span> 
     </span>
    </p>
   </div>
   <div class='ocr_carea' id='block_1_101' title="bbox 2165 5327 3766 5402">
    <p class='ocr_par' dir='ltr' id='par_1_101' title="bbox 2165 5327 3766 5402">
     <span class='ocr_line' id='line_1_101' title="bbox 2165 5327 3766 5402; baseline -0.005 -15"><span class='ocrx_word' id='word_1_618' title='bbox 2165 5332 2762 5402; x_wconf 83' lang='lat' dir='ltr'><strong>fertilitatc,agrorum</strong></span> <span class='ocrx_word' id='word_1_619' title='bbox 2779 5331 3077 5386; x_wconf 88' lang='lat' dir='ltr'><strong>sterilitate</strong></span> <span class='ocrx_word' id='word_1_620' title='bbox 3093 5330 3388 5386; x_wconf 81' lang='lat' dir='ltr'><strong>suffocata.</strong></span> <span class='ocrx_word' id='word_1_621' title='bbox 3413 5331 3474 5383; x_wconf 85' lang='lat' dir='ltr'><strong>In</strong></span> <span class='ocrx_word' id='word_1_622' title='bbox 3501 5327 3766 5382; x_wconf 87' lang='lat' dir='ltr'><strong>omnibus</strong></span> 
     </span>
    </p>
   </div>
   <div class='ocr_carea' id='block_1_102' title="bbox 2166 5414 3764 5491">
    <p class='ocr_par' dir='ltr' id='par_1_102' title="bbox 2166 5414 3764 5491">
     <span class='ocr_line' id='line_1_102' title="bbox 2166 5414 3764 5491; baseline -0.006 -14"><span class='ocrx_word' id='word_1_623' title='bbox 2166 5422 2334 5477; x_wconf 88' lang='lat' dir='ltr'><strong>rebus</strong></span> <span class='ocrx_word' id='word_1_624' title='bbox 2355 5437 2652 5491; x_wconf 87' lang='lat' dir='ltr'><strong>speramus</strong></span> <span class='ocrx_word' id='word_1_625' title='bbox 2669 5436 2765 5474; x_wconf 90' lang='lat' dir='ltr'><strong>vos</strong></span> <span class='ocrx_word' id='word_1_626' title='bbox 2785 5419 2948 5473; x_wconf 84' lang='lat' dir='ltr'><strong>nobis</strong></span> <span class='ocrx_word' id='word_1_627' title='bbox 2970 5436 3089 5473; x_wconf 85' lang='lat' dir='ltr'><strong>esse</strong></span> <span class='ocrx_word' id='word_1_628' title='bbox 3109 5417 3530 5488; x_wconf 87' lang='lat' dir='ltr'><strong>compatientes</strong></span> <span class='ocrx_word' id='word_1_629' title='bbox 3550 5414 3764 5469; x_wconf 85' lang='lat' dir='ltr'><strong>visceri-</strong></span> 
     </span>
    </p>
   </div>
   <div class='ocr_carea' id='block_1_103' title="bbox 2166 5503 3759 5580">
    <p class='ocr_par' dir='ltr' id='par_1_103' title="bbox 2166 5503 3759 5580">
     <span class='ocr_line' id='line_1_103' title="bbox 2166 5503 3759 5580; baseline -0.006 -16"><span class='ocrx_word' id='word_1_630' title='bbox 2166 5512 2270 5564; x_wconf 88' lang='lat' dir='ltr'><strong>bus</strong></span> <span class='ocrx_word' id='word_1_631' title='bbox 2293 5508 2540 5580; x_wconf 86' lang='lat' dir='ltr'><strong>pietatis.</strong></span> <span class='ocrx_word' id='word_1_632' title='bbox 2575 5508 2788 5562; x_wconf 85' lang='lat' dir='ltr'><strong>Idcirco</strong></span> <span class='ocrx_word' id='word_1_633' title='bbox 2815 5506 3066 5578; x_wconf 87' lang='lat' dir='ltr'><strong>petimus</strong></span> <span class='ocrx_word' id='word_1_634' title='bbox 3090 5510 3148 5560; x_wconf 91' lang='lat' dir='ltr'><strong>ut</strong></span> <span class='ocrx_word' id='word_1_635' title='bbox 3172 5506 3227 5559; x_wconf 90' lang='lat' dir='ltr'><strong>in</strong></span> <span class='ocrx_word' id='word_1_636' title='bbox 3255 5505 3491 5559; x_wconf 84' lang='lat' dir='ltr'><strong>instanti</strong></span> <span class='ocrx_word' id='word_1_637' title='bbox 3513 5503 3759 5575; x_wconf 82' lang='lat' dir='ltr'><strong>periculo</strong></span> 
     </span>
    </p>
   </div>
   <div class='ocr_carea' id='block_1_104' title="bbox 2166 5590 3760 5666">
    <p class='ocr_par' dir='ltr' id='par_1_104' title="bbox 2166 5590 3760 5666">
     <span class='ocr_line' id='line_1_104' title="bbox 2166 5590 3760 5666; baseline -0.006 -14"><span class='ocrx_word' id='word_1_638' title='bbox 2166 5598 2330 5652; x_wconf 86' lang='lat' dir='ltr'><strong>nobis</strong></span> <span class='ocrx_word' id='word_1_639' title='bbox 2344 5597 2780 5662; x_wconf 85' lang='lat' dir='ltr'><strong>subveniatis,et</strong></span> <span class='ocrx_word' id='word_1_640' title='bbox 2809 5596 2851 5648; x_wconf 85' lang='lat' dir='ltr'><strong>si</strong></span> <span class='ocrx_word' id='word_1_641' title='bbox 2886 5595 3098 5666; x_wconf 84' lang='lat' dir='ltr'><strong>aliquid</strong></span> <span class='ocrx_word' id='word_1_642' title='bbox 3123 5594 3286 5664; x_wconf 83' lang='lat' dir='ltr'><strong>graui</strong></span> <span class='ocrx_word' id='word_1_643' title='bbox 3310 5593 3434 5647; x_wconf 88' lang='lat' dir='ltr'><strong>dari</strong></span> <span class='ocrx_word' id='word_1_644' title='bbox 3465 5590 3760 5663; x_wconf 60' lang='lat' dir='ltr'><strong>praecipitis</strong></span> 
     </span>
    </p>
   </div>
   <div class='ocr_carea' id='block_1_105' title="bbox 2162 5678 3756 5753">
    <p class='ocr_par' dir='ltr' id='par_1_105' title="bbox 2162 5678 3756 5753">
     <span class='ocr_line' id='line_1_105' title="bbox 2162 5678 3756 5753; baseline -0.008 -11"><span class='ocrx_word' id='word_1_645' title='bbox 2162 5687 2220 5742; x_wconf 89' lang='lat' dir='ltr'><strong>in</strong></span> <span class='ocrx_word' id='word_1_646' title='bbox 2253 5691 2516 5740; x_wconf 84' lang='lat' dir='ltr'><strong>nostrum</strong></span> <span class='ocrx_word' id='word_1_647' title='bbox 2549 5685 2757 5737; x_wconf 84' lang='lat' dir='ltr'><strong>victum</strong></span> <span class='ocrx_word' id='word_1_648' title='bbox 2775 5684 2858 5735; x_wconf 90' lang='lat' dir='ltr'><strong>vel</strong></span> <span class='ocrx_word' id='word_1_649' title='bbox 2884 5681 3120 5735; x_wconf 62' lang='lat' dir='ltr'><strong>familiar.</strong></span> <span class='ocrx_word' id='word_1_650' title='bbox 3144 5684 3496 5753; x_wconf 67' lang='lat' dir='ltr'><strong>nostrae,pro</strong></span> <span class='ocrx_word' id='word_1_651' title='bbox 3515 5678 3756 5752; x_wconf 88' lang='lat' dir='ltr'><strong>pretioso</strong></span> 
     </span>
    </p>
   </div>
   <div class='ocr_carea' id='block_1_106' title="bbox 2163 5767 3758 5842">
    <p class='ocr_par' dir='ltr' id='par_1_106' title="bbox 2163 5767 3758 5842">
     <span class='ocr_line' id='line_1_106' title="bbox 2163 5767 3758 5842; baseline -0.002 -12"><span class='ocrx_word' id='word_1_652' title='bbox 2163 5777 2315 5830; x_wconf 83' lang='lat' dir='ltr'><strong>dono</strong></span> <span class='ocrx_word' id='word_1_653' title='bbox 2348 5773 2469 5828; x_wconf 85' lang='lat' dir='ltr'><strong>auri</strong></span> <span class='ocrx_word' id='word_1_654' title='bbox 2503 5773 2586 5827; x_wconf 88' lang='lat' dir='ltr'><strong>vel</strong></span> <span class='ocrx_word' id='word_1_655' title='bbox 2611 5770 2836 5841; x_wconf 83' lang='lat' dir='ltr'><strong>argenti</strong></span> <span class='ocrx_word' id='word_1_656' title='bbox 2859 5770 3172 5827; x_wconf 80' lang='lat' dir='ltr'><strong>honoriﬁce</strong></span> <span class='ocrx_word' id='word_1_657' title='bbox 3194 5770 3523 5842; x_wconf 85' lang='lat' dir='ltr'><strong>accipimus.</strong></span> <span class='ocrx_word' id='word_1_658' title='bbox 3549 5767 3758 5823; x_wconf 75' lang='lat' dir='ltr'><strong>Valete-</strong></span> 
     </span>
    </p>
   </div>
  </div>
