  <div class='ocr_page' id='page_1' title='image "/cluster/home/n/w/nwhite01/storage/ocr_20150623/139/uva.x000829787/194.png"; bbox 0 0 3882 6222; ppageno 0'>
   <div class='ocr_carea' id='block_1_1' title="bbox 1264 369 3609 437">
    <p class='ocr_par' dir='ltr' id='par_1_1' title="bbox 1264 369 3609 437">
     <span class='ocr_line' id='line_1_1' title="bbox 1264 369 3609 437; baseline 0.001 -8"><span class='ocrx_word' id='word_1_1' title='bbox 1264 371 1674 432; x_wconf 77' lang='lat' dir='ltr'>THIETPALDI</span> <span class='ocrx_word' id='word_1_2' title='bbox 1702 370 1920 433; x_wconf 82' lang='lat' dir='ltr'><strong>EPIST.</strong></span> <span class='ocrx_word' id='word_1_3' title='bbox 1954 371 2052 430; x_wconf 81' lang='lat' dir='ltr'>AD</span> <span class='ocrx_word' id='word_1_4' title='bbox 2080 371 2140 430; x_wconf 92' lang='lat' dir='ltr'>S.</span> <span class='ocrx_word' id='word_1_5' title='bbox 2172 370 2654 433; x_wconf 70' lang='lat' dir='ltr'>ADELBERTUM.</span> <span class='ocrx_word' id='word_1_6' title='bbox 3500 369 3609 437; x_wconf 60' lang='lat'>375</span> 
     </span>
    </p>
   </div>
   <div class='ocr_carea' id='block_1_2' title="bbox 249 378 364 439">
    <p class='ocr_par' dir='ltr' id='par_1_2' title="bbox 249 378 364 439">
     <span class='ocr_line' id='line_1_2' title="bbox 249 378 364 439; baseline -0.017 0"><span class='ocrx_word' id='word_1_7' title='bbox 249 378 364 439; x_wconf 70' lang='lat' dir='ltr'>3T3</span> 
     </span>
    </p>
   </div>
   <div class='ocr_carea' id='block_1_3' title="bbox 614 633 3285 790">
    <p class='ocr_par' dir='ltr' id='par_1_3' title="bbox 614 633 3285 790">
     <span class='ocr_line' id='line_1_3' title="bbox 614 633 3285 790; baseline -0.001 -1"><span class='ocrx_word' id='word_1_8' title='bbox 614 682 1362 790; x_wconf 89' lang='lat' dir='ltr'>APPENDIX</span> <span class='ocrx_word' id='word_1_9' title='bbox 1432 682 1619 786; x_wconf 87' lang='lat' dir='ltr'>AD</span> <span class='ocrx_word' id='word_1_10' title='bbox 1690 674 2467 787; x_wconf 88' lang='lat' dir='ltr'>EPISTOLAS</span> <span class='ocrx_word' id='word_1_11' title='bbox 2537 633 3285 789; x_wconf 71' lang='lat' dir='ltr'>GOZPERTI.</span> 
     </span>
    </p>
   </div>
   <div class='ocr_carea' id='block_1_4' title="bbox 1089 1000 2818 1093">
    <p class='ocr_par' dir='ltr' id='par_1_4' title="bbox 1089 1000 2818 1093">
     <span class='ocr_line' id='line_1_4' title="bbox 1089 1000 2818 1093; baseline -0.006 0"><span class='ocrx_word' id='word_1_12' title='bbox 1089 1000 2134 1093; x_wconf 83' lang='lat' dir='ltr'>TEGEBNSEENSIUM</span> <span class='ocrx_word' id='word_1_13' title='bbox 2210 1001 2818 1091; x_wconf 67' lang='lat' dir='ltr'>EPISTOLAE.</span> 
     </span>
    </p>
   </div>
   <div class='ocr_carea' id='block_1_5' title="bbox 1003 1156 2899 1235">
    <p class='ocr_par' dir='ltr' id='par_1_5' title="bbox 1003 1156 2899 1235">
     <span class='ocr_line' id='line_1_5' title="bbox 1003 1156 2899 1235; baseline -0.003 -17"><span class='ocrx_word' id='word_1_14' title='bbox 1003 1159 1185 1235; x_wconf 81' lang='lat' dir='ltr'><strong>(Apud</strong></span> <span class='ocrx_word' id='word_1_15' title='bbox 1244 1159 1600 1217; x_wconf 88' lang='lat' dir='ltr'>Bernardum</span> <span class='ocrx_word' id='word_1_16' title='bbox 1658 1157 1911 1225; x_wconf 82' lang='lat' dir='ltr'>Pezium;</span> <span class='ocrx_word' id='word_1_17' title='bbox 1967 1156 2222 1216; x_wconf 82' lang='lat' dir='ltr'>Thesaur.</span> <span class='ocrx_word' id='word_1_18' title='bbox 2278 1158 2488 1216; x_wconf 83' lang='lat' dir='ltr'>Anecd.</span> <span class='ocrx_word' id='word_1_19' title='bbox 2543 1159 2608 1227; x_wconf 89' lang='lat' dir='ltr'>V,</span> <span class='ocrx_word' id='word_1_20' title='bbox 2657 1177 2695 1229; x_wconf 86' lang='grc' dir='ltr'>ι,</span> <span class='ocrx_word' id='word_1_21' title='bbox 2756 1163 2899 1233; x_wconf 77' lang='grc'>130.)</span> 
     </span>
    </p>
   </div>
   <div class='ocr_carea' id='block_1_6' title="bbox 788 1463 3615 1539">
    <p class='ocr_par' dir='ltr' id='par_1_6' title="bbox 788 1463 3615 1539">
     <span class='ocr_line' id='line_1_6' title="bbox 788 1463 3615 1539; baseline -0.002 -16"><span class='ocrx_word' id='word_1_22' title='bbox 788 1468 1126 1525; x_wconf 80' lang='lat' dir='ltr'>EPISTOLA</span> <span class='ocrx_word' id='word_1_23' title='bbox 1168 1466 1404 1529; x_wconf 82' lang='lat' dir='ltr'>PRIMA,</span> <span class='ocrx_word' id='word_1_24' title='bbox 1926 1464 1982 1528; x_wconf 76' lang='grc' dir='ltr'><strong>Α</strong></span> <span class='ocrx_word' id='word_1_25' title='bbox 2008 1464 2064 1519; x_wconf 93' lang='lat' dir='ltr'>S.</span> <span class='ocrx_word' id='word_1_26' title='bbox 2106 1463 2349 1533; x_wconf 80' lang='lat' dir='ltr'>Quirini,</span> <span class='ocrx_word' id='word_1_27' title='bbox 2382 1467 2731 1539; x_wconf 81' lang='lat' dir='ltr'>paupercula</span> <span class='ocrx_word' id='word_1_28' title='bbox 2754 1463 3233 1538; x_wconf 80' lang='lat' dir='ltr'>eleemosynatrix</span> <span class='ocrx_word' id='word_1_29' title='bbox 3284 1465 3490 1532; x_wconf 82' lang='lat' dir='ltr'>vestra,</span> <span class='ocrx_word' id='word_1_30' title='bbox 3530 1463 3615 1518; x_wconf 87' lang='lat' dir='ltr'>in-</span> 
     </span>
    </p>
   </div>
   <div class='ocr_carea' id='block_1_7' title="bbox 599 1552 3614 1628">
    <p class='ocr_par' dir='ltr' id='par_1_7' title="bbox 599 1552 3614 1628">
     <span class='ocr_line' id='line_1_7' title="bbox 599 1552 3614 1628; baseline -0.001 -18"><span class='ocrx_word' id='word_1_31' title='bbox 599 1558 681 1610; x_wconf 77' lang='lat' dir='ltr'>An</span> <span class='ocrx_word' id='word_1_32' title='bbox 713 1572 1032 1612; x_wconf 73' lang='lat' dir='ltr'>oozrsaruu</span> <span class='ocrx_word' id='word_1_33' title='bbox 1062 1571 1310 1611; x_wconf 69' lang='lat' dir='ltr'>Anausis</span> <span class='ocrx_word' id='word_1_34' title='bbox 1355 1570 1500 1608; x_wconf 64' lang='lat' dir='ltr'>suum</span> <span class='ocrx_word' id='word_1_35' title='bbox 2008 1552 2284 1609; x_wconf 81' lang='lat' dir='ltr'>stantiam</span> <span class='ocrx_word' id='word_1_36' title='bbox 2315 1553 2591 1610; x_wconf 85' lang='lat' dir='ltr'>orationis</span> <span class='ocrx_word' id='word_1_37' title='bbox 2619 1571 2723 1628; x_wconf 92' lang='lat' dir='ltr'>pro</span> <span class='ocrx_word' id='word_1_38' title='bbox 2756 1554 3028 1628; x_wconf 73' lang='lat' dir='ltr'>sospitate</span> <span class='ocrx_word' id='word_1_39' title='bbox 3056 1556 3243 1609; x_wconf 90' lang='lat' dir='ltr'>vestra</span> <span class='ocrx_word' id='word_1_40' title='bbox 3273 1552 3373 1609; x_wconf 94' lang='lat' dir='ltr'>diu</span> <span class='ocrx_word' id='word_1_41' title='bbox 3411 1555 3614 1609; x_wconf 89' lang='lat' dir='ltr'>noctu-</span> 
     </span>
    </p>
   </div>
   <div class='ocr_carea' id='block_1_8' title="bbox 245 1643 2140 1718">
    <p class='ocr_par' dir='ltr' id='par_1_8' title="bbox 245 1643 2140 1718">
     <span class='ocr_line' id='line_1_8' title="bbox 245 1643 2140 1718; baseline -0.003 -17"><span class='ocrx_word' id='word_1_42' title='bbox 245 1647 346 1701; x_wconf 86' lang='lat' dir='ltr'>De</span> <span class='ocrx_word' id='word_1_43' title='bbox 372 1647 536 1702; x_wconf 64' lang='lat' dir='ltr'>ducis</span> <span class='ocrx_word' id='word_1_44' title='bbox 566 1648 752 1700; x_wconf 87' lang='lat' dir='ltr'>animo</span> <span class='ocrx_word' id='word_1_45' title='bbox 786 1645 1028 1718; x_wconf 62' lang='lat' dir='ltr'>quwdem</span> <span class='ocrx_word' id='word_1_46' title='bbox 1054 1645 1236 1699; x_wconf 87' lang='lat' dir='ltr'>ablata</span> <span class='ocrx_word' id='word_1_47' title='bbox 1285 1644 1560 1698; x_wconf 82' lang='lat' dir='ltr'>restituere</span> <span class='ocrx_word' id='word_1_48' title='bbox 1583 1643 1818 1709; x_wconf 84' lang='lat' dir='ltr'>volentis,</span> <span class='ocrx_word' id='word_1_49' title='bbox 1859 1648 1908 1697; x_wconf 88' lang='lat' dir='ltr'>et</span> <span class='ocrx_word' id='word_1_50' title='bbox 2008 1658 2140 1714; x_wconf 90' lang='lat' dir='ltr'>que.</span> 
     </span>
    </p>
   </div>
   <div class='ocr_carea' id='block_1_9' title="bbox 410 1731 3621 1806">
    <p class='ocr_par' dir='ltr' id='par_1_9' title="bbox 410 1731 3621 1806">
     <span class='ocr_line' id='line_1_9' title="bbox 410 1731 3621 1806; baseline 0 -19"><span class='ocrx_word' id='word_1_51' title='bbox 410 1734 483 1787; x_wconf 89' lang='lat' dir='ltr'>de</span> <span class='ocrx_word' id='word_1_52' title='bbox 511 1734 871 1788; x_wconf 86' lang='lat' dir='ltr'>decimatione</span> <span class='ocrx_word' id='word_1_53' title='bbox 899 1733 1114 1788; x_wconf 78' lang='lat' dir='ltr'>cuidam</span> <span class='ocrx_word' id='word_1_54' title='bbox 1151 1733 1370 1787; x_wconf 71' lang='lat' dir='ltr'>inclusae</span> <span class='ocrx_word' id='word_1_55' title='bbox 1395 1732 1521 1786; x_wconf 87' lang='lat' dir='ltr'>olim</span> <span class='ocrx_word' id='word_1_56' title='bbox 1547 1731 1764 1785; x_wconf 87' lang='lat' dir='ltr'>donata.</span> <span class='ocrx_word' id='word_1_57' title='bbox 2083 1733 2289 1787; x_wconf 81' lang='lat' dir='ltr'>Beatus</span> <span class='ocrx_word' id='word_1_58' title='bbox 2319 1734 2490 1788; x_wconf 88' lang='lat' dir='ltr'>Pater</span> <span class='ocrx_word' id='word_1_59' title='bbox 2517 1735 2715 1788; x_wconf 88' lang='lat' dir='ltr'>noster</span> <span class='ocrx_word' id='word_1_60' title='bbox 2738 1734 3049 1806; x_wconf 86' lang='lat' dir='ltr'>Gozpertus</span> <span class='ocrx_word' id='word_1_61' title='bbox 3078 1750 3153 1789; x_wconf 83' lang='lat' dir='ltr'><strong>xu</strong></span> <span class='ocrx_word' id='word_1_62' title='bbox 3182 1734 3304 1789; x_wconf 85' lang='lat' dir='ltr'>Kal.</span> <span class='ocrx_word' id='word_1_63' title='bbox 3340 1733 3504 1795; x_wconf 82' lang='lat' dir='ltr'>Febr.</span> <span class='ocrx_word' id='word_1_64' title='bbox 3533 1748 3621 1787; x_wconf 82' lang='lat' dir='ltr'>so-</span> 
     </span>
    </p>
   </div>
   <div class='ocr_carea' id='block_1_10' title="bbox 331 1819 3621 1894">
    <p class='ocr_par' dir='ltr' id='par_1_10' title="bbox 331 1819 3621 1894">
     <span class='ocr_line' id='line_1_10' title="bbox 331 1819 3621 1894; baseline -0.001 -16"><span class='ocrx_word' id='word_1_65' title='bbox 331 1822 575 1878; x_wconf 88' lang='lat' dir='ltr'>Seniori</span> <span class='ocrx_word' id='word_1_66' title='bbox 600 1825 803 1879; x_wconf 88' lang='lat' dir='ltr'>nostro</span> <span class='ocrx_word' id='word_1_67' title='bbox 832 1823 1053 1877; x_wconf 89' lang='lat' dir='ltr'>domno</span> <span class='ocrx_word' id='word_1_68' title='bbox 1077 1822 1272 1876; x_wconf 91' lang='lat' dir='ltr'>abbati</span> <span class='ocrx_word' id='word_1_69' title='bbox 1305 1821 1368 1875; x_wconf 91' lang='lat' dir='ltr'>G.</span> <span class='ocrx_word' id='word_1_70' title='bbox 1398 1821 1611 1875; x_wconf 91' lang='lat' dir='ltr'>fratres</span> <span class='ocrx_word' id='word_1_71' title='bbox 1640 1819 1748 1875; x_wconf 88' lang='lat' dir='ltr'>sibi</span> <span class='ocrx_word' id='word_1_72' title='bbox 1780 1820 1911 1875; x_wconf 85' lang='lat' dir='ltr'>sub-</span> <span class='ocrx_word' id='word_1_73' title='bbox 2013 1836 2155 1874; x_wconf 90' lang='lat' dir='ltr'>mno</span> <span class='ocrx_word' id='word_1_74' title='bbox 2188 1820 2343 1892; x_wconf 86' lang='lat' dir='ltr'>pacis</span> <span class='ocrx_word' id='word_1_75' title='bbox 2366 1820 2645 1892; x_wconf 81' lang='lat' dir='ltr'>requievit</span> <span class='ocrx_word' id='word_1_76' title='bbox 2669 1820 2727 1874; x_wconf 91' lang='lat' dir='ltr'>in</span> <span class='ocrx_word' id='word_1_77' title='bbox 2750 1822 3128 1893; x_wconf 85' lang='lat' dir='ltr'>Domino,pro</span> <span class='ocrx_word' id='word_1_78' title='bbox 3161 1839 3275 1894; x_wconf 93' lang='lat' dir='ltr'>quo</span> <span class='ocrx_word' id='word_1_79' title='bbox 3288 1820 3484 1877; x_wconf 88' lang='lat' dir='ltr'>miseri</span> <span class='ocrx_word' id='word_1_80' title='bbox 3514 1835 3621 1875; x_wconf 85' lang='lat' dir='ltr'>ne-</span> 
     </span>
    </p>
   </div>
   <div class='ocr_carea' id='block_1_11' title="bbox 245 1900 3619 1985">
    <p class='ocr_par' dir='ltr' id='par_1_11' title="bbox 245 1900 3619 1985">
     <span class='ocr_line' id='line_1_11' title="bbox 245 1900 3619 1985; baseline -0.001 -18"><span class='ocrx_word' id='word_1_81' title='bbox 245 1912 435 1985; x_wconf 85' lang='lat' dir='ltr'>jecti,</span> <span class='ocrx_word' id='word_1_82' title='bbox 473 1910 764 1983; x_wconf 83' lang='lat' dir='ltr'>quidquid</span> <span class='ocrx_word' id='word_1_83' title='bbox 790 1910 999 1966; x_wconf 89' lang='lat' dir='ltr'>dilecto</span> <span class='ocrx_word' id='word_1_84' title='bbox 1020 1910 1195 1965; x_wconf 81' lang='lat' dir='ltr'>Patri.</span> <span class='ocrx_word' id='word_1_85' title='bbox 2014 1925 2302 1980; x_wconf 79' lang='lat' dir='ltr'>quaquam</span> <span class='ocrx_word' id='word_1_86' title='bbox 2333 1924 2640 1979; x_wconf 89' lang='lat' dir='ltr'>possumus</span> <span class='ocrx_word' id='word_1_87' title='bbox 2654 1900 2964 1975; x_wconf 86' lang='lat' dir='ltr'>consolari,</span> <span class='ocrx_word' id='word_1_88' title='bbox 2986 1908 3093 1964; x_wconf 88' lang='lat' dir='ltr'>nisi</span> <span class='ocrx_word' id='word_1_89' title='bbox 3112 1926 3231 1976; x_wconf 88' lang='lat' dir='ltr'>vos,</span> <span class='ocrx_word' id='word_1_90' title='bbox 3249 1909 3393 1964; x_wconf 87' lang='lat' dir='ltr'>sicut</span> <span class='ocrx_word' id='word_1_91' title='bbox 3411 1908 3619 1964; x_wconf 86' lang='lat' dir='ltr'>unicis-</span> 
     </span>
    </p>
   </div>
   <div class='ocr_carea' id='block_1_12' title="bbox 342 1994 3620 2069">
    <p class='ocr_par' dir='ltr' id='par_1_12' title="bbox 342 1994 3620 2069">
     <span class='ocr_line' id='line_1_12' title="bbox 342 1994 3620 2069; baseline -0.002 -14"><span class='ocrx_word' id='word_1_92' title='bbox 342 2001 566 2055; x_wconf 86' lang='lat' dir='ltr'>Frater</span> <span class='ocrx_word' id='word_1_93' title='bbox 596 2002 800 2054; x_wconf 88' lang='lat' dir='ltr'>noster</span> <span class='ocrx_word' id='word_1_94' title='bbox 828 2000 1065 2053; x_wconf 87' lang='lat' dir='ltr'>Nonnus</span> <span class='ocrx_word' id='word_1_95' title='bbox 1093 1997 1321 2069; x_wconf 82' lang='lat' dir='ltr'>Eigino,</span> <span class='ocrx_word' id='word_1_96' title='bbox 1356 1998 1426 2052; x_wconf 91' lang='lat' dir='ltr'>de</span> <span class='ocrx_word' id='word_1_97' title='bbox 1449 1997 1655 2052; x_wconf 86' lang='lat' dir='ltr'>itinere</span> <span class='ocrx_word' id='word_1_98' title='bbox 1685 2014 1799 2069; x_wconf 93' lang='lat' dir='ltr'>quo</span> <span class='ocrx_word' id='word_1_99' title='bbox 1832 1996 1912 2052; x_wconf 90' lang='lat' dir='ltr'>di-</span> <span class='ocrx_word' id='word_1_100' title='bbox 2012 1994 2191 2050; x_wconf 90' lang='lat' dir='ltr'>simus</span> <span class='ocrx_word' id='word_1_101' title='bbox 2206 1998 2335 2066; x_wconf 92' lang='lat' dir='ltr'>post</span> <span class='ocrx_word' id='word_1_102' title='bbox 2362 1997 2545 2051; x_wconf 90' lang='lat' dir='ltr'>Deum</span> <span class='ocrx_word' id='word_1_103' title='bbox 2578 1995 2747 2051; x_wconf 87' lang='lat' dir='ltr'>nobis</span> <span class='ocrx_word' id='word_1_104' title='bbox 2777 1995 2911 2051; x_wconf 86' lang='lat' dir='ltr'>estis</span> <span class='ocrx_word' id='word_1_105' title='bbox 2940 1996 3208 2063; x_wconf 89' lang='lat' dir='ltr'>domnus,</span> <span class='ocrx_word' id='word_1_106' title='bbox 3233 1996 3313 2051; x_wconf 91' lang='lat' dir='ltr'>ita</span> <span class='ocrx_word' id='word_1_107' title='bbox 3332 1996 3509 2051; x_wconf 88' lang='lat' dir='ltr'>etiam</span> <span class='ocrx_word' id='word_1_108' title='bbox 3538 1996 3620 2050; x_wconf 90' lang='lat' dir='ltr'>vi-</span> 
     </span>
    </p>
   </div>
   <div class='ocr_carea' id='block_1_13' title="bbox 246 2080 3619 2159">
    <p class='ocr_par' dir='ltr' id='par_1_13' title="bbox 246 2080 3619 2159">
     <span class='ocr_line' id='line_1_13' title="bbox 246 2080 3619 2159; baseline -0.002 -16"><span class='ocrx_word' id='word_1_109' title='bbox 246 2091 466 2144; x_wconf 84' lang='lat' dir='ltr'>rectus</span> <span class='ocrx_word' id='word_1_110' title='bbox 481 2089 614 2142; x_wconf 88' lang='lat' dir='ltr'>erat</span> <span class='ocrx_word' id='word_1_111' title='bbox 643 2086 1067 2142; x_wconf 84' lang='lat' dir='ltr'>monasterium</span> <span class='ocrx_word' id='word_1_112' title='bbox 1086 2103 1406 2159; x_wconf 76' lang='lat' dir='ltr'>regressus,</span> <span class='ocrx_word' id='word_1_113' title='bbox 1438 2085 1635 2140; x_wconf 91' lang='lat' dir='ltr'>retulit</span> <span class='ocrx_word' id='word_1_114' title='bbox 1655 2084 1821 2139; x_wconf 91' lang='lat' dir='ltr'>nobis</span> <span class='ocrx_word' id='word_1_115' title='bbox 1837 2085 1909 2139; x_wconf 85' lang='lat' dir='ltr'>de</span> <span class='ocrx_word' id='word_1_116' title='bbox 2015 2083 2272 2138; x_wconf 90' lang='lat' dir='ltr'>sceribus</span> <span class='ocrx_word' id='word_1_117' title='bbox 2286 2082 2397 2155; x_wconf 68' lang='lat' dir='ltr'>pina</span> <span class='ocrx_word' id='word_1_118' title='bbox 2410 2082 2778 2155; x_wconf 88' lang='lat' dir='ltr'>paternitatis</span> <span class='ocrx_word' id='word_1_119' title='bbox 2791 2082 2972 2139; x_wconf 83' lang='lat' dir='ltr'>nostri</span> <span class='ocrx_word' id='word_1_120' title='bbox 2995 2082 3258 2139; x_wconf 81' lang='lat' dir='ltr'>misereri</span> <span class='ocrx_word' id='word_1_121' title='bbox 3277 2080 3619 2154; x_wconf 80' lang='lat' dir='ltr'>dignemini.</span> 
     </span>
    </p>
   </div>
   <div class='ocr_carea' id='block_1_14' title="bbox 259 2168 3620 2246">
    <p class='ocr_par' dir='ltr' id='par_1_14' title="bbox 259 2168 3620 2246">
     <span class='ocr_line' id='line_1_14' title="bbox 259 2168 3620 2246; baseline -0.002 -15"><span class='ocrx_word' id='word_1_122' title='bbox 259 2177 512 2231; x_wconf 87' lang='lat' dir='ltr'>domno</span> <span class='ocrx_word' id='word_1_123' title='bbox 557 2178 761 2230; x_wconf 88' lang='lat' dir='ltr'>nostro</span> <span class='ocrx_word' id='word_1_124' title='bbox 824 2175 967 2229; x_wconf 90' lang='lat' dir='ltr'>duce</span> <span class='ocrx_word' id='word_1_125' title='bbox 1003 2175 1159 2245; x_wconf 92' lang='lat' dir='ltr'>quod</span> <span class='ocrx_word' id='word_1_126' title='bbox 1200 2176 1520 2246; x_wconf 89' lang='lat' dir='ltr'>sponderat</span> <span class='ocrx_word' id='word_1_127' title='bbox 1558 2190 1617 2228; x_wconf 90' lang='lat' dir='ltr'>se</span> <span class='ocrx_word' id='word_1_128' title='bbox 1661 2173 1912 2229; x_wconf 86' lang='lat' dir='ltr'>libenter</span> <span class='ocrx_word' id='word_1_129' title='bbox 2014 2171 2275 2227; x_wconf 90' lang='lat' dir='ltr'>Primum</span> <span class='ocrx_word' id='word_1_130' title='bbox 2293 2171 2539 2243; x_wconf 91' lang='lat' dir='ltr'>pedibus</span> <span class='ocrx_word' id='word_1_131' title='bbox 2567 2170 2768 2225; x_wconf 75' lang='lat' dir='ltr'>vestris</span> <span class='ocrx_word' id='word_1_132' title='bbox 2793 2171 2914 2226; x_wconf 92' lang='lat' dir='ltr'>solo</span> <span class='ocrx_word' id='word_1_133' title='bbox 2942 2173 3112 2226; x_wconf 86' lang='lat' dir='ltr'>tenus</span> <span class='ocrx_word' id='word_1_134' title='bbox 3127 2168 3620 2241; x_wconf 85' lang='lat' dir='ltr'>prostratihumili</span> 
     </span>
    </p>
   </div>
   <div class='ocr_carea' id='block_1_15' title="bbox 246 2256 3620 2332">
    <p class='ocr_par' dir='ltr' id='par_1_15' title="bbox 246 2256 3620 2332">
     <span class='ocr_line' id='line_1_15' title="bbox 246 2256 3620 2332; baseline -0.001 -16"><span class='ocrx_word' id='word_1_135' title='bbox 246 2264 415 2318; x_wconf 76' lang='lat' dir='ltr'>velle</span> <span class='ocrx_word' id='word_1_136' title='bbox 447 2262 768 2317; x_wconf 89' lang='lat' dir='ltr'>restituere</span> <span class='ocrx_word' id='word_1_137' title='bbox 799 2278 930 2332; x_wconf 62' lang='lat' dir='ltr'>quae</span> <span class='ocrx_word' id='word_1_138' title='bbox 968 2260 1326 2316; x_wconf 90' lang='lat' dir='ltr'>monasterio</span> <span class='ocrx_word' id='word_1_139' title='bbox 1361 2263 1559 2315; x_wconf 90' lang='lat' dir='ltr'>nostro</span> <span class='ocrx_word' id='word_1_140' title='bbox 1614 2260 1905 2315; x_wconf 89' lang='lat' dir='ltr'>abstracta</span> <span class='ocrx_word' id='word_1_141' title='bbox 2010 2263 2250 2332; x_wconf 90' lang='lat' dir='ltr'>precatu</span> <span class='ocrx_word' id='word_1_142' title='bbox 2281 2259 2673 2331; x_wconf 88' lang='lat' dir='ltr'>supplicamus</span> <span class='ocrx_word' id='word_1_143' title='bbox 2702 2276 2776 2314; x_wconf 89' lang='lat' dir='ltr'>ne</span> <span class='ocrx_word' id='word_1_144' title='bbox 2833 2259 3025 2313; x_wconf 91' lang='lat' dir='ltr'>locum</span> <span class='ocrx_word' id='word_1_145' title='bbox 3087 2256 3620 2329; x_wconf 88' lang='lat' dir='ltr'>monasteriumque</span> 
     </span>
    </p>
   </div>
   <div class='ocr_carea' id='block_1_16' title="bbox 266 2340 3622 2420">
    <p class='ocr_par' dir='ltr' id='par_1_16' title="bbox 266 2340 3622 2420">
     <span class='ocr_line' id='line_1_16' title="bbox 266 2340 3622 2420; baseline -0.002 -14"><span class='ocrx_word' id='word_1_146' title='bbox 266 2355 426 2406; x_wconf 85' lang='lat' dir='ltr'>sunt</span> <span class='ocrx_word' id='word_1_147' title='bbox 459 2350 523 2405; x_wconf 90' lang='lat' dir='ltr'>in</span> <span class='ocrx_word' id='word_1_148' title='bbox 554 2350 815 2416; x_wconf 87' lang='lat' dir='ltr'>Oriente,</span> <span class='ocrx_word' id='word_1_149' title='bbox 836 2348 1120 2420; x_wconf 84' lang='lat' dir='ltr'>jussitque</span> <span class='ocrx_word' id='word_1_150' title='bbox 1175 2349 1419 2403; x_wconf 83' lang='lat' dir='ltr'>fratrem</span> <span class='ocrx_word' id='word_1_151' title='bbox 1455 2345 1704 2418; x_wconf 82' lang='lat' dir='ltr'>Meginh.</span> <span class='ocrx_word' id='word_1_152' title='bbox 1764 2340 1906 2402; x_wconf 90' lang='lat' dir='ltr'>inibi</span> <span class='ocrx_word' id='word_1_153' title='bbox 2010 2349 2068 2405; x_wconf 93' lang='lat' dir='ltr'>S.</span> <span class='ocrx_word' id='word_1_154' title='bbox 2112 2347 2333 2412; x_wconf 87' lang='lat' dir='ltr'>Quirini</span> <span class='ocrx_word' id='word_1_155' title='bbox 2361 2348 2530 2403; x_wconf 89' lang='lat' dir='ltr'>ullius</span> <span class='ocrx_word' id='word_1_156' title='bbox 2560 2347 2704 2403; x_wconf 89' lang='lat' dir='ltr'>alius</span> <span class='ocrx_word' id='word_1_157' title='bbox 2724 2364 2980 2420; x_wconf 87' lang='lat' dir='ltr'>unquam</span> <span class='ocrx_word' id='word_1_158' title='bbox 3004 2345 3273 2420; x_wconf 86' lang='lat' dir='ltr'>potestati</span> <span class='ocrx_word' id='word_1_159' title='bbox 3293 2344 3622 2402; x_wconf 83' lang='lat' dir='ltr'>concedatis</span> 
     </span>
    </p>
   </div>
   <div class='ocr_carea' id='block_1_17' title="bbox 245 2434 1903 2511">
    <p class='ocr_par' dir='ltr' id='par_1_17' title="bbox 245 2434 1903 2511">
     <span class='ocr_line' id='line_1_17' title="bbox 245 2434 1903 2511; baseline -0.003 -16"><span class='ocrx_word' id='word_1_160' title='bbox 245 2442 634 2511; x_wconf 80' lang='lat' dir='ltr'>exspectare,</span> <span class='ocrx_word' id='word_1_161' title='bbox 663 2440 728 2492; x_wconf 90' lang='lat' dir='ltr'>ut</span> <span class='ocrx_word' id='word_1_162' title='bbox 745 2453 805 2492; x_wconf 90' lang='lat' dir='ltr'>se</span> <span class='ocrx_word' id='word_1_163' title='bbox 822 2435 1313 2491; x_wconf 85' lang='lat' dir='ltr'>commonefaciat</span> <span class='ocrx_word' id='word_1_164' title='bbox 1328 2436 1398 2490; x_wconf 91' lang='lat' dir='ltr'>de</span> <span class='ocrx_word' id='word_1_165' title='bbox 1426 2434 1514 2489; x_wconf 91' lang='lat' dir='ltr'>his</span> <span class='ocrx_word' id='word_1_166' title='bbox 1540 2450 1903 2507; x_wconf 70' lang='lat' dir='ltr'>quascunque</span> 
     </span>
    </p>
   </div>
   <div class='ocr_carea' id='block_1_18' title="bbox 245 2522 1904 2598">
    <p class='ocr_par' dir='ltr' id='par_1_18' title="bbox 245 2522 1904 2598">
     <span class='ocr_line' id='line_1_18' title="bbox 245 2522 1904 2598; baseline -0.004 -15"><span class='ocrx_word' id='word_1_167' title='bbox 245 2527 377 2583; x_wconf 83' lang='lat' dir='ltr'>sint</span> <span class='ocrx_word' id='word_1_168' title='bbox 399 2527 521 2581; x_wconf 87' lang='lat' dir='ltr'>illic</span> <span class='ocrx_word' id='word_1_169' title='bbox 540 2524 920 2598; x_wconf 88' lang='lat' dir='ltr'>requirenda,</span> <span class='ocrx_word' id='word_1_170' title='bbox 938 2527 998 2579; x_wconf 93' lang='lat' dir='ltr'>et</span> <span class='ocrx_word' id='word_1_171' title='bbox 1021 2524 1130 2579; x_wconf 90' lang='lat' dir='ltr'>hoc</span> <span class='ocrx_word' id='word_1_172' title='bbox 1159 2523 1392 2596; x_wconf 85' lang='lat' dir='ltr'>quando</span> <span class='ocrx_word' id='word_1_173' title='bbox 1436 2539 1589 2578; x_wconf 88' lang='lat' dir='ltr'>nunc</span> <span class='ocrx_word' id='word_1_174' title='bbox 1618 2522 1904 2595; x_wconf 81' lang='lat' dir='ltr'>proxime-</span> 
     </span>
    </p>
   </div>
   <div class='ocr_carea' id='block_1_19' title="bbox 249 2610 1901 2671">
    <p class='ocr_par' dir='ltr' id='par_1_19' title="bbox 249 2610 1901 2671">
     <span class='ocr_line' id='line_1_19' title="bbox 249 2610 1901 2671; baseline -0.004 0"><span class='ocrx_word' id='word_1_175' title='bbox 249 2615 528 2671; x_wconf 87' lang='lat' dir='ltr'>domnus</span> <span class='ocrx_word' id='word_1_176' title='bbox 545 2616 747 2668; x_wconf 83' lang='lat' dir='ltr'>noster</span> <span class='ocrx_word' id='word_1_177' title='bbox 764 2614 875 2668; x_wconf 85' lang='lat' dir='ltr'><strong>dux</strong></span> <span class='ocrx_word' id='word_1_178' title='bbox 897 2612 1029 2666; x_wconf 91' lang='lat' dir='ltr'>illuc</span> <span class='ocrx_word' id='word_1_179' title='bbox 1050 2611 1544 2666; x_wconf 89' lang='lat' dir='ltr'>revertetur.Nam</span> <span class='ocrx_word' id='word_1_180' title='bbox 1572 2610 1752 2666; x_wconf 84' lang='lat' dir='ltr'>frater</span> <span class='ocrx_word' id='word_1_181' title='bbox 1782 2612 1901 2666; x_wconf 83' lang='lat' dir='ltr'>Me-</span> 
     </span>
    </p>
   </div>
   <div class='ocr_carea' id='block_1_20' title="bbox 250 2699 1898 2777">
    <p class='ocr_par' dir='ltr' id='par_1_20' title="bbox 250 2699 1898 2777">
     <span class='ocr_line' id='line_1_20' title="bbox 250 2699 1898 2777; baseline -0.002 -18"><span class='ocrx_word' id='word_1_182' title='bbox 250 2705 439 2777; x_wconf 81' lang='lat' dir='ltr'>ginh.</span> <span class='ocrx_word' id='word_1_183' title='bbox 468 2704 666 2759; x_wconf 87' lang='lat' dir='ltr'>adhuc</span> <span class='ocrx_word' id='word_1_184' title='bbox 692 2701 808 2757; x_wconf 83' lang='lat' dir='ltr'>illic</span> <span class='ocrx_word' id='word_1_185' title='bbox 827 2703 1137 2771; x_wconf 84' lang='lat' dir='ltr'>exspectat,</span> <span class='ocrx_word' id='word_1_186' title='bbox 1162 2705 1219 2755; x_wconf 90' lang='lat' dir='ltr'>et</span> <span class='ocrx_word' id='word_1_187' title='bbox 1245 2700 1303 2755; x_wconf 93' lang='lat' dir='ltr'>in</span> <span class='ocrx_word' id='word_1_188' title='bbox 1328 2699 1662 2755; x_wconf 87' lang='lat' dir='ltr'>maturitate</span> <span class='ocrx_word' id='word_1_189' title='bbox 1700 2699 1898 2755; x_wconf 90' lang='lat' dir='ltr'>vinde-</span> 
     </span>
    </p>
   </div>
   <div class='ocr_carea' id='block_1_21' title="bbox 2008 2434 3622 2507">
    <p class='ocr_par' dir='ltr' id='par_1_21' title="bbox 2008 2434 3622 2507">
     <span class='ocr_line' id='line_1_21' title="bbox 2008 2434 3622 2507; baseline -0.002 -16"><span class='ocrx_word' id='word_1_190' title='bbox 2008 2436 2120 2492; x_wconf 90' lang='lat' dir='ltr'>nisi</span> <span class='ocrx_word' id='word_1_191' title='bbox 2150 2440 2374 2504; x_wconf 70' lang='lat' dir='ltr'>vestrae,</span> <span class='ocrx_word' id='word_1_192' title='bbox 2413 2453 2487 2492; x_wconf 87' lang='lat' dir='ltr'>ne</span> <span class='ocrx_word' id='word_1_193' title='bbox 2517 2435 2717 2491; x_wconf 89' lang='lat' dir='ltr'>vestris</span> <span class='ocrx_word' id='word_1_194' title='bbox 2736 2434 3099 2507; x_wconf 83' lang='lat' dir='ltr'>temporibus</span> <span class='ocrx_word' id='word_1_195' title='bbox 3124 2435 3263 2502; x_wconf 87' lang='lat' dir='ltr'>[res]</span> <span class='ocrx_word' id='word_1_196' title='bbox 3291 2450 3432 2505; x_wconf 86' lang='lat' dir='ltr'>quas</span> <span class='ocrx_word' id='word_1_197' title='bbox 3456 2435 3622 2505; x_wconf 88' lang='lat' dir='ltr'>pater</span> 
     </span>
    </p>
   </div>
   <div class='ocr_carea' id='block_1_22' title="bbox 2005 2522 3619 2598">
    <p class='ocr_par' dir='ltr' id='par_1_22' title="bbox 2005 2522 3619 2598">
     <span class='ocr_line' id='line_1_22' title="bbox 2005 2522 3619 2598; baseline -0.002 -19"><span class='ocrx_word' id='word_1_198' title='bbox 2005 2527 2197 2581; x_wconf 86' lang='lat' dir='ltr'>vester</span> <span class='ocrx_word' id='word_1_199' title='bbox 2217 2524 2527 2598; x_wconf 68' lang='lat' dir='ltr'>creterique</span> <span class='ocrx_word' id='word_1_200' title='bbox 2553 2526 2825 2598; x_wconf 89' lang='lat' dir='ltr'>parentes</span> <span class='ocrx_word' id='word_1_201' title='bbox 2863 2522 3037 2579; x_wconf 84' lang='lat' dir='ltr'>vestri</span> <span class='ocrx_word' id='word_1_202' title='bbox 3067 2523 3141 2580; x_wconf 92' lang='lat' dir='ltr'>ob</span> <span class='ocrx_word' id='word_1_203' title='bbox 3189 2522 3619 2593; x_wconf 84' lang='lat' dir='ltr'>eleemosynam</span> 
     </span>
    </p>
   </div>
   <div class='ocr_carea' id='block_1_23' title="bbox 2003 2609 3617 2679">
    <p class='ocr_par' dir='ltr' id='par_1_23' title="bbox 2003 2609 3617 2679">
     <span class='ocr_line' id='line_1_23' title="bbox 2003 2609 3617 2679; baseline -0.002 -10"><span class='ocrx_word' id='word_1_204' title='bbox 2003 2614 2086 2669; x_wconf 91' lang='lat' dir='ltr'>sui</span> <span class='ocrx_word' id='word_1_205' title='bbox 2118 2613 2249 2669; x_wconf 89' lang='lat' dir='ltr'>huic</span> <span class='ocrx_word' id='word_1_206' title='bbox 2271 2613 2625 2670; x_wconf 88' lang='lat' dir='ltr'>monasterio</span> <span class='ocrx_word' id='word_1_207' title='bbox 2666 2614 3098 2679; x_wconf 88' lang='lat' dir='ltr'>concesserunt,</span> <span class='ocrx_word' id='word_1_208' title='bbox 3125 2609 3384 2667; x_wconf 88' lang='lat' dir='ltr'>subtrahi</span> <span class='ocrx_word' id='word_1_209' title='bbox 3412 2611 3499 2666; x_wconf 85' lang='lat' dir='ltr'>vel</span> <span class='ocrx_word' id='word_1_210' title='bbox 3530 2609 3617 2666; x_wconf 90' lang='lat' dir='ltr'>di-</span> 
     </span>
    </p>
   </div>
   <div class='ocr_carea' id='block_1_24' title="bbox 2002 2698 3618 2775">
    <p class='ocr_par' dir='ltr' id='par_1_24' title="bbox 2002 2698 3618 2775">
     <span class='ocr_line' id='line_1_24' title="bbox 2002 2698 3618 2775; baseline -0.001 -18"><span class='ocrx_word' id='word_1_211' title='bbox 2002 2702 2205 2757; x_wconf 89' lang='lat' dir='ltr'>stribui</span> <span class='ocrx_word' id='word_1_212' title='bbox 2238 2703 2312 2757; x_wconf 92' lang='lat' dir='ltr'>ab</span> <span class='ocrx_word' id='word_1_213' title='bbox 2341 2702 2628 2775; x_wconf 90' lang='lat' dir='ltr'>aliquibus</span> <span class='ocrx_word' id='word_1_214' title='bbox 2651 2701 2934 2769; x_wconf 89' lang='lat' dir='ltr'>videntes,</span> <span class='ocrx_word' id='word_1_215' title='bbox 2960 2718 3065 2756; x_wconf 90' lang='lat' dir='ltr'>nos</span> <span class='ocrx_word' id='word_1_216' title='bbox 3090 2698 3422 2773; x_wconf 88' lang='lat' dir='ltr'>posterique</span> <span class='ocrx_word' id='word_1_217' title='bbox 3436 2699 3618 2756; x_wconf 88' lang='lat' dir='ltr'>nostri</span> 
     </span>
    </p>
   </div>
   <div class='ocr_carea' id='block_1_25' title="bbox 251 2788 3281 2864">
    <p class='ocr_par' dir='ltr' id='par_1_25' title="bbox 251 2788 3281 2864">
     <span class='ocr_line' id='line_1_25' title="bbox 251 2788 3281 2864; baseline -0.002 -16"><span class='ocrx_word' id='word_1_218' title='bbox 251 2792 405 2849; x_wconf 60' lang='lat' dir='ltr'>mia:</span> <span class='ocrx_word' id='word_1_219' title='bbox 424 2795 849 2863; x_wconf 87' lang='lat' dir='ltr'>coactusetspe</span> <span class='ocrx_word' id='word_1_220' title='bbox 862 2789 1235 2861; x_wconf 86' lang='lat' dir='ltr'>regressionis</span> <span class='ocrx_word' id='word_1_221' title='bbox 1248 2788 1449 2843; x_wconf 87' lang='lat' dir='ltr'>domui</span> <span class='ocrx_word' id='word_1_222' title='bbox 1471 2789 1903 2856; x_wconf 82' lang='lat' dir='ltr'>ducis,Reman-</span> <span class='ocrx_word' id='word_1_223' title='bbox 1923 2797 1974 2856; x_wconf 89' lang='grc' dir='ltr'><strong>Β</strong></span> <span class='ocrx_word' id='word_1_224' title='bbox 2002 2808 2235 2863; x_wconf 88' lang='lat' dir='ltr'>semper</span> <span class='ocrx_word' id='word_1_225' title='bbox 2267 2790 2541 2864; x_wconf 90' lang='lat' dir='ltr'>deinceps</span> <span class='ocrx_word' id='word_1_226' title='bbox 2560 2791 2683 2847; x_wconf 70' lang='lat' dir='ltr'>hinc</span> <span class='ocrx_word' id='word_1_227' title='bbox 2711 2790 2930 2847; x_wconf 87' lang='lat' dir='ltr'>damna</span> <span class='ocrx_word' id='word_1_228' title='bbox 2958 2790 3281 2856; x_wconf 88' lang='lat' dir='ltr'>doleamus,</span> 
     </span>
    </p>
   </div>
   <div class='ocr_carea' id='block_1_26' title="bbox 255 2876 1903 2950">
    <p class='ocr_par' dir='ltr' id='par_1_26' title="bbox 255 2876 1903 2950">
     <span class='ocr_line' id='line_1_26' title="bbox 255 2876 1903 2950; baseline -0.002 -14"><span class='ocrx_word' id='word_1_229' title='bbox 255 2882 429 2947; x_wconf 86' lang='lat' dir='ltr'>date,</span> <span class='ocrx_word' id='word_1_230' title='bbox 462 2896 699 2950; x_wconf 90' lang='lat' dir='ltr'>precor,</span> <span class='ocrx_word' id='word_1_231' title='bbox 728 2877 871 2933; x_wconf 90' lang='lat' dir='ltr'>mihi</span> <span class='ocrx_word' id='word_1_232' title='bbox 903 2894 1064 2932; x_wconf 91' lang='lat' dir='ltr'>servo</span> <span class='ocrx_word' id='word_1_233' title='bbox 1090 2880 1279 2932; x_wconf 90' lang='lat' dir='ltr'>vestro</span> <span class='ocrx_word' id='word_1_234' title='bbox 1302 2877 1657 2943; x_wconf 88' lang='lat' dir='ltr'>Froumund,</span> <span class='ocrx_word' id='word_1_235' title='bbox 1675 2876 1719 2931; x_wconf 90' lang='lat' dir='ltr'>si</span> <span class='ocrx_word' id='word_1_236' title='bbox 1741 2877 1903 2933; x_wconf 85' lang='lat' dir='ltr'>dom-</span> 
     </span>
    </p>
   </div>
   <div class='ocr_carea' id='block_1_27' title="bbox 256 2964 1900 3037">
    <p class='ocr_par' dir='ltr' id='par_1_27' title="bbox 256 2964 1900 3037">
     <span class='ocr_line' id='line_1_27' title="bbox 256 2964 1900 3037; baseline -0.004 -13"><span class='ocrx_word' id='word_1_237' title='bbox 256 2986 355 3024; x_wconf 72' lang='lat' dir='ltr'>nm</span> <span class='ocrx_word' id='word_1_238' title='bbox 392 2968 644 3023; x_wconf 69' lang='lat' dir='ltr'>inclusa:</span> <span class='ocrx_word' id='word_1_239' title='bbox 691 2967 765 3021; x_wconf 89' lang='lat' dir='ltr'>ad</span> <span class='ocrx_word' id='word_1_240' title='bbox 808 2965 1101 3037; x_wconf 84' lang='lat' dir='ltr'>Niunpurc</span> <span class='ocrx_word' id='word_1_241' title='bbox 1139 2964 1595 3020; x_wconf 89' lang='lat' dir='ltr'>decimationem</span> <span class='ocrx_word' id='word_1_242' title='bbox 1646 2964 1900 3029; x_wconf 88' lang='lat' dir='ltr'>dedistis,</span> 
     </span>
    </p>
   </div>
   <div class='ocr_carea' id='block_1_28' title="bbox 259 3052 1900 3128">
    <p class='ocr_par' dir='ltr' id='par_1_28' title="bbox 259 3052 1900 3128">
     <span class='ocr_line' id='line_1_28' title="bbox 259 3052 1900 3128; baseline -0.002 -17"><span class='ocrx_word' id='word_1_243' title='bbox 259 3072 453 3128; x_wconf 85' lang='lat' dir='ltr'>quam</span> <span class='ocrx_word' id='word_1_244' title='bbox 467 3059 652 3110; x_wconf 87' lang='lat' dir='ltr'>antea</span> <span class='ocrx_word' id='word_1_245' title='bbox 679 3054 753 3108; x_wconf 91' lang='lat' dir='ltr'>ab</span> <span class='ocrx_word' id='word_1_246' title='bbox 769 3053 979 3108; x_wconf 86' lang='lat' dir='ltr'>abbate</span> <span class='ocrx_word' id='word_1_247' title='bbox 996 3056 1192 3108; x_wconf 89' lang='lat' dir='ltr'>nostro</span> <span class='ocrx_word' id='word_1_248' title='bbox 1208 3052 1632 3107; x_wconf 90' lang='lat' dir='ltr'>habuit.Timeo</span> <span class='ocrx_word' id='word_1_249' title='bbox 1647 3069 1900 3125; x_wconf 88' lang='lat' dir='ltr'>namque</span> 
     </span>
    </p>
   </div>
   <div class='ocr_carea' id='block_1_29' title="bbox 262 3139 1903 3216">
    <p class='ocr_par' dir='ltr' id='par_1_29' title="bbox 262 3139 1903 3216">
     <span class='ocr_line' id='line_1_29' title="bbox 262 3139 1903 3216; baseline -0.003 -17"><span class='ocrx_word' id='word_1_250' title='bbox 262 3147 331 3199; x_wconf 84' lang='lat' dir='ltr'>ut</span> <span class='ocrx_word' id='word_1_251' title='bbox 352 3144 599 3216; x_wconf 88' lang='lat' dir='ltr'>penitus</span> <span class='ocrx_word' id='word_1_252' title='bbox 629 3141 769 3196; x_wconf 89' lang='lat' dir='ltr'>hinc</span> <span class='ocrx_word' id='word_1_253' title='bbox 797 3144 1017 3213; x_wconf 90' lang='lat' dir='ltr'>pereat,</span> <span class='ocrx_word' id='word_1_254' title='bbox 1042 3140 1176 3212; x_wconf 90' lang='lat' dir='ltr'>quia</span> <span class='ocrx_word' id='word_1_255' title='bbox 1196 3157 1499 3212; x_wconf 89' lang='lat' dir='ltr'>nunquam</span> <span class='ocrx_word' id='word_1_256' title='bbox 1531 3140 1648 3206; x_wconf 91' lang='lat' dir='ltr'>[ad]</span> <span class='ocrx_word' id='word_1_257' title='bbox 1674 3139 1903 3194; x_wconf 89' lang='lat' dir='ltr'>investi-</span> 
     </span>
    </p>
   </div>
   <div class='ocr_carea' id='block_1_30' title="bbox 266 3227 1904 3300">
    <p class='ocr_par' dir='ltr' id='par_1_30' title="bbox 266 3227 1904 3300">
     <span class='ocr_line' id='line_1_30' title="bbox 266 3227 1904 3300; baseline -0.003 -13"><span class='ocrx_word' id='word_1_258' title='bbox 266 3234 474 3287; x_wconf 87' lang='lat' dir='ltr'>turam</span> <span class='ocrx_word' id='word_1_259' title='bbox 508 3234 792 3286; x_wconf 88' lang='lat' dir='ltr'>nostram</span> <span class='ocrx_word' id='word_1_260' title='bbox 820 3231 1081 3295; x_wconf 87' lang='lat' dir='ltr'>venerat,</span> <span class='ocrx_word' id='word_1_261' title='bbox 1107 3228 1209 3283; x_wconf 89' lang='lat' dir='ltr'>sed</span> <span class='ocrx_word' id='word_1_262' title='bbox 1228 3245 1463 3300; x_wconf 88' lang='lat' dir='ltr'>semper</span> <span class='ocrx_word' id='word_1_263' title='bbox 1490 3244 1597 3299; x_wconf 91' lang='lat' dir='ltr'>per</span> <span class='ocrx_word' id='word_1_264' title='bbox 1624 3227 1904 3283; x_wconf 85' lang='lat' dir='ltr'>beneﬁcia</span> 
     </span>
    </p>
   </div>
   <div class='ocr_carea' id='block_1_31' title="bbox 265 3318 961 3390">
    <p class='ocr_par' dir='ltr' id='par_1_31' title="bbox 265 3318 961 3390">
     <span class='ocr_line' id='line_1_31' title="bbox 265 3318 961 3390; baseline -0.009 -14"><span class='ocrx_word' id='word_1_265' title='bbox 265 3320 411 3376; x_wconf 86' lang='lat' dir='ltr'>hinc</span> <span class='ocrx_word' id='word_1_266' title='bbox 440 3320 584 3376; x_wconf 90' lang='lat' dir='ltr'>inde</span> <span class='ocrx_word' id='word_1_267' title='bbox 616 3318 961 3390; x_wconf 86' lang='lat' dir='ltr'>vagabatur.</span> 
     </span>
    </p>
   </div>
   <div class='ocr_carea' id='block_1_32' title="bbox 884 3405 1310 3461">
    <p class='ocr_par' dir='ltr' id='par_1_32' title="bbox 884 3405 1310 3461">
     <span class='ocr_line' id='line_1_32' title="bbox 884 3405 1310 3461; baseline 0 -2"><span class='ocrx_word' id='word_1_268' title='bbox 884 3405 1219 3461; x_wconf 83' lang='lat' dir='ltr'>EPISTOLA</span> <span class='ocrx_word' id='word_1_269' title='bbox 1245 3407 1310 3459; x_wconf 86' lang='lat' dir='ltr'>ll.</span> 
     </span>
    </p>
   </div>
   <div class='ocr_carea' id='block_1_33' title="bbox 632 3508 1542 3552">
    <p class='ocr_par' dir='ltr' id='par_1_33' title="bbox 632 3508 1542 3552">
     <span class='ocr_line' id='line_1_33' title="bbox 632 3508 1542 3552; baseline -0.007 0"><span class='ocrx_word' id='word_1_270' title='bbox 632 3513 709 3552; x_wconf 77' lang='lat' dir='ltr'>AD</span> <span class='ocrx_word' id='word_1_271' title='bbox 742 3510 1027 3550; x_wconf 67' lang='lat' dir='ltr'>BENRICUK</span> <span class='ocrx_word' id='word_1_272' title='bbox 1076 3510 1313 3549; x_wconf 62' lang='lat' dir='ltr'>BOJARIzE</span> <span class='ocrx_word' id='word_1_273' title='bbox 1344 3508 1542 3548; x_wconf 65' lang='lat' dir='ltr'><strong>DUCEH.</strong></span> 
     </span>
    </p>
   </div>
   <div class='ocr_carea' id='block_1_34' title="bbox 273 3582 1897 3661">
    <p class='ocr_par' dir='ltr' id='par_1_34' title="bbox 273 3582 1897 3661">
     <span class='ocr_line' id='line_1_34' title="bbox 273 3582 1897 3661; baseline -0.004 -17"><span class='ocrx_word' id='word_1_274' title='bbox 273 3589 357 3644; x_wconf 88' lang='lat' dir='ltr'>De</span> <span class='ocrx_word' id='word_1_275' title='bbox 380 3587 621 3661; x_wconf 81' lang='lat' dir='ltr'>ejusdem</span> <span class='ocrx_word' id='word_1_276' title='bbox 650 3584 919 3655; x_wconf 80' lang='lat' dir='ltr'>Gozperti</span> <span class='ocrx_word' id='word_1_277' title='bbox 943 3582 1089 3636; x_wconf 86' lang='lat' dir='ltr'>obitu</span> <span class='ocrx_word' id='word_1_278' title='bbox 1141 3584 1366 3654; x_wconf 85' lang='lat' dir='ltr'>novique</span> <span class='ocrx_word' id='word_1_279' title='bbox 1394 3582 1601 3636; x_wconf 77' lang='lat' dir='ltr'>abbatis</span> <span class='ocrx_word' id='word_1_280' title='bbox 1631 3583 1897 3650; x_wconf 74' lang='lat' dir='ltr'>electione,</span> 
     </span>
    </p>
   </div>
   <div class='ocr_carea' id='block_1_35' title="bbox 338 3670 1824 3751">
    <p class='ocr_par' dir='ltr' id='par_1_35' title="bbox 338 3670 1824 3751">
     <span class='ocr_line' id='line_1_35' title="bbox 338 3670 1824 3751; baseline -0.006 -17"><span class='ocrx_word' id='word_1_281' title='bbox 338 3695 501 3751; x_wconf 81' lang='lat' dir='ltr'>quam</span> <span class='ocrx_word' id='word_1_282' title='bbox 528 3682 596 3731; x_wconf 81' lang='lat' dir='ltr'>ut</span> <span class='ocrx_word' id='word_1_283' title='bbox 646 3673 883 3729; x_wconf 82' lang='lat' dir='ltr'>liberam</span> <span class='ocrx_word' id='word_1_284' title='bbox 929 3670 1031 3725; x_wconf 89' lang='lat' dir='ltr'>sibi</span> <span class='ocrx_word' id='word_1_285' title='bbox 1072 3670 1345 3738; x_wconf 75' lang='lat' dir='ltr'>concedat,</span> <span class='ocrx_word' id='word_1_286' title='bbox 1378 3670 1566 3725; x_wconf 75' lang='lat' dir='ltr'>obnixe</span> <span class='ocrx_word' id='word_1_287' title='bbox 1614 3677 1824 3741; x_wconf 81' lang='lat' dir='ltr'>rogant.</span> 
     </span>
    </p>
   </div>
   <div class='ocr_carea' id='block_1_36' title="bbox 339 3758 1900 3832">
    <p class='ocr_par' dir='ltr' id='par_1_36' title="bbox 339 3758 1900 3832">
     <span class='ocr_line' id='line_1_36' title="bbox 339 3758 1900 3832; baseline -0.006 -9"><span class='ocrx_word' id='word_1_288' title='bbox 339 3765 570 3823; x_wconf 90' lang='lat' dir='ltr'>Seniori</span> <span class='ocrx_word' id='word_1_289' title='bbox 597 3766 818 3821; x_wconf 86' lang='lat' dir='ltr'>nostro</span> <span class='ocrx_word' id='word_1_290' title='bbox 852 3759 982 3815; x_wconf 90' lang='lat' dir='ltr'>duci</span> <span class='ocrx_word' id='word_1_291' title='bbox 1008 3759 1081 3818; x_wconf 89' lang='grc' dir='ltr'>Η.</span> <span class='ocrx_word' id='word_1_292' title='bbox 1127 3758 1503 3832; x_wconf 81' lang='lat' dir='ltr'>congregatio</span> <span class='ocrx_word' id='word_1_293' title='bbox 1554 3758 1900 3816; x_wconf 87' lang='lat' dir='ltr'>monasterii</span> 
     </span>
    </p>
   </div>
   <div class='ocr_carea' id='block_1_37' title="bbox 2076 2877 3618 2936">
    <p class='ocr_par' dir='ltr' id='par_1_37' title="bbox 2076 2877 3618 2936">
     <span class='ocr_line' id='line_1_37' title="bbox 2076 2877 3618 2936; baseline -0.001 -2"><span class='ocrx_word' id='word_1_294' title='bbox 2076 2879 2220 2934; x_wconf 90' lang='lat' dir='ltr'>Cum</span> <span class='ocrx_word' id='word_1_295' title='bbox 2243 2880 2315 2935; x_wconf 90' lang='lat' dir='ltr'>de</span> <span class='ocrx_word' id='word_1_296' title='bbox 2339 2879 2677 2936; x_wconf 86' lang='lat' dir='ltr'>infirmitate</span> <span class='ocrx_word' id='word_1_297' title='bbox 2707 2879 2935 2934; x_wconf 89' lang='lat' dir='ltr'>abbatis</span> <span class='ocrx_word' id='word_1_298' title='bbox 2960 2877 3143 2934; x_wconf 88' lang='lat' dir='ltr'>nostri</span> <span class='ocrx_word' id='word_1_299' title='bbox 3173 2877 3387 2933; x_wconf 89' lang='lat' dir='ltr'>causati</span> <span class='ocrx_word' id='word_1_300' title='bbox 3420 2892 3618 2933; x_wconf 89' lang='lat' dir='ltr'>sumus</span> 
     </span>
    </p>
   </div>
   <div class='ocr_carea' id='block_1_38' title="bbox 2003 2964 3614 3040">
    <p class='ocr_par' dir='ltr' id='par_1_38' title="bbox 2003 2964 3614 3040">
     <span class='ocr_line' id='line_1_38' title="bbox 2003 2964 3614 3040; baseline -0.002 -18"><span class='ocrx_word' id='word_1_301' title='bbox 2003 2984 2201 3022; x_wconf 89' lang='lat' dir='ltr'>coram</span> <span class='ocrx_word' id='word_1_302' title='bbox 2234 2966 2413 3036; x_wconf 90' lang='lat' dir='ltr'>vobis,</span> <span class='ocrx_word' id='word_1_303' title='bbox 2447 2968 2606 3040; x_wconf 92' lang='lat' dir='ltr'>quod</span> <span class='ocrx_word' id='word_1_304' title='bbox 2635 2968 2706 3023; x_wconf 90' lang='lat' dir='ltr'>de</span> <span class='ocrx_word' id='word_1_305' title='bbox 2738 2966 3027 3023; x_wconf 88' lang='lat' dir='ltr'>electione</span> <span class='ocrx_word' id='word_1_306' title='bbox 3058 2966 3227 3021; x_wconf 88' lang='lat' dir='ltr'>nobis</span> <span class='ocrx_word' id='word_1_307' title='bbox 3250 2964 3614 3038; x_wconf 85' lang='lat' dir='ltr'>promisistis,</span> 
     </span>
    </p>
   </div>
   <div class='ocr_carea' id='block_1_39' title="bbox 2004 3052 3614 3127">
    <p class='ocr_par' dir='ltr' id='par_1_39' title="bbox 2004 3052 3614 3127">
     <span class='ocr_line' id='line_1_39' title="bbox 2004 3052 3614 3127; baseline -0.001 -17"><span class='ocrx_word' id='word_1_308' title='bbox 2004 3056 2273 3127; x_wconf 90' lang='lat' dir='ltr'>quasiDei</span> <span class='ocrx_word' id='word_1_309' title='bbox 2299 3072 2399 3111; x_wconf 92' lang='lat' dir='ltr'>ore</span> <span class='ocrx_word' id='word_1_310' title='bbox 2421 3056 2714 3127; x_wconf 89' lang='lat' dir='ltr'>prolatum</span> <span class='ocrx_word' id='word_1_311' title='bbox 2744 3055 2933 3111; x_wconf 86' lang='lat' dir='ltr'>adhuc</span> <span class='ocrx_word' id='word_1_312' title='bbox 2955 3054 3191 3110; x_wconf 80' lang='lat' dir='ltr'>firmum</span> <span class='ocrx_word' id='word_1_313' title='bbox 3205 3052 3614 3122; x_wconf 87' lang='lat' dir='ltr'>tenemus,ite-</span> 
     </span>
    </p>
   </div>
   <div class='ocr_carea' id='block_1_40' title="bbox 2002 3141 3615 3216">
    <p class='ocr_par' dir='ltr' id='par_1_40' title="bbox 2002 3141 3615 3216">
     <span class='ocr_line' id='line_1_40' title="bbox 2002 3141 3615 3216; baseline -0.001 -19"><span class='ocrx_word' id='word_1_314' title='bbox 2002 3160 2249 3216; x_wconf 91' lang='lat' dir='ltr'>rumque</span> <span class='ocrx_word' id='word_1_315' title='bbox 2274 3143 2526 3216; x_wconf 90' lang='lat' dir='ltr'>petimus</span> <span class='ocrx_word' id='word_1_316' title='bbox 2554 3160 2661 3216; x_wconf 89' lang='lat' dir='ltr'>pro</span> <span class='ocrx_word' id='word_1_317' title='bbox 2692 3160 2894 3201; x_wconf 89' lang='lat' dir='ltr'>amore</span> <span class='ocrx_word' id='word_1_318' title='bbox 2927 3142 3029 3199; x_wconf 90' lang='lat' dir='ltr'>Dei</span> <span class='ocrx_word' id='word_1_319' title='bbox 3057 3145 3116 3198; x_wconf 88' lang='lat' dir='ltr'>et</span> <span class='ocrx_word' id='word_1_320' title='bbox 3146 3142 3204 3199; x_wconf 92' lang='lat' dir='ltr'>S.</span> <span class='ocrx_word' id='word_1_321' title='bbox 3239 3141 3486 3209; x_wconf 85' lang='lat' dir='ltr'>Quirini,</span> <span class='ocrx_word' id='word_1_322' title='bbox 3540 3158 3615 3197; x_wconf 87' lang='lat' dir='ltr'>ne</span> 
     </span>
    </p>
   </div>
   <div class='ocr_carea' id='block_1_41' title="bbox 2003 3229 3613 3303">
    <p class='ocr_par' dir='ltr' id='par_1_41' title="bbox 2003 3229 3613 3303">
     <span class='ocr_line' id='line_1_41' title="bbox 2003 3229 3613 3303; baseline -0.001 -18"><span class='ocrx_word' id='word_1_323' title='bbox 2003 3234 2163 3285; x_wconf 82' lang='lat' dir='ltr'>extra</span> <span class='ocrx_word' id='word_1_324' title='bbox 2192 3230 2537 3303; x_wconf 88' lang='lat' dir='ltr'>petitionem</span> <span class='ocrx_word' id='word_1_325' title='bbox 2568 3234 2829 3287; x_wconf 90' lang='lat' dir='ltr'>nostram</span> <span class='ocrx_word' id='word_1_326' title='bbox 2853 3230 3108 3303; x_wconf 89' lang='lat' dir='ltr'>aliquem</span> <span class='ocrx_word' id='word_1_327' title='bbox 3141 3229 3311 3286; x_wconf 90' lang='lat' dir='ltr'>nobis</span> <span class='ocrx_word' id='word_1_328' title='bbox 3338 3229 3613 3286; x_wconf 88' lang='lat' dir='ltr'>abbatem</span> 
     </span>
    </p>
   </div>
   <div class='ocr_carea' id='block_1_42' title="bbox 2003 3318 3615 3391">
    <p class='ocr_par' dir='ltr' id='par_1_42' title="bbox 2003 3318 3615 3391">
     <span class='ocr_line' id='line_1_42' title="bbox 2003 3318 3615 3391; baseline 0.001 -19"><span class='ocrx_word' id='word_1_329' title='bbox 2003 3318 2385 3373; x_wconf 88' lang='lat' dir='ltr'>constituatis.</span> <span class='ocrx_word' id='word_1_330' title='bbox 2418 3318 2660 3383; x_wconf 87' lang='lat' dir='ltr'>Quando</span> <span class='ocrx_word' id='word_1_331' title='bbox 2688 3318 2937 3391; x_wconf 88' lang='lat' dir='ltr'>denique</span> <span class='ocrx_word' id='word_1_332' title='bbox 2964 3318 3117 3375; x_wconf 85' lang='lat' dir='ltr'>felici</span> <span class='ocrx_word' id='word_1_333' title='bbox 3138 3318 3497 3391; x_wconf 88' lang='lat' dir='ltr'>regressione</span> <span class='ocrx_word' id='word_1_334' title='bbox 3515 3334 3615 3390; x_wconf 85' lang='lat' dir='ltr'>pa-</span> 
     </span>
    </p>
   </div>
   <div class='ocr_carea' id='block_1_43' title="bbox 2004 3404 3611 3479">
    <p class='ocr_par' dir='ltr' id='par_1_43' title="bbox 2004 3404 3611 3479">
     <span class='ocr_line' id='line_1_43' title="bbox 2004 3404 3611 3479; baseline 0.001 -20"><span class='ocrx_word' id='word_1_335' title='bbox 2004 3405 2177 3460; x_wconf 86' lang='lat' dir='ltr'>triam</span> <span class='ocrx_word' id='word_1_336' title='bbox 2198 3404 2421 3473; x_wconf 89' lang='lat' dir='ltr'>venitis,</span> <span class='ocrx_word' id='word_1_337' title='bbox 2437 3422 2636 3461; x_wconf 89' lang='lat' dir='ltr'>coram</span> <span class='ocrx_word' id='word_1_338' title='bbox 2660 3406 2821 3461; x_wconf 90' lang='lat' dir='ltr'>vobis</span> <span class='ocrx_word' id='word_1_339' title='bbox 2836 3405 3199 3479; x_wconf 88' lang='lat' dir='ltr'>congregati,</span> <span class='ocrx_word' id='word_1_340' title='bbox 3224 3406 3388 3477; x_wconf 89' lang='lat' dir='ltr'>jussu</span> <span class='ocrx_word' id='word_1_341' title='bbox 3422 3408 3611 3462; x_wconf 87' lang='lat' dir='ltr'>vestro</span> 
     </span>
    </p>
   </div>
   <div class='ocr_carea' id='block_1_44' title="bbox 2004 3493 3611 3567">
    <p class='ocr_par' dir='ltr' id='par_1_44' title="bbox 2004 3493 3611 3567">
     <span class='ocr_line' id='line_1_44' title="bbox 2004 3493 3611 3567; baseline 0.001 -19"><span class='ocrx_word' id='word_1_342' title='bbox 2004 3497 2062 3548; x_wconf 88' lang='lat' dir='ltr'>et</span> <span class='ocrx_word' id='word_1_343' title='bbox 2090 3493 2323 3549; x_wconf 88' lang='lat' dir='ltr'>licentia</span> <span class='ocrx_word' id='word_1_344' title='bbox 2351 3494 2513 3549; x_wconf 91' lang='lat' dir='ltr'>illum</span> <span class='ocrx_word' id='word_1_345' title='bbox 2544 3493 2849 3565; x_wconf 85' lang='lat' dir='ltr'>eligemus,</span> <span class='ocrx_word' id='word_1_346' title='bbox 2878 3510 3051 3567; x_wconf 80' lang='lat' dir='ltr'>quem</span> <span class='ocrx_word' id='word_1_347' title='bbox 3082 3493 3362 3565; x_wconf 87' lang='lat' dir='ltr'>regularis</span> <span class='ocrx_word' id='word_1_348' title='bbox 3377 3494 3611 3566; x_wconf 89' lang='lat' dir='ltr'>religio-</span> 
     </span>
    </p>
   </div>
   <div class='ocr_carea' id='block_1_45' title="bbox 2002 3580 3614 3654">
    <p class='ocr_par' dir='ltr' id='par_1_45' title="bbox 2002 3580 3614 3654">
     <span class='ocr_line' id='line_1_45' title="bbox 2002 3580 3614 3654; baseline 0 -17"><span class='ocrx_word' id='word_1_349' title='bbox 2002 3581 2092 3637; x_wconf 89' lang='lat' dir='ltr'>nis</span> <span class='ocrx_word' id='word_1_350' title='bbox 2122 3584 2391 3654; x_wconf 88' lang='lat' dir='ltr'>putamus</span> <span class='ocrx_word' id='word_1_351' title='bbox 2411 3583 2794 3651; x_wconf 88' lang='lat' dir='ltr'>servatorem,</span> <span class='ocrx_word' id='word_1_352' title='bbox 2837 3580 3122 3653; x_wconf 89' lang='lat' dir='ltr'>vestrique</span> <span class='ocrx_word' id='word_1_353' title='bbox 3148 3580 3384 3650; x_wconf 88' lang='lat' dir='ltr'>servitii,</span> <span class='ocrx_word' id='word_1_354' title='bbox 3433 3596 3614 3653; x_wconf 87' lang='lat' dir='ltr'>quan-</span> 
     </span>
    </p>
   </div>
   <div class='ocr_carea' id='block_1_46' title="bbox 1999 3669 3250 3738">
    <p class='ocr_par' dir='ltr' id='par_1_46' title="bbox 1999 3669 3250 3738">
     <span class='ocr_line' id='line_1_46' title="bbox 1999 3669 3250 3738; baseline -0.001 -11"><span class='ocrx_word' id='word_1_355' title='bbox 1999 3672 2129 3727; x_wconf 88' lang='lat' dir='ltr'>tum</span> <span class='ocrx_word' id='word_1_356' title='bbox 2160 3669 2390 3738; x_wconf 83' lang='lat' dir='ltr'>sufﬁcit,</span> <span class='ocrx_word' id='word_1_357' title='bbox 2420 3670 2579 3726; x_wconf 91' lang='lat' dir='ltr'>nullo</span> <span class='ocrx_word' id='word_1_358' title='bbox 2611 3670 2787 3727; x_wconf 91' lang='lat' dir='ltr'>modo</span> <span class='ocrx_word' id='word_1_359' title='bbox 2818 3669 3250 3727; x_wconf 87' lang='lat' dir='ltr'>immemorem.</span> 
     </span>
    </p>
   </div>
   <div class='ocr_carea' id='block_1_47' title="bbox 1554 4069 2369 4119">
    <p class='ocr_par' dir='ltr' id='par_1_47' title="bbox 1554 4069 2369 4119">
     <span class='ocr_line' id='line_1_47' title="bbox 1554 4069 2369 4119; baseline 0.001 -2"><span class='ocrx_word' id='word_1_360' title='bbox 1554 4070 1754 4117; x_wconf 71' lang='grc' dir='ltr'>(ΠΒοΑ</span> <span class='ocrx_word' id='word_1_361' title='bbox 1796 4069 2085 4119; x_wconf 71' lang='lat' dir='ltr'><strong>EUMDEM</strong></span> <span class='ocrx_word' id='word_1_362' title='bbox 2125 4070 2369 4118; x_wconf 72' lang='lat' dir='ltr'><strong>ANNUM</strong></span> 
     </span>
    </p>
   </div>
   <div class='ocr_carea' id='block_1_48' title="bbox 1172 4198 2728 4362">
    <p class='ocr_par' dir='ltr' id='par_1_48' title="bbox 1172 4198 2728 4362">
     <span class='ocr_line' id='line_1_48' title="bbox 1172 4198 2728 4362; baseline 0.004 -6"><span class='ocrx_word' id='word_1_363' title='bbox 1172 4198 2728 4362; x_wconf 83' lang='lat' dir='ltr'>THIETPALDUS</span> 
     </span>
    </p>
   </div>
   <div class='ocr_carea' id='block_1_49' title="bbox 1360 4420 2548 4484">
    <p class='ocr_par' dir='ltr' id='par_1_49' title="bbox 1360 4420 2548 4484">
     <span class='ocr_line' id='line_1_49' title="bbox 1360 4420 2548 4484; baseline 0.004 -5"><span class='ocrx_word' id='word_1_364' title='bbox 1360 4420 2036 4483; x_wconf 84' lang='lat' dir='ltr'>TEGERNSEENSIS</span> <span class='ocrx_word' id='word_1_365' title='bbox 2067 4421 2548 4484; x_wconf 85' lang='lat' dir='ltr'>MONACHUS.</span> 
     </span>
    </p>
   </div>
   <div class='ocr_carea' id='block_1_50' title="bbox 370 4680 3473 4801">
    <p class='ocr_par' dir='ltr' id='par_1_50' title="bbox 370 4680 3473 4801">
     <span class='ocr_line' id='line_1_50' title="bbox 370 4680 3473 4801; baseline -0.005 1"><span class='ocrx_word' id='word_1_366' title='bbox 370 4682 1297 4801; x_wconf 90' lang='lat' dir='ltr'>THIETPALDI</span> <span class='ocrx_word' id='word_1_367' title='bbox 1362 4680 2063 4788; x_wconf 90' lang='lat' dir='ltr'>EPISTOLA</span> <span class='ocrx_word' id='word_1_368' title='bbox 2106 4683 2293 4787; x_wconf 90' lang='lat' dir='ltr'><strong>AD</strong></span> <span class='ocrx_word' id='word_1_369' title='bbox 2355 4683 2456 4789; x_wconf 91' lang='lat' dir='ltr'>S.</span> <span class='ocrx_word' id='word_1_370' title='bbox 2491 4682 3473 4790; x_wconf 86' lang='lat' dir='ltr'>ADELBERTUM</span> 
     </span>
    </p>
   </div>
   <div class='ocr_carea' id='block_1_51' title="bbox 1472 4860 2434 4904">
    <p class='ocr_par' dir='ltr' id='par_1_51' title="bbox 1472 4860 2434 4904">
     <span class='ocr_line' id='line_1_51' title="bbox 1472 4860 2434 4904; baseline 0.005 -5"><span class='ocrx_word' id='word_1_371' title='bbox 1472 4860 1810 4901; x_wconf 79' lang='lat' dir='ltr'>PRUSSIENSIS</span> <span class='ocrx_word' id='word_1_372' title='bbox 1837 4862 2096 4901; x_wconf 67' lang='lat' dir='ltr'>ECCLESIE</span> <span class='ocrx_word' id='word_1_373' title='bbox 2122 4863 2434 4904; x_wconf 68' lang='lat' dir='ltr'>EPISCOPUI.</span> 
     </span>
    </p>
   </div>
   <div class='ocr_carea' id='block_1_52' title="bbox 269 4962 3617 5091">
    <p class='ocr_par' dir='ltr' id='par_1_52' title="bbox 269 4962 3617 5091">
     <span class='ocr_line' id='line_1_52' title="bbox 269 4962 3617 5091; baseline -0.004 -54"><span class='ocrx_word' id='word_1_374' title='bbox 269 4979 347 5048; x_wconf 84' lang='lat' dir='ltr'>Se,</span> <span class='ocrx_word' id='word_1_375' title='bbox 378 4966 766 5033; x_wconf 73' lang='lat' dir='ltr'>Aristotelica</span> <span class='ocrx_word' id='word_1_376' title='bbox 787 4962 1132 5038; x_wconf 65' lang='lat' dir='ltr'>philosolahia</span> <span class='ocrx_word' id='word_1_377' title='bbox 1156 4968 1477 5035; x_wconf 79' lang='lat' dir='ltr'>contempta,</span> <span class='ocrx_word' id='word_1_378' title='bbox 1510 4963 1663 5020; x_wconf 83' lang='lat' dir='ltr'>rebus</span> <span class='ocrx_word' id='word_1_379' title='bbox 1691 4965 1855 5021; x_wconf 77' lang='lat' dir='ltr'>sacris</span> <span class='ocrx_word' id='word_1_380' title='bbox 1882 4964 2090 5091; x_wconf 58' lang='lat' dir='ltr'>studer:</span> <span class='ocrx_word' id='word_1_381' title='bbox 2119 4967 2356 5036; x_wconf 75' lang='lat' dir='ltr'>nuntiat,</span> <span class='ocrx_word' id='word_1_382' title='bbox 2401 4973 2650 5042; x_wconf 85' lang='lat' dir='ltr'>aptatque</span> <span class='ocrx_word' id='word_1_383' title='bbox 2677 4973 2739 5023; x_wconf 87' lang='lat' dir='ltr'>ut</span> <span class='ocrx_word' id='word_1_384' title='bbox 2767 4969 2817 5024; x_wconf 87' lang='lat' dir='ltr'>ei</span> <span class='ocrx_word' id='word_1_385' title='bbox 2854 4968 3035 5023; x_wconf 86' lang='lat' dir='ltr'>omnia</span> <span class='ocrx_word' id='word_1_386' title='bbox 3065 4981 3130 5022; x_wconf 74' lang='lat' dir='ltr'>ex</span> <span class='ocrx_word' id='word_1_387' title='bbox 3156 4964 3329 5021; x_wconf 78' lang='lat' dir='ltr'>animi</span> <span class='ocrx_word' id='word_1_388' title='bbox 3351 4965 3617 5022; x_wconf 81' lang='lat' dir='ltr'>sententia</span> 
     </span>
     <span class='ocr_line' id='line_1_53' title="bbox 1835 5051 2098 5091; baseline 0 0"><span class='ocrx_word' id='word_1_389' title='bbox 1835 5051 2056 5091; x_wconf 78' lang='lat' dir='ltr'>evenian</span> <span class='ocrx_word' id='word_1_390' title='bbox 2085 5077 2098 5091; x_wconf 96' lang='lat'>.</span> 
     </span>
    </p>
   </div>
   <div class='ocr_carea' id='block_1_53' title="bbox 1835 5051 2098 5092">
    <p class='ocr_par' dir='ltr' id='par_1_53' title="bbox 1835 5051 2098 5092">
     <span class='ocr_line' id='line_1_54' title="bbox 1835 5051 2098 5092; baseline -0.004 0"><span class='ocrx_word' id='word_1_391' title='bbox 1835 5051 2098 5092; x_wconf 75' lang='lat' dir='ltr'>eveniant.</span> 
     </span>
    </p>
   </div>
   <div class='ocr_carea' id='block_1_54' title="bbox 1162 5155 2747 5230">
    <p class='ocr_par' dir='ltr' id='par_1_54' title="bbox 1162 5155 2747 5230">
     <span class='ocr_line' id='line_1_55' title="bbox 1162 5155 2747 5230; baseline 0.003 -19"><span class='ocrx_word' id='word_1_392' title='bbox 1162 5155 1505 5230; x_wconf 77' lang='lat' dir='ltr'>(Bernardus</span> <span class='ocrx_word' id='word_1_393' title='bbox 1535 5156 1751 5226; x_wconf 86' lang='lat' dir='ltr'>Pezius,</span> <span class='ocrx_word' id='word_1_394' title='bbox 1797 5156 1953 5214; x_wconf 77' lang='lat' dir='ltr'>Thes.</span> <span class='ocrx_word' id='word_1_395' title='bbox 1978 5156 2197 5216; x_wconf 82' lang='lat' dir='ltr'>‘Anecd.</span> <span class='ocrx_word' id='word_1_396' title='bbox 2229 5175 2374 5229; x_wconf 64' lang='lat' dir='ltr'>nam,</span> <span class='ocrx_word' id='word_1_397' title='bbox 2403 5158 2469 5230; x_wconf 84' lang='lat' dir='ltr'>V,</span> <span class='ocrx_word' id='word_1_398' title='bbox 2496 5175 2538 5230; x_wconf 86' lang='grc' dir='ltr'>ι,</span> <span class='ocrx_word' id='word_1_399' title='bbox 2564 5160 2747 5227; x_wconf 80' lang='grc'><strong>131.).</strong></span> 
     </span>
    </p>
   </div>
   <div class='ocr_carea' id='block_1_55' title="bbox 340 5450 3628 5531">
    <p class='ocr_par' dir='ltr' id='par_1_55' title="bbox 340 5450 3628 5531">
     <span class='ocr_line' id='line_1_56' title="bbox 340 5450 3628 5531; baseline -0.004 -9"><span class='ocrx_word' id='word_1_400' title='bbox 340 5463 525 5523; x_wconf 88' lang='lat' dir='ltr'>Divini</span> <span class='ocrx_word' id='word_1_401' title='bbox 566 5456 792 5518; x_wconf 87' lang='lat' dir='ltr'>ﬂuoris</span> <span class='ocrx_word' id='word_1_402' title='bbox 821 5470 955 5510; x_wconf 85' lang='lat' dir='ltr'>rore</span> <span class='ocrx_word' id='word_1_403' title='bbox 984 5456 1269 5525; x_wconf 89' lang='lat' dir='ltr'>madenti,</span> <span class='ocrx_word' id='word_1_404' title='bbox 1317 5460 1530 5513; x_wconf 69' lang='lat' dir='ltr'>sancta:</span> <span class='ocrx_word' id='word_1_405' title='bbox 1561 5456 1906 5514; x_wconf 89' lang='lat' dir='ltr'>Prussiensis</span> <span class='ocrx_word' id='word_1_406' title='bbox 1927 5463 1973 5521; x_wconf 87' lang='lat' dir='ltr'>C</span> <span class='ocrx_word' id='word_1_407' title='bbox 2003 5472 2216 5531; x_wconf 88' lang='lat' dir='ltr'>perum</span> <span class='ocrx_word' id='word_1_408' title='bbox 2244 5455 2350 5511; x_wconf 90' lang='lat' dir='ltr'>etsi</span> <span class='ocrx_word' id='word_1_409' title='bbox 2373 5454 2640 5523; x_wconf 87' lang='lat' dir='ltr'>extimus,</span> <span class='ocrx_word' id='word_1_410' title='bbox 2664 5450 3060 5527; x_wconf 81' lang='lat' dir='ltr'>aspersionem</span> <span class='ocrx_word' id='word_1_411' title='bbox 3079 5454 3372 5529; x_wconf 85' lang='lat' dir='ltr'>sanguinis</span> <span class='ocrx_word' id='word_1_412' title='bbox 3392 5452 3628 5527; x_wconf 88' lang='lat' dir='ltr'>Christi,</span> 
     </span>
    </p>
   </div>
   <div class='ocr_carea' id='block_1_56' title="bbox 290 5543 3628 5618">
    <p class='ocr_par' dir='ltr' id='par_1_56' title="bbox 290 5543 3628 5618">
     <span class='ocr_line' id='line_1_57' title="bbox 290 5543 3628 5618; baseline -0.004 -6"><span class='ocrx_word' id='word_1_413' title='bbox 290 5554 526 5611; x_wconf 64' lang='lat' dir='ltr'>ecclesiae</span> <span class='ocrx_word' id='word_1_414' title='bbox 559 5544 877 5605; x_wconf 70' lang='lat' dir='ltr'>cathedrae</span> <span class='ocrx_word' id='word_1_415' title='bbox 923 5545 1258 5615; x_wconf 60' lang='lat' dir='ltr'>praesidenti</span> <span class='ocrx_word' id='word_1_416' title='bbox 1315 5547 1660 5615; x_wconf 80' lang='lat' dir='ltr'>ADALPERTO,</span> <span class='ocrx_word' id='word_1_417' title='bbox 1720 5544 1905 5600; x_wconf 62' lang='lat' dir='ltr'>unicae</span> <span class='ocrx_word' id='word_1_418' title='bbox 2009 5548 2069 5600; x_wconf 90' lang='lat' dir='ltr'>et</span> <span class='ocrx_word' id='word_1_419' title='bbox 2097 5544 2381 5616; x_wconf 88' lang='lat' dir='ltr'>quidquid</span> <span class='ocrx_word' id='word_1_420' title='bbox 2407 5543 2546 5598; x_wconf 90' lang='lat' dir='ltr'>illud</span> <span class='ocrx_word' id='word_1_421' title='bbox 2572 5546 2659 5598; x_wconf 89' lang='lat' dir='ltr'>est</span> <span class='ocrx_word' id='word_1_422' title='bbox 2672 5545 2829 5615; x_wconf 91' lang='lat' dir='ltr'>quod</span> <span class='ocrx_word' id='word_1_423' title='bbox 2844 5546 3108 5618; x_wconf 85' lang='lat' dir='ltr'>egregius</span> <span class='ocrx_word' id='word_1_424' title='bbox 3133 5546 3478 5618; x_wconf 70' lang='lat' dir='ltr'>praedicator</span> <span class='ocrx_word' id='word_1_425' title='bbox 3494 5557 3628 5600; x_wconf 90' lang='lat' dir='ltr'>cum</span> 
     </span>
    </p>
   </div>
   <div class='ocr_carea' id='block_1_57' title="bbox 295 5632 1907 5706">
    <p class='ocr_par' dir='ltr' id='par_1_57' title="bbox 295 5632 1907 5706">
     <span class='ocr_line' id='line_1_58' title="bbox 295 5632 1907 5706; baseline -0.009 -5"><span class='ocrx_word' id='word_1_426' title='bbox 295 5645 374 5701; x_wconf 85' lang='lat' dir='ltr'>tibi</span> <span class='ocrx_word' id='word_1_427' title='bbox 400 5633 760 5700; x_wconf 86' lang='lat' dir='ltr'>dilectionis</span> <span class='ocrx_word' id='word_1_428' title='bbox 776 5632 1067 5706; x_wconf 84' lang='lat' dir='ltr'>episcOpo,</span> <span class='ocrx_word' id='word_1_429' title='bbox 1094 5635 1499 5705; x_wconf 62' lang='lat' dir='ltr'>Tmerrswus,</span> <span class='ocrx_word' id='word_1_430' title='bbox 1536 5634 1738 5706; x_wconf 87' lang='lat' dir='ltr'>spiritu</span> <span class='ocrx_word' id='word_1_431' title='bbox 1769 5649 1907 5704; x_wconf 87' lang='lat' dir='ltr'>pau-</span> 
     </span>
    </p>
   </div>
   <div class='ocr_carea' id='block_1_58' title="bbox 2013 5631 3340 5693">
    <p class='ocr_par' dir='ltr' id='par_1_58' title="bbox 2013 5631 3340 5693">
     <span class='ocr_line' id='line_1_59' title="bbox 2013 5631 3340 5693; baseline 0.001 -4"><span class='ocrx_word' id='word_1_432' title='bbox 2013 5632 2239 5689; x_wconf 87' lang='lat' dir='ltr'>Christo</span> <span class='ocrx_word' id='word_1_433' title='bbox 2262 5634 2322 5689; x_wconf 92' lang='lat' dir='ltr'>in</span> <span class='ocrx_word' id='word_1_434' title='bbox 2356 5631 2906 5691; x_wconf 81' lang='lat' dir='ltr'>Deo‘absconditum</span> <span class='ocrx_word' id='word_1_435' title='bbox 2939 5651 3060 5689; x_wconf 89' lang='lat' dir='ltr'>esse</span> <span class='ocrx_word' id='word_1_436' title='bbox 3080 5637 3340 5693; x_wconf 90' lang='lat' dir='ltr'>testatur.</span> 
     </span>
    </p>
   </div>
  </div>
