3882 6222
393 413 495 467 375

1500 411 1559 469 S.
1600 414 1781 469 ABBO
1824 415 2316 473 FLORIACENSIS
2346 415 2586 473 ABBAS.

3597 423 3712 480 3'76

462 536 628 605 Novi,
662 541 871 609 praesul
902 539 1149 594 verende
1185 538 1325 594 nihil
1355 541 1718 596 sanctitatem
1748 545 1994 598 vestram
2017 543 2072 604 Α
2097 545 2357 617 tiasago:
2391 547 2449 600 et
2469 545 2528 599 id
2545 543 2778 617 quidem
2801 545 3032 613 merito,
3065 546 3386 604 dummodo
3414 544 3714 602 refocilla-

394 627 806 702 philosOphica
834 627 1260 699 compilationis
1289 647 1322 683 a
1355 629 1465 684 mei
1499 631 1846 702 pauxillitate
1879 631 1996 685 exi-

400 717 667 789 gere;sed
688 715 733 770 si
761 733 874 789 qua
895 716 954 772 in
979 733 1042 772 re
1075 720 1228 784 sunt,
1260 718 1502 789 simplici
1535 719 1728 788 potius
1757 719 1996 776 veritate

412 807 623 861 cudere
640 806 804 872 velle,
837 805 1079 861 minime
1101 806 1411 861 recordans
1442 807 1575 878 quia
1593 809 1826 862 stultam
1865 809 1998 863 fecit

391 895 541 950 Deus
570 893 916 966 sapientiam
936 894 1137 948 mundi
1162 895 1350 965 hujus,
1370 898 1676 966 postquam
1699 896 1999 950 exsiccavit

397 983 597 1039 ﬂuvios
627 982 832 1037 Ethan.
855 984 976 1038 Prae
993 982 1344 1038 dulcitudine
1364 983 1520 1039 enim
1539 985 1740 1040 decem
1762 985 2001 1040 chorda-

395 1089 526 1128 rum
579 1070 825 1137 Davidis,
858 1070 1413 1143 intromittentisque
1459 1072 1562 1127 Dei
1619 1077 1902 1144 quantum
1933 1091 2000 1129 ex

399 1177 493 1215 me
523 1158 658 1221 suis,
689 1175 838 1232 pene
871 1158 1082 1214 oblitus
1122 1177 1250 1215 sum
1288 1161 1534 1216 totidem
1567 1161 1999 1231 Categoriarum

397 1247 736 1304 Aristotelis.
769 1246 1046 1312 Quocirca
1071 1248 1220 1319 elegi
1252 1249 1477 1319 abjecta
1503 1250 1662 1321 quasi
1703 1254 1761 1304 et
1790 1251 2005 1305 medio-

398 1336 536 1404 cria,
571 1335 661 1390 cui
704 1335 779 1390 ad
807 1352 1061 1407 unguem
1087 1336 1253 1390 labra
1276 1353 1392 1392 non
1424 1338 1702 1391 maduere
1752 1339 2001 1409 Pegaseo

393 1426 576 1492 fonte,
595 1425 842 1481 Domino
861 1441 992 1480 meo
1014 1427 1388 1495 praesentare,
1410 1425 1596 1497 magis
1608 1443 1782 1495 quam
1803 1426 1861 1480 in
1876 1426 2001 1498 qui-

392 1515 500 1570 bus
525 1516 757 1570 tantum
787 1512 1152 1569 inhonestius
1181 1514 1474 1581 caderem,
1503 1514 1891 1585 scrupulosius
1919 1515 2003 1568 in-

394 1603 621 1659 sudare.
659 1601 716 1657 Si
745 1602 936 1658 fatuus
957 1602 1117 1658 dicor
1147 1604 1492 1658 remordens
1518 1603 1840 1670 circuilum,
1874 1619 2002 1674 gra-

2098 637 2221 688 tum
2252 651 2347 688 me
2370 634 2555 688 fatear
2574 634 2791 688 furfure
2821 635 3093 701 Platonis,
3122 639 3178 689 et
3198 639 3254 689 te
3320 638 3551 691 Patrem
3604 651 3712 690 co-

2096 739 2370 794 gnoscam
2389 721 2656 776 satiatum
2678 739 2849 794 super
2869 722 3148 777 ferculum
3179 723 3521 779 Salomonis.
3553 723 3713 787 Quid

2100 813 2263 884 plura
2284 811 2311 865 ‘I
2341 813 2397 864 In
2431 810 2632 880 primis
2675 828 2774 864 vos
2811 812 2999 865 valere
3048 811 3106 864 in
3137 810 3405 866 omnibus
3429 828 3716 883 prospere

2101 915 2299 970 agere,
2324 915 2523 952 meum
2565 915 2668 969 pro
2715 903 2870 953 certo
2903 897 3089 953 sciatis
3116 898 3368 970 gaudere
3401 917 3415 953 ε
3453 901 3611 971 quia,
3647 903 3718 955 ut.

2099 989 2264 1043 decet
2293 988 2351 1042 in
2368 987 2640 1054 Domino,
2655 1004 2720 1042 ex
2745 989 2948 1043 vestrae
2968 987 3414 1053 commoditatis,
3432 988 3715 1060 vel,quod

2101 1073 2270 1131 absit!
2305 1075 2556 1146 ineptiae,
2591 1078 2878 1146 utcunque
2909 1092 2966 1130 se
2997 1076 3228 1142 habeat,
3250 1077 3480 1131 cumulo
3503 1093 3714 1132 meum

2101 1166 2478 1220 commodum
2508 1166 2594 1219 vel
2623 1165 3008 1220 infortunium
3033 1169 3249 1238 specto.
3281 1165 3360 1220 De
3383 1165 3718 1221 voluntaria

2101 1270 2233 1307 vero
2266 1252 2548 1307 servitutis
2577 1269 2721 1307 mea:
2753 1253 2811 1307 in
2841 1270 2937 1307 vos
2964 1253 3238 1325 qualitate
3268 1253 3405 1325 quid
3451 1271 3596 1324 opus
3621 1257 3717 1309 est

2101 1341 2308 1407 verbis,
2341 1357 2473 1394 cum
2493 1342 2642 1395 ultra
2673 1357 2910 1396 omnem
2936 1345 3139 1397 vestra:
3152 1341 3519 1411 subiectionis
3538 1343 3714 1397 cleri-

2102 1446 2230 1482 cum
2261 1431 2346 1483 vel
2375 1428 2646 1483 clientem
2686 1430 2849 1501 juxta
2878 1431 3162 1501 majorem
3204 1446 3399 1484 rerum
3441 1447 3714 1486 mearum

2101 1518 2434 1572 facultatem
2476 1533 2569 1571 me
2589 1517 2645 1571 in
2679 1518 2839 1572 omni
2869 1518 2994 1572 loco
3033 1519 3200 1580 [non]
3231 1517 3460 1588 possitis
3489 1519 3715 1574 habere

2103 1604 2523 1676 promptiorem
2546 1604 2716 1660 simul
2747 1607 2803 1660 et
2834 1603 3226 1668 devotiorem?

1711 1869 1894 1918 ANNO
1954 1869 2195 1918 DOMINI
2238 1870 2383 1916 MIV.

899 2041 2234 2272 SANCTUS
2403 2041 3200 2274 ΑΡ)Βο

1578 2336 1838 2396 ABBAS
1899 2333 2510 2398 FLORIACENSIS.

1849 2463 2230 2486 ἡ

758 2588 1295 2743 ινιτ-Α
1439 2593 2002 2742 SANG

2109 2593 2249 2740 ΓΙ
2364 2593 3319 2745 ABBONIS

1164 2798 1694 2891 AUCTORE
1758 2799 2254 2888 AlMOINO
2340 2800 2930 2891 MONACHO.

888 2959 1099 3033 (Apud.
1129 2956 1366 3026 MabilL,
1395 2956 1543 3014 Acta
1588 2962 1892 3012 sanctorum
1920 2955 2041 3012 md.
2068 2955 2131 3012 S.
2165 2954 2461 3025 Benedicti,
2487 2960 2632 3013 tom.
2664 2958 2800 3012 VllI.
2833 2975 2968 3032 pag.
3005 2959 3212 3031 30-58.)

2219 3089 2250 3104 κ

1087 3226 2272 3338 OBSERVATIONES
2384 3228 3017 3333 PRIEVLE.

475 3556 523 3607 l.
560 3552 682 3606 Non
711 3549 878 3607 facile
931 3550 1015 3605 est
1038 3547 1325 3604 aestimare
1351 3547 1480 3600 uter
1533 3543 1754 3601 felicior
1811 3544 2005 3612 fuerit,
2044 3543 2244 3606 Cteris
2267 3545 2606 3598 excellentes
2631 3542 2798 3607 viros,
2822 3543 2878 3599 in
2917 3545 3184 3617 Angliam
3211 3550 3499 3614 evocatos,
3533 3550 3722 3606 muni-

397 3639 718 3708 Aimoinus,
741 3639 895 3714 quod
911 3637 1252 3710 magistrum
1268 3653 1332 3692 ac
1353 3637 1768 3707 praeceptorem
1791 3635 2006 3688 habue-

399 3729 478 3786 rit
505 3729 831 3797 Abbonem,
860 3744 933 3783 an
959 3727 1120 3782 Abbo
1138 3741 1236 3781 seu
1294 3723 1576 3796 Aboipse,
1607 3723 1760 3794 quod
1791 3722 2007 3777 Aimoi-

401 3837 542 3876 num
571 3817 991 3874 Floriacensem
1021 3815 1396 3880 monachum,
1444 3829 1725 3884 suumque
1765 3811 2007 3882 discipu-

402 3910 548 3978 lum,
580 3909 710 3965 vita:
759 3921 876 3962 suae
929 3904 1270 3976 scriptorem
1324 3900 1556 3956 sortitus
1608 3901 1698 3955 sit.
1758 3900 2009 3957 Aimoini

403 3999 617 4073 quippe
648 3999 720 4052 de
746 3997 986 4054 Abbone
1005 3991 1324 4048 lucubratio
1349 3990 1631 4061 ejusmodi
1651 3993 1734 4044 est
1761 3993 1821 4045 ut
1847 3990 2012 4046 nobis

403 4087 709 4143 Abbonem
732 4085 923 4156 ipsum
949 4081 1164 4136 referat
1179 4079 1416 4150 ejusque
1435 4078 1598 4132 dotes
1612 4094 1673 4133 ac
1687 4083 1842 4134 recte
1859 4080 2009 4134 facta

409 4174 643 4249 agregie
661 4173 1055 4244 representet.
1080 4169 1210 4222 Haec
1227 4185 1261 4223 a
1281 4168 1500 4222 Joanne
1528 4167 1597 4222 de
1612 4169 1786 4222 Bosco
1803 4168 2008 4223 Caeles-

402 4265 530 4318 tino
558 4261 813 4338 primum
842 4257 991 4330 typis
1013 4257 1167 4312 edita
1197 4257 1282 4312 est
1310 4273 1377 4311 ex
1401 4273 1511 4311 ms.
1556 4255 1750 4312 codice
1794 4257 2010 4312 Floria-

406 4351 588 4418 censi,
641 4349 716 4404 ad
748 4364 920 4421 quem
953 4347 1141 4403 denuo
1167 4347 1346 4402 libros
1402 4346 1589 4402 editos
1639 4347 2008 4414 contulimus,

405 4436 776 4495 restituendis
797 4436 1140 4510 quibusdam
1184 4437 1343 4505 locis,
1379 4453 1506 4508 qua:
1555 4436 1709 4509 apud
1750 4436 2011 4491 Boscium

406 4547 473 4584 ex
504 4527 841 4584 difficultate
868 4525 1164 4596 scriptura»,
1213 4543 1330 4581 non
1381 4542 1588 4598 parum
1640 4525 1863 4580 detrita:
1913 4529 2013 4582 aut

402 4616 606 4672 vitiosa
624 4617 809 4683 erant,
833 4618 932 4670 aut
953 4631 1149 4670 vacua.

473 4711 526 4764 2.
559 4707 776 4763 Praeter
797 4703 1157 4771 Aimoinum,
1197 4703 1342 4759 varii
1395 4705 1654 4759 auctores
1704 4702 2009 4758 Abhonem

399 4794 664 4852 laudibus
716 4795 1065 4861 extulerunt,
1097 4793 1212 4848 sive
1245 4793 1556 4860 viventem,
1596 4793 1660 4846 ut
1705 4791 2008 4846 Fulbertus

2109 3635 2346 3688 ﬁeenter
2373 3649 2595 3701 curare,
2615 3651 2688 3688 ne
2714 3635 2809 3689 illo
2832 3635 2985 3688 bono
3008 3635 3304 3691 fraudaret
3315 3637 3571 3709 patriam
3594 3640 3719 3696 sine

2111 3739 2223 3794 quo
2255 3726 2461 3778 caetera
2495 3723 2651 3779 bona
2680 3739 2829 3794 pene
2851 3723 2993 3778 mihi
3024 3723 3523 3782 videnturinania.
3569 3727 3718 3793 Quo-

2108 3829 2240 3868 rum
2268 3830 2412 3867 unus
2440 3812 2548 3868 fuit
2588 3813 2770 3879 Abbo,
2815 3812 3186 3868 Floriacensis
3240 3815 3582 3883 monachus,
3615 3819 3713 3890 qui

2109 3903 2350 3957 multam
2372 3902 2622 3957 scientiae
2639 3902 2864 3974 frugem
2881 3903 3103 3974 Anglice
3119 3903 3352 3972 invexit,
3377 3905 3474 3977 qui
3496 3906 3714 3978 passio-

2109 4007 2244 4044 nem
2269 3990 2553 4044 Edmundi
2566 3993 2852 4062 martyris,
2861 3993 3105 4062 jubente
3122 3994 3415 4048 Dunstano
3428 3994 3715 4066 archiepi-

2111 4096 2303 4150 scopo,
2335 4079 2680 4150 plenitudini
2696 4079 3017 4135 litterarum
3031 4081 3256 4153 adjecit.
3277 4083 3346 4149 Is,
3371 4082 3616 4138 domum
3631 4099 3718 4139 re-

2110 4183 2301 4222 versus
2329 4172 2527 4238 postea
2552 4171 2609 4222 et
2625 4167 2841 4224 ibidem
2857 4170 3033 4225 abbas
3049 4170 3411 4237 constitutus,
3426 4171 3716 4227 severitati

2109 4255 2403 4327 religionis
2433 4257 2670 4326 sedulus
2701 4258 2932 4323 exstitit,
2967 4259 3150 4322 Quem
3204 4277 3432 4315 morem
3473 4277 3610 4315 cum
3657 4260 3715 4316 in

2111 4345 2254 4398 cella
2285 4346 2534 4416 quadam
2567 4346 2811 4401 cmnobii
2843 4347 3366 4420 Floriacensis,qua:
3396 4349 3455 4403 in
3487 4351 3716 4406 Wasco-

2114 4433 2210 4488 nia
2236 4434 2422 4507 posita
2457 4435 2744 4508 hodieque
2776 4436 2850 4490 ad
2870 4437 3151 4507 Regulam
3197 4437 3425 4504 dicitur,
3447 4455 3716 4494 exercere

2112 4523 2522 4591 contenderet;
2557 4541 2674 4579 non
2704 4524 2830 4578 tulit
2860 4524 3178 4593 Wasconia,
3210 4526 3310 4580 sed
3357 4528 3562 4582 lancea
3593 4545 3719 4582 exa-

2110 4611 2397 4666 nimatum
2449 4613 2668 4685 superis
2717 4613 3107 4669 transmisere.
3142 4635 3169 4663 »
3219 4615 3348 4668 Haec
3393 4615 3463 4669 de
3517 4616 3716 4670 studiis

2109 4699 2456 4755 Willelmus:
2487 4703 2546 4754 at
2576 4702 2648 4756 de
2678 4702 2998 4756 monastica
3043 4702 3342 4774 disciplina
3371 4702 3450 4758 ita
3494 4704 3716 4776 scripsit

2110 4789 2416 4845 Ordericus
2445 4790 2645 4845 Vitalis
2665 4791 2722 4844 in
2744 4791 2843 4846 lib.
2869 4795 3232 4863 1v,pag.5l7:
3265 4815 3291 4841 «
3321 4792 3540 4847 Horum
3593 4810 3716 4865 pre-

398 4888 529 4960 post
546 4884 847 4958 episcopus
869 4883 1258 4949 Carnutensis,
1287 4881 1403 4936 sive
1441 4884 1759 4948 mortuum,
1781 4883 1842 4935 ut
1871 4880 2003 4934 Wil-
2025 4878 2078 4936 D
2106 4879 2284 4947 cibus,
2321 4900 2348 4928 ››
2368 4895 2578 4950 nempe
2625 4880 2922 4942 Dunstani,
2969 4879 3302 4944 Adelwoldi,
3348 4884 3407 4934 et
3452 4880 3713 4949 Oswaldi,

396 4971 1132 5031 lelmusMalmesburiensis
1154 4970 1492 5037 monachus,
1526 4969 1826 5025 Ordericus
1847 4968 2000 5024 Vita-

393 5063 482 5132 lis,
511 5065 775 5119 auctores
795 5061 866 5116 de
897 5060 1082 5115 Gestis
1123 5059 1307 5115 sancti
1336 5057 1577 5115 Oswaldi
1616 5058 1868 5131 episcopi
1893 5057 2002 5112 Wi-

394 5151 740 5226 gorniensis,
771 5149 1032 5221 superius
1049 5148 1236 5216 relati,
1260 5164 1326 5203 ac
1354 5148 1591 5220 plurimi
1625 5147 1997 5203 recentiores.

391 5241 707 5296 Willelmus
731 5242 789 5294 et
809 5238 1109 5295 Ordericus
1126 5238 1375 5292 maxime
1392 5235 1782 5310 depraadicant
1806 5236 1997 5290 Abbo-

393 5329 483 5384 nis
511 5328 846 5384 missionem
861 5327 920 5381 in
945 5327 1372 5398 Angliam,quaa
1390 5342 1528 5380 sane
1550 5325 1742 5379 missio
1766 5323 1997 5378 illustris

391 5419 522 5485 fuit,
554 5432 687 5471 cum
719 5415 793 5471 ob
822 5416 1147 5472 restitutam
1171 5414 1551 5469 monasticam
1611 5413 1992 5482 disciplinam,

391 5509 517 5562 tum
549 5505 622 5560 ob
649 5502 1174 5560 studialitterarum
1195 5504 1252 5558 in
1269 5501 1601 5575 Anglicanis
1628 5500 1994 5555 monasteriis

392 5593 583 5650 denuo
606 5593 870 5648 excitata.
902 5590 1287 5658 Willelmusin
1316 5591 1411 5645 lib.
1449 5607 1506 5645 ιιι
1527 5591 1606 5645 De
1631 5578 1994 5661 pontificibus

386 5683 731 5754 Anglorum,
753 5680 936 5739 ubide
966 5679 1222 5735 OsWaldo
1246 5695 1258 5733 :
1285 5702 1313 5727 ‹‹
1347 5679 1651 5745 Praeterea,
1684 5677 1987 5749 inquit,lit-

2106 4991 2132 5018 «
2170 4967 2538 5024 Floriacensis
2552 4969 2737 5035 Abbo,
2761 4969 2990 5040 sapiens
3005 4985 3069 5023 ac
3084 4968 3386 5040 religiosus
3403 4971 3713 5037 cmnobita,

2103 5056 2312 5111 missus
2339 5059 2424 5110 est
2455 5058 2614 5110 trans
2642 5060 2890 5123 mare,et
2910 5057 3297 5112 monasticum
3321 5075 3490 5112 usum
3526 5058 3716 5114 docuit

2101 5145 2382 5200 Ramcsiae
2413 5149 2471 5200 et
2493 5145 2615 5200 aliis
2647 5145 3010 5200 monasteriis
3027 5145 3268 5217 Anglice,
3301 5145 3466 5200 sicuti
3488 5147 3716 5202 teneha.

2100 5238 2194 5289 tur
2221 5233 2279 5288 in
2297 5233 2476 5288 Gallia
2495 5235 2701 5290 eodem
2730 5239 3014 5306 tempore.
3042 5256 3070 5283 ››
3104 5233 3194 5288 Sic
3222 5235 3420 5302 Gallia,
3442 5252 3571 5307 qua:
3602 5239 3714 5289 stu-

2100 5323 2329 5378 diorum
2347 5323 2670 5378 doctrinam
2685 5323 2755 5378 ab
2766 5323 2985 5394 Anglis,
3000 5322 3262 5391 Alcuino,
3281 5323 3521 5394 aliisque
3534 5340 3711 5395 quon-

2101 5413 2235 5467 dam
2268 5417 2594 5485 acceperat,
2626 5413 2816 5483 primo
2849 5411 3081 5484 quidem
3109 5428 3216 5484 per
3239 5411 3643 5467 Grimbaldum
3663 5415 3715 5466 et

2099 5501 2428 5555 Iohannem
2459 5502 2778 5555 monaChOS
2816 5501 2870 5553 in
2899 5499 3199 5554 Gallicanis
3232 5500 3511 5554 ccenobiis
3559 5500 3711 5554 insti-

2101 5595 2273 5653 tutos,
2304 5589 2514 5645 deinde
2541 5591 2646 5644 hac
2665 5589 2915 5644 secunda
2945 5589 3066 5643 vice
3097 5605 3203 5661 per
3229 5589 3536 5644 Abbonem
3562 5606 3711 5645 eam-

2093 5680 2226 5734 dem
2254 5679 2509 5734 scientize
2541 5681 2729 5732 lucem
2761 5678 2819 5731 in
2837 5677 3104 5749 Angliam
3139 5677 3374 5744 refudit,
3429 5680 3601 5734 tertio
3653 5678 3708 5732 id
