3882 6222
242 417 346 479 381

984 420 1342 480 PROCEMIA.
1377 452 1444 466 —
1473 423 1630 481 VITA
1659 421 1716 479 S.
1749 418 2063 478 ABBONIS.
2089 451 2161 467 --
2189 419 2477 480 OBSERV.
2514 418 2829 478 PRIEVUE.

3473 419 3578 484 382

253 543 393 597 tunc
421 554 775 613 persuasum
797 543 946 598 erat.
969 543 1226 599 Alterum
1245 546 1329 599 est
1354 543 1609 618 primum
1624 541 1876 597 Abbonis
1898 553 1953 613 Α
1979 540 2098 608 bat,
2127 541 2185 597 in
2205 544 2486 614 potestate
2516 542 2772 613 ipsorum
2802 541 3077 599 vocabulo
3107 541 3371 609 Everam,
3419 543 3575 616 quod

251 631 367 687 iter
392 631 669 696 Romam,
717 632 881 702 cujus
912 633 1109 687 sedem
1149 635 1310 704 digno
1357 640 1571 704 pastore
1599 633 1875 688 viduatam

254 719 432 776 fuisse
463 721 868 790 conqueritur.
887 721 1139 775 Tertium
1156 722 1356 776 electio
1379 721 1634 790 Gregorii
1657 738 1819 792 papae
1833 721 1875 771 V

255 824 326 862 ex
345 807 524 878 stirpe
547 807 938 878 imperiali,de
961 809 1166 880 quoita
1190 810 1512 865 Chronicon
1531 809 1875 864 Saxonicum

254 913 365 949 ms.
405 896 480 950 ad
509 913 731 951 annum
750 899 886 951 996:
925 922 951 946 α
982 899 1232 953 Joannes
1260 916 1407 970 papa
1447 898 1682 952 interim
1713 897 1873 952 obiit.

256 984 431 1038 Unde
471 1001 570 1038 rex
603 985 761 1055 Otto,
792 984 850 1039 in
884 985 1044 1039 Italia
1064 987 1184 1056 jam
1210 986 1446 1057 positus,
1479 1003 1712 1041 rumore
1746 985 1879 1040 inci-

257 1074 444 1141 tatus,
477 1072 792 1143 praemissis
838 1073 1179 1146 quibusdam
1223 1075 1592 1145 principibus,
1651 1074 1877 1144 publico

261 1178 559 1215 consensu
585 1164 644 1215 et
685 1161 964 1215 electione
1014 1161 1148 1216 fecit
1193 1163 1448 1217 ordinari
1479 1162 1876 1234 apostolicum,

259 1265 441 1303 suum
473 1253 749 1322 nepotem
767 1250 1572 1319 Brunonem,0ttonisfilium,
1623 1250 1715 1321 qui
1734 1266 1880 1303 mar-

261 1354 398 1392 cam
445 1339 842 1394 Veronenscm
874 1339 1156 1405 servabat,
1190 1339 1458 1410 imposito
1484 1339 1720 1393 nomine
1750 1339 1880 1394 Gre-

257 1425 438 1496 gorii.
464 1445 496 1477 »

331 1518 391 1566 '7.
415 1513 506 1567 Ad
537 1515 690 1568 hunc
731 1513 925 1586 itaque
983 1514 1319 1586 Gregorium
1355 1533 1388 1570 a
1439 1515 1712 1569 Rotberto
1744 1531 1879 1584 rege

259 1601 476 1656 missus
507 1606 593 1657 est
619 1603 803 1656 Abbo.
835 1623 859 1654 σ
882 1603 1173 1674 Praecipua
1198 1620 1354 1670 vero,
1379 1603 1564 1675 inquit
1585 1602 1882 1656 Aimoinus

261 1691 424 1745 infra
457 1691 515 1744 in
551 1690 673 1760 ejus
703 1691 848 1758 Vita,
883 1715 909 1739 ‹‹
946 1709 1154 1746 earum
1175 1708 1278 1761 pro
1307 1691 1511 1762 quibus
1528 1691 1776 1745 directus
1798 1694 1883 1744 est

261 1795 577 1832 causarum
605 1778 727 1832 haec
745 1777 1011 1850 fuitzquia
1026 1779 1314 1846 Arnulfus,
1350 1780 1665 1833 Remorum
1697 1778 1880 1833 archi-

1981 636 2151 686 antea
2181 633 2367 687 nullus
2418 649 2672 704 unquam
2704 633 2937 700 fecerat;
2979 631 3109 686 misi
3139 632 3320 687 ﬁlium
3377 649 3576 688 meum

1978 719 2317 774 Rotbertum
2341 737 2538 792 regem
2558 720 2847 792 adipsam,
2873 723 2934 774 ut
2953 737 3083 775 eam
3114 721 3218 775 sub
3246 720 3579 776 defensione

1979 811 2036 862 et
2064 808 2388 862 munitione
2421 814 2616 863 nostra
2647 813 2960 875 revocaret,
3003 811 3064 863 ut
3095 809 3284 863 nullus
3314 825 3574 873 suorum,

1985 897 2069 950 vel
2096 913 2287 951 servus
2299 898 2382 950 vel
2403 896 2630 964 liber,in
2645 915 2712 953 ea
2725 898 2939 970 aliquid
2961 901 3339 968 prtesumeret
3354 898 3575 963 tollere;

1979 987 2132 1055 quod
2155 987 2212 1038 et
2239 987 2358 1056 ipse
2392 987 2544 1041 haud
2586 987 2838 1057 segniter
2867 989 3160 1041 exsecutus
3192 989 3296 1043 est.
3356 987 3580 1040 Interea

1981 1076 2106 1128 orta
2129 1075 2719 1129 contentioneOdonis
2741 1075 2965 1130 comitis
2993 1076 3262 1130 adversus
3284 1091 3400 1140 me,
3428 1073 3581 1128 inter

1979 1165 2217 1218 czeteros
2248 1164 2594 1218 necessarios
2624 1167 2682 1218 et
2707 1165 2904 1218 fideles
2935 1167 3181 1230 nostros,
3223 1180 3367 1234 quos
3396 1161 3454 1217 in
3485 1177 3581 1231 ap-

1979 1255 2184 1322 paratu
2201 1255 2396 1306 nostro
2415 1251 3036 1318 commovimus,etiam
3051 1251 3354 1306 Arnulfum
3369 1250 3582 1322 episco-

1979 1358 2118 1412 pum
2136 1343 2605 1397 Aurelianensem
2623 1343 2680 1397 in
2695 1343 3043 1413 adjutorium
3063 1346 3323 1396 nostrum
3339 1358 3583 1413 prmmo-

1981 1431 2230 1484 nuimus.
2263 1431 2387 1494 Qua
2419 1433 2487 1486 de
2528 1447 2698 1485 causa
2736 1432 2900 1502 petiit
2934 1435 2996 1485 ut
3024 1431 3299 1503 praedicto
3338 1429 3578 1486 Arnulfo

1982 1519 2178 1590 nepoti
2217 1537 2318 1574 suo
2354 1521 2729 1574 redderemus
2759 1520 3221 1586 consuetudines,
3253 1519 3396 1574 sicut
3427 1518 3582 1590 prius

1982 1607 2276 1679 ipse,licet
2300 1608 2598 1676 violenter,
2633 1609 3114 1672 tenuerat.Quem
3148 1608 3443 1663 offendere
3476 1622 3578 1677 pro

1984 1713 2083 1749 suo
2115 1696 2342 1750 servitio
2391 1699 2614 1764 nolens,
2649 1714 2892 1752 evocans
2917 1697 3254 1768 praedictum
3289 1696 3581 1760 abbatem,

1986 1784 2180 1852 rogavi
2214 1787 2275 1837 ut
2305 1801 2408 1837 xxx
2434 1785 2658 1838 modios
2681 1785 2792 1838 vini
2833 1785 2890 1838 in
2919 1784 3226 1839 vindemiis
3254 1786 3499 1839 solveret
3515 1783 3586 1837 de

262 1867 598 1940 episcopus,
628 1867 842 1938 absque
861 1867 1015 1938 justa
1041 1868 1337 1922 audientia
1359 1869 1490 1922 sede
1513 1885 1614 1922 sua
1634 1869 1884 1938 privatus
1911 1867 1964 1927 B
1988 1871 2110 1944 ipsa
2125 1875 2407 1942 potestate
2435 1871 2538 1942 ipsi
2565 1873 2826 1937 Arnulfo,
2856 1872 3110 1943 quandiu
3136 1872 3350 1926 viveret
3374 1870 3588 1942 episco-

263 1954 689 2027 custiodimque
703 1955 892 2010 fuerat
904 1956 1377 2027 mancipatus.0b
1390 1958 1497 2011 hoc
1509 1957 1880 2026 Gregorius...

262 2043 376 2099 toti
424 2060 613 2114 regno
681 2044 1034 2098 Francorum
1074 2045 1384 2099 anathema
1415 2063 1473 2099 se
1523 2045 1884 2099 invecturum

264 2131 666 2188 comminatus
679 2135 783 2185 est.
801 2151 830 2183 δ)
849 2131 1088 2186 Interim
1109 2133 1246 2187 dum
1272 2133 1433 2188 Abbo
1452 2133 1737 2204 publicam
1761 2148 1883 2186 rem

265 2220 470 2275 sedulo
499 2220 854 2292 exsequitur,
888 2221 958 2276 de
985 2221 1219 2292 privatis
1249 2222 1424 2276 etiam
1450 2221 1885 2276 monasteriisui

266 2308 606 2362 commodis
635 2308 898 2379 cogitans
929 2326 962 2363 a
989 2310 1261 2380 pontifice
1293 2310 1654 2382 privilegium
1709 2309 1886 2380 impe-

263 2396 463 2463 travit,
505 2397 668 2467 cujus
697 2413 988 2451 summum
1016 2397 1316 2452 Aimoinus
1345 2398 1542 2452 refert.

339 2486 396 2538 8.
429 2484 510 2538 Ex
536 2485 645 2538 hac
677 2485 928 2538 maxime
976 2485 1268 2556 legatione
1301 2485 1640 2556 intelligitur
1669 2487 1885 2556 quanta

263 2570 445 2626 fuerit
473 2572 632 2644 apud
659 2589 859 2642 regem
886 2573 1142 2627 Abbonis
1166 2572 1497 2640 auctoritas;
1515 2574 1666 2644 quod
1708 2572 1883 2627 etiam

262 2660 495 2731 liquido
523 2663 686 2730 patet
718 2677 786 2713 ex
815 2661 996 2714 libera
1040 2660 1434 2733 increpatione
1459 2662 1734 2716 Rotberto
1761 2661 1882 2732 regi

264 2749 424 2803 facta
437 2748 512 2802 ob
531 2749 655 2818 ejus
679 2749 945 2820 copulam
965 2765 1094 2803 cum
1126 2750 1333 2803 Bertlia
1353 2749 1736 2819 ejusdemmet
1753 2767 1886 2804 eon-

262 2836 596 2908 sanguinca
626 2839 684 2889 et
714 2836 895 2890 affini.
920 2837 1035 2891 Hoc
1063 2837 1317 2891 Abbonis
1345 2837 1562 2890 factum
1586 2840 1884 2908 comparat

261 2923 688 2996 Helgaudusin
706 2923 831 2978 Vita
849 2924 1104 2978 Rotberti
1133 2941 1264 2978 cum
1281 2924 1431 2978 facto
1459 2925 1729 2978 Nathanis
1749 2941 1880 2994 pro-

265 3014 489 3084 phetae,
515 3013 734 3084 aitque,
769 3016 832 3066 ut
857 3012 1034 3066 David
1085 3012 1155 3066 ab
1185 3012 1292 3065 isto
1321 3015 1616 3082 correptus
1670 3015 1773 3079 est,
1806 3013 1883 3066 sic

1987 1975 2091 2029 pus
2113 1961 2421 2013 avunculus
2447 1960 2588 2029 ejus,
2623 1975 2727 2029 pro
2753 1961 3108 2013 salvamento
3137 1962 3356 2024 nostro,
3398 1974 3466 2011 ea
3495 1973 3588 2011 ra-

1956 2045 1961 2050 ’
1987 2047 2144 2102 tione
2178 2050 2240 2101 ut
2264 2048 2450 2101 nullus
2469 2063 2728 2113 suorum,
2761 2061 2953 2100 servus
2981 2048 3064 2100 vel
3092 2045 3256 2111 liber,
3289 2044 3430 2099 inibi
3462 2061 3586 2099 am-

1986 2137 2134 2208 plius
2163 2136 2509 2208 exquireret.
2554 2138 2686 2189 Post
2717 2137 2968 2188 mortem
2999 2150 3133 2188 vero
3161 2133 3282 2203 ejus
3335 2148 3440 2186 nec
3465 2132 3586 2203 ipse

1985 2225 2275 2291 Arnulfus,
2309 2241 2413 2277 nec
2445 2223 2648 2294 aliquis
2674 2239 3064 2277 successorum
3084 2237 3341 2288 suorum,
3373 2222 3457 2274 vel
3478 2221 3588 2276 hoc

1986 2312 2198 2383 ipsum,
2229 2312 2314 2365 vel
2343 2311 2497 2365 aliud
2523 2309 2738 2381 aliquid
2768 2310 2826 2363 in
2854 2309 2975 2381 ipsa
2991 2311 3272 2380 potestate
3293 2307 3586 2380 requirere

1987 2400 2218 2466 audeat,
2252 2402 2351 2452 aut
2377 2399 2434 2452 in
2467 2416 2534 2452 ea
2567 2397 2791 2469 ingredi
2811 2401 2908 2452 aut
2937 2398 3136 2452 tollere
3166 2396 3400 2450 ulterius
3429 2396 3590 2468 quid-

1987 2507 2161 2561 quam
2178 2489 2604 2560 prmsumatﬂb
2623 2487 2703 2541 rei
2720 2504 2858 2558 ergo
2879 2486 3215 2540 firmitatem
3229 2489 3284 2540 et
3297 2484 3584 2552 notitiam,

1985 2580 2092 2633 hoc
2123 2579 2504 2633 immunitatis
2535 2581 2743 2632 nostra:
2762 2579 3115 2648 praeceptum
3139 2591 3244 2645 pro
3276 2575 3399 2646 ipsa
3419 2590 3590 2629 causa

1987 2667 2262 2739 praedicto
2293 2669 2416 2721 loco
2450 2668 2556 2720 feci
2596 2670 2653 2720 et
2698 2683 2875 2720 manu
2900 2664 3137 2738 propria
3166 2661 3586 2717 subterfirmavi

1986 2759 2042 2808 et
2063 2754 2176 2810 ﬁlio
2198 2755 2609 2809 meoBotberto
2638 2753 2760 2826 regi
2778 2753 3010 2808 firmare
3030 2751 3160 2819 feci,
3185 2754 3242 2806 et
3259 2750 3584 2806 annulimei

1986 2834 2364 2904 impressione
2385 2834 2626 2905 signavi,
2656 2837 2718 2888 ut
2743 2835 2899 2888 nulla
2928 2848 3182 2904 unquam
3196 2830 3432 2886 ulterius
3457 2846 3587 2900 per-

1985 2938 2148 2984 sona,
2182 2921 2876 2992 episcopus,abbas,‘dux,
2904 2937 3118 2987 comes,
3166 2919 3483 2975 vicecomes
3509 2919 3588 2973 vi-

1986 3010 2190 3076 carius,
2227 3011 2595 3076 telonearius,
2640 3011 2726 3064 vel
2759 3009 3000 3082 quilibet
3035 3009 3292 3080 publicus
3335 3009 3586 3073 exactor,

265 3123 294 3151 (ι
330 3101 507 3156 istum
522 3117 690 3172 aeque
715 3116 820 3171 per
850 3100 1131 3154 domuum
1164 3103 1222 3154 et
1249 3100 1645 3154 venerabilem
1687 3099 1879 3155 Abbo-
1912 3138 1960 3198 Ο
1987 3114 2090 3170 pro
2112 3099 2304 3170 aliqua
2321 3115 2382 3152 re
2401 3098 2682 3169 exigenda
2701 3097 2909 3153 nostris
2928 3101 2986 3151 et
3008 3095 3214 3152 futuris
3230 3095 3588 3168 temporibus

263 3188 898 3257 nem,Floriacensium
929 3206 963 3242 a
1004 3190 1121 3243 Deo
1160 3189 1536 3260 praelectum
1585 3190 1877 3258 abbatem,

261 3295 445 3344 nunc,
477 3276 692 3331 Christi
719 3277 950 3331 favente
979 3277 1186 3348 gratia,
1229 3276 1520 3330 miraculis
1555 3293 1876 3345 coruscum,

265 3369 471 3439 spreta
500 3364 712 3420 mortis
730 3364 1043 3420 formidine
1069 3365 1209 3419 dure
1229 3364 1591 3436 increpatum
1611 3366 1877 3437 privatim

262 3459 326 3509 et
359 3454 793 3526 publice.Cujus
814 3453 995 3507 sancti
1032 3453 1132 3507 viri
1157 3453 1473 3524 increpatio
1511 3453 1877 3525 tandiupers-

259 3543 694 3598 tititdonecrex
708 3541 1040 3596 mitissimus
1057 3544 1289 3596 reatum
1319 3558 1486 3595 suum
1520 3546 1876 3612 agnosceret,

260 3635 533 3704 et,quam
547 3632 703 3686 male
715 3629 821 3685 sibi
837 3629 1532 3703 copulaverat,mulierem
1545 3645 1777 3700 prorsus
1789 3629 1883 3683 de-

257 3722 647 3793 relinqueret,
668 3722 726 3774 et
746 3720 963 3790 peccati
999 3720 1285 3773 maculam
1321 3720 1487 3788 grata
1520 3719 1637 3773 Deo
1661 3717 1880 3772 satisfa-

257 3810 425 3864 tione
475 3809 802 3863 dilueret.»
847 3808 1059 3862 Eadem
1083 3806 1396 3861 auctoritas
1436 3806 1777 3877 intelligitur
1815 3823 1883 3860 ex

257 3900 627 3953 collectanea
652 3912 943 3950 canonum
969 3895 1204 3967 Hugoni
1232 3899 1290 3948 et
1344 3896 1616 3950 Rotberto
1653 3895 1883 3966 regibus

256 3989 563 4059 porrecto,
602 4008 631 4034 «
671 3985 730 4038 in
763 3984 966 4055 quibus
984 3983 1062 4056 {et
1103 3983 1296 4050 vestri,
1330 3984 1536 4054 inquit,
1585 3983 1884 4038 ministerii

257 4092 566 4130 summam
597 4073 872 4143 expressi,
892 4076 950 4125 et
975 4073 1225 4143 qualiter
1264 4071 1424 4126 vobis
1462 4071 1639 4125 fidem
1661 4088 1884 4126 servare

257 4164 525 4218 debeant
548 4163 861 4232 optimates
877 4161 1041 4231 regni
1063 4176 1179 4214 non
1196 4159 1364 4214 tacui.
1390 4179 1416 4206 »
1450 4159 1882 4214 Collectaneum

256 4251 415 4306 istud
447 4252 632 4306 habes
659 4250 717 4304 in
745 4252 906 4302 tomo
939 4251 982 4302 ll
1009 4250 1434 4302 Analectorum.
1459 4247 1666 4311 Quanti
1693 4248 1882 4303 Abbo-

258 4358 402 4396 nem
422 4339 632 4395 fecerit
649 4339 822 4408 I-Iugo
836 4354 954 4401 rex,
981 4337 1352 4391 manifestum
1371 4336 1505 4390 facit
1529 4336 1786 4408 diploma
1810 4338 1880 4392 ab

257 4428 384 4500 ipso
418 4444 786 4493 concessum,
804 4443 870 4480 ex
885 4427 1044 4497 cujus
1058 4427 1419 4498 autographa
1435 4425 1577 4479 illud
1600 4425 1877 4490 eruimus,
1905 4412 1960 4472 D

260 4521 440 4592 prout
464 4516 748 4588 sequitur.

336 4630 363 4656 «ι
385 4608 451 4660 In
476 4604 722 4660 nomine
742 4607 954 4658 sancta)
969 4600 1662 4668 etindividumTrinitatis,
1693 4603 1877 4674 Hugo,

263 4695 454 4767 gratia
477 4693 601 4760 Dei,
636 4694 991 4747 Francorum
1023 4708 1142 4746 rex.
1181 4692 1296 4746 Mos
1323 4695 1382 4746 et
1402 4693 1758 4747 consuetudo
1790 4710 1880 4746 re-

266 4800 406 4855 gum
429 4782 926 4854 praedecessorum
960 4783 1292 4834 nostrorum
1320 4796 1552 4850 semper
1581 4780 1792 4834 exstitit
1822 4784 1883 4834 ut

268 4871 538 4926 ecclesias
593 4869 696 4924 Dei
745 4867 1146 4934 sublimarent,
1199 4871 1258 4922 et
1300 4867 1466 4939 justis
1510 4867 1881 4939 petitionibus

267 4975 563 5014 servorum
588 4957 687 5011 Dei
723 4957 1044 5010 clementer
1073 4957 1362 5022 faverent,
1392 4958 1449 5009 et
1483 4957 1885 5028 oppressiones

269 5065 467 5103 eorum
496 5046 758 5117 benigne
789 5045 1435 5111 sublevarent,utDeum
1455 5044 1769 5116 propitium
1787 5046 1886 5100 ha-

270 5134 677 5204 berent,cujus
712 5147 915 5186 amore
947 5131 1006 5185 id
1034 5132 1330 5186 fecissent.
1360 5133 1535 5203 Hujus
1563 5133 1646 5187 rei
1675 5133 1880 5204 gratia,

272 5223 473 5278 auditis
518 5219 879 5276 clamoribus
929 5219 1272 5274 venerabilis
1332 5219 1609 5287 Abbonis,
1663 5221 1884 5276 abbatis

273 5311 601 5367 monasterii
634 5312 852 5364 sanctae
897 5309 1108 5371 Mariae,
1163 5308 1343 5362 sancti
1399 5309 1550 5363 Petri
1582 5313 1640 5363 et
1696 5311 1882 5364 sancti

273 5397 1022 5462 BenedictiFloriacensis,et
1040 5397 1457 5452 monachorum
1475 5398 1576 5451 sub
1590 5414 1657 5452 eo
1673 5397 1885 5467 degen-

276 5489 420 5558 tium,
455 5493 730 5544 nostram
761 5487 1127 5557 praesentiam
1175 5485 1533 5552 adeuntium,
1577 5503 1683 5556 pro
1713 5487 1880 5541 malis

275 5576 784 5636 consuetudinibus
813 5577 872 5627 et
902 5575 1138 5630 assiduis
1161 5575 1400 5645 rapinis,
1424 5592 1563 5646 quas
1598 5575 1872 5628 Arnulfus

276 5669 330 5726 de
353 5670 557 5724 αδδιτο
583 5666 783 5718 Evera?
803 5662 1036 5718 nomine
1057 5663 1313 5718 advocati
1330 5665 1387 5715 et
1419 5661 1608 5716 vicarii
1633 5660 1874 5731 accipie-
1933 5718 1940 5728 ι

1983 3187 2041 3240 in
2059 3204 2188 3242 eam
2204 3187 2424 3258 ingredi
2449 3189 2648 3254 valeat,
2665 3187 2750 3241 vel
2764 3186 2984 3258 aliquid
3013 3186 3240 3257 exigere
3252 3188 3586 3256 praesumat;

1981 3276 2080 3329 sed
2097 3276 2264 3330 liceat
2285 3275 2477 3330 abbati
2504 3279 2561 3330 et
2590 3273 3027 3346 congregationi
3049 3273 3306 3346 praadicti
3328 3272 3458 3335 loci,
3485 3271 3588 3328 sub

1980 3361 2366 3417 immunitatis
2388 3366 2600 3418 nostra:
2639 3362 3059 3428 defensionem,
3084 3363 3267 3433 ipsam
3282 3359 3587 3431 possessio-

1980 3467 2116 3504 nem
2133 3450 2329 3522 quieto
2344 3451 2545 3506 ordine
2562 3449 2939 3520 possiderezet
2953 3447 3096 3502 sicut
3107 3453 3329 3503 caetera:
3343 3463 3434 3503 res
3447 3461 3590 3519 prte'

1983 3538 2120 3593 dicti
2146 3538 2252 3594 loci
2266 3555 2370 3609 per
2379 3541 2669 3608 praecepta
2693 3541 3124 3592 antecessorum
3145 3539 3478 3590 nostrorum
3495 3552 3586 3589 re-

1983 3644 2124 3698 gum
2145 3627 2494 3681 Francorum
2513 3624 2750 3679 munitae
2771 3627 2829 3678 et
2843 3623 3093 3678 defensa:
3115 3621 3589 3695 perseverant,ita

1985 3721 2041 3772 et
2053 3717 2175 3771 haec
2199 3716 2470 3786 praesenti
2494 3712 2831 3769 auctoritate
2844 3711 3116 3782 praecepti
3141 3709 3320 3765 nostri
3333 3725 3590 3765 commu-

1984 3805 2504 3860 nitaetirrevocata
2520 3805 2976 3876 permaneatpro
3008 3798 3220 3854 animae
3240 3815 3386 3853 meae
3411 3801 3469 3852 et
3487 3798 3587 3853 filii

1986 3895 2102 3949 mei
2133 3896 2503 3965 eleemosyna
2522 3896 2580 3947 et
2611 3890 2920 3947 stabilitate
2940 3888 3168 3961 imperii
3190 3887 3370 3943 nostri
3391 3903 3590 3958 perpe-

1989 3985 2315 4038 tua.Actum
2331 3981 2577 4036 Parisius
2595 3980 2819 4036 civitate
2835 3978 3082 4050 publice,
3101 3993 3254 4032 anno
3271 3975 3590 4031 Dominicm

1948 4116 1952 4118 γ
1987 4071 2542 4137 incarnationis993,
2577 4069 2890 4124 indictione
2918 4083 3152 4133 v1,anno
3179 4083 3274 4131 vu,
3306 4066 3592 4135 regnante

1989 4159 2398 4231 gloriosissimo
2429 4176 2566 4228 rege
2591 4159 2828 4229 Hugone
2851 4159 2912 4210 et
2936 4156 3147 4227 inclyte
3167 4153 3282 4210 tilio
3309 4153 3430 4224 ejus
3463 4153 3592 4208 Rot~

1988 4249 2172 4302 berto.
2200 4247 2430 4317 Signum
2457 4247 2824 4316 gloriosissimi
2867 4244 3118 4313 Hugom's
3171 4245 3326 4313 regis.
3357 4241 3589 4312 Signum

1985 4335 2228 4390 Rotberti
2252 4335 2447 4404 inclyti
2480 4336 2631 4403 regis.
2672 4354 2698 4380 »

2060 4428 2111 4498 9τ
2142 4425 2190 4477 ls
2218 4423 2288 4476 de
2320 4439 2432 4493 quo
2477 4422 2666 4492 agitur
2695 4421 2806 4476 hoc
2830 4421 2955 4475 loco
2985 4420 3260 4475 Arnulfus
3293 4419 3592 4491 episcopus

1980 4509 2426 4574 Aurelianensis,
2459 4508 2580 4580 ipse
2624 4511 2710 4563 est
2758 4507 2856 4580 qui
2907 4524 3041 4563 cum
3104 4506 3344 4562 Abbone
3391 4510 3591 4564 nostro

1983 4616 2184 4672 graves
2213 4597 2531 4652 simultates
2548 4597 2771 4664 habuit,
2799 4599 2858 4651 et
2885 4596 3156 4651 adversus
3186 4611 3320 4650 eum
3344 4595 3501 4650 stetit
3531 4595 3588 4649 in

1983 4705 2152 4743 causa
2179 4686 2420 4754 Amulli,
2454 4684 2868 4757 archiepiscopi
2901 4683 3220 4751 Remensis,
3257 4683 3315 4738 in
3346 4683 3588 4755 synodo.

1984 4777 2096 4832 Sed
2127 4774 2874 4830 iuterestAurelianensium
2899 4789 3002 4843 per
3017 4773 3288 4828 saeculum
3311 4789 3345 4824 x
3369 4770 3588 4840 episco-

1983 4881 2192 4938 porum
2222 4864 2432 4918 seriem
2446 4863 2539 4917 hic
2553 4864 2993 4935 reprazsentare,
3009 4859 3290 4931 quoniam
3315 4857 3376 4910 in
3393 4856 3586 4923 editis,

1985 4954 2160 5007 etiam
2193 4952 2341 5023 apud
2377 4951 2740 5022 Sausseyum,
2791 4947 2984 5002 minus
3013 4947 3281 5002 accurata
3309 4948 3414 5000 est.
3448 4945 3590 4998 Eam

1985 5045 2334 5114 repetemus,
2368 5039 2654 5112 praecipue
2688 5054 2753 5091 ex
2775 5035 3010 5090 Letaldo
3044 5031 3361 5089 Mieiaeensi
3389 5048 3592 5087 mona-

1985 5133 2112 5197 cho,
2135 5131 2194 5184 in
2235 5130 2334 5186 lib.
2359 5131 2438 5184 De
2494 5124 2784 5182 miraculis
2813 5122 2994 5178 sancti
3024 5119 3313 5177 Maximini
3344 5120 3589 5187 abbatis,

1985 5221 2215 5290 vulgato
2282 5218 2341 5271 in
2399 5218 2604 5272 saeculo
2658 5233 2698 5273 1.
2765 5211 2939 5284 Agius
2995 5207 3318 5265 Aurelianis
3362 5207 3593 5282 praefuit

1985 5311 2269 5379 regnante
2298 5305 2500 5360 Carolo
2522 5305 2714 5370 Calvo,
2745 5316 3129 5358 successorem
3174 5298 3410 5354 sortitus
3439 5298 3586 5352 Wal-

1986 5395 2218 5449 terium.
2245 5395 2378 5447 Post
2403 5392 2739 5445 Walterium
2767 5393 3110 5446 Trohannus
3135 5389 3343 5455 Berno,
3386 5388 3586 5443 Ansel-

1984 5501 2130 5537 mus.
2153 5479 2538 5535 Theodericus
2559 5485 2790 5548 quatuor
2809 5482 2985 5548 annis,
3009 5477 3476 5540 Ermentheus,et
3494 5477 3589 5530 Er-

1985 5570 2174 5624 nulfus
2186 5584 2340 5638 nepos
2351 5567 2464 5636 ejus
2478 5564 2875 5636 pontiﬁcatum
2890 5567 3246 5621 rexerc.Hzec
3259 5567 3482 5622 exLetal
3490 5565 3582 5620 do.

1941 5726 1946 5728 _
1990 5656 2255 5712 Ernulfus
2287 5672 2386 5709 seu
2407 5653 2677 5708 Arnulfus
2708 5651 2813 5706 iste
2830 5654 3027 5707 sedem
3055 5655 3182 5709 iniit
3211 5672 3364 5711 anno
3386 5653 3590 5720 963,ut
