3882 6222
215 468 312 524 385

942 465 1305 525 PRO(EMIA.
1351 496 1406 508 -
1441 465 1598 522 VITA
1627 465 1687 522 S.
1719 459 2034 525 ABBONIS.
2067 494 2135 504 —
2171 461 2458 521 OBSERV.
2497 461 2813 519 PR/EVIIE.

3431 465 3538 524 386

218 597 324 654 mis
355 597 624 665 tradens,
661 601 724 652 et
756 613 989 652 omnem
1017 597 1165 652 illius
1194 597 1612 669 possessionem
1644 599 1832 670 Regu-
1874 603 1930 662 Α
1957 595 2178 662 censis;
2215 616 2240 643 ››
2273 597 2330 648 et
2359 593 2416 648 in
2445 593 2555 648 alio
2581 609 2594 647 :
2627 615 2653 642 ‹‹
2682 592 2764 647 Id.
2797 589 3050 646 Abbonis
3075 592 3295 647 abbatis
3325 598 3383 649 et
3398 579 3549 652 mar-

221 689 525 752 latensem,
554 703 690 757 qua:
725 689 860 740 ante
891 686 948 739 in
978 687 1075 740 lite
1109 685 1501 740 invadentium
1540 690 1684 748 erat,
1718 687 1838 741 sine

223 774 319 830 lite
334 775 551 829 dehinc
573 774 884 829 monachis
909 773 1142 828 Francis
1166 773 1347 829 sancti
1371 774 1661 828 Benedicti
1687 791 1845 846 para-

222 863 301 916 vit
331 862 777 916 vindicandam.
802 883 830 910 »
854 863 915 915 ln
946 861 1285 932 Necrologio
1317 861 1708 916 Silviniacensi
1740 879 1844 916 no-

224 953 380 1004 tatur
407 973 435 998 ‹‹
473 951 622 1004 ldib.
659 949 935 1004 Novemb.
961 948 1242 1019 depositio
1266 949 1464 1004 domni
1495 950 1719 1004 Abboni
1751 951 1848 1004 ab—

229 1038 398 1092 batis.
433 1060 462 1086 υ

303 1129 392 1184 13.
428 1128 628 1181 Exstat
656 1126 716 1180 in
744 1129 904 1180 tomo
941 1125 1132 1197 primo
1159 1125 1652 1180 Miscellaneorum
1683 1127 1852 1181 Balu-

229 1215 538 1269 zianorum
572 1213 864 1284 encyclica
909 1213 1150 1282 epistola
1179 1214 1603 1268 monachorum
1637 1213 1849 1268 Floria-

229 1303 497 1357 censium
513 1303 586 1356 de
607 1302 764 1356 caede
777 1301 1034 1371 ejusdem
1051 1300 1329 1368 Abbonis,
1346 1318 1524 1374 quam
1546 1302 1848 1372 epistolam

228 1393 343 1446 huc
378 1391 771 1445 transcribere
805 1405 921 1443 non
956 1389 1196 1459 pigebit.

304 1500 339 1531 (ι
360 1479 653 1533 Universis
678 1477 978 1532 abbatibus
994 1477 1316 1548 Christique
1330 1477 1850 1550 ﬁdelibus,quoquo

229 1569 505 1624 locorum
521 1565 932 1631 habitantibus,
956 1565 1328 1618 Floriacensis
1343 1565 1606 1620 conciola
1632 1565 1854 1636 dejecta

231 1661 292 1712 et
318 1659 494 1727 patre
509 1655 764 1710 viduata.
778 1653 938 1708 Fletu
961 1667 1112 1723 pene
1133 1653 1416 1724 absorptis
1436 1695 1449 1719 ,
1487 1653 1685 1708 dolore
1715 1669 1852 1708 con-

229 1744 410 1812 tritis,
467 1760 710 1799 manum
759 1741 1040 1814 porrigite
1093 1741 1366 1810 spiritalis
1409 1741 1624 1806 auxilii,
1657 1744 1851 1812 patres

1946 683 2087 754 tyris
2112 699 2164 738 1v
2192 682 2570 736 lectionum.»
2606 681 2888 734 Hactenus
2924 679 3046 749 ejus
3077 680 3331 735 officium
3357 683 3548 753 agitur

1948 772 2008 826 in
2051 769 2311 827 cmnobio
2349 767 2690 824 Floriacensi
2725 771 2782 821 et
2825 768 2882 822 in
2927 768 3251 839 Regulensi,
3291 769 3390 824 ubi
3422 771 3545 841 ejus

1947 875 2155 930 corpus
2185 860 2528 912 asservatur.

2025 967 2109 1018 l6.
2138 963 2301 1027 Quod
2323 962 2530 1017 attinet
2556 962 2627 1016 ad
2658 963 2892 1033 Regula:
2921 960 3182 1026 [laRéole]
3203 961 3548 1034 prioratum,

1950 1055 2246 1108 auctorem
2279 1051 2454 1104 habet
2482 1049 2872 1104 Gumbaldum
2910 1051 3394 1122 Burdegalensem
3426 1053 3550 1122 epi-

1950 1157 2188 1211 scopum
2234 1143 2291 1192 et
2341 1139 2698 1192 Willelmum
2741 1138 2932 1192 Sancii
2963 1139 3170 1192 ducem
3197 1139 3545 1194 Wasconum

1950 1230 2071 1299 ejus
2102 1229 2381 1295 fratrem;
2417 1243 2667 1298 quorum
2715 1226 2822 1280 hac
2865 1227 2934 1280 de
2994 1243 3055 1280 re
3105 1226 3552 1284 instrumentum

1948 1315 2099 1389 typis
2133 1315 2355 1370 editum
2389 1318 2473 1369 est
2495 1313 2552 1368 in
2583 1317 2742 1370 tomo
2778 1315 2821 1367 ll
2841 1313 3206 1369 Bibliotheca:
3230 1333 3392 1370 novae
3417 1317 3556 1372 Lab-

1951 1405 2171 1471 beanaa,
2204 1421 2337 1475 pag.
2365 1405 2488 1457 543.
2524 1402 2712 1456 Situm
2745 1401 2953 1456 dicitur
2983 1421 3014 1454 α
3046 1401 3106 1456 in
3138 1403 3393 1473 partibus
3419 1405 3551 1459 Vas-

1951 1491 2152 1559 conim,
2187 1492 2243 1545 in
2274 1508 2422 1563 pago
2454 1490 2795 1556 Aliardensi,
2838 1505 3010 1560 supra
3054 1490 3242 1561 ripam
3270 1491 3552 1546 Garonnaa

1951 1579 2228 1646 ﬂuminis,
2288 1599 2314 1628 »
2367 1593 2578 1652 nempe
2621 1578 2824 1633 decem
2855 1577 3029 1632 leucis
3060 1594 3234 1649 supra
3262 1578 3552 1650 Burdega-

1951 1667 2089 1721 lam.
2117 1668 2324 1721 Datum
2355 1669 2440 1721 est
2471 1667 2923 1721 instrumentum
2961 1685 2986 1718 α
3013 1683 3166 1721 anno
3203 1669 3326 1732 977,
3351 1665 3552 1722 indict.

1953 1770 2005 1821 v,
2043 1773 2075 1806 »
2107 1753 2163 1808 in
2206 1754 2453 1826 gratiam
2499 1754 2764 1808 Richardi
2801 1753 3022 1808 abbatis
3070 1753 3405 1809 monasterii
3429 1755 3555 1809 Flo-

233 1833 613 1898 sanctissimi,
636 1848 740 1904 per
765 1830 1032 1884 affectum
1053 1829 1326 1884 fraterna:
1352 1828 1664 1883 charitatis.
1699 1831 1852 1883 Pane

1964 1843 2243 1908 riacensis,
2278 1842 2366 1896 cui
2418 1841 2521 1896 iste
2568 1843 2726 1896 locus
2756 1842 2878 1913 jam
2912 1841 3049 1896 inde
3094 1841 3355 1896 addictus
3384 1846 3468 1896 est
3501 1865 3551 1911 ››,

231 1920 512 1976 ῐῐιωτοτίε
541 1922 797 1991 potuque
836 1917 1241 1972 amaritudinis
1269 1916 1462 1983 cibati,
1494 1916 1697 1970 vestris
1729 1933 1854 1971 ora-
1883 1917 1932 1974 B
1953 1930 2270 2002 antiquitus
2327 1929 2508 1984 dictus
2561 1928 2778 2001 sqmrs,
2830 1927 3128 1983 modernis
3195 1930 3554 2000 temporibus

233 2009 498 2063 tionibus
514 2023 847 2061 mereamur
870 2005 1396 2076 recreari,quorum
1441 2005 1678 2074 cythara
1707 2004 1848 2058 lasti-

232 2098 330 2152 tize
353 2113 524 2150 versa
550 2095 708 2149 estin
734 2095 950 2148 luctum
970 2093 1275 2159 maestitiae,
1301 2109 1548 2166 quorum
1565 2109 1851 2163 organum

231 2188 498 2240 luctuose
529 2188 699 2239 sonat
716 2185 1057 2248 lamentum,
1079 2181 1471 2252 etjocunditas
1501 2197 1698 2235 vocem
1725 2183 1850 2233 tan-

231 2274 553 2328 tummodo
577 2272 864 2326 ﬂentium.
900 2271 1164 2325 Pervenit
1192 2270 1415 2339 gladius
1443 2269 1660 2322 doloris
1676 2284 1851 2339 usque

230 2364 307 2416 ad
340 2361 786 2426 animam,dum
808 2359 1178 2430 deploramus
1198 2374 1303 2428 pro
1315 2362 1524 2411 sanctae
1555 2356 1853 2427 religionis

228 2452 427 2507 studio
442 2452 736 2506 domuum
751 2453 807 2504 et
841 2450 1108 2504 abbatem
1127 2451 1387 2501 nostrum
1419 2447 1726 2501 Abbonem
1763 2463 1854 2499 ex-

229 2541 470 2596 cessisse
497 2557 532 2595 a
565 2540 795 2605 saeculo,
815 2541 1157 2592 coronatum
1190 2536 1486 2607 martyrio,
1511 2536 1606 2606 qui
1632 2536 1851 2588 Wasco~

229 2645 379 2685 num
404 2627 618 2701 gladiis
643 2626 777 2681 felix
796 2626 1117 2698 promeruit
1135 2625 1378 2678 feliciter
1388 2625 1691 2678 beatorum
1707 2639 1855 2677 mar-

231 2724 434 2792 tyrum
447 2717 638 2772 socius
649 2714 771 2769 fleri
782 2755 796 2768 .
829 2715 1002 2784 Cujus
1018 2714 1229 2767 animae
1242 2711 1513 2782 contagia
1524 2715 1710 2765 vestra
1722 2727 1852 2765 ora-

229 2808 317 2863 tio
338 2802 766 2876 abstergat,qui
797 2801 967 2856 vestri
984 2804 1230 2867 amator,
1263 2797 1853 2872 omniumqueChristi

232 2893 624 2951 servientium
653 2907 820 2945 verus
844 2905 1074 2962 semper
1119 2889 1336 2943 exstitit
1375 2889 1635 2942 dilector.
1685 2886 1856 2941 Nobis

236 3000 500 3057 quoque,
536 2997 682 3053 quos
714 2979 1004 3050 orphanos
1046 2977 1298 3050 reliquit,
1332 2976 1600 3030 fraternis
1631 2990 1854 3030 succur-

235 3074 352 3129 rite'
378 3071 529 3127 votis
561 3073 618 3123 et
647 3070 832 3123 Deum
863 3066 1328 3138 omnipotentem
1372 3067 1595 3137 placate
1647 3064 1859 3119 oratio-

1951 2019 2190 2089 Begula.
2245 2041 2273 2067 »
2306 2017 2445 2072 Huic
2475 2018 2687 2072 chartae
2739 2016 2892 2087 apud
2937 2016 3228 2071 Labbeum
3285 2017 3554 2086 subjecta:

1953 2110 2086 2161 sunt
2111 2130 2139 2156 ‹‹
2173 2105 2616 2161 consuetudines
2661 2105 2913 2159 ccclesim
2956 2103 3028 2157 de
3075 2104 3312 2174 Regula,
3355 2126 3383 2152 ››
3414 2120 3554 2174 quas

1953 2195 2104 2248 inter
2118 2197 2394 2249 statutum
2417 2196 2582 2247 estut
2605 2216 2631 2241 ‹‹
2657 2209 2832 2245 nemo
2859 2192 3174 2258 cultellum,
3201 2192 3550 2257 ensem,lan-

1953 2299 2137 2352 ceam,
2157 2279 3069 2353 spiculum,securim,besogium,
3087 2297 3273 2351 neque
3292 2279 3552 2350 gladium

1953 2371 2010 2425 in
2032 2371 2403 2425 contentione
2427 2371 2636 2423 trahat.
2659 2388 2688 2420 ›>
2709 2368 2873 2432 Quod
2900 2370 3178 2421 statutum
3205 2367 3428 2422 videtur
3457 2383 3551 2421 oc-

1956 2459 2181 2512 casione
2200 2458 2370 2511 caedis
2391 2457 2643 2511 Abbonis
2666 2457 2761 2526 qui
2795 2455 2995 2508 lancea
3026 2454 3320 2510 confossus
3345 2456 3402 2509 in
3423 2471 3555 2508 con-

1956 2545 2213 2601 tentione
2258 2548 2361 2600 est.
2421 2543 2688 2598 Subsistit
2741 2543 3027 2613 prioratus
3073 2543 3326 2612 Regulae,
3373 2542 3551 2596 etiam

1958 2652 2106 2689 nunc
2133 2633 2526 2689 conventualis
2554 2633 2658 2686 sub
2682 2631 3135 2701 congregatione
3161 2629 3553 2684 sanctiMa‘uri.

2028 2727 2111 2778 17.
2137 2724 2334 2777 Restat
2361 2721 2559 2794 paucis
2587 2721 2879 2792 agendum
2916 2721 2986 2774 de
3021 2720 3277 2775 Abbonis
3307 2719 3553 2791 scriptis,

1955 2826 2082 2883 quae
2113 2827 2389 2882 magnam
2422 2811 2655 2881 partem
2688 2806 3044 2862 exciderunt.
3062 2807 3232 2861 Varia
3252 2809 3558 2861 enumerat

1955 2899 2254 2954 Aimoinus
2273 2899 2331 2953 in
2351 2896 2611 2969 sequenti
2629 2895 2844 2964 libello,
2863 2911 3078 2966 nempe
3099 2895 3168 2949 de
3191 2894 3556 2966 syllogismis,

1959 2987 2029 3042 de
2060 2990 2352 3059 compote,
2387 2987 2458 3041 de
2489 2986 2642 3054 solis,
2675 2986 2826 3040 luna:
2858 3001 2924 3039 ac
2969 2984 3335 3055 planetarum
3366 2998 3553 3052 cursu,

1960 3075 2018 3130 in
2038 3093 2162 3148 cap.
2192 3079 2245 3144 3,
2269 3076 2687 3130 collectaneum
2718 3090 2785 3128 ex
2807 3072 3093 3140 Patribus,
3113 3071 3270 3144 quod
3291 3075 3556 3145 tempore

238 3177 386 3259 Πξξιῖξ
419 3157 744 3259 δοδῖξίδρθυί
761 3154 1033 3259 dignem?
1061 3171 1164 3259 5.1m
1212 3153 1858 3259 gratia‘grfgifftf‘icf‘
1882 3199 1931 3259 α
1959 3181 2060 3220 suo
2083 3165 2321 3220 Floriaci
2353 3164 2596 3235 reperiri
2628 3179 2743 3216 non
2776 3161 3048 3232 potuisse,
3081 3163 3278 3232 utpote
3301 3161 3373 3216 ab
3403 3163 3558 3216 exte-

237 3251 496 3321 pitatum
527 3249 587 3301 et
611 3244 708 3316 pio
741 3247 902 3316 patre
931 3243 1198 3297 orbatum
1227 3241 1532 3296 consolari.
1575 3241 1728 3295 Obiit
1747 3241 1859 3295 ldi-

237 3338 348 3392 bus
375 3332 743 3399 Novembris,
779 3331 874 3386 die
905 3330 1112 3385 natalis
1152 3329 1334 3384 sancti
1365 3328 1533 3383 Brici.
1571 3351 1597 3378 »

313 3435 405 3490 14.
440 3435 682 3487 Annum
705 3430 829 3500 ejus
878 3428 1082 3483 mortis
1113 3427 1304 3500 signat
1333 3445 1401 3482 ex
1431 3425 1733 3499 Sigeberto
1757 3427 1860 3482 Ba-

1960 3253 2036 3308 ris
2061 3254 2419 3325 subreptum,
2452 3252 2533 3306 ait
2551 3249 2852 3306 Aimoinns
2881 3250 2938 3303 in
2957 3265 3084 3320 cap.
3118 3255 3171 3305 7.
3206 3250 3274 3303 Et
3293 3249 3402 3304 hoc
3418 3252 3556 3321 puto

1963 3358 2084 3395 esse
2131 3341 2551 3394 collectaneum
2589 3355 2906 3406 canonum,
2941 3337 3096 3409 quod
3126 3353 3194 3391 ex
3224 3337 3418 3392 codice
3448 3352 3557 3391 ms.

1964 3429 2143 3482 sancti
2162 3426 2428 3482 Martialis
2464 3426 2617 3497 apud
2647 3424 3204 3480 Lemovicasanobis
3232 3425 3452 3479 editum
3478 3427 3564 3478 est

241 3523 447 3580 ronius
478 3522 702 3575 tertium
723 3520 854 3589 post
880 3516 1274 3583 millesimum,
1316 3533 1446 3570 cum
1499 3515 1758 3570 libellum
1792 3516 1862 3570 de
1964 3515 2024 3570 in
2055 3519 2212 3570 tomo
2252 3517 2297 3568 II
2342 3516 2770 3568 Analectorum.
2817 3512 2903 3566 Ad
2956 3513 3079 3566 hinc
3117 3511 3559 3583 Apologeticum

237 3609 507 3666 Abbonis
537 3609 656 3663 vita
684 3623 790 3678 per
818 3605 1150 3659 Aimoinum
1174 3605 1436 3658 nondum
1466 3603 1717 3658 vidisset.
1749 3601 1863 3658 Sed
1964 3603 2188 3675 scripsit
2230 3602 2392 3656 Abbo
2443 3601 2516 3654 ad
2564 3600 2872 3670 Hugonem
2914 3602 2971 3652 et
3010 3598 3372 3665 Rotbertum,
3405 3599 3566 3669 cujus

240 3703 449 3774 postea
474 3697 634 3752 edito
654 3711 761 3767 per
777 3695 1061 3748 Joannem
1083 3694 1302 3747 aBosco
1329 3693 1436 3746 isto
1455 3691 1733 3760 libello,in
1751 3708 1862 3762 quo
1967 3691 2154 3762 operis
2211 3689 2540 3761 fragmenta
2568 3686 2746 3742 refert
2781 3685 3083 3740 Aimoiuus
3112 3685 3171 3738 in
3208 3701 3333 3755 cap.
3365 3687 3396 3740 8
3423 3689 3481 3739 et
3508 3689 3562 3739 9.

239 3785 676 3843 Incarnationis
730 3798 916 3838 annus
949 3787 1170 3854 quartus
1211 3784 1271 3836 et
1326 3780 1563 3836 indictio
1615 3779 1866 3835 secunda
1965 3780 2161 3834 Varias
2203 3778 2347 3833 item
2406 3777 2528 3848 ejus
2587 3774 2857 3846 epistolas
2878 3775 3323 3840 commemorat,
3357 3788 3568 3845 nempe

241 3879 462 3934 diserte
489 3873 918 3946 exprimuntur,
943 3871 1025 3926 ita
1055 3887 1180 3925 rem
1202 3886 1558 3941 componere
1580 3870 1687 3925 sibi
1720 3870 1868 3924 visus
1968 3867 2108 3922 duas
2155 3868 2228 3922 ad
2284 3863 2644 3922 Bernardum
2695 3862 2966 3917 abbatem
3023 3860 3455 3915 Bellilocensem
3507 3861 3568 3914 in

241 3971 333 4023 est
364 3970 429 4021 ut
469 3964 695 4019 diceret
724 3976 943 4015 annum
977 3960 1046 4014 ab
1100 3958 1504 4014 Incarnatione
1536 3974 1866 4013 numerasse
1968 3972 2094 4028 cap.
2131 3958 2233 4026 l0;
2264 3971 2443 4010 unam
2480 3954 2552 4008 ad
2583 3950 2926 4023 Gregorium
2957 3949 3002 4002 V
3032 3949 3091 4003 in
3118 3965 3244 4020 cap.
3276 3951 3361 4016 l2,
3395 3948 3569 4004 aliam

240 4056 593 4112 Aimoinum
627 4055 686 4106 et
713 4050 1089 4106 indictionem
1107 4047 1421 4103 secundam
1453 4063 1488 4102 a
1517 4046 1865 4118 Septembri,

243 4163 380 4201 cum
402 4143 749 4216 Sigebertus
790 4157 1011 4194 annum
1044 4157 1077 4192 a
1103 4137 1429 4204 Nativitate,
1483 4152 1610 4207 quae
1660 4151 1869 4190 novem

243 4234 555 4291 mensibus
595 4228 998 4285 Incarnatione
1024 4226 1310 4300 posterior
1339 4229 1442 4292 est,
1464 4226 1867 4297 computasset.

245 4325 320 4379 At
344 4340 490 4395 pace
522 4320 671 4376 tanti
693 4317 798 4372 viri
822 4313 1370 4383 dixerim,Aimoino
1392 4331 1576 4369 annos
1601 4314 1870 4368 lncarna-

246 4412 425 4467 tionis
451 4427 574 4464 non
604 4407 746 4462 alios
767 4422 886 4461 esse
918 4421 1093 4477 quam
1137 4404 1396 4473 vulgatos
1450 4418 1483 4455 a
1527 4399 1869 4469 Nativilate;

249 4499 791 4572 corrigendumque
817 4495 1097 4549 calculum
1130 4490 1437 4562 Sigeberli,
1480 4489 1599 4543 imo
1628 4489 1754 4559 ejus
1786 4488 1869 4542 in-

247 4587 628 4663 terpolatoris
664 4587 827 4656 (nam
879 4583 1030 4653 apud
1083 4580 1340 4636 Mirzeum
1371 4577 1481 4632 alio
1535 4578 1870 4631 charactere

250 4694 523 4751 expressa
548 4677 655 4741 est,
682 4670 935 4726 Abbonis
961 4669 1162 4740 caedes)
1220 4667 1316 4740 qui
1365 4681 1579 4721 annum
1629 4665 1869 4719 tertium

251 4785 356 4839 pro
385 4769 600 4838 quarto
631 4760 847 4834 posuit.

326 4869 413 4919 15.
449 4862 660 4918 Mirum
683 4862 770 4913 est
795 4872 968 4928 quam
992 4854 1102 4910 cito
1124 4851 1381 4910 Abbonis
1405 4852 1587 4907 cultus
1604 4854 1872 4922 receptus

252 4952 324 5009 sit
351 4954 411 5007 in
443 4952 622 5006 rebus
640 4947 836 5013 sacris,
865 4946 1007 4999 adeo
1060 4946 1122 4997 ut
1152 4946 1414 5014 tempore
1456 4941 1874 4995 Lemovicensis

255 5039 505 5106 concilii,
541 5038 599 5092 id
633 5039 720 5090 est
750 5050 902 5088 anno
935 5035 1090 5099 l03l,
1122 5031 1244 5102 ejus
1266 5053 1293 5079 «
1322 5029 1665 5100 martyrium
1697 5030 1872 5084 etiam

253 5129 312 5185 in
344 5128 612 5203 pluribus
649 5121 902 5178 ecclesiis
949 5135 1113 5174 more
1158 5121 1491 5174 sanctorum
1545 5120 1870 5189 martyrum

257 5217 598 5274 solemniler
621 5211 1040 5277 celebraretur,
1075 5227 1107 5260 »
1135 5211 1198 5261 ut
1216 5209 1442 5261 constat
1487 5222 1554 5261 ex
1603 5223 1875 5261 sermone

256 5311 390 5363 tunc
407 5305 639 5370 habito,
675 5299 841 5370 cujus
869 5298 1265 5368 fragmentum
1298 5311 1489 5366 supra,
1514 5311 1675 5349 num.
1710 5297 1763 5362 3,
1787 5311 1877 5349 re-

257 5398 508 5453 tulimus.
549 5390 722 5448 Unde
770 5387 830 5441 in
885 5384 1228 5440 Kalendario
1273 5382 1616 5437 Floriacensi
1676 5399 1875 5455 perve-

256 5491 404 5543 tusto
434 5487 569 5541 haec
598 5475 864 5534 secunda
893 5490 1070 5528 manu
1121 5472 1333 5542 scripta
1361 5471 1635 5541 leguntur
1668 5488 1680 5525 :
1713 5490 1744 5522 «
1792 5469 1874 5523 Id.

253 5578 520 5637 Novem.,
544 5571 610 5625 in
643 5562 947 5629 Vasconia,
975 5563 1125 5635 apud
1168 5559 1589 5615 monasterium
1612 5558 1767 5629 quod
1797 5558 1878 5611 di-

251 5670 394 5726 citur
425 5659 666 5736 Squirs,
695 5650 888 5725 passio
915 5650 1064 5704 beati
1116 5647 1377 5705 Abbonis
1406 5646 1630 5701 abbatis
1667 5644 1876 5699 Floria-

1969 4044 2043 4098 ad
2065 4043 2368 4098 Odilonem
2402 4042 2672 4097 abbatem
2697 4037 3151 4104 Cluniacensem,
3178 4053 3304 4109 cap.
3332 4041 3416 4104 13,
3451 4037 3570 4106 ubi,

1971 4133 2182 4204 praeter
2235 4129 2599 4202 acrostychos
2645 4143 2838 4183 versus
2894 4125 2967 4180 ad
3015 4124 3287 4181 Ottonem
3335 4124 3572 4182 tertium

1971 4221 2406 4293 imperatorem,
2443 4219 2804 4273 memoratur
2844 4215 3103 4286 ejusdem
3147 4213 3403 4269 Abbonis
3432 4229 3576 4286 opus

1971 4311 2054 4366 De
2077 4310 2436 4382 paschalibus
2463 4306 2652 4379 cyclis,
2704 4303 3163 4360 Floriacensibus
3193 4303 3305 4359 suis
3353 4319 3575 4358 nuncu-

1974 4403 2194 4471 patum,
2224 4397 2378 4470 quod
2422 4412 2558 4450 sane
2588 4394 2775 4466 ipsum
2832 4393 2987 4464 apud
3022 4391 3242 4447 Bedam
3282 4392 3578 4463 vulgatum

1975 4491 2060 4543 est
2091 4490 2224 4542 ante
2263 4483 2519 4555 Dionysii
2579 4483 2764 4554 cyclos
2820 4498 2953 4535 cum
2985 4481 3346 4552 praefatione,
3378 4480 3435 4533 in
3467 4495 3582 4552 qua

1975 4577 2335 4632 mentionem
2370 4573 2508 4627 facit
2550 4594 2577 4620 ‹‹
2613 4571 2684 4625 de
2726 4569 2976 4624 transitu
3029 4568 3369 4623 sanctissimi
3402 4568 3582 4639 patris

1973 4664 2285 4728 Benedicti,
2344 4684 2372 4711 »
2419 4659 2575 4733 quod
2612 4657 2915 4713 Aimoinus
2953 4657 3170 4712 ibidem
3227 4659 3408 4712 notat.
3441 4655 3581 4710 Alite

1973 4755 2100 4810 dum
2126 4753 2385 4824 ejusdem
2399 4748 2735 4822 argumenti
2759 4747 3015 4820 epistola:
3033 4747 3105 4800 ab
3125 4746 3371 4816 ipsemet
3393 4744 3581 4798 Abbo-

1973 4861 2047 4898 ne
2069 4841 2296 4913 scriptae
2324 4842 2548 4894 exstant
2570 4838 2628 4892 in
2644 4842 2803 4892 tomo
2824 4835 2893 4888 lll
2912 4835 3339 4888 Analectorum.
3371 4829 3467 4883 Bis
3487 4830 3585 4883 ad-

1964 4931 2267 5005 juugenda
2291 4932 2375 4984 est
2389 4927 2644 4999 ejusdem
2669 4923 2913 4996 epistola
2949 4922 3023 4975 ad
3053 4921 3114 4976 L.
3143 4919 3411 4972 abbatem
3453 4916 3582 4970 Ful-

1975 5021 2237 5087 densem,
2271 5035 2304 5072 a
2325 5015 2642 5072 clarissimo
2670 5010 2897 5066 Baluzio
2944 5009 3223 5079 impressa
3263 5005 3321 5058 in
3355 5008 3515 5060 tomo
3539 5006 3584 5058 ΙΙ

1971 5109 2485 5173 Miscellaneorum,
2515 5103 2675 5175 cuius
2720 5097 2976 5169 epistolae
3017 5096 3412 5164 fragmentum
3443 5095 3587 5148 rela-

1977 5201 2102 5252 tum
2131 5199 2217 5251 est
2237 5212 2429 5266 supra,
2461 5208 2623 5247 num.
2648 5194 2698 5244 ὅ.
2718 5184 2991 5256 Papyrius
3010 5183 3299 5237 Massonus
3327 5181 3586 5236 codicem

1977 5286 2200 5341 viderat
2237 5281 2492 5337 Abbonis
2527 5278 2797 5350 epistolas
2830 5272 3251 5336 continentem,
3277 5268 3373 5340 qui
3404 5270 3584 5325 codex

1979 5375 2027 5429 is
2057 5375 2176 5444 ipse
2201 5374 2285 5426 est
2316 5386 2383 5423 ex
2414 5383 2530 5438 quo
2563 5365 2861 5420 nonnullae
2893 5359 3144 5416 Abbonis
3171 5358 3430 5430 epistolae
3452 5374 3586 5414 cum

1981 5463 2102 5534 ejus
2133 5454 2498 5530 Apologetico
2520 5469 2723 5522 nuper,
2758 5451 2840 5504 uti
2863 5451 2988 5521 jam
3012 5446 3586 5515 observavimus,edi-

1978 5553 2052 5603 ιω
2079 5549 2230 5602 sunt.
2262 5545 2389 5598 Jam
2415 5540 2652 5595 tandem
2680 5537 2936 5592 Aimoini
2958 5537 3029 5591 de
3060 5535 3302 5592 Abbone
3323 5537 3586 5592 libellum

1976 5637 2293 5703 videamus,
2324 5630 2484 5704 cujus
2512 5628 2607 5683 hic
2637 5626 2835 5681 titulus
2864 5629 2950 5681 est
2980 5625 3040 5680 in
3065 5625 3262 5683 codice
3291 5641 3380 5681 ms
3411 5643 3425 5684 :
