3882 6222
395 471 498 528 399

1487 461 1544 522 S.
1573 463 1754 523 ΑΒΒΟ
1797 464 2290 524 FLORIACENSIS
2318 464 2560 522 ABBAS.

3604 464 3702 523 400

396 601 570 661 quem
594 581 646 640 ei
675 585 739 640 ut
765 580 1176 656 obsequeretur
1200 582 1328 654 pius
1352 583 1654 654 magisteri
1664 583 1746 658 psi
1769 582 2002 654 delega-
2018 587 2072 645 Α
2106 583 2456 639 declinantes
2488 585 2560 638 ad
2593 583 2888 639 dexteram
2919 582 3006 639 vel
3033 582 3106 640 ad
3134 581 3448 652 sinistram,
3469 581 3703 638 Bethsa-

391 677 644 742 verat,ex
674 673 882 727 itinere
909 673 980 727 ad
1007 689 1140 727 eum
1166 672 1428 738 remittit,
1454 672 1736 726 mandans
1765 687 1999 726 suorum

395 762 814 818 necessitudine
842 779 898 816 se
927 763 1168 816 domum
1204 761 1395 815 redire
1425 761 1788 830 compulsum
1823 775 1836 829 ;
1877 775 1995 813 non

394 857 593 908 tamen
640 850 936 924 quidpiam
995 865 1054 902 se
1099 849 1220 902 sine
1249 843 1369 920 ejus
1394 851 1680 921 przecepto
1711 853 1996 914 acturum,

398 942 538 1014 quin
569 939 759 1010 potius
789 939 840 992 ei
875 955 977 1009 per
1007 936 1231 1002 omnia,
1287 937 1369 990 uti
1397 937 1554 1009 prius
1583 937 1994 1008 spoponderat,

396 1029 738 1101 pariturum.
769 1026 1063 1096 Simulque
1095 1023 1408 1096 quaestione
1439 1024 1732 1097 proposita
1761 1024 1998 1097 inquirit

395 1122 731 1172 utrumnam
761 1114 968 1169 melius
997 1117 1144 1168 esset
1175 1118 1378 1168 cuncta
1409 1115 1759 1186 relinquere,
1795 1131 1891 1182 an,
1935 1117 1998 1168 ut

394 1207 508 1262 suis
522 1203 788 1278 praesidio
814 1203 986 1268 foret,
1001 1203 1206 1256 saeculo
1229 1202 1415 1272 specie
1431 1205 1596 1256 tenus
1617 1203 1998 1258 deservire.At

391 1293 648 1350 veritatis
676 1294 902 1348 amator
929 1291 1112 1356 Abbo,
1142 1289 1394 1361 apicibus
1422 1291 1494 1345 ad
1523 1308 1656 1346 eum
1685 1291 1998 1358 directis,et

395 1383 534 1457 quid
557 1381 662 1438 sibi
681 1379 1194 1436 rectiusvideretur
1219 1378 1480 1450 exponit,
1515 1383 1571 1434 et
1601 1379 1738 1451 quid
1769 1380 1886 1452 ipse
1918 1383 1998 1435 te-

393 1489 533 1528 nere
563 1472 762 1527 mallet
791 1469 1034 1524 liberam
1082 1467 1180 1522 dat
1211 1467 1466 1539 eligendi
1495 1468 1744 1539 copiam.
1779 1471 1839 1522 ln
1871 1469 1995 1540 qui-

391 1564 498 1617 bus
524 1577 640 1616 non
675 1559 858 1614 solum
904 1557 1090 1630 ipsum
1145 1556 1502 1610 Bernardum
1557 1556 1848 1623 abbatem,
1897 1557 1998 1612 sed

393 1651 569 1706 etiam
598 1648 888 1704 universos
914 1645 1016 1700 vite
1047 1647 1168 1716 ejus
1196 1649 1616 1714 consortes,aut
1646 1647 1804 1716 gravi
1837 1647 1996 1700 labo-

393 1739 599 1795 ravisse
624 1734 998 1792 incommodo
1031 1737 1130 1788 aut
1158 1736 1411 1788 mortem
1439 1732 1648 1788 obiisse
1682 1733 1998 1788 condolens

396 1829 590 1884 deﬂet.
620 1828 775 1880 Inter
788 1839 931 1895 quos
946 1822 1193 1876 domnus
1220 1821 1514 1892 Remigius
1552 1821 1997 1892 monachus,qui

391 1919 521 1990 post
547 1915 704 1968 cella:
737 1913 795 1966 in
847 1927 960 1984 qua
986 1909 1143 1964 idem
1178 1909 1378 1964 beatus
1420 1909 1587 1964 Abbo
1620 1924 1862 1980 corpore
1888 1910 1997 1964 hu-

2101 673 2209 727 mis
2239 673 2600 743 pertulerunt
2623 672 2682 740 (I
2705 673 2837 742 Reg.
2872 690 2948 740 vi,
2985 674 3278 744 l2).Cujus
3296 673 3431 728 facti
3455 689 3576 727 non
3597 672 3702 727 im-

2097 778 2346 828 memor,
2380 761 2686 815 recordare
2745 761 2900 832 quod
2943 761 3002 815 in
3037 761 3314 816 sacrificio
3352 762 3592 831 jubetur
3621 760 3704 814 of-

2095 850 2232 904 ferri
2261 851 2440 904 cauda
2467 850 2686 916 hostia},
2714 866 2820 904 nec
2843 851 2958 904 ulla
2989 851 3072 904 rei
3103 850 3408 905 familiaris
3435 849 3703 921 cogitatio

2095 939 2368 1008 subrepat
2397 956 2524 1011 quae
2546 942 2601 992 te
2633 957 2666 993 a
2697 942 2854 992 recto
2888 937 3094 992 itinere
3119 939 3434 994 dimoveat.
3451 940 3592 994 Nam
3611 955 3704 993 oc-

2097 1027 2273 1080 currit
2302 1027 2496 1080 animo
2522 1027 2677 1099 quod
2708 1043 2938 1080 mecum
2968 1027 3336 1081 familiariter
3362 1029 3588 1082 loeutus
3619 1043 3704 1096 es,

2097 1114 2235 1168 dum
2251 1115 2496 1169 Romam
2515 1113 2795 1186 proficisci
2809 1113 3486 1184 decrevisses,consulens
3510 1119 3704 1170 utrum

2097 1203 2308 1257 scilicet
2328 1203 2576 1276 relinqui
2597 1204 2835 1258 deberet
2855 1205 3036 1259 semel
3059 1209 3319 1276 suscepta
3349 1221 3488 1260 cura
3515 1209 3708 1277 pasto-

2097 1292 2230 1346 ralis
2267 1292 2590 1364 regiminis,
2617 1295 2672 1348 et
2702 1296 3002 1363 oporteret
3031 1293 3168 1348 dare
3199 1294 3458 1348 libellum
3481 1294 3708 1366 repudii

2095 1380 2370 1436 fratribus
2399 1384 2458 1435 et
2489 1381 2614 1435 filiis
2644 1381 2737 1453 qui
2767 1381 2934 1436 nobis
2964 1381 3340 1437 adversantur
3369 1382 3427 1436 in
3459 1383 3549 1436 via
3579 1383 3700 1436 Dei.

2099 1468 2196 1523 Cui
2219 1485 2349 1524 cum
2365 1486 2472 1540 ego
2493 1469 2923 1540 respondissem
2948 1469 3102 1541 quod
3123 1469 3705 1525 auctoritatePatrum

2097 1559 2320 1612 certum
2355 1574 2652 1626 noveram,
2670 1562 2727 1612 et
2747 1558 2980 1613 creditis
3002 1559 3199 1614 ovibus
3217 1564 3470 1614 mortem
3495 1577 3709 1632 praeva-

2097 1643 2215 1698 lere
2273 1646 2775 1715 persentiscerem,
2829 1647 3338 1711 tainfructuosun;
3370 1648 3579 1702 saltem
3606 1649 3706 1703 tibi

2097 1731 2442 1802 persuadere
2469 1749 2576 1787 nec
2613 1751 2780 1788 ausus
2833 1751 2961 1788 sum
3002 1751 3107 1788 nec
3146 1735 3339 1802 debui,
3372 1738 3706 1809 exemplum

2096 1835 2429 1891 proponens
2453 1823 2610 1876 Pauli
2633 1823 2977 1877 Damascum
2996 1823 3272 1894 fugientis
3284 1827 3340 1878 et
3354 1825 3511 1880 beati
3530 1826 3707 1896 patris

2100 1907 2388 1962 Benedicti
2404 1911 2826 1966 monachorum
2842 1912 3470 1985 legislatoris.Denique
3482 1913 3542 1968 in
3559 1917 3705 1970 mul-

391 2003 580 2056 matus
605 1999 843 2073 quiescit
871 1999 1122 2070 praefuit,
1151 1999 1222 2053 ab
1254 1998 1462 2053 eodem
1510 1997 1610 2053 Dei
1642 1997 1762 2052 viro
1791 1998 1866 2053 ad
1892 1999 1994 2052 ob-
2021 2012 2071 2070 Β
2097 1995 2169 2050 tis
2199 1997 2384 2050 causis
2414 1999 2635 2054 occasio
2681 2017 2740 2054 se
2791 1999 3110 2072 immergit,
3144 2018 3272 2073 quae
3299 2001 3705 2058 difﬁcultatem

392 2089 655 2162 sequium
681 2087 992 2144 memorati
1021 2087 1422 2154 abbatis,nunc
1445 2086 1994 2158 episcopi,directus,

391 2195 609 2252 magna
623 2177 676 2232 vi
709 2177 959 2232 febrium
987 2179 1218 2230 vexatus
1261 2175 1488 2230 est.Sed
1514 2191 1617 2230 nos
1640 2179 1997 2232 memoratos

391 2268 581 2339 apices
609 2267 684 2322 ad
715 2265 1237 2322 demonstrandum
1260 2265 1431 2334 hujus
1445 2263 1702 2319 hominis
1715 2264 1814 2318 Dei
1841 2265 1998 2318 beni-

391 2357 626 2428 gnitatis
653 2355 921 2410 affectum
943 2355 1250 2424 exintegro
1283 2353 1414 2407 huic
1439 2351 1718 2406 volumini
1745 2353 1996 2408 inserere

393 2444 636 2515 dignum
667 2442 952 2509 duximus,
985 2441 1044 2496 in
1073 2439 1312 2510 reliquis
1343 2441 1467 2510 ejus
1517 2439 1769 2510 epistolis
1799 2441 2000 2496 abbre-

389 2523 626 2578 viationi
657 2538 898 2592 operam
928 2520 1132 2575 daturi.
1170 2521 1265 2574 Est
1293 2518 1454 2572 enim
1479 2519 1812 2590 hujusmodi
1847 2537 1859 2575 :

461 2631 494 2664 α
524 2613 752 2666 Domno
795 2626 950 2678 meo,
1001 2609 1278 2664 abbatum
1320 2607 1656 2662 charissima
1681 2609 1993 2676 Banivanno,

385 2715 584 2757 servus
613 2714 911 2754 servorum
937 2697 1038 2752 Dei
1063 2699 1238 2752 ABBo.
1272 2695 1528 2767 Suscepi,
1558 2695 1904 2751 venerabilis
1934 2696 1994 2750 in

386 2785 637 2856 Christo,
669 2785 820 2841 vivas
867 2787 980 2840 tute
1036 2783 1518 2856 peregrinationis
1565 2783 1806 2851 litteras,
1841 2787 1897 2838 et
1928 2801 1994 2838 ex

386 2891 538 2947 pene
570 2875 800 2930 mortuo
829 2874 1164 2945 presbytero
1187 2871 1434 2926 addidici
1456 2871 1594 2944 quid
1617 2871 1768 2926 inter
1793 2873 1994 2927 ﬂuetus

387 2963 806 3036 cogitationum
833 2961 1360 3032 semivivuslugeas,
1383 2977 1556 3032 quem
1588 2961 1849 3032 concepti
1881 2961 1994 3015 voti

388 3053 670 3124 impotem
687 3050 885 3122 patria:
899 3049 1194 3104 calamitas
1205 3049 1711 3120 inpraesentiarum
1736 3049 1925 3104 reddit
1937 3053 1995 3104 et

386 3141 648 3196 innatam
684 3139 1072 3206 devotionem,
1107 3141 1170 3192 ut
1191 3137 1420 3208 opinor,
1451 3137 1691 3204 distulit,
1722 3154 1840 3192 non
1861 3137 1990 3192 fun-

2096 2085 2400 2141 contrariaa
2423 2087 2565 2158 legis
2591 2088 2746 2142 bono
2779 2089 2934 2144 exitu
2976 2090 3279 2144 meliorem
3315 2090 3531 2144 reddit.
3567 2090 3704 2156 Quis

2096 2172 2252 2226 enim
2283 2191 2400 2229 non
2431 2175 2626 2230 laudet
2673 2193 2874 2231 curam
2915 2179 3217 2250 pastoralis
3266 2178 3600 2252 regiminis,
3664 2179 3704 2234 si

2095 2261 2279 2332 prosit
2307 2262 2336 2318 ?
2359 2263 2494 2326 Quis
2505 2280 2698 2319 rursus
2720 2281 2837 2320 non
2855 2266 3118 2321 laudetin
3140 2283 3197 2321 se
3217 2267 3700 2324 benevolentiam

2096 2341 2361 2411 pastoris,
2394 2343 2439 2397 si
2471 2343 2596 2398 aliis
2625 2361 2742 2400 non
2778 2345 3000 2418 prosit?
3030 2345 3185 2402 Solet
3232 2363 3448 2418 nempe
3495 2363 3624 2402 esse
3652 2349 3707 2402 in

2095 2430 2396 2502 praeceptis
2422 2431 2626 2488 divinis
2652 2435 2807 2506 quod
2832 2436 2890 2488 et
2914 2435 2972 2490 in
2998 2435 3248 2507 antiquis
3269 2436 3564 2506 reperitur
3589 2438 3706 2492 edi-

2100 2517 2224 2572 ctis.
2242 2519 2350 2574 Lex
2369 2524 2480 2574 est:
2497 2521 2555 2576 Si
2571 2522 2696 2593 quis
2720 2525 3001 2578 masculus
3028 2525 3312 2595 templum
3334 2525 3578 2580 Veneris
3589 2526 3709 2580 fue-

2097 2604 2174 2660 rit
2191 2605 2497 2678 ingressus,
2513 2608 2701 2679 capite
2718 2610 3008 2680 puniatur.
3035 2610 3282 2675 Quidam
3292 2611 3548 2682 juvenis,
3569 2629 3708 2684 pra:-

2098 2695 2312 2749 teriens
2345 2698 2622 2769 templum
2646 2699 2903 2763 Veneris,
2931 2699 3084 2755 intus
3114 2706 3362 2757 matrem
3391 2703 3541 2758 credi
3568 2721 3706 2760 con-

2097 2783 2303 2852 spexit,
2332 2788 2389 2838 et
2419 2785 2800 2859 introgressus
2825 2806 2956 2843 eam
2987 2791 3215 2861 eripuit.
3232 2794 3553 2848 Accusatur
3569 2810 3706 2850 con-

2095 2875 2186 2924 tra
2209 2873 2399 2941 legem
2425 2874 2644 2931 fecisse.
2678 2877 2945 2932 Defendit
2970 2895 3028 2932 se
3050 2879 3141 2933 ille
3163 2879 3285 2950 legi
3309 2881 3595 2951 paruisse,
3630 2886 3704 2950 et,

2097 2959 2253 3014 inter
2282 2961 2642 3033 dissidentes,
2661 2965 2704 3020 si
2729 2969 3046 3037 percussori
3073 2968 3406 3040 ignorantia
3437 2987 3560 3026 non
3578 2988 3706 3042 pro-

2095 3047 2186 3110 sit,
2193 3048 2358 3118 juvat
2384 3067 2448 3104 ex
2476 3053 2897 3109 circumstantis
2919 3055 3138 3110 occasio
3157 3056 3408 3128 pietatis.
3431 3059 3598 3112 Idem
3625 3063 3708 3115 est

2095 3135 2156 3189 in
2179 3138 2386 3192 nostris
2411 3141 2751 3212 Evangeliis,
2797 3143 2892 3198 ubi
2945 3144 3314 3216 praecipimur
3358 3162 3481 3202 non
3513 3149 3704 3204 solum

386 3229 538 3283 ditus
567 3227 852 3284 exstinxit.
884 3226 1048 3291 Quod
1073 3225 1333 3293 audiens,
1354 3225 1560 3291 fateor,
1584 3225 1991 3281 nimisindolui
2021 3221 2068 3280 C
2093 3241 2335 3281 uxorem
2390 3229 2736 3302 relinquere,
2785 3232 2882 3286 sed
2921 3233 3096 3286 etiam
3138 3233 3348 3300 odisse,
3401 3237 3703 3308 proposito

385 3321 443 3371 et
476 3314 843 3387 lacrymando
876 3314 1060 3369 dolori
1080 3312 1369 3380 satisfeci;
1404 3312 1878 3384 quandoquidem
1910 3314 1990 3368 tui

384 3403 668 3460 desiderio
713 3404 988 3476 gemebat
1015 3403 1394 3456 circumstans
1429 3401 1678 3454 fratrum
1733 3401 1990 3457 maxima

381 3492 714 3561 multitudo,
745 3496 821 3560 et,
857 3491 1126 3546 omnibus
1156 3490 1214 3544 in
1271 3505 1561 3544 comnune
1595 3490 1984 3560 gementibus,

379 3582 605 3637 redibat
634 3581 708 3636 ad
739 3579 1087 3634 memoriam
1125 3578 1282 3650 quod
1311 3578 1397 3632 vir
1427 3593 1656 3648 magno:
1689 3578 1986 3649 gravitatis

376 3672 562 3744 Hugo,
588 3670 671 3726 tui
699 3685 894 3725 comes
920 3667 1144 3723 itineris
1175 3670 1233 3722 et
1281 3667 1464 3721 socius
1513 3666 1747 3736 laboris,
1793 3667 1988 3724 multis

379 3761 544 3816 bonis
571 3759 779 3815 ﬂebilis
809 3757 1040 3825 occidit,
1073 3755 1216 3810 nulli
1248 3754 1500 3808 nebilior
1525 3770 1702 3826 quam
1733 3753 1858 3821 tibi,
1879 3773 1983 3828 pro

376 3850 534 3920 cujus
565 3864 785 3914 amore,
818 3848 947 3918 post
979 3843 1314 3904 Dominum,
1362 3841 1635 3912 patriam,
1688 3848 1983 3914 parentes-

375 3955 486 4012 que
513 3938 869 4008 relinquens,
913 3933 1068 3988 exsul
1103 3931 1284 3985 vitam
1315 3929 1522 3984 ﬁnivit.
1558 3930 1820 4003 Cumque
1851 3935 1984 3990 satis

375 4027 623 4099 egissem
649 4022 935 4088 maeroris,
961 4020 1204 4076 tandem
1237 4019 1378 4073 mihi
1410 4019 1689 4089 consului,
1719 4021 1852 4094 quia
1881 4023 1982 4078 tibi

375 4113 600 4172 absenti
629 4130 749 4168 non
780 4109 961 4184 potui,
997 4125 1172 4182 quem
1211 4109 1272 4163 in
1322 4109 1678 4164 orationibus
1726 4111 1982 4168 interdiu

381 4205 570 4259 videre
600 4201 816 4268 videor,
860 4199 998 4252 dum
1045 4197 1432 4269 omnipotenti
1486 4198 1602 4254 Deo
1635 4200 1980 4256 sacrificium

374 4292 606 4364 spiritus
634 4287 1000 4344 contribulati
1029 4287 1234 4342 offerre
1269 4304 1384 4342 non
1426 4287 1654 4344 desisto.
1681 4287 1979 4360 Siquidem

373 4381 432 4436 id
471 4379 718 4434 nimium
744 4376 1000 4444 extimui,
1035 4377 1188 4448 quod
1217 4377 1441 4448 bajulus
1470 4377 1775 4448 legationis
1808 4377 1977 4433 inno-

375 4470 503 4538 tuit;
536 4469 758 4522 vultum
799 4467 1062 4522 videlicet
1119 4468 1374 4520 vestrum
1427 4465 1508 4520 ita
1537 4465 1884 4520 emarcuisse
1917 4471 1978 4521 ut
1999 4499 2051 4558 D

372 4558 460 4612 vix
516 4555 736 4630 queat-is
791 4555 1115 4622 subsistere,
1164 4571 1283 4608 non
1333 4555 1522 4609 solum
1555 4553 1857 4608 destitutus
1886 4572 1976 4610 so-

371 4646 616 4702 brietate
647 4649 705 4701 et
735 4643 992 4700 amicitia
1021 4643 1297 4709 defuncti,
1330 4657 1529 4695 verum
1563 4641 1738 4696 etiam
1769 4643 1977 4698 robore

367 4735 588 4810 pr‘oprii
619 4735 894 4806 corporis.
927 4734 1144 4788 Vereor
1173 4732 1367 4803 itaque
1401 4747 1472 4784 ne
1495 4731 1718 4784 insidia:
1739 4731 1973 4799 diaboli,

367 4843 493 4899 qua:
525 4827 722 4881 multa:
760 4827 895 4878 sunt
923 4825 982 4877 et
1011 4822 1127 4876 vias
1178 4836 1476 4875 servorum
1520 4819 1620 4874 Dei
1648 4819 1826 4890 spinis
1860 4820 1972 4874 cir-

364 4915 748 4987 eumsepiunt,
780 4915 838 4966 te
871 4928 902 4966 a
933 4911 1022 4965 via
1043 4909 1458 4964 mandatorum
1486 4908 1586 4962 Dei
1617 4911 1880 4962 avertant
1911 4912 1970 4963 et

363 5007 518 5060 retro
565 5002 850 5074 respicere
896 4998 1272 5070 compellant,
1325 4996 1662 5068 priusquam
1690 4995 1763 5050 ad
1793 4996 1976 5067 Segor

361 5094 658 5164 parvulam
686 5091 978 5146 civitatem
1005 5087 1296 5150 devenias,
1322 5085 1380 5140 in
1400 5101 1516 5156 qua
1532 5088 1693 5138 tuam
1715 5085 1973 5140 animam

364 5183 588 5237 salvans
639 5180 857 5234 salvare
907 5193 1084 5250 queas
1115 5176 1331 5247 (Genes.
1366 5173 1524 5246 xxu),
1574 5173 1701 5228 Scio
1754 5173 1972 5229 etenim

364 5271 520 5342 quod
581 5284 736 5322 nunc
793 5266 896 5320 tibi
951 5266 1440 5334 circumstrepunt
1503 5263 1971 5336 prepinquorum

364 5377 593 5431 greges,
623 5356 873 5412 militum
905 5354 1239 5426 phalanges,
1292 5351 1615 5408 amicorum
1642 5351 1966 5406 multitudi-

365 5465 505 5516 nes;
567 5451 624 5502 et
687 5443 1093 5500 succenturiati
1147 5443 1558 5498 declamatorie
1618 5441 1968 5514 persuadent

361 5536 515 5606 quod
541 5535 670 5601 sibi,
704 5551 824 5589 non
857 5531 963 5585 tibi
995 5529 1128 5585 utile
1159 5531 1498 5602 dijudicant.
1542 5531 1675 5597 Sed,
1701 5529 1857 5584 domi
1891 5529 1965 5585 vi-

362 5624 494 5678 tulis
516 5623 797 5694 religatis,
827 5618 978 5672 nesti
1010 5618 1147 5688 quid
1184 5635 1368 5672 vacem
1402 5619 1645 5673 fecerint
1675 5635 1800 5689 qua:
1834 5636 1958 5672 mu-

366 5711 546 5768 icntes
595 5725 792 5765 arcam
841 5706 1173 5761 testamenti
1225 5709 1625 5778 portaverunt,
1677 5710 1753 5775 et,
1817 5724 1934 5764 non
1991 5725 1993 5727 ‘

2099 3314 2360 3384 praemio,
2379 3318 2534 3388 quod
2561 3319 2658 3390 qui
2676 3319 2784 3373 hoc
2804 3321 3357 3392 feceritcentuplum
3378 3325 3633 3396 accipiet
3651 3330 3705 3380 et

2091 3401 2266 3456 vitam
2299 3406 2577 3459 aaternam
2605 3407 2938 3476 possidebit.
2969 3409 3182 3464 Rursus
3207 3410 3306 3482 qui
3338 3427 3588 3467 uxorem
3620 3414 3702 3467 di-

2090 3489 2334 3558 miserit,
2367 3508 2483 3546 non
2518 3494 2751 3564 quidem
2785 3501 3048 3568 praemio,
3079 3497 3178 3552 sed
3211 3515 3278 3553 eo
3314 3500 3600 3572 supplicio
3627 3500 3705 3554 ἀίτ

2087 3594 2236 3648 gnus
2265 3579 2530 3634 scribitur
2561 3599 2673 3652 quo
2707 3585 2914 3638 moechi
2947 3585 3217 3640 damnari
3255 3587 3697 3660 praecipiuntur.

2089 3667 2266 3721 Porro
2294 3671 2352 3722 et
2369 3668 2465 3740 qui
2488 3674 2736 3724 matrem
2751 3672 2981 3743 eripuit,
3001 3677 3058 3728 et
3076 3673 3172 3746 qui
3189 3690 3433 3730 uxorem
3453 3676 3696 3744 dimisit,

2089 3757 2328 3826 uterque
2357 3757 2758 3828 prtejudicium
2779 3761 3016 3831 patitur,
3045 3761 3091 3816 si
3120 3762 3403 3835 supplicio
3435 3765 3695 3836 punitur;

2087 3844 2366 3914 quoniam
2398 3845 2532 3900 inde
2567 3849 2785 3902 auctori
2807 3849 2948 3921 legis
2977 3865 3036 3903 se
3069 3851 3297 3920 placere
3315 3854 3506 3921 putat,
3544 3853 3698 3908 unde

2087 3931 2392 3988 offendisse
2421 3935 2849 4005 praejudicatur.
2881 3937 3264 4010 Quapropter,
3299 3939 3695 4008 dilectissime,

2085 4035 2200 4074 non
2242 4021 2461 4076 bonum
2498 4025 2652 4078 malo
2710 4025 2920 4080 melius
2973 4026 3284 4093 existimes,
3336 4029 3442 4083 sed
3473 4029 3696 4085 bonum

2083 4107 2238 4162 bono
2271 4109 2474 4164 melius
2506 4113 2744 4167 credas:
2801 4118 2861 4168 et
2913 4130 2980 4168 ex
3033 4115 3338 4170 contrariis
3390 4115 3695 4172 sententiis

2081 4211 2212 4249 eam
2238 4197 2418 4269 eligas
2437 4216 2549 4270 qua
2567 4201 2714 4255 vitiis
2740 4203 3132 4269 abrenunties,
3157 4207 3212 4258 et
3240 4205 3568 4260 moralibus
3588 4204 3694 4259 vir-

2081 4287 2268 4339 tutum
2301 4287 2583 4342 exercitiis
2640 4306 2880 4348 crescas.
2924 4292 3203 4362 Denique,
3245 4292 3412 4358 dum,
3470 4293 3694 4348 abbatis

2081 4387 2224 4427 onus
2245 4379 2478 4446 portare
2491 4376 2796 4445 debeas,an
2815 4379 3024 4434 debeas
3037 4380 3690 4450 deponere,addubitas,'

2080 4460 2504 4531 discretionem,
2529 4482 2642 4536 qua
2659 4468 2912 4521 maxime
2945 4484 3087 4539 opus
3101 4468 3566 4534 habes,matrem
3579 4469 3689 4522 vir-

2078 4553 2269 4604 tutum
2287 4559 2645 4624 assumas;et,
2667 4556 3108 4610 conscendendo
3121 4555 3379 4611 tribunal
3400 4559 3692 4612 conscien-

2079 4639 2196 4706 tiae,
2220 4641 2436 4711 judicio
2470 4644 2685 4698 discute
2709 4645 2847 4716 quid
2875 4645 3068 4699 utilius
3087 4645 3454 4700 tionestiusve
3483 4647 3555 4701 sit
3573 4643 3695 4699 ani-

2080 4745 2190 4783 mae
2222 4733 2356 4784 tum.
2386 4733 2528 4786 Nam
2553 4732 2806 4788 officium
2839 4734 3063 4788 abbatis
3088 4735 3353 4806 implere,
3384 4739 3442 4790 et
3467 4737 3688 4790 lucrum

2079 4817 2408 4874 animarum
2433 4837 2691 4891 quaerere
2733 4822 3204 4878 honestissimum
3227 4824 3431 4890 cst,cui
3449 4842 3562 4880 non
3581 4824 3690 4876 im-

2078 4907 2346 4978 possibile
2379 4913 2494 4976 est;
2519 4910 2607 4962 cui
2639 4926 2776 4964 vero
2811 4911 3032 4964 malitia
3060 4911 3456 4982 subjectorum
3479 4914 3691 4982 impos-

2075 4995 2239 5051 sibile
2273 5001 2376 5064 est,
2410 4997 2549 5068 quid
2600 5003 2879 5069 superest,
2929 4999 3130 5053 nisiut
3173 5000 3475 5055 honestius
3525 5003 3692 5073 putet

2077 5085 2270 5140 divino
2303 5102 2506 5156 parere
2533 5089 2787 5155 oraculo,
2825 5103 2937 5159 quo
2967 5089 3246 5160 scriptum
3265 5094 3388 5144 est:
3419 5089 3553 5156 Fili,
3583 5091 3691 5142 mi-

2073 5192 2238 5228 serere
2268 5179 2464 5230 am'mae
2491 5183 2594 5230 tua?
2604 5177 2821 5248 placens
2850 5177 2962 5232 Deo
2989 5177 3016 5234 ‘I
3051 5177 3248 5250 (Eccli.
3279 5195 3410 5246 xxx,
3441 5178 3689 5250 Ἀδδε-

2073 5280 2146 5318 ne
2173 5267 2230 5317 et
2259 5264 2410 5336 apud
2445 5265 2796 5320 Ezechielem
2822 5267 3167 5336 speculator,
3200 5267 3462 5322 clamans
3485 5271 3688 5322 etnon

2072 5352 2317 5420 auditus,
2352 5353 2613 5408 animam
2645 5371 2806 5408 suam
2834 5354 3078 5423 liberat;
3141 5359 3218 5423 et,
3253 5356 3408 5426 apud
3440 5354 3688 5410 Benedi-

2073 5443 2228 5494 ctum
2278 5445 2526 5512 patrem,
2581 5447 2776 5513 pastor
2823 5449 3048 5514 spretus
3078 5448 3134 5498 et
3178 5448 3542 5516 contemptus
3567 5444 3688 5496 ab-

2071 5529 2324 5597 solvitur,
2351 5531 2445 5602 qui
2489 5548 2728 5586 omnem
2761 5549 2960 5587 curam
2993 5531 3254 5587 exhibuit
3301 5532 3530 5587 creditis
3553 5531 3688 5584 ovi-

2065 5619 2189 5672 bus.
2219 5619 2524 5688 Caeterum,
2576 5621 2920 5676 venerabilis
2979 5625 3166 5693 pater,
3200 5623 3409 5677 saltem
3441 5621 3493 5676 in
3523 5619 3688 5674 festi-
