3882 6222
195 453 282 507 401
1313 451 1670 508 ΡΒΟαΞΜίΑ.
1699 482 1767 494 -
1798 453 1818 503 l

1918 452 1951 506 Α
1981 451 2037 507 S.
2064 452 2378 508 ABBONIS.

3417 447 3526 507 402

193 576 568 646 vitatepatris
586 576 778 631 nostri
795 576 1084 632 Benedicti
1104 576 1258 648 quod
1281 575 1380 631 tibi
1406 579 1624 649 placeat
1655 577 1819 632 inno-
1848 576 1897 638 Α
1925 575 2066 630 nihil
2107 579 2159 630 te
2200 579 2402 630 contra
2431 575 2528 646 jus
2575 573 2774 646 fasque
2807 572 3251 644 postulaturum,
3279 587 3344 626 ac
3388 572 3522 626 ideo

194 668 364 730 tesce,
395 667 464 718 ut
514 665 661 720 certi
715 682 837 719 esse
873 665 1156 737 possimus
1214 665 1551 738 quantocius
1607 666 1676 719 de
1725 669 1822 719 tua

195 771 364 826 quam
397 759 684 826 optamus
720 757 923 812 salute.
957 775 988 808 »

265 843 398 902 Car.
457 845 546 898 XI.
600 845 848 898 Abbonis
883 845 1076 915 duplex
1127 845 1227 898 iter
1281 842 1530 898 Romam.
1576 843 1825 913 Gregorii

193 950 337 1005 papa-
371 949 691 1004 responsum
718 934 790 988 ad
813 937 984 1005 ipsum
1023 965 1096 974 —
1125 934 1356 988 Interea
1395 933 1636 988 eximius
1659 933 1818 988 Abbo

201 1020 496 1092 condigno
542 1025 832 1094 apparatu
863 1023 1105 1077 Romam
1119 1020 1821 1094 proﬁciscitur,privilegia

201 1109 454 1165 ecclesiae
489 1109 598 1164 sibi
631 1110 954 1165 commissas
981 1110 1476 1178 corroboraturus,
1503 1109 1622 1164 imo
1651 1125 1818 1164 reno-

201 1198 621 1253 vaturus.Sane
639 1216 757 1254 non
783 1199 1012 1270 qualem
1029 1197 1210 1252 voluit
1233 1201 1332 1253 aut
1351 1199 1581 1270 qualem
1600 1196 1817 1264 debuit,

202 1287 348 1341 sedis
368 1289 708 1358 apostolicm
722 1287 1082 1360 pontiﬁcem,
1099 1287 1336 1342 nomine
1357 1286 1818 1352 Joannem,inve-

204 1376 306 1430 nit.
328 1377 556 1448 Nempe
578 1377 760 1449 turpis
791 1377 934 1430 lucri
965 1376 1238 1447 cupidum
1269 1379 1440 1448 alque
1469 1375 1525 1430 in
1550 1375 1816 1430 omnibus

202 1465 310 1519 suis
342 1465 572 1520 actibus
603 1467 868 1520 venalem
899 1465 1000 1537 (δ’)
1014 1464 1250 1536 reperit.
1278 1463 1812 1531 Quemcxsecratus,

203 1554 569 1626 perlustratis
593 1553 870 1608 orationis
885 1553 1071 1624 gratia
1087 1556 1418 1607 sanctorum
1437 1551 1594 1617 locis,
1624 1552 1694 1606 ad
1716 1569 1817 1607 sua

207 1643 394 1708 rediit,
416 1642 632 1713 emptis
645 1643 882 1712 optima:
905 1641 1114 1714 speciei
1145 1641 1451 1713 aliquantis
1486 1640 1817 1695 holosericis

203 1732 389 1803 palliis
423 1731 661 1786 ornatui
679 1731 1058 1786 ecclesiastico
1077 1730 1368 1802 congruis.
1393 1731 1593 1796 Porro,
1625 1729 1818 1802 paucis

202 1821 537 1876 labentibus
569 1821 758 1888 annis,
793 1820 1012 1875 occasio
1041 1837 1098 1875 se
1128 1819 1375 1890 praebuit
1404 1821 1484 1885 ut,
1513 1821 1719 1889 rogatu
1750 1835 1816 1873 ac

1924 681 2018 718 me
2052 664 2150 718 tibi
2182 664 2470 718 contraire
2501 661 2616 717 scio
2649 679 2764 716 non
2792 678 2911 714 esse
2937 677 3232 732 acquum.»
3250 661 3382 713 Post
3401 661 3522 714 haec

1922 753 2115 820 verba,
2168 754 2436 808 omnibus
2477 753 2528 807 ei
2577 751 2798 806 collatis
2844 749 3014 805 victui
3063 748 3416 815 necessariis,
3450 750 3520 802 ad

1923 841 2237 914 hospitium
2267 842 2393 896 sivit
2424 841 2602 896 abire.
2633 841 2867 912 Sicque,
2902 843 3030 894 octo
3067 839 3250 893 ferme
3299 837 3518 904 diebus,

1923 945 2057 982 eum
2093 929 2361 984 detinens
2387 932 2444 984 et
2473 929 2808 1000 frequenter
2826 926 3082 982 convivio
3101 943 3204 981 suo
3227 942 3361 980 eum
3387 925 3523 979 asci-

1921 1033 2102 1084 scens,
2136 1017 2350 1071 cunctis
2382 1034 2484 1088 pro
2517 1017 2720 1088 quibus
2759 1017 2906 1070 ierat
2937 1015 3122 1070 libens
3153 1014 3378 1068 annuit.

1993 1105 2120 1160 CAP.
2155 1106 2264 1162 XII.
2289 1105 2589 1172 Privz'legia
2621 1114 2670 1159 et
2694 1105 2831 1159 (Iona
2862 1105 3081 1159 ΑΜ)οηί
3107 1104 3176 1159 ab
3201 1121 3257 1157 co
3285 1121 3520 1158 concessu

1919 1191 2200 1260 Prz'rilcgz'z'
2225 1211 2451 1248 summa.
2487 1194 2707 1262 Arna/ﬁ
2734 1194 3109 1264 m'c/u'epz'scopi
3132 1192 3420 1248 restitutio.
3453 1223 3520 1234 -—

1916 1280 2073 1334 Tunc
2099 1298 2228 1335 vere
2261 1282 2533 1336 sollicitus
2564 1287 2758 1354 pastor
2787 1284 2974 1347 Abbo,
3002 1299 3230 1337 memor
3261 1281 3522 1336 utilitatis

1919 1368 2026 1422 loci
2045 1387 2216 1440 quem
2241 1371 2500 1442 regebat,
2525 1371 2886 1444 privilegium
2915 1371 2992 1426 illi
3022 1371 3346 1442 apostolicze
3372 1371 3520 1425 utili-

1919 1456 2052 1511 tatis
2082 1457 2202 1512 ﬁeri
2235 1459 2479 1530 rogavit.
2498 1460 2659 1522 Quod
2677 1461 2792 1514 Deo
2816 1461 3024 1531 dignus
3055 1476 3202 1532 papa
3229 1462 3348 1513 tam
3365 1460 3521 1514 favo-

1920 1547 2178 1600 rabiliter
2198 1548 2434 1618 largitus
2461 1553 2565 1616 est,
2583 1553 2645 1603 ut
2669 1567 2784 1603 non
2808 1551 2992 1604 solum
3018 1550 3239 1602 nullum
3265 1548 3522 1620 pecunim

1919 1638 2204 1706 quaereret
2233 1637 2478 1704 lucrum,
2511 1655 2710 1691 verum
2743 1638 3122 1708 thymiamatc
3155 1654 3218 1692 ac
3267 1639 3520 1710 planetu,

1921 1741 2032 1796 qua
2061 1725 2210 1778 inter
2239 1726 2543 1780 missarum
2587 1731 2845 1781 uteretur
2883 1727 3186 1794 solemnia,
3221 1727 3520 1793 donatum,

1919 1829 1985 1866 eu
1998 1813 2188 1866 mdcm
2207 1813 2304 1866 Dei
2331 1814 2616 1868 famulum
2651 1816 3001 1886 gaudentem
3017 1815 3086 1868 ad
3111 1815 3408 1887 proprium
3431 1833 3522 1869 re-

201 1909 468 1981 precibus
482 1909 720 1980 gloriosi
733 1909 1504 1980 regisRotberti,Romuleam
1517 1907 1820 1978 repedaret
1850 1897 1900 1956 B
1923 1899 2361 1955 miseritsoluin.
2379 1904 2440 1955 ln
2456 1919 2523 1956 eo
2547 1920 2684 1956 sane
2708 1901 3006 1974 privilegio
3033 1903 3184 1956 inter
3207 1903 3318 1957 alia
3338 1904 3522 1957 conti-

204 1997 274 2052 ad
288 1997 833 2069 urbem.Prazcipua
857 2014 991 2052 vero
1011 2013 1207 2052 earum
1229 2014 1332 2069 pro
1351 1997 1557 2069 quibus
1570 1996 1819 2050 directus

201 2089 285 2141 est
307 2103 646 2152 causarum,
683 2088 806 2142 haec
837 2086 983 2140 fuit:
1013 2087 1150 2158 quia
1175 2087 1468 2153 Arnulfus,
1502 2086 1816 2140 Remorum

199 2174 696 2246 archiepiscopus,
744 2175 959 2246 absque
1001 2175 1158 2246 justa
1196 2173 1492 2229 audientia
1546 2173 1680 2228 sedc
1719 2189 1820 2227 sua

196 2263 456 2335 privatus
499 2263 896 2334 custodiaeque
943 2263 1132 2317 fuerat
1167 2263 1546 2334 mancipatus.
1581 2261 1663 2316 Ob
1708 2262 1817 2316 hoc

194 2353 636 2424 Gregorius,qui
660 2352 869 2408 Joanni
892 2353 950 2406 in
967 2352 1282 2424 apostolica
1295 2354 1642 2406 successerat
1659 2351 1814 2418 sede,

195 2458 311 2496 non
333 2443 527 2496 solum
553 2441 856 2496 nobilitate
869 2440 1320 2512 generis,verum
1343 2441 1518 2495 etiam
1531 2439 1817 2510 probitate

193 2533 383 2586 clarus
417 2529 654 2595 mentis,
691 2529 797 2583 toti
831 2545 1013 2601 regno
1041 2530 1395 2606 Francorum
1423 2529 1738 2583 anathema
1757 2544 1816 2581 se

191 2617 565 2674 invectarum
586 2617 975 2672 comminatus
993 2618 1217 2672 est.Hac
1232 2617 1410 2689 igitur
1427 2634 1494 2671 ex
1513 2633 1575 2672 re
1593 2616 1815 2671 Italiam

195 2710 466 2778 repetere
513 2723 715 2760 servus
755 2705 965 2760 Christi
995 2705 1097 2761 Dei
1135 2706 1382 2778 cogitur.
1442 2707 1508 2759 Et
1557 2705 1817 2776 quamvis

191 2797 348 2850 mole
399 2794 666 2866 corporis
719 2797 1054 2866 gravaretur
1083 2795 1267 2866 (nam,
1314 2793 1372 2848 in
1418 2793 1818 2848 transmarinis

191 2884 986 2955 regionibusperegrinorum
1011 2884 1272 2938 ciborum
1287 2881 1560 2938 inusitata
1574 2881 1817 2954 qualitas

192 2971 568 3044 decoctaaque
599 2971 854 3042 potionis
901 2974 1136 3026 haustus
1179 2987 1386 3041 corpus
1430 2971 1552 3041 ejus
1601 2969 1815 3041 pingue

190 3060 582 3129 reddiderat),
603 3076 972 3132 nequaquam
993 3063 1190 3114 tamen
1211 3060 1416 3114 labore
1441 3058 1810 3130 fatigabatur.

189 3147 303 3202 Nec
332 3165 472 3202 vero
507 3149 633 3220 ipsa
678 3149 803 3218 ejus
845 3148 1136 3220 pinguedo
1181 3149 1358 3203 ullam
1408 3147 1460 3202 ei
1513 3147 1816 3218 ingerebat

1921 1993 2091 2044 nctur
2149 1993 2212 2042 ut
2257 1989 2555 2061 episcopus
2597 1991 3044 2052 Aurelianensis,
3086 1991 3192 2044 nisi
3234 1991 3518 2045 invitatus.

1921 2079 2238 2132 Floriacum
2267 2096 2637 2150 nequaquam
2673 2080 2844 2134 adeat
2875 2080 3226 2146 caenobium,
3261 2097 3402 2134 neve
3425 2098 3524 2134 un-

1920 2182 2094 2236 quam
2130 2167 2374 2238 quilibet
2414 2168 2751 2238 pontificum
2784 2167 2975 2221 eidem
3003 2167 3352 2222 monasterio
3383 2167 3522 2222 divi-

1919 2271 2060 2308 num
2105 2254 2411 2310 interdicat
2438 2256 2717 2323 ofﬁcium,
2736 2255 2960 2310 etiamsi
2975 2259 3095 2310 tota
3115 2256 3314 2322 Gallia,
3333 2257 3406 2310 ob
3429 2273 3524 2328 po-

1919 2343 2036 2414 puli
2067 2348 2324 2416 peccata,
2361 2344 2746 2399 anathematis
2779 2343 3017 2398 feriatur
3045 2343 3295 2398 vindicta
3325 2361 3358 2398 a
3391 2344 3523 2398 sede

1919 2433 2250 2504 apostolica.
2285 2432 2398 2488 Sed
2415 2450 2502 2508 ‘ne
2535 2433 2660 2504 quis
2682 2449 2801 2500 eos,
2819 2432 3104 2487 domuum
3121 2432 3244 2486 dico
3261 2433 3526 2503 apostoli-

1917 2537 2048 2574 cum
2077 2524 2134 2574 et
2162 2521 2468 2576 Abbonem
2501 2525 2784 2587 sanctum,
2820 2521 3105 2576 existimet
3136 2521 3192 2575 in
3235 2521 3343 2574 hoc
3371 2521 3522 2574 facto

1917 2608 2208 2663 contraria
2225 2609 2438 2680 regulis
2454 2613 2784 2664 sanctorum
2809 2609 3048 2664 sensisse
3062 2611 3294 2664 Patrum
3307 2625 3520 2676 ,neccs-

1917 2696 2132 2752 sarium
2178 2699 2345 2752 nobis
2381 2698 2561 2752 visum
2602 2703 2706 2766 est,
2737 2716 2804 2753 ex
2840 2697 3099 2770 epistolis
3141 2698 3326 2770 Magni
3359 2714 3522 2770 papa!

1916 2785 2176 2858 Gregorii
2205 2804 2389 2858 pauca
2416 2788 2490 2842 de
2519 2787 2780 2858 pluribus
2821 2786 2912 2842 hic
2951 2788 3229 2862 exempla.
3247 2786 3520 2852 inserere,

1917 2873 1975 2928 in
2000 2875 2205 2946 quibus
2237 2875 2606 2947 exquirendis
2636 2877 2730 2947 pia
2758 2877 2888 2930 huic
2921 2876 3090 2930 beato
3130 2875 3252 2930 viro
3291 2892 3521 2946 semper

1917 2962 2025 3017 fuit
2056 2963 2322 3018 intentio.
2358 2964 2587 3020 Sciebat
2617 2982 2868 3036 namque
2910 2965 3074 3020 illum
3103 2981 3402 3036 nunquam
3435 2965 3519 3019 vel

1916 3051 2154 3106 sensisse
2195 3053 2280 3107 vel
2321 3053 2610 3124 scripsisse
2656 3057 2859 3108 contra
2915 3070 3204 3108 canonum
3255 3053 3514 3110 decreta.

1919 3138 2130 3194 Scribit
2169 3157 2306 3212 ergo
2334 3141 2490 3196 idem
2525 3142 2790 3214 egregius
2820 3158 2972 3213 papa
3011 3141 3319 3214 Gregorius
3349 3140 3519 3197 Maxi-

191 3235 700 3292 dehonestationis
737 3237 1046 3292 maculam.
1094 3238 1162 3292 Et
1209 3237 1447 3308 cupidus
1477 3236 1632 3309 pacis
1682 3251 1812 3290 cum
1851 3207 1896 3270 Ο
1920 3228 2114 3283 mianO
2147 3229 2465 3284 Ravennati
2499 3231 2790 3302 episcopo,
2820 3230 2973 3286 inter
3011 3231 3122 3286 alia
3156 3248 3168 3284 ε
3199 3254 3226 3280 α
3263 3229 3518 3295 Οιιοίίοε,

187 3325 500 3388 foret,leve
526 3326 966 3380 ducebatomne
981 3343 1161 3397 genus
1187 3325 1812 3396 defatigationis,dum-

190 3414 370 3468 modo
383 3430 520 3468 eum
544 3412 1024 3485 reperiretvirum
1041 3431 1143 3485 per
1155 3415 1504 3486 quem,t'ama
1517 3415 1810 3485 vulgante,

189 3501 460 3556 audierat
477 3501 552 3556 ad
575 3501 884 3572 pristinum
903 3518 1066 3573 posse
1090 3506 1301 3557 statum
1315 3502 1610 3574 religionis
1623 3518 1812 3556 resur-

187 3606 328 3660 gere
343 3589 950 3646 normam.Profectus
963 3607 1100 3662 ergo
1118 3592 1383 3646 Romana
1399 3591 1606 3646 iterato
1621 3590 1813 3645 revisit

187 3677 640 3745 moenia,ubi,eo
659 3694 834 3748 quem
850 3679 1146 3749 quaerebat
1164 3696 1530 3751 nequaquam
1557 3681 1807 3750 reperto,

183 3781 292 3836 per
311 3781 570 3821 concava
584 3766 817 3820 vallium
829 3783 953 3838 ,pcr
967 3771 1258 3839 praerupta
1276 3767 1564 3822 montium
1580 3767 1810 3822 investi-

184 3871 357 3926 gans,
403 3854 647 3909 tandem
699 3855 760 3908 in
816 3855 1025 3910 ﬁnibus
1075 3855 1521 3928 Spoletanorum
1568 3855 1807 3911 invenit.

185 3935 452 4006 Cumque
466 3951 526 3990 se
547 3934 802 3989 invicem
826 3935 940 3990 duo
963 3935 1226 3990 Ecclesia:
1248 3936 1471 3989 lumina
1491 3935 1812 4005 conspexis-

182 4027 338 4091 sent,
364 4023 579 4094 gaudio
614 4024 767 4078 ultra
793 4041 970 4096 quam
991 4025 1147 4079 credi
1171 4025 1348 4098 possit
1364 4023 1544 4096 gavisi
1567 4040 1806 4096 magno,

185 4111 244 4166 in
263 4116 504 4168 mutuos
516 4116 698 4167 ruunt
713 4115 1027 4183 amplexus.
1045 4115 1112 4168 Et
1134 4113 1294 4186 prior
1305 4130 1455 4168 vera:
1472 4113 1810 4168 humilitatis

184 4201 548 4256 custosAbbo
563 4203 902 4257 salutatoria
915 4219 947 4257 a
968 4205 1129 4274 parte
1144 4203 1296 4275 regis
1313 4202 1807 4274 depromitverba.

185 4289 332 4344 Tum
352 4290 629 4344 sacerdos
644 4305 774 4344 vere
788 4293 1006 4362 apostol
1017 4291 1384 4358 icus,reddita
1396 4290 1812 4346 benedictionis

185 4377 853 4451 recompensatione,ait
867 4379 1035 4434 beato
1055 4379 1176 4434 viro
1206 4397 1256 4434 :«
1277 4381 1428 4435 Bene
1445 4383 1497 4434 te
1515 4379 1809 4436 advenisse

185 4466 832 4540 gaudeo,ﬁli,Ecclesia3
854 4467 1321 4539 veritatisque,ut
1339 4468 1812 4539 comperi,custos

185 4557 626 4612 ardentissime.
661 4556 890 4634 Etenim
937 4557 1140 4611 surdus
1185 4557 1255 4612 de
1304 4561 1360 4610 te
1406 4574 1607 4612 rumor
1653 4575 1813 4613 meas

189 4647 525 4717 repleverat
567 4661 760 4713 aures,
802 4648 856 4699 te
910 4648 1032 4700 tam
1089 4645 1281 4700 divina
1332 4663 1504 4718 quam
1557 4647 1814 4702 humana

187 4736 410 4806 pollere
431 4733 746 4806 sapientia,
769 4750 875 4788 nec
899 4734 1156 4806 qualibet
1176 4734 1432 4788 amicitia
1453 4735 1624 4805 ajure
1641 4735 1814 4808 aequi-

187 4825 320 4878 tatis
367 4821 588 4878 abduci
645 4838 831 4892 posse.
863 4822 1004 4877 Vere
1063 4822 1250 4878 fateor
1296 4839 1390 4877 me
1427 4823 1550 4887 iam
1592 4823 1810 4878 dudum

185 4911 615 4967 desideravisse
633 4915 793 4965 tuum
818 4911 1024 4966 intueri
1047 4913 1398 4980 vultum,tuo
1423 4912 1810 4984 concupivisse

183 4998 818 5068 amicabiliterperfrui
838 4998 1111 5070 alloquio.
1148 4999 1432 5053 Fruamur
1452 5015 1590 5071 ergo
1611 4999 1812 5069 cupitis

181 5085 806 5153 sermocinationibus,
849 5087 1198 5160 alternisque
1255 5087 1578 5142 divinarum
1639 5091 1810 5158 atque

182 5177 637 5231 mundanarum
653 5175 963 5230 lectionum
979 5177 1311 5248 aliquandiu
1327 5180 1583 5230 mentem
1599 5177 1811 5230 releve-

181 5281 316 5319 mus
333 5263 569 5319 studiis.
602 5264 781 5317 Porro
808 5281 984 5318 unum
1009 5268 1064 5318 te
1084 5267 1212 5320 volo
1243 5281 1428 5330 nosse,
1454 5264 1805 5335 legationem

178 5357 347 5409 tuam
375 5370 477 5408 me
499 5350 757 5422 benigne
775 5353 1078 5424 suscipere,
1099 5357 1157 5408 et
1179 5369 1420 5425 qumque
1443 5352 1685 5406 suaseris
1714 5369 1806 5407 me

178 5444 484 5498 facturum
511 5439 845 5496 fore.Tuum
876 5445 1068 5496 autem
1097 5441 1208 5496 erit
1232 5444 1654 5514 petere,mcum
1671 5456 1805 5493 vero

179 5532 387 5604 petitis
412 5547 524 5603 pro
551 5545 720 5600 posse
749 5545 1038 5584 assensum
1069 5531 1348 5602 praebere.
1376 5529 1513 5585 Novi
1543 5543 1799 5598 namque

1916 3333 2020 3388 pro
2053 3316 2298 3372 utilitate
2330 3319 2668 3372 monasterii
2700 3318 2806 3386 sui,
2840 3319 2914 3373 ad
2947 3319 3282 3390 pontiﬁcem
3310 3319 3521 3374 Roma--

1916 3421 2057 3459 num
2089 3406 2266 3460 abbas
2291 3423 2486 3460 vemre
2517 3408 2600 3460 vel
2651 3407 3043 3462 transmittere
3073 3409 3224 3463 forte
3255 3407 3518 3474 voluerit,

1914 3495 1971 3547 ld
1987 3494 2036 3548 ei
2062 3495 2250 3548 modis
2277 3493 2750 3549 omnibusliceat.
2770 3517 2796 3543 »
2813 3494 2976 3558 Quod
2993 3513 3123 3550 vero
3145 3495 3215 3550 ab
3241 3495 3522 3568 episcopis

1914 3585 1970 3636 et
1995 3581 2214 3636 clericis
2239 3581 2592 3636 monasteria
2621 3581 2929 3653 inquietari
2961 3600 3077 3638 non
3097 3583 3370 3651 debeant,
3397 3586 3516 3637 tam

1913 3673 2240 3724 memorato
2273 3668 2532 3742 pontiﬁci
2553 3686 2729 3742 quam
2765 3670 2887 3740 ejus
2912 3671 3257 3726 antecessori
3284 3670 3517 3730 Joanni,

1911 3757 2310 3830 frequentibus
2343 3757 2570 3828 scripsit
2617 3758 2885 3830 epistolis.
2925 3759 3232 3814 Luminoso
3289 3776 3519 3831 quoque

1911 3845 2104 3899 abbati
2129 3845 2198 3898 de
2210 3844 2414 3898 eadem
2437 3844 2917 3912 re,intcrca:tera,
2942 3845 3019 3900 sic
3038 3845 3117 3899 ait
3143 3861 3155 3899 :
3189 3868 3216 3896 ι(
3233 3845 3516 3910 Castorio,

1909 3933 2199 4005 inquiens,
2223 3933 2386 3987 fratri
2420 3937 2476 3987 ct
2507 3934 2846 4007 coepiscopo
2871 3937 3066 3989 nostro
3101 3936 3520 4005 nostraprzecc-

1910 4023 2111 4095 ptione
2145 4023 2499 4090 transmissa,
2531 4023 2586 4077 ei
2632 4023 3164 4094 succcssoribusque
3210 4023 3330 4094 ejus
3381 4040 3415 4076 a
3461 4026 3518 4077 te

1913 4110 2382 4183 monasterioque
2415 4115 2511 4166 tuo
2545 4116 2812 4166 cunctam
2847 4112 3141 4166 lmsioncm
3171 4111 3518 4166 abstulimus

1911 4197 2172 4252 funditus
2204 4202 2570 4271 potestatem,
2604 4205 2664 4256 ut
2695 4218 2801 4255 nec
2834 4203 2983 4256 ultra
3013 4201 3070 4255 in
3104 4205 3289 4256 vestro
3324 4217 3520 4255 versa-

1913 4288 2445 4358 rcturgravamine,
2473 4307 2578 4343 nec
2602 4291 2939 4344 monasterii
2957 4306 3046 4344 res
3075 4289 3385 4356 describat,
3411 4306 3517 4343 nec

1917 4373 2148 4447 publica
2178 4375 2292 4429 illic
2326 4376 2534 4430 debeat
2566 4394 2687 4431 csse
2719 4376 3026 4449 processio.
3065 4398 3092 4426 »
3123 4377 3210 4431 Ad
3243 4377 3518 4432 eumdem

1835 4436 1888 4495 D
1914 4436 2090 4518 etiam
2121 4463 2466 4531 Castorium,
2502 4468 2624 4535 post
2655 4436 2866 4538 aliqua,
2899 4467 2979 4520 ita
3004 4465 3228 4522 scribit:
3255 4489 3281 4516 ‹‹
3304 4466 3516 4532 Missas,

1916 4551 2016 4620 ait,
2035 4552 2150 4606 illic
2177 4552 2352 4625 (haud
2373 4552 2612 4607 dubium
2627 4555 2769 4626 quin
2786 4555 2844 4608 in
2863 4554 3518 4628 monasterio)publicas

1915 4659 2020 4714 per
2067 4643 2402 4715 episcopum
2463 4643 2584 4697 ﬁeri
2638 4643 2880 4698 omnino
2923 4645 3322 4716 prohibemus,
3355 4661 3427 4697 ne
3459 4643 3516 4697 in

1914 4748 2208 4786 servorum
2257 4732 2356 4786 Dei
2409 4731 2743 4800 recessibus,
2783 4734 3154 4804 popularibus
3191 4734 3520 4803 praebeatur

1914 4821 2030 4874 ulla
2062 4820 2283 4875 occasio
2325 4821 2723 4888 conventibus,
2759 4825 2816 4875 et
2859 4821 3238 4890 simpliciores
3291 4836 3357 4872 ex
3410 4820 3518 4872 hoc

1915 4911 2139 4966 animos
2155 4911 2490 4983 plerumque
2504 4911 2680 4982 (quod
2695 4909 2836 4963 absit
2854 4909 2889 4978 l)
2909 4909 2966 4962 in
2979 4907 3312 4962 scandalum
3329 4907 3520 4961 trahat

1913 4999 2273 5071 frequentior
2295 5015 2522 5071 quoque
2558 4997 2852 5052 muliebris
2878 4995 3213 5050 introitus.»
3245 4995 3519 5058 Quodau-

1912 5091 2034 5142 tem
2075 5088 2332 5142 divinum
2375 5087 2631 5142 ofﬁcium
2686 5084 3049 5142 monasteriis
3096 5082 3362 5138 interdici
3399 5099 3516 5136 non

1913 5181 2199 5247 oporteat,
2231 5176 2439 5230 Joanni
2469 5176 2736 5248 episcopo
2770 5175 2839 5230 de
2881 5171 3210 5229 Urbcveteri
3240 5171 3515 5238 scribens,

1913 5265 1992 5319 ita
2042 5265 2243 5319 asserit
2277 5281 2288 5319 :
2325 5285 2354 5315 «
2386 5265 2684 5333 Agapitus,
2736 5265 2911 5320 abbas
2961 5261 3296 5317 monasterii
3336 5260 3518 5315 sancti

1909 5355 2138 5424 Georgi,
2173 5352 2482 5406 insinuavit
2503 5353 2671 5406 nobis
2694 5354 2943 5423 plusima
2961 5369 3018 5406 se
3035 5368 3068 5406 a
3090 5353 3280 5405 vestra
3305 5351 3516 5405 sancti-

1908 5446 2022 5495 tate
2037 5440 2371 5512 gravamina
2385 5438 2518 5491 susti
2530 5445 2750 5507 nere;et
2767 5459 2880 5496 non
2895 5443 3082 5496 solum
3095 5440 3152 5494 in
3167 5439 3254 5494 his
3273 5456 3400 5512 quae
3417 5455 3522 5494 ne-

1909 5528 2188 5583 cessitatis
2217 5531 2479 5598 tempore
2496 5529 2847 5584 monasterio
2881 5529 3112 5602 aliquod
3128 5529 3349 5602 possint
3367 5529 3520 5585 ferre

255 5654 365 5727 (8.)
402 5653 467 5707 ld
499 5654 590 5706 est
621 5651 1000 5727 Joannesjv,
1034 5657 1374 5727 postannos
1402 5647 1768 5724 pontiﬁcatus
1789 5648 2056 5726 undecim
2082 5651 2339 5704 mortuus
2356 5662 2509 5703 anno
2539 5648 2662 5716 996,
2693 5664 2806 5720 quo
2826 5651 2884 5703 et
2913 5651 3181 5708 successit
3209 5652 3518 5727 Gregorius

183 5723 359 5798 V,'ad
396 5739 580 5799 quem
611 5723 774 5778 Abbo
805 5740 838 5779 a
869 5723 1142 5780 Rotberto
1173 5723 1528 5798 legatus’cst.
