  <div class='ocr_page' id='page_1' title='image "/cluster/home/n/w/nwhite01/storage/ocr_20150623/139/uva.x000829787/208.png"; bbox 0 0 3882 6222; ppageno 0'>
   <div class='ocr_carea' id='block_1_1' title="bbox 213 436 301 490">
    <p class='ocr_par' dir='ltr' id='par_1_1' title="bbox 213 436 301 490">
     <span class='ocr_line' id='line_1_1' title="bbox 213 436 301 490; baseline -0.011 0"><span class='ocrx_word' id='word_1_1' title='bbox 213 436 301 490; x_wconf 72' lang='grc'><strong>405</strong></span> 
     </span>
    </p>
   </div>
   <div class='ocr_carea' id='block_1_2' title="bbox 1283 425 2362 483">
    <p class='ocr_par' dir='ltr' id='par_1_2' title="bbox 1283 425 2362 483">
     <span class='ocr_line' id='line_1_2' title="bbox 1283 425 2362 483; baseline 0.001 -1"><span class='ocrx_word' id='word_1_2' title='bbox 1283 426 1643 482; x_wconf 74' lang='grc' dir='ltr'><strong>ΡΒΟΟΕΜΙΛ.</strong></span> <span class='ocrx_word' id='word_1_3' title='bbox 1674 455 1744 467; x_wconf 68' lang='grc' dir='ltr'><strong>ν-</strong></span> <span class='ocrx_word' id='word_1_4' title='bbox 1767 425 1923 481; x_wconf 79' lang='lat' dir='ltr'><strong>VITA</strong></span> <span class='ocrx_word' id='word_1_5' title='bbox 1954 427 2010 482; x_wconf 92' lang='lat' dir='ltr'><strong>S.</strong></span> <span class='ocrx_word' id='word_1_6' title='bbox 2043 427 2362 483; x_wconf 73' lang='lat' dir='ltr'><strong>ABBONIS.</strong></span> 
     </span>
    </p>
   </div>
   <div class='ocr_carea' id='block_1_3' title="bbox 3389 436 3492 490">
    <p class='ocr_par' dir='ltr' id='par_1_3' title="bbox 3389 436 3492 490">
     <span class='ocr_line' id='line_1_3' title="bbox 3389 436 3492 490; baseline -0.019 0"><span class='ocrx_word' id='word_1_7' title='bbox 3389 436 3492 490; x_wconf 73' lang='grc'><strong>406</strong></span> 
     </span>
    </p>
   </div>
   <div class='ocr_carea' id='block_1_4' title="bbox 210 546 3487 623">
    <p class='ocr_par' dir='ltr' id='par_1_4' title="bbox 210 546 3487 623">
     <span class='ocr_line' id='line_1_4' title="bbox 210 546 3487 623; baseline 0.001 -20"><span class='ocrx_word' id='word_1_8' title='bbox 210 580 233 604; x_wconf 79' lang='grc'><strong>.‹</strong></span> <span class='ocrx_word' id='word_1_9' title='bbox 261 555 393 619; x_wconf 74' lang='lat' dir='ltr'><strong>Non,</strong></span> <span class='ocrx_word' id='word_1_10' title='bbox 424 550 636 622; x_wconf 90' lang='lat' dir='ltr'><strong>inquit,</strong></span> <span class='ocrx_word' id='word_1_11' title='bbox 671 551 940 604; x_wconf 76' lang='lat' dir='ltr'><strong>hactenus</strong></span> <span class='ocrx_word' id='word_1_12' title='bbox 966 565 1035 602; x_wconf 89' lang='lat' dir='ltr'><strong>ea</strong></span> <span class='ocrx_word' id='word_1_13' title='bbox 1068 547 1225 602; x_wconf 80' lang='lat' dir='ltr'><strong>vobis</strong></span> <span class='ocrx_word' id='word_1_14' title='bbox 1254 546 1465 602; x_wconf 90' lang='lat' dir='ltr'><strong>contuli</strong></span> <span class='ocrx_word' id='word_1_15' title='bbox 1498 547 1779 615; x_wconf 80' lang='lat' dir='ltr'><strong>exempla,</strong></span> <span class='ocrx_word' id='word_1_16' title='bbox 1808 553 1860 610; x_wconf 86' lang='grc' dir='ltr'>Α</span> <span class='ocrx_word' id='word_1_17' title='bbox 1883 548 2095 601; x_wconf 79' lang='lat' dir='ltr'><strong>Jacobi.</strong></span> <span class='ocrx_word' id='word_1_18' title='bbox 2116 548 2301 601; x_wconf 82' lang='lat' dir='ltr'><strong>Sedet</strong></span> <span class='ocrx_word' id='word_1_19' title='bbox 2327 547 2510 618; x_wconf 88' lang='lat' dir='ltr'><strong>paries</strong></span> <span class='ocrx_word' id='word_1_20' title='bbox 2538 548 2779 617; x_wconf 74' lang='lat' dir='ltr'><strong>ligneus,</strong></span> <span class='ocrx_word' id='word_1_21' title='bbox 2804 548 2955 603; x_wconf 88' lang='lat' dir='ltr'><strong>circa</strong></span> <span class='ocrx_word' id='word_1_22' title='bbox 2980 551 3267 604; x_wconf 89' lang='lat' dir='ltr'><strong>tumulum</strong></span> <span class='ocrx_word' id='word_1_23' title='bbox 3288 550 3487 623; x_wconf 88' lang='lat' dir='ltr'><strong>inclyti</strong></span> 
     </span>
    </p>
   </div>
   <div class='ocr_carea' id='block_1_5' title="bbox 209 634 1776 709">
    <p class='ocr_par' dir='ltr' id='par_1_5' title="bbox 209 634 1776 709">
     <span class='ocr_line' id='line_1_5' title="bbox 209 634 1776 709; baseline -0.007 -12"><span class='ocrx_word' id='word_1_24' title='bbox 209 647 261 697; x_wconf 91' lang='lat' dir='ltr'><strong>ut</strong></span> <span class='ocrx_word' id='word_1_25' title='bbox 283 657 366 695; x_wconf 92' lang='lat' dir='ltr'><strong>me</strong></span> <span class='ocrx_word' id='word_1_26' title='bbox 386 638 735 693; x_wconf 83' lang='lat' dir='ltr'><strong>adulationis</strong></span> <span class='ocrx_word' id='word_1_27' title='bbox 748 637 871 709; x_wconf 87' lang='lat' dir='ltr'><strong>quis</strong></span> <span class='ocrx_word' id='word_1_28' title='bbox 883 636 1128 690; x_wconf 69' lang='lat' dir='ltr'><strong>cestimet</strong></span> <span class='ocrx_word' id='word_1_29' title='bbox 1146 636 1470 690; x_wconf 88' lang='lat' dir='ltr'><strong>desiderare</strong></span> <span class='ocrx_word' id='word_1_30' title='bbox 1486 634 1776 705; x_wconf 84' lang='lat' dir='ltr'><strong>obsequia.</strong></span> 
     </span>
    </p>
   </div>
   <div class='ocr_carea' id='block_1_6' title="bbox 208 724 1782 802">
    <p class='ocr_par' dir='ltr' id='par_1_6' title="bbox 208 724 1782 802">
     <span class='ocr_line' id='line_1_6' title="bbox 208 724 1782 802; baseline -0.006 -17"><span class='ocrx_word' id='word_1_31' title='bbox 208 732 547 802; x_wconf 82' lang='lat' dir='ltr'><strong>Quapropter</strong></span> <span class='ocrx_word' id='word_1_32' title='bbox 564 728 611 782; x_wconf 87' lang='lat' dir='ltr'><strong>si</strong></span> <span class='ocrx_word' id='word_1_33' title='bbox 636 744 827 781; x_wconf 87' lang='lat' dir='ltr'><strong>meum</strong></span> <span class='ocrx_word' id='word_1_34' title='bbox 854 731 910 780; x_wconf 90' lang='lat' dir='ltr'><strong>te</strong></span> <span class='ocrx_word' id='word_1_35' title='bbox 943 726 1021 780; x_wconf 85' lang='lat' dir='ltr'><strong>vis</strong></span> <span class='ocrx_word' id='word_1_36' title='bbox 1043 726 1231 781; x_wconf 87' lang='lat' dir='ltr'><strong>vocari</strong></span> <span class='ocrx_word' id='word_1_37' title='bbox 1261 728 1313 779; x_wconf 89' lang='lat' dir='ltr'><strong>et</strong></span> <span class='ocrx_word' id='word_1_38' title='bbox 1339 743 1456 778; x_wconf 83' lang='lat' dir='ltr'><strong>esse</strong></span> <span class='ocrx_word' id='word_1_39' title='bbox 1489 724 1782 789; x_wconf 86' lang='lat' dir='ltr'><strong>dilectum,</strong></span> 
     </span>
    </p>
   </div>
   <div class='ocr_carea' id='block_1_7' title="bbox 204 812 1784 885">
    <p class='ocr_par' dir='ltr' id='par_1_7' title="bbox 204 812 1784 885">
     <span class='ocr_line' id='line_1_7' title="bbox 204 812 1784 885; baseline -0.006 -10"><span class='ocrx_word' id='word_1_40' title='bbox 204 837 319 875; x_wconf 84' lang='lat' dir='ltr'><strong>cave</strong></span> <span class='ocrx_word' id='word_1_41' title='bbox 349 835 411 873; x_wconf 81' lang='lat' dir='ltr'><strong>ex</strong></span> <span class='ocrx_word' id='word_1_42' title='bbox 455 822 555 871; x_wconf 91' lang='lat' dir='ltr'><strong>tuo</strong></span> <span class='ocrx_word' id='word_1_43' title='bbox 593 833 695 871; x_wconf 89' lang='lat' dir='ltr'><strong>ore</strong></span> <span class='ocrx_word' id='word_1_44' title='bbox 732 815 881 871; x_wconf 80' lang='lat' dir='ltr'><strong>istud</strong></span> <span class='ocrx_word' id='word_1_45' title='bbox 927 814 1198 885; x_wconf 85' lang='lat' dir='ltr'><strong>deinceps</strong></span> <span class='ocrx_word' id='word_1_46' title='bbox 1242 813 1473 868; x_wconf 83' lang='lat' dir='ltr'><strong>audiam</strong></span> <span class='ocrx_word' id='word_1_47' title='bbox 1524 812 1784 877; x_wconf 84' lang='lat' dir='ltr'><strong>verbum,</strong></span> 
     </span>
    </p>
   </div>
   <div class='ocr_carea' id='block_1_8' title="bbox 204 903 1786 981">
    <p class='ocr_par' dir='ltr' id='par_1_8' title="bbox 204 903 1786 981">
     <span class='ocr_line' id='line_1_8' title="bbox 204 903 1786 981; baseline -0.005 -18"><span class='ocrx_word' id='word_1_48' title='bbox 204 908 467 981; x_wconf 68' lang='lat' dir='ltr'><strong>praacipue</strong></span> <span class='ocrx_word' id='word_1_49' title='bbox 499 922 635 961; x_wconf 88' lang='lat' dir='ltr'><strong>cum</strong></span> <span class='ocrx_word' id='word_1_50' title='bbox 670 905 739 959; x_wconf 90' lang='lat' dir='ltr'><strong>ad</strong></span> <span class='ocrx_word' id='word_1_51' title='bbox 783 904 892 958; x_wconf 89' lang='lat' dir='ltr'><strong>ista</strong></span> <span class='ocrx_word' id='word_1_52' title='bbox 940 921 1034 958; x_wconf 89' lang='lat' dir='ltr'><strong>me</strong></span> <span class='ocrx_word' id='word_1_53' title='bbox 1079 904 1407 958; x_wconf 76' lang='lat' dir='ltr'><strong>nullatenus</strong></span> <span class='ocrx_word' id='word_1_54' title='bbox 1451 903 1627 956; x_wconf 85' lang='lat' dir='ltr'><strong>sciam</strong></span> <span class='ocrx_word' id='word_1_55' title='bbox 1665 903 1786 956; x_wconf 90' lang='lat' dir='ltr'><strong>fore</strong></span> 
     </span>
    </p>
   </div>
   <div class='ocr_carea' id='block_1_9' title="bbox 204 991 1786 1069">
    <p class='ocr_par' dir='ltr' id='par_1_9' title="bbox 204 991 1786 1069">
     <span class='ocr_line' id='line_1_9' title="bbox 204 991 1786 1069; baseline -0.004 -18"><span class='ocrx_word' id='word_1_56' title='bbox 204 998 350 1069; x_wconf 86' lang='lat' dir='ltr'><strong>[esse]</strong></span> <span class='ocrx_word' id='word_1_57' title='bbox 375 995 679 1061; x_wconf 89' lang='lat' dir='ltr'><strong>idoneum,</strong></span> <span class='ocrx_word' id='word_1_58' title='bbox 712 997 768 1047; x_wconf 92' lang='lat' dir='ltr'><strong>et</strong></span> <span class='ocrx_word' id='word_1_59' title='bbox 795 995 1126 1048; x_wconf 87' lang='lat' dir='ltr'><strong>sanctorum</strong></span> <span class='ocrx_word' id='word_1_60' title='bbox 1166 992 1301 1046; x_wconf 92' lang='lat' dir='ltr'><strong>talia</strong></span> <span class='ocrx_word' id='word_1_61' title='bbox 1329 991 1442 1046; x_wconf 89' lang='lat' dir='ltr'><strong>sint</strong></span> <span class='ocrx_word' id='word_1_62' title='bbox 1471 991 1786 1062; x_wconf 85' lang='lat' dir='ltr'><strong>gestaviro-</strong></span> 
     </span>
    </p>
   </div>
   <div class='ocr_carea' id='block_1_10' title="bbox 205 1080 1783 1150">
    <p class='ocr_par' dir='ltr' id='par_1_10' title="bbox 205 1080 1783 1150">
     <span class='ocr_line' id='line_1_10' title="bbox 205 1080 1783 1150; baseline -0.005 -10"><span class='ocrx_word' id='word_1_63' title='bbox 205 1102 334 1140; x_wconf 85' lang='lat' dir='ltr'><strong>rum.</strong></span> <span class='ocrx_word' id='word_1_64' title='bbox 368 1084 464 1139; x_wconf 87' lang='lat' dir='ltr'><strong>Cui</strong></span> <span class='ocrx_word' id='word_1_65' title='bbox 495 1100 632 1137; x_wconf 90' lang='lat' dir='ltr'><strong>cum</strong></span> <span class='ocrx_word' id='word_1_66' title='bbox 676 1100 709 1136; x_wconf 88' lang='lat' dir='ltr'><strong>a</strong></span> <span class='ocrx_word' id='word_1_67' title='bbox 756 1081 931 1135; x_wconf 83' lang='lat' dir='ltr'><strong>fratre</strong></span> <span class='ocrx_word' id='word_1_68' title='bbox 990 1080 1338 1150; x_wconf 87' lang='lat' dir='ltr'><strong>objiceretur</strong></span> <span class='ocrx_word' id='word_1_69' title='bbox 1370 1096 1485 1134; x_wconf 92' lang='lat' dir='ltr'><strong>non</strong></span> <span class='ocrx_word' id='word_1_70' title='bbox 1517 1083 1783 1150; x_wconf 84' lang='lat' dir='ltr'><strong>oportere</strong></span> 
     </span>
    </p>
   </div>
   <div class='ocr_carea' id='block_1_11' title="bbox 202 1168 1783 1243">
    <p class='ocr_par' dir='ltr' id='par_1_11' title="bbox 202 1168 1783 1243">
     <span class='ocr_line' id='line_1_11' title="bbox 202 1168 1783 1243; baseline -0.005 -15"><span class='ocrx_word' id='word_1_71' title='bbox 202 1176 343 1228; x_wconf 89' lang='lat' dir='ltr'><strong>illum</strong></span> <span class='ocrx_word' id='word_1_72' title='bbox 361 1172 613 1243; x_wconf 81' lang='lat' dir='ltr'><strong>gratiam</strong></span> <span class='ocrx_word' id='word_1_73' title='bbox 628 1170 733 1224; x_wconf 86' lang='lat' dir='ltr'><strong>sibi</strong></span> <span class='ocrx_word' id='word_1_74' title='bbox 751 1168 1021 1224; x_wconf 90' lang='lat' dir='ltr'><strong>divinitus</strong></span> <span class='ocrx_word' id='word_1_75' title='bbox 1043 1171 1309 1223; x_wconf 83' lang='lat' dir='ltr'><strong>collatam</strong></span> <span class='ocrx_word' id='word_1_76' title='bbox 1338 1169 1618 1231; x_wconf 86' lang='lat' dir='ltr'><strong>occulere,</strong></span> <span class='ocrx_word' id='word_1_77' title='bbox 1657 1185 1783 1238; x_wconf 56' lang='lat' dir='ltr'><strong>qua!</strong></span> 
     </span>
    </p>
   </div>
   <div class='ocr_carea' id='block_1_12' title="bbox 199 1256 1782 1331">
    <p class='ocr_par' dir='ltr' id='par_1_12' title="bbox 199 1256 1782 1331">
     <span class='ocr_line' id='line_1_12' title="bbox 199 1256 1782 1331; baseline -0.004 -16"><span class='ocrx_word' id='word_1_78' title='bbox 199 1261 343 1315; x_wconf 86' lang='lat' dir='ltr'><strong>saluti</strong></span> <span class='ocrx_word' id='word_1_79' title='bbox 364 1259 690 1331; x_wconf 87' lang='lat' dir='ltr'><strong>petentium</strong></span> <span class='ocrx_word' id='word_1_80' title='bbox 708 1258 1034 1311; x_wconf 86' lang='lat' dir='ltr'><strong>crederetur</strong></span> <span class='ocrx_word' id='word_1_81' title='bbox 1059 1274 1219 1327; x_wconf 80' lang='lat' dir='ltr'><strong>posse</strong></span> <span class='ocrx_word' id='word_1_82' title='bbox 1238 1256 1527 1326; x_wconf 80' lang='lat' dir='ltr'><strong>prodesse,</strong></span> <span class='ocrx_word' id='word_1_83' title='bbox 1543 1272 1782 1327; x_wconf 62' lang='lat' dir='ltr'><strong>praeser-</strong></span> 
     </span>
    </p>
   </div>
   <div class='ocr_carea' id='block_1_13' title="bbox 199 1344 1784 1414">
    <p class='ocr_par' dir='ltr' id='par_1_13' title="bbox 199 1344 1784 1414">
     <span class='ocr_line' id='line_1_13' title="bbox 199 1344 1784 1414; baseline -0.004 -12"><span class='ocrx_word' id='word_1_84' title='bbox 199 1349 288 1402; x_wconf 87' lang='lat' dir='ltr'><strong>tim</strong></span> <span class='ocrx_word' id='word_1_85' title='bbox 316 1364 441 1402; x_wconf 90' lang='lat' dir='ltr'><strong>cum</strong></span> <span class='ocrx_word' id='word_1_86' title='bbox 472 1348 531 1400; x_wconf 81' lang='lat' dir='ltr'><strong>id</strong></span> <span class='ocrx_word' id='word_1_87' title='bbox 555 1348 653 1400; x_wconf 80' lang='lat' dir='ltr'><strong>ille</strong></span> <span class='ocrx_word' id='word_1_88' title='bbox 684 1348 843 1400; x_wconf 88' lang='lat' dir='ltr'><strong>recta</strong></span> <span class='ocrx_word' id='word_1_89' title='bbox 874 1349 929 1398; x_wconf 90' lang='lat' dir='ltr'><strong>et</strong></span> <span class='ocrx_word' id='word_1_90' title='bbox 952 1344 1197 1414; x_wconf 85' lang='lat' dir='ltr'><strong>simplici</strong></span> <span class='ocrx_word' id='word_1_91' title='bbox 1233 1344 1364 1407; x_wconf 85' lang='lat' dir='ltr'><strong>ﬁde,</strong></span> <span class='ocrx_word' id='word_1_92' title='bbox 1400 1361 1517 1398; x_wconf 87' lang='lat' dir='ltr'><strong>non</strong></span> <span class='ocrx_word' id='word_1_93' title='bbox 1551 1344 1784 1397; x_wconf 86' lang='lat' dir='ltr'><strong>adulan-</strong></span> 
     </span>
    </p>
   </div>
   <div class='ocr_carea' id='block_1_14' title="bbox 199 1434 1779 1508">
    <p class='ocr_par' dir='ltr' id='par_1_14' title="bbox 199 1434 1779 1508">
     <span class='ocr_line' id='line_1_14' title="bbox 199 1434 1779 1508; baseline -0.004 -16"><span class='ocrx_word' id='word_1_94' title='bbox 199 1437 326 1492; x_wconf 87' lang='lat' dir='ltr'><strong>tium</strong></span> <span class='ocrx_word' id='word_1_95' title='bbox 348 1437 903 1508; x_wconf 84' lang='lat' dir='ltr'><strong>persuaderetvoto;</strong></span> <span class='ocrx_word' id='word_1_96' title='bbox 942 1435 1177 1488; x_wconf 88' lang='lat' dir='ltr'><strong>tandem</strong></span> <span class='ocrx_word' id='word_1_97' title='bbox 1206 1451 1263 1487; x_wconf 89' lang='lat' dir='ltr'><strong>se</strong></span> <span class='ocrx_word' id='word_1_98' title='bbox 1297 1434 1441 1487; x_wconf 86' lang='lat' dir='ltr'><strong>vinei</strong></span> <span class='ocrx_word' id='word_1_99' title='bbox 1464 1451 1659 1503; x_wconf 81' lang='lat' dir='ltr'><strong>passus</strong></span> <span class='ocrx_word' id='word_1_100' title='bbox 1678 1436 1779 1495; x_wconf 86' lang='lat' dir='ltr'><strong>est,</strong></span> 
     </span>
    </p>
   </div>
   <div class='ocr_carea' id='block_1_15' title="bbox 200 1522 1780 1597">
    <p class='ocr_par' dir='ltr' id='par_1_15' title="bbox 200 1522 1780 1597">
     <span class='ocr_line' id='line_1_15' title="bbox 200 1522 1780 1597; baseline -0.003 -17"><span class='ocrx_word' id='word_1_101' title='bbox 200 1528 459 1597; x_wconf 85' lang='lat' dir='ltr'><strong>allataque</strong></span> <span class='ocrx_word' id='word_1_102' title='bbox 498 1524 811 1579; x_wconf 85' lang='lat' dir='ltr'><strong>benedicta</strong></span> <span class='ocrx_word' id='word_1_103' title='bbox 844 1540 1014 1594; x_wconf 88' lang='lat' dir='ltr'><strong>aqua,</strong></span> <span class='ocrx_word' id='word_1_104' title='bbox 1049 1540 1255 1576; x_wconf 90' lang='lat' dir='ltr'><strong>manus</strong></span> <span class='ocrx_word' id='word_1_105' title='bbox 1286 1522 1436 1583; x_wconf 81' lang='lat' dir='ltr'><strong>lavit,</strong></span> <span class='ocrx_word' id='word_1_106' title='bbox 1460 1526 1780 1577; x_wconf 76' lang='lat' dir='ltr'><strong>memorato</strong></span> 
     </span>
    </p>
   </div>
   <div class='ocr_carea' id='block_1_16' title="bbox 200 1610 1785 1682">
    <p class='ocr_par' dir='ltr' id='par_1_16' title="bbox 200 1610 1785 1682">
     <span class='ocr_line' id='line_1_16' title="bbox 200 1610 1785 1682; baseline -0.003 -14"><span class='ocrx_word' id='word_1_107' title='bbox 200 1614 460 1669; x_wconf 88' lang='lat' dir='ltr'><strong>monacho</strong></span> <span class='ocrx_word' id='word_1_108' title='bbox 482 1613 713 1677; x_wconf 87' lang='lat' dir='ltr'><strong>tribuit,</strong></span> <span class='ocrx_word' id='word_1_109' title='bbox 740 1614 801 1666; x_wconf 90' lang='lat' dir='ltr'><strong>ut</strong></span> <span class='ocrx_word' id='word_1_110' title='bbox 828 1629 955 1666; x_wconf 88' lang='lat' dir='ltr'><strong>eam</strong></span> <span class='ocrx_word' id='word_1_111' title='bbox 982 1610 1240 1682; x_wconf 81' lang='lat' dir='ltr'><strong>poscenti</strong></span> <span class='ocrx_word' id='word_1_112' title='bbox 1258 1610 1488 1664; x_wconf 81' lang='lat' dir='ltr'><strong>infirmo</strong></span> <span class='ocrx_word' id='word_1_113' title='bbox 1504 1610 1785 1681; x_wconf 80' lang='lat' dir='ltr'><strong>perferret</strong></span> 
     </span>
    </p>
   </div>
   <div class='ocr_carea' id='block_1_17' title="bbox 199 1699 1782 1774">
    <p class='ocr_par' dir='ltr' id='par_1_17' title="bbox 199 1699 1782 1774">
     <span class='ocr_line' id='line_1_17' title="bbox 199 1699 1782 1774; baseline -0.004 -16"><span class='ocrx_word' id='word_1_114' title='bbox 199 1702 495 1774; x_wconf 86' lang='lat' dir='ltr'><strong>imperavit.</strong></span> <span class='ocrx_word' id='word_1_115' title='bbox 550 1703 867 1771; x_wconf 87' lang='lat' dir='ltr'><strong>Aeccptam</strong></span> <span class='ocrx_word' id='word_1_116' title='bbox 908 1701 999 1754; x_wconf 90' lang='lat' dir='ltr'><strong>ille</strong></span> <span class='ocrx_word' id='word_1_117' title='bbox 1033 1715 1243 1771; x_wconf 89' lang='lat' dir='ltr'><strong>aquam</strong></span> <span class='ocrx_word' id='word_1_118' title='bbox 1278 1700 1502 1769; x_wconf 86' lang='lat' dir='ltr'><strong>leproso</strong></span> <span class='ocrx_word' id='word_1_119' title='bbox 1545 1699 1782 1770; x_wconf 85' lang='lat' dir='ltr'><strong>perfert,</strong></span> 
     </span>
    </p>
   </div>
   <div class='ocr_carea' id='block_1_18' title="bbox 197 1788 1785 1862">
    <p class='ocr_par' dir='ltr' id='par_1_18' title="bbox 197 1788 1785 1862">
     <span class='ocr_line' id='line_1_18' title="bbox 197 1788 1785 1862; baseline -0.003 -16"><span class='ocrx_word' id='word_1_120' title='bbox 197 1793 342 1862; x_wconf 88' lang='lat' dir='ltr'><strong>eique</strong></span> <span class='ocrx_word' id='word_1_121' title='bbox 364 1791 492 1845; x_wconf 85' lang='lat' dir='ltr'><strong>infit</strong></span> <span class='ocrx_word' id='word_1_122' title='bbox 526 1808 539 1844; x_wconf 89' lang='lat'><strong>:</strong></span> <span class='ocrx_word' id='word_1_123' title='bbox 567 1811 599 1843; x_wconf 66' lang='grc' dir='ltr'><strong>(ι</strong></span> <span class='ocrx_word' id='word_1_124' title='bbox 628 1792 812 1856; x_wconf 82' lang='grc' dir='ltr'>Νο00,</span> <span class='ocrx_word' id='word_1_125' title='bbox 837 1789 1123 1861; x_wconf 85' lang='lat' dir='ltr'><strong>inquiens,</strong></span> <span class='ocrx_word' id='word_1_126' title='bbox 1149 1792 1247 1843; x_wconf 91' lang='lat' dir='ltr'><strong>tua</strong></span> <span class='ocrx_word' id='word_1_127' title='bbox 1275 1788 1580 1842; x_wconf 82' lang='lat' dir='ltr'><strong>infirmitas</strong></span> <span class='ocrx_word' id='word_1_128' title='bbox 1594 1789 1785 1858; x_wconf 87' lang='lat' dir='ltr'><strong>palam</strong></span> 
     </span>
    </p>
   </div>
   <div class='ocr_carea' id='block_1_19' title="bbox 1887 636 3489 703">
    <p class='ocr_par' dir='ltr' id='par_1_19' title="bbox 1887 636 3489 703">
     <span class='ocr_line' id='line_1_19' title="bbox 1887 636 3489 703; baseline 0.005 -18"><span class='ocrx_word' id='word_1_129' title='bbox 1887 637 2223 689; x_wconf 69' lang='lat' dir='ltr'><strong>confessoris</strong></span> <span class='ocrx_word' id='word_1_130' title='bbox 2286 636 2487 690; x_wconf 66' lang='lat' dir='ltr'><strong>Christi</strong></span> <span class='ocrx_word' id='word_1_131' title='bbox 2542 637 2831 691; x_wconf 39' lang='lat' dir='ltr'><strong>lieneilicti</strong></span> <span class='ocrx_word' id='word_1_132' title='bbox 2880 639 3116 703; x_wconf 82' lang='lat' dir='ltr'><strong>locatus,</strong></span> <span class='ocrx_word' id='word_1_133' title='bbox 3178 639 3353 694; x_wconf 86' lang='lat' dir='ltr'><strong>simili</strong></span> <span class='ocrx_word' id='word_1_134' title='bbox 3407 646 3489 694; x_wconf 84' lang='lat' dir='ltr'><strong>est</strong></span> 
     </span>
    </p>
   </div>
   <div class='ocr_carea' id='block_1_20' title="bbox 1887 727 3488 798">
    <p class='ocr_par' dir='ltr' id='par_1_20' title="bbox 1887 727 3488 798">
     <span class='ocr_line' id='line_1_20' title="bbox 1887 727 3488 798; baseline 0.004 -21"><span class='ocrx_word' id='word_1_135' title='bbox 1887 730 2148 795; x_wconf 82' lang='lat' dir='ltr'><strong>comptus</strong></span> <span class='ocrx_word' id='word_1_136' title='bbox 2164 727 2348 797; x_wconf 81' lang='lat' dir='ltr'><strong>specie</strong></span> <span class='ocrx_word' id='word_1_137' title='bbox 2370 727 2606 791; x_wconf 90' lang='lat' dir='ltr'><strong>metalli,</strong></span> <span class='ocrx_word' id='word_1_138' title='bbox 2640 730 2812 798; x_wconf 87' lang='lat' dir='ltr'><strong>atque</strong></span> <span class='ocrx_word' id='word_1_139' title='bbox 2842 728 2897 781; x_wconf 91' lang='lat' dir='ltr'><strong>in</strong></span> <span class='ocrx_word' id='word_1_140' title='bbox 2923 745 2989 781; x_wconf 92' lang='lat' dir='ltr'><strong>eo</strong></span> <span class='ocrx_word' id='word_1_141' title='bbox 3027 728 3291 798; x_wconf 60' lang='lat' dir='ltr'><strong>quaedam</strong></span> <span class='ocrx_word' id='word_1_142' title='bbox 3312 728 3488 784; x_wconf 87' lang='lat' dir='ltr'><strong>mira-</strong></span> 
     </span>
    </p>
   </div>
   <div class='ocr_carea' id='block_1_21' title="bbox 1886 816 3487 884">
    <p class='ocr_par' dir='ltr' id='par_1_21' title="bbox 1886 816 3487 884">
     <span class='ocr_line' id='line_1_21' title="bbox 1886 816 3487 884; baseline 0.003 -17"><span class='ocrx_word' id='word_1_143' title='bbox 1886 816 2146 869; x_wconf 88' lang='lat' dir='ltr'><strong>culorum</strong></span> <span class='ocrx_word' id='word_1_144' title='bbox 2192 816 2450 884; x_wconf 81' lang='lat' dir='ltr'><strong>ejusdem</strong></span> <span class='ocrx_word' id='word_1_145' title='bbox 2510 816 2696 869; x_wconf 83' lang='lat' dir='ltr'><strong>dilecti</strong></span> <span class='ocrx_word' id='word_1_146' title='bbox 2752 816 2979 871; x_wconf 84' lang='lat' dir='ltr'><strong>Domini</strong></span> <span class='ocrx_word' id='word_1_147' title='bbox 3035 817 3325 871; x_wconf 65' lang='lat' dir='ltr'><strong>razlatoria</strong></span> <span class='ocrx_word' id='word_1_148' title='bbox 3366 821 3487 872; x_wconf 88' lang='lat' dir='ltr'><strong>arte</strong></span> 
     </span>
    </p>
   </div>
   <div class='ocr_carea' id='block_1_22' title="bbox 1887 904 3487 977">
    <p class='ocr_par' dir='ltr' id='par_1_22' title="bbox 1887 904 3487 977">
     <span class='ocr_line' id='line_1_22' title="bbox 1887 904 3487 977; baseline 0.003 -20"><span class='ocrx_word' id='word_1_149' title='bbox 1887 904 2314 974; x_wconf 82' lang='lat' dir='ltr'><strong>perspiciuntur</strong></span> <span class='ocrx_word' id='word_1_150' title='bbox 2347 922 2633 976; x_wconf 79' lang='lat' dir='ltr'><strong>expressa.</strong></span> <span class='ocrx_word' id='word_1_151' title='bbox 2692 905 2821 959; x_wconf 76' lang='grc' dir='ltr'><strong>11ωο</strong></span> <span class='ocrx_word' id='word_1_152' title='bbox 2878 905 3071 977; x_wconf 88' lang='lat' dir='ltr'><strong>itaque</strong></span> <span class='ocrx_word' id='word_1_153' title='bbox 3103 909 3158 960; x_wconf 87' lang='lat' dir='ltr'><strong>et</strong></span> <span class='ocrx_word' id='word_1_154' title='bbox 3198 906 3309 960; x_wconf 84' lang='lat' dir='ltr'><strong>alia</strong></span> <span class='ocrx_word' id='word_1_155' title='bbox 3341 924 3487 962; x_wconf 91' lang='lat' dir='ltr'><strong>non-</strong></span> 
     </span>
    </p>
   </div>
   <div class='ocr_carea' id='block_1_23' title="bbox 1886 993 3484 1064">
    <p class='ocr_par' dir='ltr' id='par_1_23' title="bbox 1886 993 3484 1064">
     <span class='ocr_line' id='line_1_23' title="bbox 1886 993 3484 1064; baseline 0.003 -19"><span class='ocrx_word' id='word_1_156' title='bbox 1886 994 2041 1046; x_wconf 93' lang='lat' dir='ltr'><strong>nulla</strong></span> <span class='ocrx_word' id='word_1_157' title='bbox 2070 993 2172 1046; x_wconf 87' lang='lat' dir='ltr'><strong>sub</strong></span> <span class='ocrx_word' id='word_1_158' title='bbox 2205 994 2437 1063; x_wconf 72' lang='lat' dir='ltr'><strong>egregio</strong></span> <span class='ocrx_word' id='word_1_159' title='bbox 2471 996 2630 1064; x_wconf 85' lang='lat' dir='ltr'><strong>patre</strong></span> <span class='ocrx_word' id='word_1_160' title='bbox 2654 994 2891 1047; x_wconf 82' lang='lat' dir='ltr'><strong>Abbone</strong></span> <span class='ocrx_word' id='word_1_161' title='bbox 2931 994 2985 1046; x_wconf 90' lang='lat' dir='ltr'><strong>in</strong></span> <span class='ocrx_word' id='word_1_162' title='bbox 3010 994 3353 1051; x_wconf 79' lang='lat' dir='ltr'><strong>Floriacensi</strong></span> <span class='ocrx_word' id='word_1_163' title='bbox 3377 1012 3484 1049; x_wconf 68' lang='grc' dir='ltr'><strong><em>ειη-</em></strong></span> 
     </span>
    </p>
   </div>
   <div class='ocr_carea' id='block_1_24' title="bbox 1885 1082 3476 1153">
    <p class='ocr_par' dir='ltr' id='par_1_24' title="bbox 1885 1082 3476 1153">
     <span class='ocr_line' id='line_1_24' title="bbox 1885 1082 3476 1153; baseline 0.003 -18"><span class='ocrx_word' id='word_1_164' title='bbox 1885 1082 2057 1135; x_wconf 87' lang='lat' dir='ltr'><strong>nobio</strong></span> <span class='ocrx_word' id='word_1_165' title='bbox 2096 1082 2348 1151; x_wconf 85' lang='lat' dir='ltr'><strong>perfecta</strong></span> <span class='ocrx_word' id='word_1_166' title='bbox 2378 1087 2527 1148; x_wconf 76' lang='lat' dir='ltr'><strong>sunt,</strong></span> <span class='ocrx_word' id='word_1_167' title='bbox 2551 1082 2822 1136; x_wconf 80' lang='lat' dir='ltr'><strong>instantia</strong></span> <span class='ocrx_word' id='word_1_168' title='bbox 2850 1087 2901 1135; x_wconf 90' lang='lat' dir='ltr'><strong>el</strong></span> <span class='ocrx_word' id='word_1_169' title='bbox 2934 1084 3339 1153; x_wconf 72' lang='lat' dir='ltr'><strong>procuratione</strong></span> <span class='ocrx_word' id='word_1_170' title='bbox 3374 1086 3476 1139; x_wconf 80' lang='lat' dir='ltr'><strong>lio-</strong></span> 
     </span>
    </p>
   </div>
   <div class='ocr_carea' id='block_1_25' title="bbox 1886 1170 3482 1242">
    <p class='ocr_par' dir='ltr' id='par_1_25' title="bbox 1886 1170 3482 1242">
     <span class='ocr_line' id='line_1_25' title="bbox 1886 1170 3482 1242; baseline 0.003 -19"><span class='ocrx_word' id='word_1_171' title='bbox 1886 1170 2155 1223; x_wconf 86' lang='lat' dir='ltr'><strong>norabilis</strong></span> <span class='ocrx_word' id='word_1_172' title='bbox 2200 1172 2467 1225; x_wconf 71' lang='lat' dir='ltr'><strong>monachi</strong></span> <span class='ocrx_word' id='word_1_173' title='bbox 2517 1172 2832 1238; x_wconf 67' lang='lat' dir='ltr'><strong>(iauzfrcdi,</strong></span> <span class='ocrx_word' id='word_1_174' title='bbox 2893 1171 2977 1224; x_wconf 82' lang='lat' dir='ltr'><strong>cui</strong></span> <span class='ocrx_word' id='word_1_175' title='bbox 3035 1173 3152 1242; x_wconf 82' lang='lat' dir='ltr'><strong>ipse</strong></span> <span class='ocrx_word' id='word_1_176' title='bbox 3192 1190 3482 1227; x_wconf 84' lang='lat' dir='ltr'><strong>sacrorum</strong></span> 
     </span>
    </p>
   </div>
   <div class='ocr_carea' id='block_1_26' title="bbox 1885 1257 3483 1330">
    <p class='ocr_par' dir='ltr' id='par_1_26' title="bbox 1885 1257 3483 1330">
     <span class='ocr_line' id='line_1_26' title="bbox 1885 1257 3483 1330; baseline 0.006 -23"><span class='ocrx_word' id='word_1_177' title='bbox 1885 1257 2247 1311; x_wconf 84' lang='lat' dir='ltr'><strong>commiserat</strong></span> <span class='ocrx_word' id='word_1_178' title='bbox 2278 1259 2594 1312; x_wconf 81' lang='lat' dir='ltr'><strong>custodiam</strong></span> <span class='ocrx_word' id='word_1_179' title='bbox 2642 1261 3069 1319; x_wconf 52' lang='lat' dir='ltr'><strong>tlieaaurorulti,</strong></span> <span class='ocrx_word' id='word_1_180' title='bbox 3113 1263 3273 1330; x_wconf 70' lang='lat' dir='ltr'><strong>cujus</strong></span> <span class='ocrx_word' id='word_1_181' title='bbox 3310 1263 3483 1316; x_wconf 81' lang='lat' dir='ltr'><strong>etiam</strong></span> 
     </span>
    </p>
   </div>
   <div class='ocr_carea' id='block_1_27' title="bbox 1882 1346 3485 1419">
    <p class='ocr_par' dir='ltr' id='par_1_27' title="bbox 1882 1346 3485 1419">
     <span class='ocr_line' id='line_1_27' title="bbox 1882 1346 3485 1419; baseline 0.004 -22"><span class='ocrx_word' id='word_1_182' title='bbox 1882 1346 2173 1399; x_wconf 88' lang='lat' dir='ltr'><strong>Gauzfredi</strong></span> <span class='ocrx_word' id='word_1_183' title='bbox 2198 1347 2581 1400; x_wconf 70' lang='lat' dir='ltr'><strong>SOHiCiilldLIIC</strong></span> <span class='ocrx_word' id='word_1_184' title='bbox 2596 1348 3067 1419; x_wconf 65' lang='lat' dir='ltr'><strong>gazophylacium</strong></span> <span class='ocrx_word' id='word_1_185' title='bbox 3086 1350 3377 1419; x_wconf 84' lang='lat' dir='ltr'><strong>lapideum</strong></span> <span class='ocrx_word' id='word_1_186' title='bbox 3400 1354 3485 1403; x_wconf 83' lang='lat' dir='ltr'><strong>est</strong></span> 
     </span>
    </p>
   </div>
   <div class='ocr_carea' id='block_1_28' title="bbox 1882 1437 3489 1507">
    <p class='ocr_par' dir='ltr' id='par_1_28' title="bbox 1882 1437 3489 1507">
     <span class='ocr_line' id='line_1_28' title="bbox 1882 1437 3489 1507; baseline 0.002 -20"><span class='ocrx_word' id='word_1_187' title='bbox 1882 1437 2377 1497; x_wconf 84' lang='lat' dir='ltr'><strong>constructum,ad</strong></span> <span class='ocrx_word' id='word_1_188' title='bbox 2416 1437 2801 1505; x_wconf 73' lang='lat' dir='ltr'><strong>repellendam</strong></span> <span class='ocrx_word' id='word_1_189' title='bbox 2840 1437 3003 1503; x_wconf 64' lang='lat' dir='ltr'><strong>ignis,</strong></span> <span class='ocrx_word' id='word_1_190' title='bbox 3029 1438 3071 1489; x_wconf 86' lang='lat' dir='ltr'><strong>si</strong></span> <span class='ocrx_word' id='word_1_191' title='bbox 3095 1438 3267 1507; x_wconf 75' lang='lat' dir='ltr'><strong>(quod</strong></span> <span class='ocrx_word' id='word_1_192' title='bbox 3292 1439 3489 1507; x_wconf 77' lang='lat' dir='ltr'><strong>absit!)</strong></span> 
     </span>
    </p>
   </div>
   <div class='ocr_carea' id='block_1_29' title="bbox 1882 1522 3479 1599">
    <p class='ocr_par' dir='ltr' id='par_1_29' title="bbox 1882 1522 3479 1599">
     <span class='ocr_line' id='line_1_29' title="bbox 1882 1522 3479 1599; baseline 0.003 -23"><span class='ocrx_word' id='word_1_193' title='bbox 1882 1522 2199 1593; x_wconf 75' lang='lat' dir='ltr'><strong>ingrueret,</strong></span> <span class='ocrx_word' id='word_1_194' title='bbox 2232 1524 2564 1579; x_wconf 83' lang='lat' dir='ltr'><strong>violentiam</strong></span> <span class='ocrx_word' id='word_1_195' title='bbox 2583 1525 2715 1579; x_wconf 81' lang='lat' dir='ltr'><strong>satis</strong></span> <span class='ocrx_word' id='word_1_196' title='bbox 2738 1524 3033 1590; x_wconf 88' lang='lat' dir='ltr'><strong>idoneum,</strong></span> <span class='ocrx_word' id='word_1_197' title='bbox 3057 1528 3350 1581; x_wconf 82' lang='lat' dir='ltr'><strong>eodemde</strong></span> <span class='ocrx_word' id='word_1_198' title='bbox 3367 1546 3479 1599; x_wconf 88' lang='lat' dir='ltr'><strong>quo</strong></span> 
     </span>
    </p>
   </div>
   <div class='ocr_carea' id='block_1_30' title="bbox 1884 1612 3484 1685">
    <p class='ocr_par' dir='ltr' id='par_1_30' title="bbox 1884 1612 3484 1685">
     <span class='ocr_line' id='line_1_30' title="bbox 1884 1612 3484 1685; baseline 0.004 -20"><span class='ocrx_word' id='word_1_199' title='bbox 1884 1612 2175 1683; x_wconf 87' lang='lat' dir='ltr'><strong>loquimur</strong></span> <span class='ocrx_word' id='word_1_200' title='bbox 2199 1614 2511 1667; x_wconf 85' lang='lat' dir='ltr'><strong>venerabili</strong></span> <span class='ocrx_word' id='word_1_201' title='bbox 2532 1618 2692 1685; x_wconf 90' lang='lat' dir='ltr'><strong>patre</strong></span> <span class='ocrx_word' id='word_1_202' title='bbox 2714 1614 2953 1668; x_wconf 84' lang='lat' dir='ltr'><strong>Abbone</strong></span> <span class='ocrx_word' id='word_1_203' title='bbox 2988 1619 3248 1685; x_wconf 85' lang='lat' dir='ltr'><strong>sumptus</strong></span> <span class='ocrx_word' id='word_1_204' title='bbox 3271 1618 3484 1671; x_wconf 88' lang='lat' dir='ltr'><strong>submi-</strong></span> 
     </span>
    </p>
   </div>
   <div class='ocr_carea' id='block_1_31' title="bbox 1885 1701 3489 1776">
    <p class='ocr_par' dir='ltr' id='par_1_31' title="bbox 1885 1701 3489 1776">
     <span class='ocr_line' id='line_1_31' title="bbox 1885 1701 3489 1776; baseline 0.004 -22"><span class='ocrx_word' id='word_1_205' title='bbox 1885 1701 2186 1765; x_wconf 85' lang='lat' dir='ltr'><strong>nistrante,</strong></span> <span class='ocrx_word' id='word_1_206' title='bbox 2207 1703 2276 1755; x_wconf 92' lang='lat' dir='ltr'><strong>de</strong></span> <span class='ocrx_word' id='word_1_207' title='bbox 2295 1702 2452 1771; x_wconf 87' lang='lat' dir='ltr'><strong>cujus</strong></span> <span class='ocrx_word' id='word_1_208' title='bbox 2466 1701 2591 1755; x_wconf 65' lang='lat' dir='ltr'><strong>vitae</strong></span> <span class='ocrx_word' id='word_1_209' title='bbox 2608 1702 2865 1756; x_wconf 86' lang='lat' dir='ltr'><strong>moribus</strong></span> <span class='ocrx_word' id='word_1_210' title='bbox 2879 1704 3169 1774; x_wconf 85' lang='lat' dir='ltr'><strong>ctscriptis</strong></span> <span class='ocrx_word' id='word_1_211' title='bbox 3187 1705 3322 1776; x_wconf 87' lang='lat' dir='ltr'><strong>quia</strong></span> <span class='ocrx_word' id='word_1_212' title='bbox 3341 1707 3489 1759; x_wconf 89' lang='lat' dir='ltr'><strong>mul-</strong></span> 
     </span>
    </p>
   </div>
   <div class='ocr_carea' id='block_1_32' title="bbox 1884 1790 3489 1863">
    <p class='ocr_par' dir='ltr' id='par_1_32' title="bbox 1884 1790 3489 1863">
     <span class='ocr_line' id='line_1_32' title="bbox 1884 1790 3489 1863; baseline 0.004 -21"><span class='ocrx_word' id='word_1_213' title='bbox 1884 1792 1942 1843; x_wconf 87' lang='lat' dir='ltr'><strong>ta</strong></span> <span class='ocrx_word' id='word_1_214' title='bbox 1959 1790 2357 1855; x_wconf 88' lang='lat' dir='ltr'><strong>retulimus,ne</strong></span> <span class='ocrx_word' id='word_1_215' title='bbox 2372 1790 2645 1843; x_wconf 83' lang='lat' dir='ltr'><strong>fastidiosi</strong></span> <span class='ocrx_word' id='word_1_216' title='bbox 2668 1790 2723 1844; x_wconf 90' lang='lat' dir='ltr'><strong>in</strong></span> <span class='ocrx_word' id='word_1_217' title='bbox 2742 1792 3106 1863; x_wconf 88' lang='lat' dir='ltr'><strong>multiloquio</strong></span> <span class='ocrx_word' id='word_1_218' title='bbox 3129 1793 3305 1847; x_wconf 89' lang='lat' dir='ltr'><strong>simus</strong></span> <span class='ocrx_word' id='word_1_219' title='bbox 3321 1795 3489 1849; x_wconf 90' lang='lat' dir='ltr'><strong>lecto-</strong></span> 
     </span>
    </p>
   </div>
   <div class='ocr_carea' id='block_1_33' title="bbox 198 1868 3482 1949">
    <p class='ocr_par' dir='ltr' id='par_1_33' title="bbox 198 1868 3482 1949">
     <span class='ocr_line' id='line_1_33' title="bbox 198 1868 3482 1949; baseline 0.001 -14"><span class='ocrx_word' id='word_1_220' title='bbox 198 1881 389 1935; x_wconf 89' lang='lat' dir='ltr'><strong>cunctis</strong></span> <span class='ocrx_word' id='word_1_221' title='bbox 415 1881 520 1934; x_wconf 89' lang='lat' dir='ltr'><strong>est.</strong></span> <span class='ocrx_word' id='word_1_222' title='bbox 549 1878 609 1933; x_wconf 91' lang='lat' dir='ltr'><strong>Si</strong></span> <span class='ocrx_word' id='word_1_223' title='bbox 642 1895 779 1949; x_wconf 87' lang='lat' dir='ltr'><strong>ergo</strong></span> <span class='ocrx_word' id='word_1_224' title='bbox 797 1878 905 1932; x_wconf 86' lang='lat' dir='ltr'><strong>tuis</strong></span> <span class='ocrx_word' id='word_1_225' title='bbox 921 1895 1024 1932; x_wconf 91' lang='lat' dir='ltr'><strong>nos</strong></span> <span class='ocrx_word' id='word_1_226' title='bbox 1041 1878 1121 1932; x_wconf 90' lang='lat' dir='ltr'><strong>vis</strong></span> <span class='ocrx_word' id='word_1_227' title='bbox 1140 1877 1313 1931; x_wconf 82' lang='lat' dir='ltr'><strong>ﬁdem</strong></span> <span class='ocrx_word' id='word_1_228' title='bbox 1342 1877 1784 1931; x_wconf 86' lang='lat' dir='ltr'><strong>accommodare</strong></span> <span class='ocrx_word' id='word_1_229' title='bbox 1811 1868 1862 1926; x_wconf 90' lang='lat' dir='ltr'><strong>B</strong></span> <span class='ocrx_word' id='word_1_230' title='bbox 1884 1878 1953 1945; x_wconf 91' lang='lat' dir='ltr'><strong>ri,</strong></span> <span class='ocrx_word' id='word_1_231' title='bbox 1978 1880 2184 1948; x_wconf 75' lang='lat' dir='ltr'><strong>stylum</strong></span> <span class='ocrx_word' id='word_1_232' title='bbox 2206 1880 2277 1931; x_wconf 86' lang='lat' dir='ltr'><strong>ad</strong></span> <span class='ocrx_word' id='word_1_233' title='bbox 2299 1879 2420 1948; x_wconf 89' lang='lat' dir='ltr'><strong>ejus</strong></span> <span class='ocrx_word' id='word_1_234' title='bbox 2434 1880 2827 1933; x_wconf 88' lang='lat' dir='ltr'><strong>enarrandum</strong></span> <span class='ocrx_word' id='word_1_235' title='bbox 2843 1885 3133 1935; x_wconf 88' lang='lat' dir='ltr'><strong>vertamus</strong></span> <span class='ocrx_word' id='word_1_236' title='bbox 3154 1884 3482 1939; x_wconf 88' lang='lat' dir='ltr'><strong>transitum.</strong></span> 
     </span>
    </p>
   </div>
   <div class='ocr_carea' id='block_1_34' title="bbox 195 1964 1783 2038">
    <p class='ocr_par' dir='ltr' id='par_1_34' title="bbox 195 1964 1783 2038">
     <span class='ocr_line' id='line_1_34' title="bbox 195 1964 1783 2038; baseline -0.003 -16"><span class='ocrx_word' id='word_1_237' title='bbox 195 1969 557 2028; x_wconf 88' lang='lat' dir='ltr'><strong>sermonibus,</strong></span> <span class='ocrx_word' id='word_1_238' title='bbox 584 1971 900 2038; x_wconf 90' lang='lat' dir='ltr'><strong>postquam</strong></span> <span class='ocrx_word' id='word_1_239' title='bbox 939 1969 993 2020; x_wconf 91' lang='lat' dir='ltr'><strong>te</strong></span> <span class='ocrx_word' id='word_1_240' title='bbox 1022 1966 1111 2019; x_wconf 86' lang='lat' dir='ltr'><strong>his</strong></span> <span class='ocrx_word' id='word_1_241' title='bbox 1143 1965 1461 2037; x_wconf 83' lang='lat' dir='ltr'><strong>perfoderis</strong></span> <span class='ocrx_word' id='word_1_242' title='bbox 1490 1965 1671 2036; x_wconf 86' lang='lat' dir='ltr'><strong>aquis,</strong></span> <span class='ocrx_word' id='word_1_243' title='bbox 1693 1964 1783 2018; x_wconf 90' lang='lat' dir='ltr'><strong>die</strong></span> 
     </span>
    </p>
   </div>
   <div class='ocr_carea' id='block_1_35' title="bbox 198 2053 1782 2126">
    <p class='ocr_par' dir='ltr' id='par_1_35' title="bbox 198 2053 1782 2126">
     <span class='ocr_line' id='line_1_35' title="bbox 198 2053 1782 2126; baseline -0.003 -14"><span class='ocrx_word' id='word_1_244' title='bbox 198 2058 345 2112; x_wconf 87' lang='lat' dir='ltr'><strong>tertia</strong></span> <span class='ocrx_word' id='word_1_245' title='bbox 366 2056 578 2111; x_wconf 87' lang='lat' dir='ltr'><strong>nostris</strong></span> <span class='ocrx_word' id='word_1_246' title='bbox 634 2059 817 2110; x_wconf 88' lang='lat' dir='ltr'><strong>temet</strong></span> <span class='ocrx_word' id='word_1_247' title='bbox 842 2055 1143 2109; x_wconf 90' lang='lat' dir='ltr'><strong>visendum</strong></span> <span class='ocrx_word' id='word_1_248' title='bbox 1188 2057 1539 2126; x_wconf 63' lang='lat' dir='ltr'><strong>repraesenta</strong></span> <span class='ocrx_word' id='word_1_249' title='bbox 1572 2053 1782 2108; x_wconf 88' lang='lat' dir='ltr'><strong>obtuti-</strong></span> 
     </span>
    </p>
   </div>
   <div class='ocr_carea' id='block_1_36' title="bbox 195 2143 1782 2215">
    <p class='ocr_par' dir='ltr' id='par_1_36' title="bbox 195 2143 1782 2215">
     <span class='ocr_line' id='line_1_36' title="bbox 195 2143 1782 2215; baseline -0.003 -15"><span class='ocrx_word' id='word_1_250' title='bbox 195 2147 304 2201; x_wconf 89' lang='lat' dir='ltr'><strong>bus.</strong></span> <span class='ocrx_word' id='word_1_251' title='bbox 322 2168 348 2193; x_wconf 72' lang='grc' dir='ltr'>η</span> <span class='ocrx_word' id='word_1_252' title='bbox 370 2146 525 2199; x_wconf 84' lang='lat' dir='ltr'><strong>Fecit</strong></span> <span class='ocrx_word' id='word_1_253' title='bbox 546 2161 713 2215; x_wconf 68' lang='lat' dir='ltr'><strong>aeger</strong></span> <span class='ocrx_word' id='word_1_254' title='bbox 737 2146 797 2197; x_wconf 89' lang='lat' dir='ltr'><strong>ut</strong></span> <span class='ocrx_word' id='word_1_255' title='bbox 823 2143 927 2197; x_wconf 85' lang='lat' dir='ltr'><strong>sibi</strong></span> <span class='ocrx_word' id='word_1_256' title='bbox 961 2143 1374 2214; x_wconf 86' lang='lat' dir='ltr'><strong>imperabatur,</strong></span> <span class='ocrx_word' id='word_1_257' title='bbox 1408 2146 1464 2197; x_wconf 91' lang='lat' dir='ltr'><strong>et</strong></span> <span class='ocrx_word' id='word_1_258' title='bbox 1489 2159 1618 2195; x_wconf 89' lang='lat' dir='ltr'><strong>ecce</strong></span> <span class='ocrx_word' id='word_1_259' title='bbox 1651 2144 1782 2196; x_wconf 90' lang='lat' dir='ltr'><strong>ante</strong></span> 
     </span>
    </p>
   </div>
   <div class='ocr_carea' id='block_1_37' title="bbox 198 2230 1782 2303">
    <p class='ocr_par' dir='ltr' id='par_1_37' title="bbox 198 2230 1782 2303">
     <span class='ocr_line' id='line_1_37' title="bbox 198 2230 1782 2303; baseline -0.003 -16"><span class='ocrx_word' id='word_1_260' title='bbox 198 2236 491 2289; x_wconf 86' lang='lat' dir='ltr'><strong>transactos</strong></span> <span class='ocrx_word' id='word_1_261' title='bbox 536 2232 772 2303; x_wconf 69' lang='lat' dir='ltr'><strong>praefati</strong></span> <span class='ocrx_word' id='word_1_262' title='bbox 816 2231 1051 2285; x_wconf 89' lang='lat' dir='ltr'><strong>termini</strong></span> <span class='ocrx_word' id='word_1_263' title='bbox 1086 2233 1251 2298; x_wconf 90' lang='lat' dir='ltr'><strong>soles,</strong></span> <span class='ocrx_word' id='word_1_264' title='bbox 1288 2231 1504 2285; x_wconf 90' lang='lat' dir='ltr'><strong>dudum</strong></span> <span class='ocrx_word' id='word_1_265' title='bbox 1537 2230 1782 2285; x_wconf 88' lang='lat' dir='ltr'><strong>discolor</strong></span> 
     </span>
    </p>
   </div>
   <div class='ocr_carea' id='block_1_38' title="bbox 196 2320 1780 2392">
    <p class='ocr_par' dir='ltr' id='par_1_38' title="bbox 196 2320 1780 2392">
     <span class='ocr_line' id='line_1_38' title="bbox 196 2320 1780 2392; baseline -0.001 -17"><span class='ocrx_word' id='word_1_266' title='bbox 196 2322 386 2376; x_wconf 89' lang='lat' dir='ltr'><strong>cunctis</strong></span> <span class='ocrx_word' id='word_1_267' title='bbox 416 2321 679 2376; x_wconf 79' lang='lat' dir='ltr'><strong>naturali</strong></span> <span class='ocrx_word' id='word_1_268' title='bbox 718 2321 1004 2375; x_wconf 64' lang='lat' dir='ltr'><strong>visebatur</strong></span> <span class='ocrx_word' id='word_1_269' title='bbox 1053 2321 1318 2376; x_wconf 89' lang='lat' dir='ltr'><strong>reinduta</strong></span> <span class='ocrx_word' id='word_1_270' title='bbox 1366 2322 1425 2392; x_wconf 83' lang='grc' dir='ltr'><strong>[ἰ.</strong></span> <span class='ocrx_word' id='word_1_271' title='bbox 1459 2320 1780 2380; x_wconf 87' lang='lat' dir='ltr'><strong>reindutusl</strong></span> 
     </span>
    </p>
   </div>
   <div class='ocr_carea' id='block_1_39' title="bbox 193 2408 1778 2481">
    <p class='ocr_par' dir='ltr' id='par_1_39' title="bbox 193 2408 1778 2481">
     <span class='ocr_line' id='line_1_39' title="bbox 193 2408 1778 2481; baseline -0.003 -17"><span class='ocrx_word' id='word_1_272' title='bbox 193 2410 375 2481; x_wconf 87' lang='lat' dir='ltr'><strong>specie.</strong></span> <span class='ocrx_word' id='word_1_273' title='bbox 407 2410 576 2474; x_wconf 88' lang='lat' dir='ltr'><strong>Quod</strong></span> <span class='ocrx_word' id='word_1_274' title='bbox 625 2409 717 2464; x_wconf 92' lang='lat' dir='ltr'><strong>ubi</strong></span> <span class='ocrx_word' id='word_1_275' title='bbox 757 2409 919 2463; x_wconf 87' lang='lat' dir='ltr'><strong>fratri</strong></span> <span class='ocrx_word' id='word_1_276' title='bbox 968 2409 1046 2463; x_wconf 89' lang='lat' dir='ltr'><strong>illi</strong></span> <span class='ocrx_word' id='word_1_277' title='bbox 1081 2409 1484 2481; x_wconf 86' lang='lat' dir='ltr'><strong>perspicaciter</strong></span> <span class='ocrx_word' id='word_1_278' title='bbox 1511 2408 1778 2463; x_wconf 88' lang='lat' dir='ltr'><strong>credibile</strong></span> 
     </span>
    </p>
   </div>
   <div class='ocr_carea' id='block_1_40' title="bbox 194 2496 1781 2568">
    <p class='ocr_par' dir='ltr' id='par_1_40' title="bbox 194 2496 1781 2568">
     <span class='ocr_line' id='line_1_40' title="bbox 194 2496 1781 2568; baseline 0.001 -18"><span class='ocrx_word' id='word_1_279' title='bbox 194 2498 452 2568; x_wconf 86' lang='lat' dir='ltr'><strong>apparuit,</strong></span> <span class='ocrx_word' id='word_1_280' title='bbox 473 2514 619 2552; x_wconf 72' lang='lat' dir='ltr'><strong>mox</strong></span> <span class='ocrx_word' id='word_1_281' title='bbox 639 2497 865 2552; x_wconf 89' lang='lat' dir='ltr'><strong>homini</strong></span> <span class='ocrx_word' id='word_1_282' title='bbox 881 2497 977 2552; x_wconf 88' lang='lat' dir='ltr'><strong>Dei</strong></span> <span class='ocrx_word' id='word_1_283' title='bbox 999 2514 1125 2568; x_wconf 73' lang='lat' dir='ltr'><strong>qua:</strong></span> <span class='ocrx_word' id='word_1_284' title='bbox 1142 2498 1369 2551; x_wconf 88' lang='lat' dir='ltr'><strong>fuerant</strong></span> <span class='ocrx_word' id='word_1_285' title='bbox 1387 2496 1781 2551; x_wconf 87' lang='lat' dir='ltr'><strong>actaindicare</strong></span> 
     </span>
    </p>
   </div>
   <div class='ocr_carea' id='block_1_41' title="bbox 193 2585 1781 2657">
    <p class='ocr_par' dir='ltr' id='par_1_41' title="bbox 193 2585 1781 2657">
     <span class='ocr_line' id='line_1_41' title="bbox 193 2585 1781 2657; baseline 0 -18"><span class='ocrx_word' id='word_1_286' title='bbox 193 2587 413 2654; x_wconf 86' lang='lat' dir='ltr'><strong>curavit;</strong></span> <span class='ocrx_word' id='word_1_287' title='bbox 447 2604 480 2640; x_wconf 89' lang='lat' dir='ltr'><strong>a</strong></span> <span class='ocrx_word' id='word_1_288' title='bbox 511 2602 641 2657; x_wconf 87' lang='lat' dir='ltr'><strong>quo</strong></span> <span class='ocrx_word' id='word_1_289' title='bbox 661 2586 764 2640; x_wconf 89' lang='lat' dir='ltr'><strong>sub</strong></span> <span class='ocrx_word' id='word_1_290' title='bbox 797 2587 1033 2641; x_wconf 90' lang='lat' dir='ltr'><strong>terribili</strong></span> <span class='ocrx_word' id='word_1_291' title='bbox 1067 2585 1781 2641; x_wconf 83' lang='lat' dir='ltr'><strong>Christinominisinvoca-</strong></span> 
     </span>
    </p>
   </div>
   <div class='ocr_carea' id='block_1_42' title="bbox 194 2673 1779 2746">
    <p class='ocr_par' dir='ltr' id='par_1_42' title="bbox 194 2673 1779 2746">
     <span class='ocr_line' id='line_1_42' title="bbox 194 2673 1779 2746; baseline 0.001 -20"><span class='ocrx_word' id='word_1_292' title='bbox 194 2673 328 2729; x_wconf 86' lang='lat' dir='ltr'><strong>tione</strong></span> <span class='ocrx_word' id='word_1_293' title='bbox 364 2676 748 2730; x_wconf 87' lang='lat' dir='ltr'><strong>interdictum</strong></span> <span class='ocrx_word' id='word_1_294' title='bbox 795 2676 1040 2746; x_wconf 85' lang='lat' dir='ltr'><strong>suscepit</strong></span> <span class='ocrx_word' id='word_1_295' title='bbox 1087 2693 1159 2729; x_wconf 91' lang='lat' dir='ltr'><strong>ne</strong></span> <span class='ocrx_word' id='word_1_296' title='bbox 1189 2676 1298 2730; x_wconf 91' lang='lat' dir='ltr'><strong>hoc</strong></span> <span class='ocrx_word' id='word_1_297' title='bbox 1346 2675 1443 2729; x_wconf 91' lang='lat' dir='ltr'><strong>ulli</strong></span> <span class='ocrx_word' id='word_1_298' title='bbox 1472 2674 1779 2729; x_wconf 84' lang='lat' dir='ltr'><strong>hominum</strong></span> 
     </span>
    </p>
   </div>
   <div class='ocr_carea' id='block_1_43' title="bbox 193 2762 1782 2835">
    <p class='ocr_par' dir='ltr' id='par_1_43' title="bbox 193 2762 1782 2835">
     <span class='ocr_line' id='line_1_43' title="bbox 193 2762 1782 2835; baseline 0.001 -20"><span class='ocrx_word' id='word_1_299' title='bbox 193 2762 293 2833; x_wconf 90' lang='lat' dir='ltr'><strong>ipse</strong></span> <span class='ocrx_word' id='word_1_300' title='bbox 309 2765 385 2817; x_wconf 88' lang='lat' dir='ltr'><strong>vel</strong></span> <span class='ocrx_word' id='word_1_301' title='bbox 404 2764 447 2817; x_wconf 87' lang='lat' dir='ltr'><strong>is</strong></span> <span class='ocrx_word' id='word_1_302' title='bbox 476 2764 578 2835; x_wconf 88' lang='lat' dir='ltr'><strong>qui</strong></span> <span class='ocrx_word' id='word_1_303' title='bbox 612 2767 844 2818; x_wconf 87' lang='lat' dir='ltr'><strong>sanatus</strong></span> <span class='ocrx_word' id='word_1_304' title='bbox 860 2763 1506 2829; x_wconf 87' lang='lat' dir='ltr'><strong>fueratinnoteseerent,</strong></span> <span class='ocrx_word' id='word_1_305' title='bbox 1527 2763 1782 2834; x_wconf 89' lang='lat' dir='ltr'><strong>quandiu</strong></span> 
     </span>
    </p>
   </div>
   <div class='ocr_carea' id='block_1_44' title="bbox 193 2850 1779 2924">
    <p class='ocr_par' dir='ltr' id='par_1_44' title="bbox 193 2850 1779 2924">
     <span class='ocr_line' id='line_1_44' title="bbox 193 2850 1779 2924; baseline 0.001 -21"><span class='ocrx_word' id='word_1_306' title='bbox 193 2850 294 2921; x_wconf 85' lang='lat' dir='ltr'><strong>ipse</strong></span> <span class='ocrx_word' id='word_1_307' title='bbox 316 2856 538 2907; x_wconf 88' lang='lat' dir='ltr'><strong>sanctus</strong></span> <span class='ocrx_word' id='word_1_308' title='bbox 560 2854 631 2907; x_wconf 89' lang='lat' dir='ltr'><strong>in</strong></span> <span class='ocrx_word' id='word_1_309' title='bbox 663 2869 904 2923; x_wconf 89' lang='lat' dir='ltr'><strong>corpore</strong></span> <span class='ocrx_word' id='word_1_310' title='bbox 934 2856 1218 2907; x_wconf 81' lang='lat' dir='ltr'><strong>maneret.</strong></span> <span class='ocrx_word' id='word_1_311' title='bbox 1246 2855 1307 2906; x_wconf 90' lang='lat' dir='ltr'><strong>In</strong></span> <span class='ocrx_word' id='word_1_312' title='bbox 1340 2871 1454 2924; x_wconf 88' lang='lat' dir='ltr'><strong>qua</strong></span> <span class='ocrx_word' id='word_1_313' title='bbox 1476 2870 1536 2907; x_wconf 93' lang='lat' dir='ltr'><strong>re</strong></span> <span class='ocrx_word' id='word_1_314' title='bbox 1552 2852 1779 2907; x_wconf 90' lang='lat' dir='ltr'><strong>Domini</strong></span> 
     </span>
    </p>
   </div>
   <div class='ocr_carea' id='block_1_45' title="bbox 195 2938 1780 3013">
    <p class='ocr_par' dir='ltr' id='par_1_45' title="bbox 195 2938 1780 3013">
     <span class='ocr_line' id='line_1_45' title="bbox 195 2938 1780 3013; baseline 0.002 -21"><span class='ocrx_word' id='word_1_315' title='bbox 195 2938 373 2994; x_wconf 83' lang='lat' dir='ltr'><strong>Christi</strong></span> <span class='ocrx_word' id='word_1_316' title='bbox 416 2946 471 2995; x_wconf 89' lang='lat' dir='ltr'><strong>et</strong></span> <span class='ocrx_word' id='word_1_317' title='bbox 515 2941 932 3011; x_wconf 81' lang='lat' dir='ltr'><strong>Redemptoris</strong></span> <span class='ocrx_word' id='word_1_318' title='bbox 968 2942 1147 2995; x_wconf 89' lang='lat' dir='ltr'><strong>nostri</strong></span> <span class='ocrx_word' id='word_1_319' title='bbox 1172 2941 1428 2996; x_wconf 88' lang='lat' dir='ltr'><strong>imitatus</strong></span> <span class='ocrx_word' id='word_1_320' title='bbox 1453 2942 1780 3013; x_wconf 78' lang='lat' dir='ltr'><strong>exemplum</strong></span> 
     </span>
    </p>
   </div>
   <div class='ocr_carea' id='block_1_46' title="bbox 194 3031 1780 3102">
    <p class='ocr_par' dir='ltr' id='par_1_46' title="bbox 194 3031 1780 3102">
     <span class='ocr_line' id='line_1_46' title="bbox 194 3031 1780 3102; baseline 0.001 -20"><span class='ocrx_word' id='word_1_321' title='bbox 194 3033 282 3093; x_wconf 87' lang='lat' dir='ltr'><strong>est,</strong></span> <span class='ocrx_word' id='word_1_322' title='bbox 308 3031 419 3101; x_wconf 86' lang='lat' dir='ltr'><strong>qui,</strong></span> <span class='ocrx_word' id='word_1_323' title='bbox 451 3036 733 3086; x_wconf 81' lang='lat' dir='ltr'><strong>sanatum</strong></span> <span class='ocrx_word' id='word_1_324' title='bbox 765 3047 799 3083; x_wconf 90' lang='lat' dir='ltr'><strong>a</strong></span> <span class='ocrx_word' id='word_1_325' title='bbox 829 3048 886 3083; x_wconf 91' lang='lat' dir='ltr'><strong>se</strong></span> <span class='ocrx_word' id='word_1_326' title='bbox 919 3032 1217 3101; x_wconf 86' lang='lat' dir='ltr'><strong>alloquens</strong></span> <span class='ocrx_word' id='word_1_327' title='bbox 1275 3032 1587 3102; x_wconf 88' lang='lat' dir='ltr'><strong>leprosum,</strong></span> <span class='ocrx_word' id='word_1_328' title='bbox 1628 3032 1780 3097; x_wconf 76' lang='lat' dir='ltr'><strong>Vide,</strong></span> 
     </span>
    </p>
   </div>
   <div class='ocr_carea' id='block_1_47' title="bbox 1955 1967 3483 2037">
    <p class='ocr_par' dir='ltr' id='par_1_47' title="bbox 1955 1967 3483 2037">
     <span class='ocr_line' id='line_1_47' title="bbox 1955 1967 3483 2037; baseline 0.003 -16"><span class='ocrx_word' id='word_1_329' title='bbox 1955 1967 2231 2021; x_wconf 73' lang='lat' dir='ltr'><strong>C.-\P.XVL</strong></span> <span class='ocrx_word' id='word_1_330' title='bbox 2256 1967 2477 2036; x_wconf 49' lang='lat' dir='ltr'><strong>Regula)</strong></span> <span class='ocrx_word' id='word_1_331' title='bbox 2499 1970 2875 2021; x_wconf 60' lang='lat' dir='ltr'><strong>manavit-rium</strong></span> <span class='ocrx_word' id='word_1_332' title='bbox 2921 1971 3309 2037; x_wconf 58' lang='lat' dir='ltr'><strong>reformationis</strong></span> <span class='ocrx_word' id='word_1_333' title='bbox 3350 1973 3483 2027; x_wconf 66' lang='grc' dir='ltr'><strong>(υἱέε.</strong></span> 
     </span>
    </p>
   </div>
   <div class='ocr_carea' id='block_1_48' title="bbox 1880 2053 3487 2126">
    <p class='ocr_par' dir='ltr' id='par_1_48' title="bbox 1880 2053 3487 2126">
     <span class='ocr_line' id='line_1_48' title="bbox 1880 2053 3487 2126; baseline 0.004 -19"><span class='ocrx_word' id='word_1_334' title='bbox 1880 2053 2019 2108; x_wconf 82' lang='lat' dir='ltr'><strong>Suos</strong></span> <span class='ocrx_word' id='word_1_335' title='bbox 2051 2056 2126 2108; x_wconf 81' lang='lat' dir='ltr'><strong>ibi</strong></span> <span class='ocrx_word' id='word_1_336' title='bbox 2150 2056 2423 2126; x_wconf 73' lang='lat' dir='ltr'><strong>relinquit.</strong></span> <span class='ocrx_word' id='word_1_337' title='bbox 2452 2087 2522 2095; x_wconf 91' lang='lat'><strong>——</strong></span> <span class='ocrx_word' id='word_1_338' title='bbox 2548 2056 2725 2124; x_wconf 75' lang='lat' dir='ltr'><strong>Igitur</strong></span> <span class='ocrx_word' id='word_1_339' title='bbox 2752 2072 2880 2109; x_wconf 89' lang='lat' dir='ltr'><strong>cum</strong></span> <span class='ocrx_word' id='word_1_340' title='bbox 2922 2056 3013 2109; x_wconf 88' lang='lat' dir='ltr'><strong>hic</strong></span> <span class='ocrx_word' id='word_1_341' title='bbox 3066 2060 3179 2112; x_wconf 82' lang='lat' dir='ltr'><strong>Deo</strong></span> <span class='ocrx_word' id='word_1_342' title='bbox 3221 2059 3487 2114; x_wconf 84' lang='lat' dir='ltr'><strong>amabilis</strong></span> 
     </span>
    </p>
   </div>
   <div class='ocr_carea' id='block_1_49' title="bbox 1882 2143 3486 2215">
    <p class='ocr_par' dir='ltr' id='par_1_49' title="bbox 1882 2143 3486 2215">
     <span class='ocr_line' id='line_1_49' title="bbox 1882 2143 3486 2215; baseline 0.004 -19"><span class='ocrx_word' id='word_1_343' title='bbox 1882 2143 2326 2215; x_wconf 82' lang='lat' dir='ltr'><strong>hominibusque</strong></span> <span class='ocrx_word' id='word_1_344' title='bbox 2344 2143 2686 2197; x_wconf 86' lang='lat' dir='ltr'><strong>venerabilis</strong></span> <span class='ocrx_word' id='word_1_345' title='bbox 2703 2145 2862 2198; x_wconf 79' lang='lat' dir='ltr'><strong>Abbo</strong></span> <span class='ocrx_word' id='word_1_346' title='bbox 2880 2162 2980 2215; x_wconf 87' lang='lat' dir='ltr'><strong>per</strong></span> <span class='ocrx_word' id='word_1_347' title='bbox 2992 2146 3276 2199; x_wconf 79' lang='lat' dir='ltr'><strong>sexdecim</strong></span> <span class='ocrx_word' id='word_1_348' title='bbox 3301 2164 3486 2202; x_wconf 88' lang='lat' dir='ltr'><strong>annos</strong></span> 
     </span>
    </p>
   </div>
   <div class='ocr_carea' id='block_1_50' title="bbox 1882 2231 3479 2304">
    <p class='ocr_par' dir='ltr' id='par_1_50' title="bbox 1882 2231 3479 2304">
     <span class='ocr_line' id='line_1_50' title="bbox 1882 2231 3479 2304; baseline 0.003 -19"><span class='ocrx_word' id='word_1_349' title='bbox 1882 2232 2256 2286; x_wconf 89' lang='lat' dir='ltr'><strong>continuosin</strong></span> <span class='ocrx_word' id='word_1_350' title='bbox 2280 2249 2311 2284; x_wconf 91' lang='lat' dir='ltr'><strong>a</strong></span> <span class='ocrx_word' id='word_1_351' title='bbox 2340 2233 2456 2285; x_wconf 85' lang='lat' dir='ltr'><strong>Deo</strong></span> <span class='ocrx_word' id='word_1_352' title='bbox 2489 2231 2593 2285; x_wconf 88' lang='lat' dir='ltr'><strong>sibi</strong></span> <span class='ocrx_word' id='word_1_353' title='bbox 2617 2232 2924 2287; x_wconf 82' lang='lat' dir='ltr'><strong>commisso</strong></span> <span class='ocrx_word' id='word_1_354' title='bbox 2956 2234 3223 2304; x_wconf 87' lang='lat' dir='ltr'><strong>pastorali</strong></span> <span class='ocrx_word' id='word_1_355' title='bbox 3248 2238 3479 2289; x_wconf 83' lang='lat' dir='ltr'><strong>strenue</strong></span> 
     </span>
    </p>
   </div>
   <div class='ocr_carea' id='block_1_51' title="bbox 1880 2320 3481 2391">
    <p class='ocr_par' dir='ltr' id='par_1_51' title="bbox 1880 2320 3481 2391">
     <span class='ocr_line' id='line_1_51' title="bbox 1880 2320 3481 2391; baseline 0.003 -17"><span class='ocrx_word' id='word_1_356' title='bbox 1880 2320 2209 2374; x_wconf 82' lang='lat' dir='ltr'><strong>desudasset</strong></span> <span class='ocrx_word' id='word_1_357' title='bbox 2230 2320 2439 2374; x_wconf 83' lang='lat' dir='ltr'><strong>ofﬁcio.</strong></span> <span class='ocrx_word' id='word_1_358' title='bbox 2475 2320 2831 2373; x_wconf 73' lang='lat' dir='ltr'><strong>Wasconiam</strong></span> <span class='ocrx_word' id='word_1_359' title='bbox 2864 2322 3259 2391; x_wconf 81' lang='lat' dir='ltr'><strong>proficiscitur.</strong></span> <span class='ocrx_word' id='word_1_360' title='bbox 3292 2325 3385 2376; x_wconf 75' lang='lat' dir='ltr'><strong>Est</strong></span> <span class='ocrx_word' id='word_1_361' title='bbox 3424 2324 3481 2379; x_wconf 90' lang='lat' dir='ltr'><strong>in</strong></span> 
     </span>
    </p>
   </div>
   <div class='ocr_carea' id='block_1_52' title="bbox 1880 2408 3484 2481">
    <p class='ocr_par' dir='ltr' id='par_1_52' title="bbox 1880 2408 3484 2481">
     <span class='ocr_line' id='line_1_52' title="bbox 1880 2408 3484 2481; baseline 0.003 -20"><span class='ocrx_word' id='word_1_362' title='bbox 1880 2408 1988 2461; x_wconf 82' lang='lat' dir='ltr'><strong>illis</strong></span> <span class='ocrx_word' id='word_1_363' title='bbox 2012 2409 2267 2478; x_wconf 87' lang='lat' dir='ltr'><strong>partibus</strong></span> <span class='ocrx_word' id='word_1_364' title='bbox 2300 2409 2716 2462; x_wconf 69' lang='lat' dir='ltr'><strong>monasterium</strong></span> <span class='ocrx_word' id='word_1_365' title='bbox 2736 2410 3028 2480; x_wconf 88' lang='lat' dir='ltr'><strong>quoddam</strong></span> <span class='ocrx_word' id='word_1_366' title='bbox 3064 2410 3349 2481; x_wconf 84' lang='lat' dir='ltr'><strong>Squirs,ut</strong></span> <span class='ocrx_word' id='word_1_367' title='bbox 3372 2412 3484 2466; x_wconf 87' lang='lat' dir='ltr'><strong>fer-</strong></span> 
     </span>
    </p>
   </div>
   <div class='ocr_carea' id='block_1_53' title="bbox 1878 2496 3481 2568">
    <p class='ocr_par' dir='ltr' id='par_1_53' title="bbox 1878 2496 3481 2568">
     <span class='ocr_line' id='line_1_53' title="bbox 1878 2496 3481 2568; baseline 0.002 -18"><span class='ocrx_word' id='word_1_368' title='bbox 1878 2500 1993 2563; x_wconf 89' lang='lat' dir='ltr'><strong>tur,</strong></span> <span class='ocrx_word' id='word_1_369' title='bbox 2026 2497 2345 2568; x_wconf 89' lang='lat' dir='ltr'><strong>antiqnitus</strong></span> <span class='ocrx_word' id='word_1_370' title='bbox 2376 2496 2741 2551; x_wconf 88' lang='lat' dir='ltr'><strong>nominatum</strong></span> <span class='ocrx_word' id='word_1_371' title='bbox 2766 2516 2779 2563; x_wconf 83' lang='lat'><strong>;</strong></span> <span class='ocrx_word' id='word_1_372' title='bbox 2801 2514 2833 2551; x_wconf 93' lang='lat' dir='ltr'><strong>a</strong></span> <span class='ocrx_word' id='word_1_373' title='bbox 2855 2498 3171 2564; x_wconf 87' lang='lat' dir='ltr'><strong>modernis,</strong></span> <span class='ocrx_word' id='word_1_374' title='bbox 3192 2502 3481 2555; x_wconf 86' lang='lat' dir='ltr'><strong>contrario</strong></span> 
     </span>
    </p>
   </div>
   <div class='ocr_carea' id='block_1_54' title="bbox 1882 2587 3482 2660">
    <p class='ocr_par' dir='ltr' id='par_1_54' title="bbox 1882 2587 3482 2660">
     <span class='ocr_line' id='line_1_54' title="bbox 1882 2587 3482 2660; baseline 0.002 -21"><span class='ocrx_word' id='word_1_375' title='bbox 1882 2603 2033 2640; x_wconf 89' lang='lat' dir='ltr'><strong>nunc</strong></span> <span class='ocrx_word' id='word_1_376' title='bbox 2068 2587 2365 2651; x_wconf 85' lang='lat' dir='ltr'><strong>vocabulo,</strong></span> <span class='ocrx_word' id='word_1_377' title='bbox 2422 2587 2640 2655; x_wconf 71' lang='lat' dir='ltr'><strong>Regula</strong></span> <span class='ocrx_word' id='word_1_378' title='bbox 2689 2587 3018 2641; x_wconf 87' lang='lat' dir='ltr'><strong>vocitatum.</strong></span> <span class='ocrx_word' id='word_1_379' title='bbox 3067 2588 3231 2641; x_wconf 89' lang='lat' dir='ltr'><strong>Nulla</strong></span> <span class='ocrx_word' id='word_1_380' title='bbox 3270 2589 3482 2660; x_wconf 87' lang='lat' dir='ltr'><strong>quippe</strong></span> 
     </span>
    </p>
   </div>
   <div class='ocr_carea' id='block_1_55' title="bbox 1878 2675 3487 2745">
    <p class='ocr_par' dir='ltr' id='par_1_55' title="bbox 1878 2675 3487 2745">
     <span class='ocr_line' id='line_1_55' title="bbox 1878 2675 3487 2745; baseline 0.002 -17"><span class='ocrx_word' id='word_1_381' title='bbox 1878 2675 2174 2745; x_wconf 80' lang='lat' dir='ltr'><strong>religionis</strong></span> <span class='ocrx_word' id='word_1_382' title='bbox 2194 2676 2585 2739; x_wconf 87' lang='lat' dir='ltr'><strong>norma,nulla</strong></span> <span class='ocrx_word' id='word_1_383' title='bbox 2598 2678 2696 2728; x_wconf 89' lang='lat' dir='ltr'><strong>aut</strong></span> <span class='ocrx_word' id='word_1_384' title='bbox 2710 2692 2838 2729; x_wconf 89' lang='lat' dir='ltr'><strong>rara</strong></span> <span class='ocrx_word' id='word_1_385' title='bbox 2855 2676 3022 2729; x_wconf 63' lang='lat' dir='ltr'><strong>bonae</strong></span> <span class='ocrx_word' id='word_1_386' title='bbox 3036 2676 3487 2731; x_wconf 81' lang='lat' dir='ltr'><strong>conversationis</strong></span> 
     </span>
    </p>
   </div>
   <div class='ocr_carea' id='block_1_56' title="bbox 1882 2764 3485 2836">
    <p class='ocr_par' dir='ltr' id='par_1_56' title="bbox 1882 2764 3485 2836">
     <span class='ocr_line' id='line_1_56' title="bbox 1882 2764 3485 2836; baseline 0.002 -20"><span class='ocrx_word' id='word_1_387' title='bbox 1882 2764 2083 2817; x_wconf 87' lang='lat' dir='ltr'><strong>saltem</strong></span> <span class='ocrx_word' id='word_1_388' title='bbox 2108 2764 2345 2834; x_wconf 83' lang='lat' dir='ltr'><strong>vestigia</strong></span> <span class='ocrx_word' id='word_1_389' title='bbox 2374 2780 2548 2835; x_wconf 86' lang='lat' dir='ltr'><strong>usque</strong></span> <span class='ocrx_word' id='word_1_390' title='bbox 2587 2765 2658 2817; x_wconf 90' lang='lat' dir='ltr'><strong>ad</strong></span> <span class='ocrx_word' id='word_1_391' title='bbox 2690 2765 2811 2817; x_wconf 70' lang='lat' dir='ltr'><strong>lucc</strong></span> <span class='ocrx_word' id='word_1_392' title='bbox 2838 2764 2897 2817; x_wconf 91' lang='lat' dir='ltr'><strong>in</strong></span> <span class='ocrx_word' id='word_1_393' title='bbox 2928 2765 3131 2818; x_wconf 88' lang='lat' dir='ltr'><strong>eodem</strong></span> <span class='ocrx_word' id='word_1_394' title='bbox 3152 2765 3276 2819; x_wconf 88' lang='lat' dir='ltr'><strong>loco</strong></span> <span class='ocrx_word' id='word_1_395' title='bbox 3307 2781 3485 2836; x_wconf 88' lang='lat' dir='ltr'><strong>appa-</strong></span> 
     </span>
    </p>
   </div>
   <div class='ocr_carea' id='block_1_57' title="bbox 1881 2852 3488 2923">
    <p class='ocr_par' dir='ltr' id='par_1_57' title="bbox 1881 2852 3488 2923">
     <span class='ocr_line' id='line_1_57' title="bbox 1881 2852 3488 2923; baseline 0.001 -18"><span class='ocrx_word' id='word_1_396' title='bbox 1881 2868 2048 2906; x_wconf 90' lang='lat' dir='ltr'><strong>ruere</strong></span> <span class='ocrx_word' id='word_1_397' title='bbox 2073 2856 2184 2905; x_wconf 91' lang='lat' dir='ltr'><strong>tem</strong></span> <span class='ocrx_word' id='word_1_398' title='bbox 2197 2870 2355 2923; x_wconf 88' lang='lat' dir='ltr'><strong>pora.</strong></span> <span class='ocrx_word' id='word_1_399' title='bbox 2377 2854 2434 2906; x_wconf 92' lang='lat' dir='ltr'><strong>ld</strong></span> <span class='ocrx_word' id='word_1_400' title='bbox 2457 2852 3129 2907; x_wconf 83' lang='lat' dir='ltr'><strong>GuillelmusSanctionis</strong></span> <span class='ocrx_word' id='word_1_401' title='bbox 3152 2854 3319 2920; x_wconf 82' lang='lat' dir='ltr'><strong>filius,</strong></span> <span class='ocrx_word' id='word_1_402' title='bbox 3356 2855 3488 2908; x_wconf 86' lang='lat' dir='ltr'><strong>Bur-</strong></span> 
     </span>
    </p>
   </div>
   <div class='ocr_carea' id='block_1_58' title="bbox 1885 2940 3487 3010">
    <p class='ocr_par' dir='ltr' id='par_1_58' title="bbox 1885 2940 3487 3010">
     <span class='ocr_line' id='line_1_58' title="bbox 1885 2940 3487 3010; baseline 0.002 -17"><span class='ocrx_word' id='word_1_403' title='bbox 1885 2940 2487 3010; x_wconf 78' lang='lat' dir='ltr'><strong>degalensiumeomes</strong></span> <span class='ocrx_word' id='word_1_404' title='bbox 2501 2958 2563 2993; x_wconf 89' lang='lat' dir='ltr'><strong>ac</strong></span> <span class='ocrx_word' id='word_1_405' title='bbox 2584 2941 2754 2994; x_wconf 85' lang='lat' dir='ltr'><strong>totius</strong></span> <span class='ocrx_word' id='word_1_406' title='bbox 2772 2942 3103 2995; x_wconf 67' lang='lat' dir='ltr'><strong>Gnasconize</strong></span> <span class='ocrx_word' id='word_1_407' title='bbox 3129 2943 3261 3009; x_wconf 81' lang='lat' dir='ltr'><strong>dux,</strong></span> <span class='ocrx_word' id='word_1_408' title='bbox 3292 2943 3487 2997; x_wconf 86' lang='lat' dir='ltr'><strong>audita</strong></span> 
     </span>
    </p>
   </div>
   <div class='ocr_carea' id='block_1_59' title="bbox 1881 3029 3486 3099">
    <p class='ocr_par' dir='ltr' id='par_1_59' title="bbox 1881 3029 3486 3099">
     <span class='ocr_line' id='line_1_59' title="bbox 1881 3029 3486 3099; baseline 0.002 -17"><span class='ocrx_word' id='word_1_409' title='bbox 1881 3030 2039 3083; x_wconf 89' lang='lat' dir='ltr'><strong>fama</strong></span> <span class='ocrx_word' id='word_1_410' title='bbox 2069 3029 2347 3099; x_wconf 69' lang='lat' dir='ltr'><strong>religiosa:</strong></span> <span class='ocrx_word' id='word_1_411' title='bbox 2379 3030 2506 3083; x_wconf 67' lang='lat' dir='ltr'><strong>vitm</strong></span> <span class='ocrx_word' id='word_1_412' title='bbox 2525 3030 2725 3083; x_wconf 89' lang='lat' dir='ltr'><strong>domui</strong></span> <span class='ocrx_word' id='word_1_413' title='bbox 2745 3030 3007 3084; x_wconf 79' lang='lat' dir='ltr'><strong>Ricliardi</strong></span> <span class='ocrx_word' id='word_1_414' title='bbox 3042 3032 3486 3089; x_wconf 78' lang='lat' dir='ltr'><strong>Floriaccnsinm</strong></span> 
     </span>
    </p>
   </div>
   <div class='ocr_carea' id='block_1_60' title="bbox 194 3116 3481 3214">
    <p class='ocr_par' dir='ltr' id='par_1_60' title="bbox 194 3116 3481 3214">
     <span class='ocr_line' id='line_1_60' title="bbox 194 3116 3481 3214; baseline 0.002 -44"><span class='ocrx_word' id='word_1_415' title='bbox 194 3116 276 3181; x_wconf 86' lang='lat' dir='ltr'><strong>ait,</strong></span> <span class='ocrx_word' id='word_1_416' title='bbox 304 3122 499 3173; x_wconf 70' lang='lat' dir='ltr'><strong>nemini</strong></span> <span class='ocrx_word' id='word_1_417' title='bbox 520 3121 730 3173; x_wconf 72' lang='lat' dir='ltr'><strong>dixeris</strong></span> <span class='ocrx_word' id='word_1_418' title='bbox 767 3118 991 3187; x_wconf 71' lang='lat' dir='ltr'><strong>(Matth.</strong></span> <span class='ocrx_word' id='word_1_419' title='bbox 1027 3137 1141 3186; x_wconf 84' lang='lat' dir='ltr'><strong>vm,</strong></span> <span class='ocrx_word' id='word_1_420' title='bbox 1174 3122 1248 3189; x_wconf 68' lang='grc'><strong>4).</strong></span> <span class='ocrx_word' id='word_1_421' title='bbox 1283 3120 1407 3174; x_wconf 73' lang='grc' dir='ltr'><strong>11ωο</strong></span> <span class='ocrx_word' id='word_1_422' title='bbox 1440 3120 1623 3186; x_wconf 89' lang='lat' dir='ltr'><strong>nobis,</strong></span> <span class='ocrx_word' id='word_1_423' title='bbox 1656 3123 1784 3191; x_wconf 90' lang='lat' dir='ltr'><strong>post</strong></span> <span class='ocrx_word' id='word_1_424' title='bbox 1816 3156 1861 3214; x_wconf 65' lang='grc' dir='ltr'>Ο</span> <span class='ocrx_word' id='word_1_425' title='bbox 1884 3118 2124 3183; x_wconf 89' lang='lat' dir='ltr'><strong>abbatis,</strong></span> <span class='ocrx_word' id='word_1_426' title='bbox 2174 3118 2278 3187; x_wconf 87' lang='lat' dir='ltr'><strong>ipsi</strong></span> <span class='ocrx_word' id='word_1_427' title='bbox 2327 3119 2862 3190; x_wconf 84' lang='lat' dir='ltr'><strong>successoribusqne</strong></span> <span class='ocrx_word' id='word_1_428' title='bbox 2896 3120 3018 3190; x_wconf 88' lang='lat' dir='ltr'><strong>ejus</strong></span> <span class='ocrx_word' id='word_1_429' title='bbox 3058 3122 3127 3175; x_wconf 86' lang='lat' dir='ltr'><strong>ad</strong></span> <span class='ocrx_word' id='word_1_430' title='bbox 3163 3124 3481 3194; x_wconf 77' lang='lat' dir='ltr'><strong>regendum</strong></span> 
     </span>
    </p>
   </div>
   <div class='ocr_carea' id='block_1_61' title="bbox 193 3203 1782 3279">
    <p class='ocr_par' dir='ltr' id='par_1_61' title="bbox 193 3203 1782 3279">
     <span class='ocr_line' id='line_1_61' title="bbox 193 3203 1782 3279; baseline 0.003 -23"><span class='ocrx_word' id='word_1_431' title='bbox 193 3203 336 3274; x_wconf 74' lang='lat' dir='ltr'><strong>huius</strong></span> <span class='ocrx_word' id='word_1_432' title='bbox 362 3207 720 3262; x_wconf 80' lang='lat' dir='ltr'><strong>sanctissimi</strong></span> <span class='ocrx_word' id='word_1_433' title='bbox 749 3207 850 3260; x_wconf 88' lang='lat' dir='ltr'><strong>viri</strong></span> <span class='ocrx_word' id='word_1_434' title='bbox 879 3209 1207 3273; x_wconf 89' lang='lat' dir='ltr'><strong>transitum,</strong></span> <span class='ocrx_word' id='word_1_435' title='bbox 1242 3209 1513 3279; x_wconf 80' lang='lat' dir='ltr'><strong>praefatus</strong></span> <span class='ocrx_word' id='word_1_436' title='bbox 1536 3209 1782 3262; x_wconf 90' lang='lat' dir='ltr'><strong>domnus</strong></span> 
     </span>
    </p>
   </div>
   <div class='ocr_carea' id='block_1_62' title="bbox 193 3291 1779 3367">
    <p class='ocr_par' dir='ltr' id='par_1_62' title="bbox 193 3291 1779 3367">
     <span class='ocr_line' id='line_1_62' title="bbox 193 3291 1779 3367; baseline 0.005 -25"><span class='ocrx_word' id='word_1_437' title='bbox 193 3291 471 3349; x_wconf 86' lang='lat' dir='ltr'><strong>Elisiernus</strong></span> <span class='ocrx_word' id='word_1_438' title='bbox 498 3296 617 3350; x_wconf 90' lang='lat' dir='ltr'><strong>sub</strong></span> <span class='ocrx_word' id='word_1_439' title='bbox 648 3295 1015 3350; x_wconf 86' lang='lat' dir='ltr'><strong>attestatione</strong></span> <span class='ocrx_word' id='word_1_440' title='bbox 1073 3296 1270 3349; x_wconf 90' lang='lat' dir='ltr'><strong>retulit</strong></span> <span class='ocrx_word' id='word_1_441' title='bbox 1310 3296 1594 3361; x_wconf 83' lang='lat' dir='ltr'><strong>veritatis;</strong></span> <span class='ocrx_word' id='word_1_442' title='bbox 1653 3314 1779 3367; x_wconf 69' lang='lat' dir='ltr'><strong>qua:</strong></span> 
     </span>
    </p>
   </div>
   <div class='ocr_carea' id='block_1_63' title="bbox 192 3382 1776 3456">
    <p class='ocr_par' dir='ltr' id='par_1_63' title="bbox 192 3382 1776 3456">
     <span class='ocr_line' id='line_1_63' title="bbox 192 3382 1776 3456; baseline 0.003 -23"><span class='ocrx_word' id='word_1_443' title='bbox 192 3396 298 3447; x_wconf 87' lang='lat' dir='ltr'><strong>nos,</strong></span> <span class='ocrx_word' id='word_1_444' title='bbox 327 3382 543 3456; x_wconf 86' lang='lat' dir='ltr'><strong>absque</strong></span> <span class='ocrx_word' id='word_1_445' title='bbox 583 3383 934 3437; x_wconf 89' lang='lat' dir='ltr'><strong>detrimento</strong></span> <span class='ocrx_word' id='word_1_446' title='bbox 952 3383 1067 3438; x_wconf 88' lang='lat' dir='ltr'><strong>veri</strong></span> <span class='ocrx_word' id='word_1_447' title='bbox 1086 3388 1471 3453; x_wconf 83' lang='lat' dir='ltr'><strong>augmentove</strong></span> <span class='ocrx_word' id='word_1_448' title='bbox 1493 3384 1776 3449; x_wconf 87' lang='lat' dir='ltr'><strong>falsitatis,</strong></span> 
     </span>
    </p>
   </div>
   <div class='ocr_carea' id='block_1_64' title="bbox 192 3467 1781 3539">
    <p class='ocr_par' dir='ltr' id='par_1_64' title="bbox 192 3467 1781 3539">
     <span class='ocr_line' id='line_1_64' title="bbox 192 3467 1781 3539; baseline 0.004 -20"><span class='ocrx_word' id='word_1_449' title='bbox 192 3467 497 3539; x_wconf 86' lang='lat' dir='ltr'><strong>simpliciter</strong></span> <span class='ocrx_word' id='word_1_450' title='bbox 521 3472 754 3526; x_wconf 84' lang='lat' dir='ltr'><strong>referre</strong></span> <span class='ocrx_word' id='word_1_451' title='bbox 788 3471 1132 3527; x_wconf 89' lang='lat' dir='ltr'><strong>studuimus.</strong></span> <span class='ocrx_word' id='word_1_452' title='bbox 1168 3473 1265 3526; x_wconf 91' lang='lat' dir='ltr'><strong>llle</strong></span> <span class='ocrx_word' id='word_1_453' title='bbox 1294 3472 1636 3527; x_wconf 88' lang='lat' dir='ltr'><strong>venerabilis</strong></span> <span class='ocrx_word' id='word_1_454' title='bbox 1676 3472 1781 3525; x_wconf 90' lang='lat' dir='ltr'><strong>Eli-</strong></span> 
     </span>
    </p>
   </div>
   <div class='ocr_carea' id='block_1_65' title="bbox 190 3555 1782 3632">
    <p class='ocr_par' dir='ltr' id='par_1_65' title="bbox 190 3555 1782 3632">
     <span class='ocr_line' id='line_1_65' title="bbox 190 3555 1782 3632; baseline 0.004 -24"><span class='ocrx_word' id='word_1_455' title='bbox 190 3555 401 3626; x_wconf 86' lang='lat' dir='ltr'><strong>siernus,</strong></span> <span class='ocrx_word' id='word_1_456' title='bbox 460 3564 610 3615; x_wconf 85' lang='lat' dir='ltr'><strong>ante</strong></span> <span class='ocrx_word' id='word_1_457' title='bbox 669 3562 966 3631; x_wconf 87' lang='lat' dir='ltr'><strong>peractum</strong></span> <span class='ocrx_word' id='word_1_458' title='bbox 995 3578 1061 3614; x_wconf 89' lang='lat' dir='ltr'><strong>ex</strong></span> <span class='ocrx_word' id='word_1_459' title='bbox 1092 3577 1205 3632; x_wconf 89' lang='lat' dir='ltr'><strong>quo</strong></span> <span class='ocrx_word' id='word_1_460' title='bbox 1253 3561 1359 3615; x_wconf 89' lang='lat' dir='ltr'><strong>ista</strong></span> <span class='ocrx_word' id='word_1_461' title='bbox 1399 3560 1561 3614; x_wconf 87' lang='lat' dir='ltr'><strong>nobis</strong></span> <span class='ocrx_word' id='word_1_462' title='bbox 1587 3560 1782 3614; x_wconf 90' lang='lat' dir='ltr'><strong>retulit</strong></span> 
     </span>
    </p>
   </div>
   <div class='ocr_carea' id='block_1_66' title="bbox 190 3647 1634 3714">
    <p class='ocr_par' dir='ltr' id='par_1_66' title="bbox 190 3647 1634 3714">
     <span class='ocr_line' id='line_1_66' title="bbox 190 3647 1634 3714; baseline 0.007 -18"><span class='ocrx_word' id='word_1_463' title='bbox 190 3660 404 3714; x_wconf 87' lang='lat' dir='ltr'><strong>annum,</strong></span> <span class='ocrx_word' id='word_1_464' title='bbox 430 3647 750 3704; x_wconf 88' lang='lat' dir='ltr'><strong>laudabilis</strong></span> <span class='ocrx_word' id='word_1_465' title='bbox 775 3648 902 3703; x_wconf 64' lang='lat' dir='ltr'><strong>vita:</strong></span> <span class='ocrx_word' id='word_1_466' title='bbox 933 3648 1087 3704; x_wconf 90' lang='lat' dir='ltr'><strong>diem</strong></span> <span class='ocrx_word' id='word_1_467' title='bbox 1120 3648 1320 3703; x_wconf 88' lang='lat' dir='ltr'><strong>clausit</strong></span> <span class='ocrx_word' id='word_1_468' title='bbox 1346 3649 1634 3706; x_wconf 89' lang='lat' dir='ltr'><strong>ultimum.</strong></span> 
     </span>
    </p>
   </div>
   <div class='ocr_carea' id='block_1_67' title="bbox 250 3734 1777 3806">
    <p class='ocr_par' dir='ltr' id='par_1_67' title="bbox 250 3734 1777 3806">
     <span class='ocr_line' id='line_1_67' title="bbox 250 3734 1777 3806; baseline 0.002 -17"><span class='ocrx_word' id='word_1_469' title='bbox 250 3734 364 3791; x_wconf 77' lang='lat' dir='ltr'><strong>CAP.</strong></span> <span class='ocrx_word' id='word_1_470' title='bbox 394 3738 502 3794; x_wconf 80' lang='lat' dir='ltr'><strong>XV.</strong></span> <span class='ocrx_word' id='word_1_471' title='bbox 543 3736 876 3791; x_wconf 83' lang='lat' dir='ltr'><strong>Ornamenta</strong></span> <span class='ocrx_word' id='word_1_472' title='bbox 909 3736 1135 3793; x_wconf 69' lang='lat' dir='ltr'><strong>ecclesia:</strong></span> <span class='ocrx_word' id='word_1_473' title='bbox 1165 3738 1232 3791; x_wconf 88' lang='lat' dir='ltr'><strong>ab</strong></span> <span class='ocrx_word' id='word_1_474' title='bbox 1270 3755 1326 3791; x_wconf 85' lang='lat' dir='ltr'><strong>eo</strong></span> <span class='ocrx_word' id='word_1_475' title='bbox 1350 3738 1521 3806; x_wconf 81' lang='lat' dir='ltr'><strong>facta.</strong></span> <span class='ocrx_word' id='word_1_476' title='bbox 1559 3768 1620 3779; x_wconf 85' lang='grc'><strong><em>--</em></strong></span> <span class='ocrx_word' id='word_1_477' title='bbox 1656 3737 1777 3792; x_wconf 76' lang='lat' dir='ltr'><strong>Non</strong></span> 
     </span>
    </p>
   </div>
   <div class='ocr_carea' id='block_1_68' title="bbox 189 3825 1777 3897">
    <p class='ocr_par' dir='ltr' id='par_1_68' title="bbox 189 3825 1777 3897">
     <span class='ocr_line' id='line_1_68' title="bbox 189 3825 1777 3897; baseline 0 -18"><span class='ocrx_word' id='word_1_478' title='bbox 189 3825 473 3882; x_wconf 83' lang='lat' dir='ltr'><strong>abhorrere</strong></span> <span class='ocrx_word' id='word_1_479' title='bbox 500 3846 542 3882; x_wconf 72' lang='grc' dir='ltr'><strong>ει</strong></span> <span class='ocrx_word' id='word_1_480' title='bbox 577 3828 737 3881; x_wconf 88' lang='lat' dir='ltr'><strong>recto</strong></span> <span class='ocrx_word' id='word_1_481' title='bbox 758 3826 940 3879; x_wconf 91' lang='lat' dir='ltr'><strong>laudis</strong></span> <span class='ocrx_word' id='word_1_482' title='bbox 956 3827 1209 3881; x_wconf 88' lang='lat' dir='ltr'><strong>creditur</strong></span> <span class='ocrx_word' id='word_1_483' title='bbox 1243 3843 1477 3897; x_wconf 86' lang='lat' dir='ltr'><strong>genere,</strong></span> <span class='ocrx_word' id='word_1_484' title='bbox 1496 3826 1537 3881; x_wconf 90' lang='lat' dir='ltr'><strong>si</strong></span> <span class='ocrx_word' id='word_1_485' title='bbox 1563 3844 1629 3881; x_wconf 90' lang='lat' dir='ltr'><strong>ea</strong></span> <span class='ocrx_word' id='word_1_486' title='bbox 1652 3844 1777 3897; x_wconf 66' lang='lat' dir='ltr'><strong>qure</strong></span> 
     </span>
    </p>
   </div>
   <div class='ocr_carea' id='block_1_69' title="bbox 189 3913 1777 3987">
    <p class='ocr_par' dir='ltr' id='par_1_69' title="bbox 189 3913 1777 3987">
     <span class='ocr_line' id='line_1_69' title="bbox 189 3913 1777 3987; baseline 0.002 -22"><span class='ocrx_word' id='word_1_487' title='bbox 189 3913 402 3985; x_wconf 87' lang='lat' dir='ltr'><strong>subipso</strong></span> <span class='ocrx_word' id='word_1_488' title='bbox 423 3919 511 3971; x_wconf 87' lang='lat' dir='ltr'><strong>vel</strong></span> <span class='ocrx_word' id='word_1_489' title='bbox 545 3915 851 3986; x_wconf 89' lang='lat' dir='ltr'><strong>peripsum</strong></span> <span class='ocrx_word' id='word_1_490' title='bbox 871 3915 945 3969; x_wconf 89' lang='lat' dir='ltr'><strong>ad</strong></span> <span class='ocrx_word' id='word_1_491' title='bbox 981 3918 1250 3969; x_wconf 91' lang='lat' dir='ltr'><strong>ornatum</strong></span> <span class='ocrx_word' id='word_1_492' title='bbox 1270 3916 1476 3969; x_wconf 87' lang='lat' dir='ltr'><strong>domus</strong></span> <span class='ocrx_word' id='word_1_493' title='bbox 1494 3914 1616 3981; x_wconf 90' lang='lat' dir='ltr'><strong>Dei,</strong></span> <span class='ocrx_word' id='word_1_494' title='bbox 1650 3932 1777 3987; x_wconf 69' lang='lat' dir='ltr'><strong>qua:</strong></span> 
     </span>
    </p>
   </div>
   <div class='ocr_carea' id='block_1_70' title="bbox 188 4005 1775 4076">
    <p class='ocr_par' dir='ltr' id='par_1_70' title="bbox 188 4005 1775 4076">
     <span class='ocr_line' id='line_1_70' title="bbox 188 4005 1775 4076; baseline 0.001 -20"><span class='ocrx_word' id='word_1_495' title='bbox 188 4006 259 4056; x_wconf 85' lang='lat' dir='ltr'><strong>est</strong></span> <span class='ocrx_word' id='word_1_496' title='bbox 272 4006 525 4073; x_wconf 76' lang='lat' dir='ltr'><strong>ecclesia,</strong></span> <span class='ocrx_word' id='word_1_497' title='bbox 544 4006 712 4075; x_wconf 85' lang='lat' dir='ltr'><strong>gesta</strong></span> <span class='ocrx_word' id='word_1_498' title='bbox 723 4006 876 4071; x_wconf 87' lang='lat' dir='ltr'><strong>sunt,</strong></span> <span class='ocrx_word' id='word_1_499' title='bbox 902 4008 1097 4060; x_wconf 91' lang='lat' dir='ltr'><strong>noster</strong></span> <span class='ocrx_word' id='word_1_500' title='bbox 1117 4005 1360 4076; x_wconf 86' lang='lat' dir='ltr'><strong>explicet</strong></span> <span class='ocrx_word' id='word_1_501' title='bbox 1378 4005 1775 4071; x_wconf 82' lang='lat' dir='ltr'><strong>sermo,maxi-</strong></span> 
     </span>
    </p>
   </div>
   <div class='ocr_carea' id='block_1_71' title="bbox 188 4092 1775 4165">
    <p class='ocr_par' dir='ltr' id='par_1_71' title="bbox 188 4092 1775 4165">
     <span class='ocr_line' id='line_1_71' title="bbox 188 4092 1775 4165; baseline 0.001 -20"><span class='ocrx_word' id='word_1_502' title='bbox 188 4108 269 4145; x_wconf 92' lang='lat' dir='ltr'><strong>me</strong></span> <span class='ocrx_word' id='word_1_503' title='bbox 296 4110 420 4148; x_wconf 90' lang='lat' dir='ltr'><strong>cum</strong></span> <span class='ocrx_word' id='word_1_504' title='bbox 452 4095 618 4149; x_wconf 88' lang='lat' dir='ltr'><strong>inter</strong></span> <span class='ocrx_word' id='word_1_505' title='bbox 632 4092 1036 4148; x_wconf 89' lang='lat' dir='ltr'><strong>Salomoniaca</strong></span> <span class='ocrx_word' id='word_1_506' title='bbox 1062 4094 1353 4165; x_wconf 74' lang='lat' dir='ltr'><strong>praeconia</strong></span> <span class='ocrx_word' id='word_1_507' title='bbox 1372 4095 1477 4147; x_wconf 87' lang='lat' dir='ltr'><strong>hoc</strong></span> <span class='ocrx_word' id='word_1_508' title='bbox 1494 4093 1775 4163; x_wconf 80' lang='lat' dir='ltr'><strong>praecipue</strong></span> 
     </span>
    </p>
   </div>
   <div class='ocr_carea' id='block_1_72' title="bbox 186 4179 1778 4255">
    <p class='ocr_par' dir='ltr' id='par_1_72' title="bbox 186 4179 1778 4255">
     <span class='ocr_line' id='line_1_72' title="bbox 186 4179 1778 4255; baseline 0.001 -22"><span class='ocrx_word' id='word_1_509' title='bbox 186 4179 427 4237; x_wconf 88' lang='lat' dir='ltr'><strong>laudetur</strong></span> <span class='ocrx_word' id='word_1_510' title='bbox 441 4182 606 4255; x_wconf 88' lang='lat' dir='ltr'><strong>quod</strong></span> <span class='ocrx_word' id='word_1_511' title='bbox 630 4182 1145 4252; x_wconf 87' lang='lat' dir='ltr'><strong>templumDomini</strong></span> <span class='ocrx_word' id='word_1_512' title='bbox 1162 4181 1479 4253; x_wconf 84' lang='lat' dir='ltr'><strong>magnificis</strong></span> <span class='ocrx_word' id='word_1_513' title='bbox 1497 4184 1778 4236; x_wconf 78' lang='lat' dir='ltr'><strong>exstruxe-</strong></span> 
     </span>
    </p>
   </div>
   <div class='ocr_carea' id='block_1_73' title="bbox 189 4268 1778 4343">
    <p class='ocr_par' dir='ltr' id='par_1_73' title="bbox 189 4268 1778 4343">
     <span class='ocr_line' id='line_1_73' title="bbox 189 4268 1778 4343; baseline 0.001 -23"><span class='ocrx_word' id='word_1_514' title='bbox 189 4268 253 4323; x_wconf 89' lang='lat' dir='ltr'><strong>rit</strong></span> <span class='ocrx_word' id='word_1_515' title='bbox 272 4270 571 4343; x_wconf 87' lang='lat' dir='ltr'><strong>impensis.</strong></span> <span class='ocrx_word' id='word_1_516' title='bbox 590 4272 660 4324; x_wconf 87' lang='lat' dir='ltr'><strong>Et</strong></span> <span class='ocrx_word' id='word_1_517' title='bbox 684 4270 946 4342; x_wconf 89' lang='lat' dir='ltr'><strong>quamvis</strong></span> <span class='ocrx_word' id='word_1_518' title='bbox 976 4271 1098 4341; x_wconf 84' lang='lat' dir='ltr'><strong>ejus</strong></span> <span class='ocrx_word' id='word_1_519' title='bbox 1130 4274 1331 4326; x_wconf 90' lang='lat' dir='ltr'><strong>tenues</strong></span> <span class='ocrx_word' id='word_1_520' title='bbox 1360 4271 1540 4341; x_wconf 76' lang='lat' dir='ltr'><strong>copiae</strong></span> <span class='ocrx_word' id='word_1_521' title='bbox 1568 4269 1778 4323; x_wconf 87' lang='lat' dir='ltr'><strong>divitiis</strong></span> 
     </span>
    </p>
   </div>
   <div class='ocr_carea' id='block_1_74' title="bbox 189 4359 1777 4432">
    <p class='ocr_par' dir='ltr' id='par_1_74' title="bbox 189 4359 1777 4432">
     <span class='ocr_line' id='line_1_74' title="bbox 189 4359 1777 4432; baseline 0.001 -22"><span class='ocrx_word' id='word_1_522' title='bbox 189 4366 459 4431; x_wconf 89' lang='lat' dir='ltr'><strong>nequeant</strong></span> <span class='ocrx_word' id='word_1_523' title='bbox 474 4359 1110 4430; x_wconf 87' lang='lat' dir='ltr'><strong>locupletisSalomonis</strong></span> <span class='ocrx_word' id='word_1_524' title='bbox 1122 4359 1407 4432; x_wconf 74' lang='lat' dir='ltr'><strong>adesquari</strong></span> <span class='ocrx_word' id='word_1_525' title='bbox 1419 4401 1432 4427; x_wconf 97' lang='lat'><strong>,</strong></span> <span class='ocrx_word' id='word_1_526' title='bbox 1443 4363 1636 4413; x_wconf 90' lang='lat' dir='ltr'><strong>tamen</strong></span> <span class='ocrx_word' id='word_1_527' title='bbox 1651 4376 1777 4430; x_wconf 74' lang='lat' dir='ltr'><strong>quze</strong></span> 
     </span>
    </p>
   </div>
   <div class='ocr_carea' id='block_1_75' title="bbox 1882 3206 3486 3281">
    <p class='ocr_par' dir='ltr' id='par_1_75' title="bbox 1882 3206 3486 3281">
     <span class='ocr_line' id='line_1_75' title="bbox 1882 3206 3486 3281; baseline 0.003 -21"><span class='ocrx_word' id='word_1_528' title='bbox 1882 3206 2099 3260; x_wconf 88' lang='lat' dir='ltr'><strong>dudum</strong></span> <span class='ocrx_word' id='word_1_529' title='bbox 2119 3206 2508 3273; x_wconf 88' lang='lat' dir='ltr'><strong>commiserat,</strong></span> <span class='ocrx_word' id='word_1_530' title='bbox 2542 3212 2602 3260; x_wconf 93' lang='lat' dir='ltr'><strong>ut</strong></span> <span class='ocrx_word' id='word_1_531' title='bbox 2638 3208 2691 3260; x_wconf 93' lang='lat' dir='ltr'><strong>in</strong></span> <span class='ocrx_word' id='word_1_532' title='bbox 2726 3208 2870 3262; x_wconf 90' lang='lat' dir='ltr'><strong>libro</strong></span> <span class='ocrx_word' id='word_1_533' title='bbox 2902 3210 3018 3278; x_wconf 88' lang='lat' dir='ltr'><strong>(l3)</strong></span> <span class='ocrx_word' id='word_1_534' title='bbox 3054 3227 3227 3281; x_wconf 88' lang='lat' dir='ltr'><strong>quem</strong></span> <span class='ocrx_word' id='word_1_535' title='bbox 3277 3212 3346 3265; x_wconf 89' lang='lat' dir='ltr'><strong>de</strong></span> <span class='ocrx_word' id='word_1_536' title='bbox 3373 3212 3486 3265; x_wconf 87' lang='lat' dir='ltr'><strong>vita</strong></span> 
     </span>
    </p>
   </div>
   <div class='ocr_carea' id='block_1_76' title="bbox 1879 3294 3485 3369">
    <p class='ocr_par' dir='ltr' id='par_1_76' title="bbox 1879 3294 3485 3369">
     <span class='ocr_line' id='line_1_76' title="bbox 1879 3294 3485 3369; baseline 0.004 -22"><span class='ocrx_word' id='word_1_537' title='bbox 1879 3295 1967 3347; x_wconf 88' lang='lat' dir='ltr'><strong>vel</strong></span> <span class='ocrx_word' id='word_1_538' title='bbox 1995 3294 2211 3348; x_wconf 87' lang='lat' dir='ltr'><strong>actibus</strong></span> <span class='ocrx_word' id='word_1_539' title='bbox 2232 3296 2504 3348; x_wconf 89' lang='lat' dir='ltr'><strong>abbatum</strong></span> <span class='ocrx_word' id='word_1_540' title='bbox 2538 3296 2716 3348; x_wconf 82' lang='lat' dir='ltr'><strong>nostri</strong></span> <span class='ocrx_word' id='word_1_541' title='bbox 2742 3297 2849 3349; x_wconf 85' lang='lat' dir='ltr'><strong>loci</strong></span> <span class='ocrx_word' id='word_1_542' title='bbox 2880 3298 3231 3367; x_wconf 86' lang='lat' dir='ltr'><strong>scripsimus,</strong></span> <span class='ocrx_word' id='word_1_543' title='bbox 3260 3299 3485 3369; x_wconf 87' lang='lat' dir='ltr'><strong>plenius</strong></span> 
     </span>
    </p>
   </div>
   <div class='ocr_carea' id='block_1_77' title="bbox 1881 3384 3484 3456">
    <p class='ocr_par' dir='ltr' id='par_1_77' title="bbox 1881 3384 3484 3456">
     <span class='ocr_line' id='line_1_77' title="bbox 1881 3384 3484 3456; baseline 0.004 -21"><span class='ocrx_word' id='word_1_544' title='bbox 1881 3384 2247 3453; x_wconf 85' lang='lat' dir='ltr'><strong>explanatum</strong></span> <span class='ocrx_word' id='word_1_545' title='bbox 2277 3387 2379 3436; x_wconf 91' lang='lat' dir='ltr'><strong>est.</strong></span> <span class='ocrx_word' id='word_1_546' title='bbox 2406 3385 2467 3436; x_wconf 87' lang='lat' dir='ltr'><strong>In</strong></span> <span class='ocrx_word' id='word_1_547' title='bbox 2490 3401 2602 3454; x_wconf 89' lang='lat' dir='ltr'><strong>quo</strong></span> <span class='ocrx_word' id='word_1_548' title='bbox 2624 3386 2770 3450; x_wconf 88' lang='lat' dir='ltr'><strong>loco,</strong></span> <span class='ocrx_word' id='word_1_549' title='bbox 2799 3389 2915 3439; x_wconf 89' lang='lat' dir='ltr'><strong>tam</strong></span> <span class='ocrx_word' id='word_1_550' title='bbox 2937 3386 3006 3439; x_wconf 89' lang='lat' dir='ltr'><strong>ab</strong></span> <span class='ocrx_word' id='word_1_551' title='bbox 3028 3386 3148 3456; x_wconf 89' lang='lat' dir='ltr'><strong>ipso</strong></span> <span class='ocrx_word' id='word_1_552' title='bbox 3171 3389 3484 3442; x_wconf 85' lang='lat' dir='ltr'><strong>venerabili</strong></span> 
     </span>
    </p>
   </div>
   <div class='ocr_carea' id='block_1_78' title="bbox 1882 3470 3480 3541">
    <p class='ocr_par' dir='ltr' id='par_1_78' title="bbox 1882 3470 3480 3541">
     <span class='ocr_line' id='line_1_78' title="bbox 1882 3470 3480 3541; baseline 0.005 -19"><span class='ocrx_word' id='word_1_553' title='bbox 1882 3470 2165 3523; x_wconf 78' lang='lat' dir='ltr'><strong>Ricliardo</strong></span> <span class='ocrx_word' id='word_1_554' title='bbox 2207 3488 2497 3540; x_wconf 85' lang='lat' dir='ltr'><strong>quamque</strong></span> <span class='ocrx_word' id='word_1_555' title='bbox 2547 3488 2580 3525; x_wconf 90' lang='lat' dir='ltr'><strong>a</strong></span> <span class='ocrx_word' id='word_1_556' title='bbox 2618 3472 2839 3525; x_wconf 73' lang='lat' dir='ltr'><strong>duobus</strong></span> <span class='ocrx_word' id='word_1_557' title='bbox 2870 3473 2993 3541; x_wconf 85' lang='lat' dir='ltr'><strong>ejus</strong></span> <span class='ocrx_word' id='word_1_558' title='bbox 3039 3476 3480 3541; x_wconf 82' lang='lat' dir='ltr'><strong>successoribus,</strong></span> 
     </span>
    </p>
   </div>
   <div class='ocr_carea' id='block_1_79' title="bbox 1878 3559 3481 3631">
    <p class='ocr_par' dir='ltr' id='par_1_79' title="bbox 1878 3559 3481 3631">
     <span class='ocr_line' id='line_1_79' title="bbox 1878 3559 3481 3631; baseline 0.004 -20"><span class='ocrx_word' id='word_1_559' title='bbox 1878 3559 2211 3613; x_wconf 81' lang='lat' dir='ltr'><strong>Amalbcrto</strong></span> <span class='ocrx_word' id='word_1_560' title='bbox 2227 3575 2290 3613; x_wconf 88' lang='lat' dir='ltr'><strong>ac</strong></span> <span class='ocrx_word' id='word_1_561' title='bbox 2312 3559 2718 3630; x_wconf 74' lang='lat' dir='ltr'><strong>Oylboldo,diu</strong></span> <span class='ocrx_word' id='word_1_562' title='bbox 2735 3562 3095 3631; x_wconf 88' lang='lat' dir='ltr'><strong>multumque</strong></span> <span class='ocrx_word' id='word_1_563' title='bbox 3120 3564 3481 3617; x_wconf 83' lang='lat' dir='ltr'><strong>elaboratum</strong></span> 
     </span>
    </p>
   </div>
   <div class='ocr_carea' id='block_1_80' title="bbox 1881 3648 3479 3720">
    <p class='ocr_par' dir='ltr' id='par_1_80' title="bbox 1881 3648 3479 3720">
     <span class='ocr_line' id='line_1_80' title="bbox 1881 3648 3479 3720; baseline 0.003 -18"><span class='ocrx_word' id='word_1_564' title='bbox 1881 3652 1985 3715; x_wconf 88' lang='lat' dir='ltr'><strong>est,</strong></span> <span class='ocrx_word' id='word_1_565' title='bbox 2007 3665 2119 3720; x_wconf 92' lang='lat' dir='ltr'><strong>quo</strong></span> <span class='ocrx_word' id='word_1_566' title='bbox 2139 3665 2268 3703; x_wconf 88' lang='lat' dir='ltr'><strong>vere</strong></span> <span class='ocrx_word' id='word_1_567' title='bbox 2292 3648 2336 3701; x_wconf 91' lang='lat' dir='ltr'><strong>is</strong></span> <span class='ocrx_word' id='word_1_568' title='bbox 2354 3650 2528 3713; x_wconf 85' lang='lat' dir='ltr'><strong>locus,</strong></span> <span class='ocrx_word' id='word_1_569' title='bbox 2555 3665 2657 3719; x_wconf 88' lang='lat' dir='ltr'><strong>per</strong></span> <span class='ocrx_word' id='word_1_570' title='bbox 2679 3648 3068 3702; x_wconf 86' lang='lat' dir='ltr'><strong>habitatorum</strong></span> <span class='ocrx_word' id='word_1_571' title='bbox 3096 3652 3479 3706; x_wconf 88' lang='lat' dir='ltr'><strong>conversatio-</strong></span> 
     </span>
    </p>
   </div>
   <div class='ocr_carea' id='block_1_81' title="bbox 1880 3737 3482 3808">
    <p class='ocr_par' dir='ltr' id='par_1_81' title="bbox 1880 3737 3482 3808">
     <span class='ocr_line' id='line_1_81' title="bbox 1880 3737 3482 3808; baseline 0.001 -16"><span class='ocrx_word' id='word_1_572' title='bbox 1880 3756 2037 3805; x_wconf 88' lang='lat' dir='ltr'><strong>nem,</strong></span> <span class='ocrx_word' id='word_1_573' title='bbox 2058 3739 2331 3792; x_wconf 88' lang='lat' dir='ltr'><strong>voeabulo</strong></span> <span class='ocrx_word' id='word_1_574' title='bbox 2350 3741 2606 3791; x_wconf 88' lang='lat' dir='ltr'><strong>uteretur</strong></span> <span class='ocrx_word' id='word_1_575' title='bbox 2621 3755 2745 3799; x_wconf 87' lang='lat' dir='ltr'><strong>suo;</strong></span> <span class='ocrx_word' id='word_1_576' title='bbox 2765 3754 2867 3791; x_wconf 92' lang='lat' dir='ltr'><strong>nec</strong></span> <span class='ocrx_word' id='word_1_577' title='bbox 2883 3737 3201 3808; x_wconf 82' lang='lat' dir='ltr'><strong>quidquam</strong></span> <span class='ocrx_word' id='word_1_578' title='bbox 3222 3738 3482 3793; x_wconf 87' lang='lat' dir='ltr'><strong>utilitatis</strong></span> 
     </span>
    </p>
   </div>
   <div class='ocr_carea' id='block_1_82' title="bbox 1879 3827 3479 3897">
    <p class='ocr_par' dir='ltr' id='par_1_82' title="bbox 1879 3827 3479 3897">
     <span class='ocr_line' id='line_1_82' title="bbox 1879 3827 3479 3897; baseline -0.001 -16"><span class='ocrx_word' id='word_1_579' title='bbox 1879 3831 2090 3881; x_wconf 89' lang='lat' dir='ltr'><strong>actum.</strong></span> <span class='ocrx_word' id='word_1_580' title='bbox 2124 3828 2254 3881; x_wconf 80' lang='lat' dir='ltr'><strong>Post</strong></span> <span class='ocrx_word' id='word_1_581' title='bbox 2282 3843 2423 3897; x_wconf 89' lang='lat' dir='ltr'><strong>quos</strong></span> <span class='ocrx_word' id='word_1_582' title='bbox 2454 3827 2593 3881; x_wconf 90' lang='lat' dir='ltr'><strong>dum</strong></span> <span class='ocrx_word' id='word_1_583' title='bbox 2627 3827 2717 3880; x_wconf 86' lang='lat' dir='ltr'><strong>hic</strong></span> <span class='ocrx_word' id='word_1_584' title='bbox 2749 3827 3222 3881; x_wconf 81' lang='lat' dir='ltr'><strong>virbeatusAbbo</strong></span> <span class='ocrx_word' id='word_1_585' title='bbox 3243 3827 3479 3896; x_wconf 76' lang='lat' dir='ltr'><strong>regimi-</strong></span> 
     </span>
    </p>
   </div>
   <div class='ocr_carea' id='block_1_83' title="bbox 1879 3915 3478 3987">
    <p class='ocr_par' dir='ltr' id='par_1_83' title="bbox 1879 3915 3478 3987">
     <span class='ocr_line' id='line_1_83' title="bbox 1879 3915 3478 3987; baseline 0 -18"><span class='ocrx_word' id='word_1_586' title='bbox 1879 3917 1966 3969; x_wconf 89' lang='lat' dir='ltr'><strong>nis</strong></span> <span class='ocrx_word' id='word_1_587' title='bbox 1993 3916 2701 3986; x_wconf 82' lang='lat' dir='ltr'><strong>adeptusessetgradum,</strong></span> <span class='ocrx_word' id='word_1_588' title='bbox 2734 3916 3077 3987; x_wconf 86' lang='lat' dir='ltr'><strong>quibusdam</strong></span> <span class='ocrx_word' id='word_1_589' title='bbox 3111 3915 3218 3969; x_wconf 85' lang='lat' dir='ltr'><strong>sibi</strong></span> <span class='ocrx_word' id='word_1_590' title='bbox 3245 3931 3478 3986; x_wconf 89' lang='lat' dir='ltr'><strong>persna-</strong></span> 
     </span>
    </p>
   </div>
   <div class='ocr_carea' id='block_1_84' title="bbox 1877 4005 3483 4077">
    <p class='ocr_par' dir='ltr' id='par_1_84' title="bbox 1877 4005 3483 4077">
     <span class='ocr_line' id='line_1_84' title="bbox 1877 4005 3483 4077; baseline -0.001 -19"><span class='ocrx_word' id='word_1_591' title='bbox 1877 4005 2142 4059; x_wconf 90' lang='lat' dir='ltr'><strong>dentibus</strong></span> <span class='ocrx_word' id='word_1_592' title='bbox 2164 4008 2446 4076; x_wconf 86' lang='lat' dir='ltr'><strong>quatenus</strong></span> <span class='ocrx_word' id='word_1_593' title='bbox 2479 4022 2545 4059; x_wconf 90' lang='lat' dir='ltr'><strong>eo</strong></span> <span class='ocrx_word' id='word_1_594' title='bbox 2580 4005 3062 4077; x_wconf 79' lang='lat' dir='ltr'><strong>proficisceretur,</strong></span> <span class='ocrx_word' id='word_1_595' title='bbox 3090 4005 3483 4075; x_wconf 82' lang='lat' dir='ltr'><strong>respondebat</strong></span> 
     </span>
    </p>
   </div>
   <div class='ocr_carea' id='block_1_85' title="bbox 1876 4093 3484 4165">
    <p class='ocr_par' dir='ltr' id='par_1_85' title="bbox 1876 4093 3484 4165">
     <span class='ocr_line' id='line_1_85' title="bbox 1876 4093 3484 4165; baseline 0 -18"><span class='ocrx_word' id='word_1_596' title='bbox 1876 4110 2007 4147; x_wconf 90' lang='lat' dir='ltr'><strong>cum</strong></span> <span class='ocrx_word' id='word_1_597' title='bbox 2028 4093 2165 4164; x_wconf 87' lang='lat' dir='ltr'><strong>joco</strong></span> <span class='ocrx_word' id='word_1_598' title='bbox 2187 4112 2243 4147; x_wconf 88' lang='lat' dir='ltr'><strong>se</strong></span> <span class='ocrx_word' id='word_1_599' title='bbox 2266 4094 2395 4147; x_wconf 88' lang='lat' dir='ltr'><strong>illuc</strong></span> <span class='ocrx_word' id='word_1_600' title='bbox 2420 4094 2632 4147; x_wconf 90' lang='lat' dir='ltr'><strong>iturum</strong></span> <span class='ocrx_word' id='word_1_601' title='bbox 2660 4094 2889 4165; x_wconf 89' lang='lat' dir='ltr'><strong>quando</strong></span> <span class='ocrx_word' id='word_1_602' title='bbox 2911 4111 3041 4148; x_wconf 87' lang='lat' dir='ltr'><strong>eum</strong></span> <span class='ocrx_word' id='word_1_603' title='bbox 3061 4094 3290 4147; x_wconf 86' lang='lat' dir='ltr'><strong>satietas</strong></span> <span class='ocrx_word' id='word_1_604' title='bbox 3310 4094 3484 4164; x_wconf 88' lang='lat' dir='ltr'><strong>cepis-</strong></span> 
     </span>
    </p>
   </div>
   <div class='ocr_carea' id='block_1_86' title="bbox 1876 4181 3482 4253">
    <p class='ocr_par' dir='ltr' id='par_1_86' title="bbox 1876 4181 3482 4253">
     <span class='ocr_line' id='line_1_86' title="bbox 1876 4181 3482 4253; baseline 0.001 -18"><span class='ocrx_word' id='word_1_605' title='bbox 1876 4186 1962 4236; x_wconf 89' lang='lat' dir='ltr'><strong>set</strong></span> <span class='ocrx_word' id='word_1_606' title='bbox 1986 4181 2131 4235; x_wconf 63' lang='lat' dir='ltr'><strong>vitaz.</strong></span> <span class='ocrx_word' id='word_1_607' title='bbox 2158 4183 2223 4235; x_wconf 89' lang='lat' dir='ltr'><strong>Et</strong></span> <span class='ocrx_word' id='word_1_608' title='bbox 2243 4198 2575 4253; x_wconf 90' lang='lat' dir='ltr'><strong>quanquam</strong></span> <span class='ocrx_word' id='word_1_609' title='bbox 2602 4183 2657 4235; x_wconf 88' lang='lat' dir='ltr'><strong>id</strong></span> <span class='ocrx_word' id='word_1_610' title='bbox 2678 4183 2796 4253; x_wconf 85' lang='lat' dir='ltr'><strong>ipse</strong></span> <span class='ocrx_word' id='word_1_611' title='bbox 2818 4184 3019 4236; x_wconf 86' lang='lat' dir='ltr'><strong>ludens</strong></span> <span class='ocrx_word' id='word_1_612' title='bbox 3042 4183 3482 4249; x_wconf 83' lang='lat' dir='ltr'><strong>diceret,tameu</strong></span> 
     </span>
    </p>
   </div>
   <div class='ocr_carea' id='block_1_87' title="bbox 1876 4271 3483 4344">
    <p class='ocr_par' dir='ltr' id='par_1_87' title="bbox 1876 4271 3483 4344">
     <span class='ocr_line' id='line_1_87' title="bbox 1876 4271 3483 4344; baseline 0.001 -20"><span class='ocrx_word' id='word_1_613' title='bbox 1876 4271 1959 4325; x_wconf 91' lang='lat' dir='ltr'><strong>ita</strong></span> <span class='ocrx_word' id='word_1_614' title='bbox 1978 4288 2035 4325; x_wconf 90' lang='lat' dir='ltr'><strong>se</strong></span> <span class='ocrx_word' id='word_1_615' title='bbox 2057 4274 2184 4341; x_wconf 90' lang='lat' dir='ltr'><strong>post</strong></span> <span class='ocrx_word' id='word_1_616' title='bbox 2204 4273 2280 4324; x_wconf 92' lang='lat' dir='ltr'><strong>rei</strong></span> <span class='ocrx_word' id='word_1_617' title='bbox 2297 4272 2711 4326; x_wconf 78' lang='lat' dir='ltr'><strong>habuitexitus.</strong></span> <span class='ocrx_word' id='word_1_618' title='bbox 2746 4273 3058 4327; x_wconf 81' lang='lat' dir='ltr'><strong>Ferebatur</strong></span> <span class='ocrx_word' id='word_1_619' title='bbox 3072 4273 3321 4344; x_wconf 89' lang='lat' dir='ltr'><strong>denique</strong></span> <span class='ocrx_word' id='word_1_620' title='bbox 3344 4272 3483 4327; x_wconf 90' lang='lat' dir='ltr'><strong>nulli</strong></span> 
     </span>
    </p>
   </div>
   <div class='ocr_carea' id='block_1_88' title="bbox 1880 4360 3482 4431">
    <p class='ocr_par' dir='ltr' id='par_1_88' title="bbox 1880 4360 3482 4431">
     <span class='ocr_line' id='line_1_88' title="bbox 1880 4360 3482 4431; baseline 0.001 -19"><span class='ocrx_word' id='word_1_621' title='bbox 1880 4360 2368 4431; x_wconf 76' lang='lat' dir='ltr'><strong>praedecessorum</strong></span> <span class='ocrx_word' id='word_1_622' title='bbox 2393 4361 2512 4429; x_wconf 84' lang='lat' dir='ltr'><strong>ejus</strong></span> <span class='ocrx_word' id='word_1_623' title='bbox 2539 4365 2666 4431; x_wconf 82' lang='lat' dir='ltr'><strong>post</strong></span> <span class='ocrx_word' id='word_1_624' title='bbox 2688 4360 2795 4414; x_wconf 87' lang='lat' dir='ltr'><strong>iter</strong></span> <span class='ocrx_word' id='word_1_625' title='bbox 2813 4362 3149 4415; x_wconf 82' lang='lat' dir='ltr'><strong>Guasconiae</strong></span> <span class='ocrx_word' id='word_1_626' title='bbox 3171 4362 3265 4415; x_wconf 85' lang='lat' dir='ltr'><strong>diu</strong></span> <span class='ocrx_word' id='word_1_627' title='bbox 3295 4362 3482 4415; x_wconf 82' lang='lat' dir='ltr'><strong>vivere</strong></span> 
     </span>
    </p>
   </div>
   <div class='ocr_carea' id='block_1_89' title="bbox 190 4446 3482 4523">
    <p class='ocr_par' dir='ltr' id='par_1_89' title="bbox 190 4446 3482 4523">
     <span class='ocr_line' id='line_1_89' title="bbox 190 4446 3482 4523; baseline 0.001 -23"><span class='ocrx_word' id='word_1_628' title='bbox 190 4452 341 4516; x_wconf 88' lang='lat' dir='ltr'><strong>prout</strong></span> <span class='ocrx_word' id='word_1_629' title='bbox 360 4466 588 4523; x_wconf 89' lang='lat' dir='ltr'><strong>pauper</strong></span> <span class='ocrx_word' id='word_1_630' title='bbox 620 4464 796 4520; x_wconf 90' lang='lat' dir='ltr'><strong>quem</strong></span> <span class='ocrx_word' id='word_1_631' title='bbox 821 4450 1058 4520; x_wconf 87' lang='lat' dir='ltr'><strong>regebat</strong></span> <span class='ocrx_word' id='word_1_632' title='bbox 1084 4450 1594 4520; x_wconf 87' lang='lat' dir='ltr'><strong>locustempusque</strong></span> <span class='ocrx_word' id='word_1_633' title='bbox 1619 4447 1781 4502; x_wconf 91' lang='lat' dir='ltr'><strong>mali-</strong></span> <span class='ocrx_word' id='word_1_634' title='bbox 1805 4446 1855 4503; x_wconf 96' lang='lat' dir='ltr'><strong>D</strong></span> <span class='ocrx_word' id='word_1_635' title='bbox 1879 4448 2381 4503; x_wconf 78' lang='lat' dir='ltr'><strong>licuisse.’l‘andem</strong></span> <span class='ocrx_word' id='word_1_636' title='bbox 2405 4449 2524 4518; x_wconf 89' lang='lat' dir='ltr'><strong>ipse</strong></span> <span class='ocrx_word' id='word_1_637' title='bbox 2543 4449 2751 4518; x_wconf 83' lang='lat' dir='ltr'><strong>adjam</strong></span> <span class='ocrx_word' id='word_1_638' title='bbox 2773 4450 2984 4505; x_wconf 88' lang='lat' dir='ltr'><strong>dictam</strong></span> <span class='ocrx_word' id='word_1_639' title='bbox 3007 4451 3482 4523; x_wconf 79' lang='lat' dir='ltr'><strong>pergitpatriam,</strong></span> 
     </span>
    </p>
   </div>
   <div class='ocr_carea' id='block_1_90' title="bbox 188 4537 1782 4611">
    <p class='ocr_par' dir='ltr' id='par_1_90' title="bbox 188 4537 1782 4611">
     <span class='ocr_line' id='line_1_90' title="bbox 188 4537 1782 4611; baseline 0 -21"><span class='ocrx_word' id='word_1_640' title='bbox 188 4551 349 4605; x_wconf 85' lang='lat' dir='ltr'><strong>gnum</strong></span> <span class='ocrx_word' id='word_1_641' title='bbox 373 4554 739 4611; x_wconf 85' lang='lat' dir='ltr'><strong>persuasere,</strong></span> <span class='ocrx_word' id='word_1_642' title='bbox 757 4541 884 4592; x_wconf 90' lang='lat' dir='ltr'><strong>acta</strong></span> <span class='ocrx_word' id='word_1_643' title='bbox 900 4541 1049 4605; x_wconf 90' lang='lat' dir='ltr'><strong>sunt,</strong></span> <span class='ocrx_word' id='word_1_644' title='bbox 1072 4538 1297 4593; x_wconf 84' lang='lat' dir='ltr'><strong>silentio</strong></span> <span class='ocrx_word' id='word_1_645' title='bbox 1319 4556 1435 4592; x_wconf 89' lang='lat' dir='ltr'><strong>non</strong></span> <span class='ocrx_word' id='word_1_646' title='bbox 1454 4540 1587 4591; x_wconf 90' lang='lat' dir='ltr'><strong>sunt</strong></span> <span class='ocrx_word' id='word_1_647' title='bbox 1606 4537 1782 4607; x_wconf 80' lang='lat' dir='ltr'><strong>digna</strong></span> 
     </span>
    </p>
   </div>
   <div class='ocr_carea' id='block_1_91' title="bbox 190 4623 1781 4697">
    <p class='ocr_par' dir='ltr' id='par_1_91' title="bbox 190 4623 1781 4697">
     <span class='ocr_line' id='line_1_91' title="bbox 190 4623 1781 4697; baseline 0.001 -21"><span class='ocrx_word' id='word_1_648' title='bbox 190 4623 520 4683; x_wconf 91' lang='lat' dir='ltr'><strong>obnubilari.</strong></span> <span class='ocrx_word' id='word_1_649' title='bbox 576 4628 838 4697; x_wconf 78' lang='lat' dir='ltr'><strong>Namque</strong></span> <span class='ocrx_word' id='word_1_650' title='bbox 890 4627 1241 4681; x_wconf 85' lang='lat' dir='ltr'><strong>anteriorem</strong></span> <span class='ocrx_word' id='word_1_651' title='bbox 1298 4627 1554 4681; x_wconf 87' lang='lat' dir='ltr'><strong>tabulam</strong></span> <span class='ocrx_word' id='word_1_652' title='bbox 1587 4626 1781 4680; x_wconf 85' lang='lat' dir='ltr'><strong>altaris</strong></span> 
     </span>
    </p>
   </div>
   <div class='ocr_carea' id='block_1_92' title="bbox 190 4714 1781 4787">
    <p class='ocr_par' dir='ltr' id='par_1_92' title="bbox 190 4714 1781 4787">
     <span class='ocr_line' id='line_1_92' title="bbox 190 4714 1781 4787; baseline 0.001 -21"><span class='ocrx_word' id='word_1_653' title='bbox 190 4718 379 4771; x_wconf 65' lang='lat' dir='ltr'><strong>sanctae</strong></span> <span class='ocrx_word' id='word_1_654' title='bbox 410 4716 515 4772; x_wconf 90' lang='lat' dir='ltr'><strong>Dei</strong></span> <span class='ocrx_word' id='word_1_655' title='bbox 566 4714 866 4787; x_wconf 84' lang='lat' dir='ltr'><strong>genitricis</strong></span> <span class='ocrx_word' id='word_1_656' title='bbox 894 4715 1104 4783; x_wconf 81' lang='lat' dir='ltr'><strong>Mariae,</strong></span> <span class='ocrx_word' id='word_1_657' title='bbox 1156 4716 1227 4770; x_wconf 91' lang='lat' dir='ltr'><strong>ab</strong></span> <span class='ocrx_word' id='word_1_658' title='bbox 1260 4719 1619 4771; x_wconf 88' lang='lat' dir='ltr'><strong>antecessore</strong></span> <span class='ocrx_word' id='word_1_659' title='bbox 1660 4715 1781 4786; x_wconf 86' lang='lat' dir='ltr'><strong>ejus</strong></span> 
     </span>
    </p>
   </div>
   <div class='ocr_carea' id='block_1_93' title="bbox 192 4800 1779 4879">
    <p class='ocr_par' dir='ltr' id='par_1_93' title="bbox 192 4800 1779 4879">
     <span class='ocr_line' id='line_1_93' title="bbox 192 4800 1779 4879; baseline 0.004 -26"><span class='ocrx_word' id='word_1_660' title='bbox 192 4800 388 4860; x_wconf 89' lang='lat' dir='ltr'><strong>domno</strong></span> <span class='ocrx_word' id='word_1_661' title='bbox 419 4804 709 4879; x_wconf 85' lang='lat' dir='ltr'><strong>Oylboldo</strong></span> <span class='ocrx_word' id='word_1_662' title='bbox 748 4822 887 4860; x_wconf 90' lang='lat' dir='ltr'><strong>auro</strong></span> <span class='ocrx_word' id='word_1_663' title='bbox 935 4805 1189 4860; x_wconf 90' lang='lat' dir='ltr'><strong>construi</strong></span> <span class='ocrx_word' id='word_1_664' title='bbox 1229 4810 1498 4876; x_wconf 84' lang='lat' dir='ltr'><strong>coeptam,</strong></span> <span class='ocrx_word' id='word_1_665' title='bbox 1546 4805 1618 4860; x_wconf 88' lang='lat' dir='ltr'><strong>ad</strong></span> <span class='ocrx_word' id='word_1_666' title='bbox 1650 4822 1779 4877; x_wconf 90' lang='lat' dir='ltr'><strong>per-</strong></span> 
     </span>
    </p>
   </div>
   <div class='ocr_carea' id='block_1_94' title="bbox 190 4888 1780 4967">
    <p class='ocr_par' dir='ltr' id='par_1_94' title="bbox 190 4888 1780 4967">
     <span class='ocr_line' id='line_1_94' title="bbox 190 4888 1780 4967; baseline 0.005 -26"><span class='ocrx_word' id='word_1_667' title='bbox 190 4888 386 4948; x_wconf 86' lang='lat' dir='ltr'><strong>fectum</strong></span> <span class='ocrx_word' id='word_1_668' title='bbox 398 4912 583 4967; x_wconf 87' lang='lat' dir='ltr'><strong>usque</strong></span> <span class='ocrx_word' id='word_1_669' title='bbox 598 4894 1031 4965; x_wconf 84' lang='lat' dir='ltr'><strong>perduxit,duas</strong></span> <span class='ocrx_word' id='word_1_670' title='bbox 1045 4894 1194 4949; x_wconf 91' lang='lat' dir='ltr'><strong>circu</strong></span> <span class='ocrx_word' id='word_1_671' title='bbox 1205 4894 1277 4965; x_wconf 87' lang='lat' dir='ltr'><strong>mj</strong></span> <span class='ocrx_word' id='word_1_672' title='bbox 1287 4898 1516 4948; x_wconf 89' lang='lat' dir='ltr'><strong>aeentes</strong></span> <span class='ocrx_word' id='word_1_673' title='bbox 1535 4898 1780 4965; x_wconf 83' lang='lat' dir='ltr'><strong>argento</strong></span> 
     </span>
    </p>
   </div>
   <div class='ocr_carea' id='block_1_95' title="bbox 194 4982 1781 5055">
    <p class='ocr_par' dir='ltr' id='par_1_95' title="bbox 194 4982 1781 5055">
     <span class='ocr_line' id='line_1_95' title="bbox 194 4982 1781 5055; baseline 0.004 -24"><span class='ocrx_word' id='word_1_674' title='bbox 194 4986 403 5049; x_wconf 87' lang='lat' dir='ltr'><strong>opertas</strong></span> <span class='ocrx_word' id='word_1_675' title='bbox 419 4982 960 5054; x_wconf 83' lang='lat' dir='ltr'><strong>augmentarifecit,</strong></span> <span class='ocrx_word' id='word_1_676' title='bbox 977 4986 1052 5050; x_wconf 91' lang='lat' dir='ltr'><strong>et,</strong></span> <span class='ocrx_word' id='word_1_677' title='bbox 1083 4988 1146 5037; x_wconf 92' lang='lat' dir='ltr'><strong>ut</strong></span> <span class='ocrx_word' id='word_1_678' title='bbox 1174 4983 1425 5038; x_wconf 86' lang='lat' dir='ltr'><strong>breviter</strong></span> <span class='ocrx_word' id='word_1_679' title='bbox 1448 4984 1629 5037; x_wconf 88' lang='lat' dir='ltr'><strong>multa</strong></span> <span class='ocrx_word' id='word_1_680' title='bbox 1652 5001 1781 5055; x_wconf 87' lang='lat' dir='ltr'><strong>per-</strong></span> 
     </span>
    </p>
   </div>
   <div class='ocr_carea' id='block_1_96' title="bbox 193 5069 1783 5143">
    <p class='ocr_par' dir='ltr' id='par_1_96' title="bbox 193 5069 1783 5143">
     <span class='ocr_line' id='line_1_96' title="bbox 193 5069 1783 5143; baseline 0.005 -25"><span class='ocrx_word' id='word_1_681' title='bbox 193 5069 456 5141; x_wconf 77' lang='lat' dir='ltr'><strong>stringam</strong></span> <span class='ocrx_word' id='word_1_682' title='bbox 466 5089 652 5138; x_wconf 85' lang='lat' dir='ltr'><strong>us,sex</strong></span> <span class='ocrx_word' id='word_1_683' title='bbox 666 5071 1016 5138; x_wconf 85' lang='lat' dir='ltr'><strong>altaria,tam</strong></span> <span class='ocrx_word' id='word_1_684' title='bbox 1033 5072 1157 5142; x_wconf 91' lang='lat' dir='ltr'><strong>ejus</strong></span> <span class='ocrx_word' id='word_1_685' title='bbox 1171 5089 1345 5143; x_wconf 89' lang='lat' dir='ltr'><strong>quam</strong></span> <span class='ocrx_word' id='word_1_686' title='bbox 1364 5090 1416 5126; x_wconf 95' lang='lat' dir='ltr'><strong>m</strong></span> <span class='ocrx_word' id='word_1_687' title='bbox 1427 5074 1715 5127; x_wconf 86' lang='lat' dir='ltr'><strong>onachoru</strong></span> <span class='ocrx_word' id='word_1_688' title='bbox 1727 5090 1783 5126; x_wconf 92' lang='lat' dir='ltr'><strong>m</strong></span> 
     </span>
    </p>
   </div>
   <div class='ocr_carea' id='block_1_97' title="bbox 194 5159 1783 5233">
    <p class='ocr_par' dir='ltr' id='par_1_97' title="bbox 194 5159 1783 5233">
     <span class='ocr_line' id='line_1_97' title="bbox 194 5159 1783 5233; baseline 0.006 -26"><span class='ocrx_word' id='word_1_689' title='bbox 194 5159 469 5231; x_wconf 89' lang='lat' dir='ltr'><strong>subipsius</strong></span> <span class='ocrx_word' id='word_1_690' title='bbox 482 5160 775 5233; x_wconf 79' lang='lat' dir='ltr'><strong>regimine</strong></span> <span class='ocrx_word' id='word_1_691' title='bbox 804 5162 1260 5228; x_wconf 88' lang='lat' dir='ltr'><strong>consistentium,</strong></span> <span class='ocrx_word' id='word_1_692' title='bbox 1276 5163 1482 5217; x_wconf 86' lang='lat' dir='ltr'><strong>devota</strong></span> <span class='ocrx_word' id='word_1_693' title='bbox 1512 5162 1783 5217; x_wconf 89' lang='lat' dir='ltr'><strong>intentio-</strong></span> 
     </span>
    </p>
   </div>
   <div class='ocr_carea' id='block_1_98' title="bbox 197 5249 1786 5322">
    <p class='ocr_par' dir='ltr' id='par_1_98' title="bbox 197 5249 1786 5322">
     <span class='ocr_line' id='line_1_98' title="bbox 197 5249 1786 5322; baseline 0.004 -24"><span class='ocrx_word' id='word_1_694' title='bbox 197 5260 278 5311; x_wconf 92' lang='lat' dir='ltr'><strong>ne,</strong></span> <span class='ocrx_word' id='word_1_695' title='bbox 308 5250 597 5321; x_wconf 81' lang='lat' dir='ltr'><strong>argenteis</strong></span> <span class='ocrx_word' id='word_1_696' title='bbox 618 5249 725 5304; x_wconf 92' lang='lat' dir='ltr'><strong>sibi</strong></span> <span class='ocrx_word' id='word_1_697' title='bbox 749 5250 1291 5322; x_wconf 71' lang='lat' dir='ltr'><strong>afﬁxispraefnlgent</strong></span> <span class='ocrx_word' id='word_1_698' title='bbox 1312 5252 1574 5305; x_wconf 87' lang='lat' dir='ltr'><strong>laminis:</strong></span> <span class='ocrx_word' id='word_1_699' title='bbox 1607 5269 1786 5305; x_wconf 87' lang='lat' dir='ltr'><strong>unum</strong></span> 
     </span>
    </p>
   </div>
   <div class='ocr_carea' id='block_1_99' title="bbox 197 5332 1787 5406">
    <p class='ocr_par' dir='ltr' id='par_1_99' title="bbox 197 5332 1787 5406">
     <span class='ocr_line' id='line_1_99' title="bbox 197 5332 1787 5406; baseline 0.006 -22"><span class='ocrx_word' id='word_1_700' title='bbox 197 5332 571 5406; x_wconf 88' lang='lat' dir='ltr'><strong>videlicet,sub</strong></span> <span class='ocrx_word' id='word_1_701' title='bbox 596 5337 838 5392; x_wconf 89' lang='lat' dir='ltr'><strong>nomine</strong></span> <span class='ocrx_word' id='word_1_702' title='bbox 854 5340 1038 5393; x_wconf 85' lang='lat' dir='ltr'><strong>Patris</strong></span> <span class='ocrx_word' id='word_1_703' title='bbox 1066 5340 1357 5394; x_wconf 88' lang='lat' dir='ltr'><strong>Benedicti</strong></span> <span class='ocrx_word' id='word_1_704' title='bbox 1386 5341 1501 5394; x_wconf 91' lang='lat' dir='ltr'><strong>Deo</strong></span> <span class='ocrx_word' id='word_1_705' title='bbox 1534 5341 1787 5394; x_wconf 89' lang='lat' dir='ltr'><strong>dicatum</strong></span> 
     </span>
    </p>
   </div>
   <div class='ocr_carea' id='block_1_100' title="bbox 200 5422 1787 5494">
    <p class='ocr_par' dir='ltr' id='par_1_100' title="bbox 200 5422 1787 5494">
     <span class='ocr_line' id='line_1_100' title="bbox 200 5422 1787 5494; baseline 0.004 -20"><span class='ocrx_word' id='word_1_706' title='bbox 200 5422 357 5493; x_wconf 89' lang='lat' dir='ltr'><strong>aliud,</strong></span> <span class='ocrx_word' id='word_1_707' title='bbox 390 5429 490 5483; x_wconf 87' lang='lat' dir='ltr'><strong>sub</strong></span> <span class='ocrx_word' id='word_1_708' title='bbox 524 5426 768 5482; x_wconf 87' lang='lat' dir='ltr'><strong>nomine</strong></span> <span class='ocrx_word' id='word_1_709' title='bbox 788 5444 1029 5482; x_wconf 67' lang='lat' dir='ltr'><strong>summa:</strong></span> <span class='ocrx_word' id='word_1_710' title='bbox 1056 5445 1121 5482; x_wconf 90' lang='lat' dir='ltr'><strong>ac</strong></span> <span class='ocrx_word' id='word_1_711' title='bbox 1140 5428 1446 5482; x_wconf 67' lang='lat' dir='ltr'><strong>individua:</strong></span> <span class='ocrx_word' id='word_1_712' title='bbox 1472 5428 1787 5494; x_wconf 87' lang='lat' dir='ltr'><strong>Trinitatis,</strong></span> 
     </span>
    </p>
   </div>
   <div class='ocr_carea' id='block_1_101' title="bbox 202 5515 1788 5588">
    <p class='ocr_par' dir='ltr' id='par_1_101' title="bbox 202 5515 1788 5588">
     <span class='ocr_line' id='line_1_101' title="bbox 202 5515 1788 5588; baseline 0.003 -24"><span class='ocrx_word' id='word_1_713' title='bbox 202 5516 365 5568; x_wconf 86' lang='lat' dir='ltr'><strong>sancti</strong></span> <span class='ocrx_word' id='word_1_714' title='bbox 397 5532 625 5588; x_wconf 88' lang='lat' dir='ltr'><strong>quoque</strong></span> <span class='ocrx_word' id='word_1_715' title='bbox 664 5515 940 5586; x_wconf 88' lang='lat' dir='ltr'><strong>Stephani</strong></span> <span class='ocrx_word' id='word_1_716' title='bbox 970 5522 1028 5571; x_wconf 89' lang='lat' dir='ltr'><strong>et</strong></span> <span class='ocrx_word' id='word_1_717' title='bbox 1064 5518 1245 5571; x_wconf 90' lang='lat' dir='ltr'><strong>sancti</strong></span> <span class='ocrx_word' id='word_1_718' title='bbox 1305 5517 1530 5584; x_wconf 81' lang='lat' dir='ltr'><strong>Aniani,</strong></span> <span class='ocrx_word' id='word_1_719' title='bbox 1563 5532 1788 5570; x_wconf 89' lang='lat' dir='ltr'><strong>necnon</strong></span> 
     </span>
    </p>
   </div>
   <div class='ocr_carea' id='block_1_102' title="bbox 202 5602 1788 5678">
    <p class='ocr_par' dir='ltr' id='par_1_102' title="bbox 202 5602 1788 5678">
     <span class='ocr_line' id='line_1_102' title="bbox 202 5602 1788 5678; baseline 0 -24"><span class='ocrx_word' id='word_1_720' title='bbox 202 5605 365 5658; x_wconf 84' lang='lat' dir='ltr'><strong>sancti</strong></span> <span class='ocrx_word' id='word_1_721' title='bbox 393 5606 629 5662; x_wconf 84' lang='lat' dir='ltr'><strong>Joannis</strong></span> <span class='ocrx_word' id='word_1_722' title='bbox 685 5605 1054 5676; x_wconf 68' lang='lat' dir='ltr'><strong>evangelistze</strong></span> <span class='ocrx_word' id='word_1_723' title='bbox 1106 5605 1414 5678; x_wconf 85' lang='lat' dir='ltr'><strong>fratrisque</strong></span> <span class='ocrx_word' id='word_1_724' title='bbox 1466 5606 1594 5675; x_wconf 88' lang='lat' dir='ltr'><strong>ejus</strong></span> <span class='ocrx_word' id='word_1_725' title='bbox 1638 5602 1788 5656; x_wconf 87' lang='lat' dir='ltr'><strong>beati</strong></span> 
     </span>
    </p>
   </div>
   <div class='ocr_carea' id='block_1_103' title="bbox 1881 4536 3483 4607">
    <p class='ocr_par' dir='ltr' id='par_1_103' title="bbox 1881 4536 3483 4607">
     <span class='ocr_line' id='line_1_103' title="bbox 1881 4536 3483 4607; baseline -0.001 -15"><span class='ocrx_word' id='word_1_726' title='bbox 1881 4537 2266 4607; x_wconf 80' lang='lat' dir='ltr'><strong>ejusregionis</strong></span> <span class='ocrx_word' id='word_1_727' title='bbox 2280 4536 2399 4590; x_wconf 89' lang='lat' dir='ltr'><strong>adit</strong></span> <span class='ocrx_word' id='word_1_728' title='bbox 2414 4537 2997 4603; x_wconf 87' lang='lat' dir='ltr'><strong>comites,memorati</strong></span> <span class='ocrx_word' id='word_1_729' title='bbox 3012 4540 3157 4594; x_wconf 83' lang='lat' dir='ltr'><strong>ﬁlios</strong></span> <span class='ocrx_word' id='word_1_730' title='bbox 3177 4538 3483 4603; x_wconf 87' lang='lat' dir='ltr'><strong>Guillelmi,</strong></span> 
     </span>
    </p>
   </div>
   <div class='ocr_carea' id='block_1_104' title="bbox 1884 4626 3485 4698">
    <p class='ocr_par' dir='ltr' id='par_1_104' title="bbox 1884 4626 3485 4698">
     <span class='ocr_line' id='line_1_104' title="bbox 1884 4626 3485 4698; baseline 0.001 -19"><span class='ocrx_word' id='word_1_731' title='bbox 1884 4626 2240 4680; x_wconf 89' lang='lat' dir='ltr'><strong>Bernardum</strong></span> <span class='ocrx_word' id='word_1_732' title='bbox 2265 4629 2321 4679; x_wconf 91' lang='lat' dir='ltr'><strong>et</strong></span> <span class='ocrx_word' id='word_1_733' title='bbox 2338 4627 3014 4695; x_wconf 87' lang='lat' dir='ltr'><strong>Sanctionem,eumdem</strong></span> <span class='ocrx_word' id='word_1_734' title='bbox 3040 4630 3229 4683; x_wconf 90' lang='lat' dir='ltr'><strong>locum</strong></span> <span class='ocrx_word' id='word_1_735' title='bbox 3246 4645 3362 4683; x_wconf 89' lang='lat' dir='ltr'><strong>non</strong></span> <span class='ocrx_word' id='word_1_736' title='bbox 3382 4644 3485 4698; x_wconf 89' lang='lat' dir='ltr'><strong>pro</strong></span> 
     </span>
    </p>
   </div>
   <div class='ocr_carea' id='block_1_105' title="bbox 1882 4714 3487 4788">
    <p class='ocr_par' dir='ltr' id='par_1_105' title="bbox 1882 4714 3487 4788">
     <span class='ocr_line' id='line_1_105' title="bbox 1882 4714 3487 4788; baseline 0.001 -20"><span class='ocrx_word' id='word_1_737' title='bbox 1882 4732 2005 4781; x_wconf 91' lang='lat' dir='ltr'><strong>suo,</strong></span> <span class='ocrx_word' id='word_1_738' title='bbox 2044 4716 2144 4769; x_wconf 90' lang='lat' dir='ltr'><strong>sed</strong></span> <span class='ocrx_word' id='word_1_739' title='bbox 2195 4714 2451 4786; x_wconf 86' lang='lat' dir='ltr'><strong>ipsorum</strong></span> <span class='ocrx_word' id='word_1_740' title='bbox 2486 4715 2739 4788; x_wconf 78' lang='lat' dir='ltr'><strong>disponit</strong></span> <span class='ocrx_word' id='word_1_741' title='bbox 2777 4717 2959 4771; x_wconf 90' lang='lat' dir='ltr'><strong>libitn.</strong></span> <span class='ocrx_word' id='word_1_742' title='bbox 2993 4719 3058 4771; x_wconf 84' lang='lat' dir='ltr'><strong>Et</strong></span> <span class='ocrx_word' id='word_1_743' title='bbox 3084 4721 3219 4771; x_wconf 90' lang='lat' dir='ltr'><strong>tunc</strong></span> <span class='ocrx_word' id='word_1_744' title='bbox 3251 4716 3487 4788; x_wconf 88' lang='lat' dir='ltr'><strong>quidem</strong></span> 
     </span>
    </p>
   </div>
   <div class='ocr_carea' id='block_1_106' title="bbox 1882 4804 3487 4878">
    <p class='ocr_par' dir='ltr' id='par_1_106' title="bbox 1882 4804 3487 4878">
     <span class='ocr_line' id='line_1_106' title="bbox 1882 4804 3487 4878; baseline -0.001 -19"><span class='ocrx_word' id='word_1_745' title='bbox 1882 4822 2153 4877; x_wconf 88' lang='lat' dir='ltr'><strong>prospere</strong></span> <span class='ocrx_word' id='word_1_746' title='bbox 2169 4805 2240 4859; x_wconf 87' lang='lat' dir='ltr'><strong>ad</strong></span> <span class='ocrx_word' id='word_1_747' title='bbox 2268 4822 2370 4859; x_wconf 88' lang='lat' dir='ltr'><strong>sua</strong></span> <span class='ocrx_word' id='word_1_748' title='bbox 2403 4806 2944 4878; x_wconf 86' lang='lat' dir='ltr'><strong>rcdiit,quibusdam</strong></span> <span class='ocrx_word' id='word_1_749' title='bbox 2974 4804 3487 4875; x_wconf 87' lang='lat' dir='ltr'><strong>suorum,qnasiob</strong></span> 
     </span>
    </p>
   </div>
   <div class='ocr_carea' id='block_1_107' title="bbox 1883 4893 3487 4964">
    <p class='ocr_par' dir='ltr' id='par_1_107' title="bbox 1883 4893 3487 4964">
     <span class='ocr_line' id='line_1_107' title="bbox 1883 4893 3487 4964; baseline -0.002 -16"><span class='ocrx_word' id='word_1_750' title='bbox 1883 4896 2124 4948; x_wconf 90' lang='lat' dir='ltr'><strong>tutelam</strong></span> <span class='ocrx_word' id='word_1_751' title='bbox 2154 4894 2282 4960; x_wconf 87' lang='lat' dir='ltr'><strong>loci,</strong></span> <span class='ocrx_word' id='word_1_752' title='bbox 2316 4894 2550 4949; x_wconf 88' lang='lat' dir='ltr'><strong>relictis.</strong></span> <span class='ocrx_word' id='word_1_753' title='bbox 2580 4896 2787 4948; x_wconf 89' lang='lat' dir='ltr'><strong>Verum</strong></span> <span class='ocrx_word' id='word_1_754' title='bbox 2836 4895 2895 4947; x_wconf 85' lang='lat' dir='ltr'><strong>lii</strong></span> <span class='ocrx_word' id='word_1_755' title='bbox 2932 4911 3073 4964; x_wconf 88' lang='lat' dir='ltr'><strong>quos</strong></span> <span class='ocrx_word' id='word_1_756' title='bbox 3101 4893 3487 4962; x_wconf 86' lang='lat' dir='ltr'><strong>relinquebat,</strong></span> 
     </span>
    </p>
   </div>
   <div class='ocr_carea' id='block_1_108' title="bbox 1884 4980 3487 5055">
    <p class='ocr_par' dir='ltr' id='par_1_108' title="bbox 1884 4980 3487 5055">
     <span class='ocr_line' id='line_1_108' title="bbox 1884 4980 3487 5055; baseline -0.003 -18"><span class='ocrx_word' id='word_1_757' title='bbox 1884 4983 2187 5055; x_wconf 84' lang='lat' dir='ltr'><strong>perfidiam</strong></span> <span class='ocrx_word' id='word_1_758' title='bbox 2221 4984 2582 5037; x_wconf 76' lang='lat' dir='ltr'><strong>(iuasconum</strong></span> <span class='ocrx_word' id='word_1_759' title='bbox 2612 4983 2799 5045; x_wconf 83' lang='lat' dir='ltr'><strong>veriti,</strong></span> <span class='ocrx_word' id='word_1_760' title='bbox 2823 4987 2878 5036; x_wconf 91' lang='lat' dir='ltr'><strong>et</strong></span> <span class='ocrx_word' id='word_1_761' title='bbox 2914 4986 3050 5035; x_wconf 84' lang='lat' dir='ltr'><strong>tunc</strong></span> <span class='ocrx_word' id='word_1_762' title='bbox 3070 4980 3230 5033; x_wconf 89' lang='lat' dir='ltr'><strong>inviti</strong></span> <span class='ocrx_word' id='word_1_763' title='bbox 3256 4997 3487 5033; x_wconf 89' lang='lat' dir='ltr'><strong>reman-</strong></span> 
     </span>
    </p>
   </div>
   <div class='ocr_carea' id='block_1_109' title="bbox 1885 5068 3487 5142">
    <p class='ocr_par' dir='ltr' id='par_1_109' title="bbox 1885 5068 3487 5142">
     <span class='ocr_line' id='line_1_109' title="bbox 1885 5068 3487 5142; baseline -0.003 -16"><span class='ocrx_word' id='word_1_764' title='bbox 1885 5074 2103 5135; x_wconf 88' lang='lat' dir='ltr'><strong>serunt,</strong></span> <span class='ocrx_word' id='word_1_765' title='bbox 2137 5090 2200 5125; x_wconf 88' lang='lat' dir='ltr'><strong>ac</strong></span> <span class='ocrx_word' id='word_1_766' title='bbox 2232 5072 2625 5142; x_wconf 88' lang='lat' dir='ltr'><strong>postmodum,</strong></span> <span class='ocrx_word' id='word_1_767' title='bbox 2662 5070 2855 5123; x_wconf 88' lang='lat' dir='ltr'><strong>multis</strong></span> <span class='ocrx_word' id='word_1_768' title='bbox 2886 5088 2919 5123; x_wconf 90' lang='lat' dir='ltr'><strong>a</strong></span> <span class='ocrx_word' id='word_1_769' title='bbox 2944 5068 3334 5123; x_wconf 83' lang='lat' dir='ltr'><strong>Guasconibus</strong></span> <span class='ocrx_word' id='word_1_770' title='bbox 3357 5085 3487 5138; x_wconf 89' lang='lat' dir='ltr'><strong>per-</strong></span> 
     </span>
    </p>
   </div>
   <div class='ocr_carea' id='block_1_110' title="bbox 1887 5157 3492 5235">
    <p class='ocr_par' dir='ltr' id='par_1_110' title="bbox 1887 5157 3492 5235">
     <span class='ocr_line' id='line_1_110' title="bbox 1887 5157 3492 5235; baseline -0.003 -20"><span class='ocrx_word' id='word_1_771' title='bbox 1887 5162 2062 5235; x_wconf 81' lang='lat' dir='ltr'><strong>pessis</strong></span> <span class='ocrx_word' id='word_1_772' title='bbox 2094 5160 2338 5231; x_wconf 78' lang='lat' dir='ltr'><strong>injuriis,</strong></span> <span class='ocrx_word' id='word_1_773' title='bbox 2372 5176 2500 5213; x_wconf 90' lang='lat' dir='ltr'><strong>cum</strong></span> <span class='ocrx_word' id='word_1_774' title='bbox 2528 5158 2614 5212; x_wconf 88' lang='lat' dir='ltr'><strong>bis</strong></span> <span class='ocrx_word' id='word_1_775' title='bbox 2645 5174 2786 5228; x_wconf 87' lang='lat' dir='ltr'><strong>quos</strong></span> <span class='ocrx_word' id='word_1_776' title='bbox 2818 5159 2924 5211; x_wconf 90' lang='lat' dir='ltr'><strong>illis</strong></span> <span class='ocrx_word' id='word_1_777' title='bbox 2970 5157 3142 5211; x_wconf 89' lang='lat' dir='ltr'><strong>veluti</strong></span> <span class='ocrx_word' id='word_1_778' title='bbox 3196 5157 3492 5227; x_wconf 84' lang='lat' dir='ltr'><strong>adjutores</strong></span> 
     </span>
    </p>
   </div>
   <div class='ocr_carea' id='block_1_111' title="bbox 1890 5245 3489 5315">
    <p class='ocr_par' dir='ltr' id='par_1_111' title="bbox 1890 5245 3489 5315">
     <span class='ocr_line' id='line_1_111' title="bbox 1890 5245 3489 5315; baseline -0.004 -11"><span class='ocrx_word' id='word_1_779' title='bbox 1890 5251 2145 5315; x_wconf 88' lang='lat' dir='ltr'><strong>miserat,</strong></span> <span class='ocrx_word' id='word_1_780' title='bbox 2184 5250 2256 5304; x_wconf 89' lang='lat' dir='ltr'><strong>ad</strong></span> <span class='ocrx_word' id='word_1_781' title='bbox 2288 5266 2419 5303; x_wconf 91' lang='lat' dir='ltr'><strong>eum</strong></span> <span class='ocrx_word' id='word_1_782' title='bbox 2451 5249 2834 5302; x_wconf 86' lang='lat' dir='ltr'><strong>revertuntur.</strong></span> <span class='ocrx_word' id='word_1_783' title='bbox 2860 5245 2988 5309; x_wconf 86' lang='lat' dir='ltr'><strong>Qui,</strong></span> <span class='ocrx_word' id='word_1_784' title='bbox 3030 5262 3235 5300; x_wconf 85' lang='lat' dir='ltr'><strong>eorum</strong></span> <span class='ocrx_word' id='word_1_785' title='bbox 3266 5246 3489 5300; x_wconf 78' lang='lat' dir='ltr'><strong>inertim</strong></span> 
     </span>
    </p>
   </div>
   <div class='ocr_carea' id='block_1_112' title="bbox 1890 5333 3493 5411">
    <p class='ocr_par' dir='ltr' id='par_1_112' title="bbox 1890 5333 3493 5411">
     <span class='ocr_line' id='line_1_112' title="bbox 1890 5333 3493 5411; baseline -0.003 -18"><span class='ocrx_word' id='word_1_786' title='bbox 1890 5342 2116 5411; x_wconf 85' lang='lat' dir='ltr'><strong>culpam</strong></span> <span class='ocrx_word' id='word_1_787' title='bbox 2147 5339 2269 5391; x_wconf 86' lang='lat' dir='ltr'><strong>fore</strong></span> <span class='ocrx_word' id='word_1_788' title='bbox 2302 5338 2517 5404; x_wconf 78' lang='lat' dir='ltr'><strong>[fuisse]</strong></span> <span class='ocrx_word' id='word_1_789' title='bbox 2550 5339 2768 5401; x_wconf 83' lang='lat' dir='ltr'><strong>nactus,</strong></span> <span class='ocrx_word' id='word_1_790' title='bbox 2803 5334 2942 5389; x_wconf 90' lang='lat' dir='ltr'><strong>alios</strong></span> <span class='ocrx_word' id='word_1_791' title='bbox 2988 5334 3165 5388; x_wconf 86' lang='lat' dir='ltr'><strong>mittit</strong></span> <span class='ocrx_word' id='word_1_792' title='bbox 3196 5335 3292 5406; x_wconf 87' lang='lat' dir='ltr'><strong>qui</strong></span> <span class='ocrx_word' id='word_1_793' title='bbox 3337 5333 3493 5406; x_wconf 86' lang='lat' dir='ltr'><strong>quod</strong></span> 
     </span>
    </p>
   </div>
   <div class='ocr_carea' id='block_1_113' title="bbox 1892 5423 3492 5499">
    <p class='ocr_par' dir='ltr' id='par_1_113' title="bbox 1892 5423 3492 5499">
     <span class='ocr_line' id='line_1_113' title="bbox 1892 5423 3492 5499; baseline -0.003 -17"><span class='ocrx_word' id='word_1_794' title='bbox 1892 5428 2113 5499; x_wconf 84' lang='lat' dir='ltr'><strong>priores</strong></span> <span class='ocrx_word' id='word_1_795' title='bbox 2141 5428 2512 5495; x_wconf 76' lang='lat' dir='ltr'><strong>neglexerant</strong></span> <span class='ocrx_word' id='word_1_796' title='bbox 2543 5425 2833 5497; x_wconf 80' lang='lat' dir='ltr'><strong>corrigere</strong></span> <span class='ocrx_word' id='word_1_797' title='bbox 2874 5427 3162 5479; x_wconf 88' lang='lat' dir='ltr'><strong>curarent.</strong></span> <span class='ocrx_word' id='word_1_798' title='bbox 3197 5423 3302 5493; x_wconf 91' lang='lat' dir='ltr'><strong>llli,</strong></span> <span class='ocrx_word' id='word_1_799' title='bbox 3333 5423 3492 5478; x_wconf 88' lang='lat' dir='ltr'><strong>simi-</strong></span> 
     </span>
    </p>
   </div>
   <div class='ocr_carea' id='block_1_114' title="bbox 1895 5512 3494 5586">
    <p class='ocr_par' dir='ltr' id='par_1_114' title="bbox 1895 5512 3494 5586">
     <span class='ocr_line' id='line_1_114' title="bbox 1895 5512 3494 5586; baseline -0.003 -16"><span class='ocrx_word' id='word_1_800' title='bbox 1895 5516 1971 5570; x_wconf 90' lang='lat' dir='ltr'><strong>lia</strong></span> <span class='ocrx_word' id='word_1_801' title='bbox 2000 5512 2168 5585; x_wconf 89' lang='lat' dir='ltr'><strong>passi,</strong></span> <span class='ocrx_word' id='word_1_802' title='bbox 2200 5515 2420 5581; x_wconf 80' lang='lat' dir='ltr'><strong>legatos</strong></span> <span class='ocrx_word' id='word_1_803' title='bbox 2454 5514 2526 5567; x_wconf 87' lang='lat' dir='ltr'><strong>ad</strong></span> <span class='ocrx_word' id='word_1_804' title='bbox 2559 5531 2691 5568; x_wconf 89' lang='lat' dir='ltr'><strong>eum</strong></span> <span class='ocrx_word' id='word_1_805' title='bbox 2736 5514 3016 5585; x_wconf 79' lang='lat' dir='ltr'><strong>dirigunt,</strong></span> <span class='ocrx_word' id='word_1_806' title='bbox 3059 5513 3195 5586; x_wconf 85' lang='lat' dir='ltr'><strong>quid</strong></span> <span class='ocrx_word' id='word_1_807' title='bbox 3225 5517 3494 5585; x_wconf 83' lang='lat' dir='ltr'><strong>pateren-</strong></span> 
     </span>
    </p>
   </div>
   <div class='ocr_carea' id='block_1_115' title="bbox 1897 5600 3506 5673">
    <p class='ocr_par' dir='ltr' id='par_1_115' title="bbox 1897 5600 3506 5673">
     <span class='ocr_line' id='line_1_115' title="bbox 1897 5600 3506 5673; baseline -0.001 -16"><span class='ocrx_word' id='word_1_808' title='bbox 1897 5608 1990 5657; x_wconf 86' lang='lat' dir='ltr'><strong>tur</strong></span> <span class='ocrx_word' id='word_1_809' title='bbox 2022 5602 2315 5665; x_wconf 89' lang='lat' dir='ltr'><strong>intimaut,</strong></span> <span class='ocrx_word' id='word_1_810' title='bbox 2350 5615 2435 5665; x_wconf 88' lang='lat' dir='ltr'><strong>ac,</strong></span> <span class='ocrx_word' id='word_1_811' title='bbox 2470 5600 2529 5653; x_wconf 87' lang='lat' dir='ltr'><strong>ni</strong></span> <span class='ocrx_word' id='word_1_812' title='bbox 2552 5605 2842 5658; x_wconf 88' lang='lat' dir='ltr'><strong>maturato</strong></span> <span class='ocrx_word' id='word_1_813' title='bbox 2865 5603 2969 5659; x_wconf 87' lang='lat' dir='ltr'><strong>sibi</strong></span> <span class='ocrx_word' id='word_1_814' title='bbox 2998 5602 3390 5673; x_wconf 80' lang='lat' dir='ltr'><strong>subveniatur,</strong></span> <span class='ocrx_word' id='word_1_815' title='bbox 3414 5603 3506 5656; x_wconf 93' lang='lat' dir='ltr'><strong>lo-</strong></span> 
     </span>
    </p>
   </div>
   <div class='ocr_carea' id='block_1_116' title="bbox 267 5696 2641 5776">
    <p class='ocr_par' dir='ltr' id='par_1_116' title="bbox 267 5696 2641 5776">
     <span class='ocr_line' id='line_1_116' title="bbox 267 5696 2641 5776; baseline -0.003 -14"><span class='ocrx_word' id='word_1_816' title='bbox 267 5700 370 5776; x_wconf 79' lang='lat'><strong>(13)</strong></span> <span class='ocrx_word' id='word_1_817' title='bbox 401 5705 555 5766; x_wconf 89' lang='lat' dir='ltr'><strong>Hunc</strong></span> <span class='ocrx_word' id='word_1_818' title='bbox 580 5703 801 5761; x_wconf 87' lang='lat' dir='ltr'><strong>librum</strong></span> <span class='ocrx_word' id='word_1_819' title='bbox 828 5704 1117 5776; x_wconf 82' lang='lat' dir='ltr'><strong>excidisse,</strong></span> <span class='ocrx_word' id='word_1_820' title='bbox 1146 5707 1244 5761; x_wconf 89' lang='lat' dir='ltr'><strong>aut</strong></span> <span class='ocrx_word' id='word_1_821' title='bbox 1276 5707 1429 5760; x_wconf 87' lang='lat' dir='ltr'><strong>certe</strong></span> <span class='ocrx_word' id='word_1_822' title='bbox 1456 5703 1791 5759; x_wconf 88' lang='lat' dir='ltr'><strong>etiamnunc</strong></span> <span class='ocrx_word' id='word_1_823' title='bbox 1823 5700 2156 5756; x_wconf 88' lang='lat' dir='ltr'><strong>delitescere</strong></span> <span class='ocrx_word' id='word_1_824' title='bbox 2190 5696 2506 5754; x_wconf 88' lang='lat' dir='ltr'><strong>dolendum</strong></span> <span class='ocrx_word' id='word_1_825' title='bbox 2538 5701 2641 5754; x_wconf 89' lang='lat' dir='ltr'><strong>est.</strong></span> 
     </span>
    </p>
   </div>
  </div>
