3882 6222
374 449 477 507 407

1478 453 1536 508 S.
1569 449 1751 508 ABBO
1783 445 2276 507 FLORIACENSIS
2327 444 2571 508 ABBAS.

3571 456 3681 514 408

377 585 508 626 cum
552 570 878 632 deserturos
925 577 1094 650 atque
1139 574 1212 631 ad
1267 572 1504 648 propria
1533 571 1876 629 minitentur
1913 587 1971 626 se
2001 603 2055 663 Α
2081 585 2254 644 quam
2303 586 2361 626 se
2386 569 2632 628 oblitum
2664 571 2830 628 illum
2871 575 3136 630 sanetum
3169 572 3384 634 habere
3409 577 3610 633 virum
3642 575 3704 632 in

379 676 756 733 regressuros.
795 665 983 719 Unum
1016 665 1123 720 hoc
1151 663 1256 718 sibi
1289 680 1354 717 ex
1388 662 1673 717 sententia
1699 661 1977 716 comitum

380 753 582 804 notum
615 752 738 806 fore.
766 753 934 814 [esse]
961 755 1243 808 mandant
1275 769 1287 806 :
1323 751 1658 806 liberiorem
1683 749 1786 804 sibi
1806 765 1979 820 quam

380 837 534 906 prius
564 839 871 894 affuturam
921 841 1026 894 loci
1070 843 1440 912 potestatem,
1480 837 1524 890 si
1575 837 1752 890 semel
1783 836 1855 889 ad
1883 851 1982 890 eOs

388 927 566 994 ideal,
595 931 652 982 et
683 931 801 983 tam
820 930 1127 984 comitibus
1153 945 1443 1000 quamque
1465 925 1812 996 Amalguino
1833 923 1978 978 vice-

379 1016 599 1084 comiti,
631 1034 806 1088 quem
839 1017 958 1089 ipse
997 1017 1080 1072 eis
1131 1017 1473 1072 advocatum
1533 1014 1793 1078 dederat,
1842 1011 1982 1084 quid

377 1104 497 1174 ipse
527 1105 658 1159 velit
701 1107 874 1162 verbo
919 1111 1084 1162 tenus
1115 1105 1369 1160 declaret
1400 1123 1412 1158 :
1449 1119 1592 1175 quos
1619 1117 1856 1156 manere
1889 1100 1982 1154 de-

381 1195 640 1262 creverit,
701 1213 1030 1264 mansuros;
1086 1212 1230 1268 quos
1284 1195 1437 1249 exire
1463 1191 1824 1264 judicaverit,
1858 1205 1980 1242 me-

381 1287 638 1338 moratos
671 1285 926 1356 polliceri
959 1284 1245 1356 principes
1277 1283 1328 1336 vi
1360 1300 1420 1336 se
1449 1281 1804 1351 expulsurus,

452 1377 578 1428 thr.
609 1375 762 1428 XVII.
781 1374 828 1428 Α
843 1374 1030 1427 lterum
1056 1373 1169 1443 eius
1195 1377 1293 1426 iter
1311 1371 1575 1440 Regulam
1585 1386 1690 1440 per
1712 1369 1985 1433 Pictavor,

381 1462 839 1516 etc—Tandem
858 1463 1366 1532 talibusimpnlsus
1385 1457 1854 1529 allegationibus,
1881 1455 1987 1508 im-

379 1552 804 1622 pendentejam
823 1552 1026 1605 ultimo
1044 1551 1359 1605 vocationis
1371 1544 1862 1612 sumdie,secundo
1883 1543 1992 1597 iter

381 1641 716 1710 arripit,hos
735 1658 803 1694 ex
831 1640 1135 1694 monachis
1161 1638 1386 1693 itineris
1408 1636 1650 1691 comites
1674 1647 1988 1688 assumens:

385 1729 934 1800 suprauominatum
959 1728 1310 1798 Remigium,
1336 1742 1544 1796 meque
1558 1724 1789 1795 quiheec
1807 1721 1991 1776 scribo

385 1817 740 1877 Aimoinum,
771 1817 1246 1882 cumGuillelmo,
1281 1832 1398 1870 suae
1425 1811 1796 1876 veneranlize,
1828 1808 1994 1878 juxta

2085 660 2244 728 cujus
2275 661 2550 734 obsequio
2583 661 2691 716 iter
2717 661 2855 716 illud
2897 663 3362 722 conﬁciebamus.

2154 749 2282 804 CAP.
2315 751 2496 806 XVIII.
2529 752 2693 806 Domi
2718 767 2754 805 α
2795 751 3014 806 Giraldo
3045 760 3288 823 exceptus
3343 760 3392 808 et
3443 772 3477 808 a
3525 763 3704 808 matre

2083 839 2352 894 Aimoz‘ni.
2385 870 2452 880 ——
2485 841 2650 907 Nam,
2685 841 2822 894 dum
2851 841 2924 895 ad
2955 843 3228 910 castrum,
3265 843 3357 898 cui
3386 845 3706 899 Albaterra

2082 925 2416 999 [Aubeterre]
2459 947 2674 984 nomen
2724 933 2829 996 est,
2887 931 3128 985 tendere
3181 931 3704 994 deliberassemus,

2082 1020 2322 1088 repente
2353 1019 2626 1074 dominus
2655 1020 2827 1092 ipsius
2873 1021 3046 1076 castri
3078 1019 3285 1076 nobilis
3311 1023 3416 1090 vir,
3454 1024 3706 1078 nomine

2081 1105 2360 1175 Giraldus,
2383 1111 2511 1180 post
2531 1111 2755 1180 tergum
2778 1113 3036 1164 nostrum
3061 1109 3362 1166 celerrime
3379 1111 3709 1166 adveniens

2085 1195 2368 1264 apparuit.
2405 1196 2508 1260 Qui
2541 1197 2678 1250 dum
2713 1196 3034 1268 inquireret
3059 1197 3297 1268 quinam
3331 1215 3618 1265 essemus,
3654 1202 3716 1253 et

2085 1281 2316 1336 beatum
2333 1287 2556 1355 patrem
2579 1287 2837 1338 nostrum
2866 1285 3168 1340 Abbonem
3191 1286 3389 1342 adesse
3407 1287 3719 1358 cognovis-

2093 1373 2467 1443 set,gaudens
2481 1375 2553 1429 ob
2569 1374 2690 1444 ejus
2702 1373 3183 1445 praesentiam,ait
3205 1375 3277 1430 ad
3301 1393 3436 1430 eum
3451 1375 3719 1431 :«Domi-

2095 1478 2257 1527 num,
2293 1461 2576 1534 inquiens,
2611 1463 2845 1534 Iidemq-
2877 1480 3114 1518 emeam
3159 1467 3467 1530 testor,me
3501 1465 3720 1521 admo-

2097 1551 2234 1605 dum
2263 1551 2516 1621 gaudere
2539 1551 2695 1622 quod
2721 1554 2797 1618 te,
2827 1553 3090 1618 domine,
3123 1552 3318 1608 videre
3351 1555 3723 1621 merui;nam

2096 1639 2325 1694 bonitas
2351 1643 2408 1693 et
2436 1638 2718 1710 sapientia
2745 1643 2842 1693 tua
2868 1641 3135 1695 universo
3169 1645 3366 1696 nostro
3399 1642 3724 1712 pervulga-

2096 1730 2156 1780 ta
2185 1731 2317 1781 sunt
2337 1728 2481 1782 orbi.
2518 1727 2700 1794 Unde,
2733 1727 2778 1780 si
2811 1731 2921 1782 tuae
2955 1729 3145 1800 placet
3176 1729 3555 1800 benignitati,
3589 1730 3726 1784 hos-

2095 1831 2198 1886 pes
2225 1815 2326 1870 tibi
2359 1833 2458 1871 ero
2490 1816 2547 1870 in
2580 1817 2686 1870 hac
2711 1820 2878 1871 nocte
2909 1817 3290 1888 perliberalis,
3316 1822 3528 1872 cuncta
3545 1817 3726 1872 victui

387 1907 660 1959 abbatum
692 1921 938 1970 morem,
977 1907 1099 1958 tum
1134 1904 1328 1973 bajUIO
1361 1903 1501 1973 (14)·
1533 1901 1776 1970 Jamque
1819 1898 1876 1951 ίη
1903 1895 1994 1949 Via
2021 1916 2070 1973 Β
2097 1906 2418 1960 necessaria
2439 1907 2714 1962 tribuens.
2744 1928 2771 1955 »
2807 1907 2962 1961 Fecit
2990 1911 3052 1962 ut
3081 1908 3322 1976 dixerat,
3348 1913 3406 1962 et
3431 1924 3619 1980 usque
3651 1907 3728 1962 ad

387 1994 748 2059 constitutus,
779 1993 983 2064 legatis
1007 1992 1102 2063 qui
1135 2008 1240 2064 pro
1269 2008 1327 2045 se
1360 1992 1639 2045 venerant
1663 1989 1912 2058 imperat
1933 2001 1992 2038 se

2098 1997 2329 2048 noctem
2353 2011 2724 2067 permanens,
2758 1995 2936 2050 etiam
2971 1995 3028 2050 in
3063 1995 3461 2068 obsequendo,
3510 1994 3729 2049 famuli

392 2081 754 2147 antecedere,
787 2081 1026 2135 comites
1062 2081 1520 2150 advocatumque
1561 2080 1746 2131 certos
1788 2075 1858 2128 de
1889 2089 1992 2128 SUO
2099 2081 2450 2154 fungebatur
2480 2083 2695 2138 ofﬁcio,
2755 2084 3016 2155 Cumque
3067 2084 3232 2155 juxta,
3273 2084 3602 2156 qualndam
3637 2084 3730 2138 sui

384 2169 632 2224 adventu
665 2169 934 2232 reddere,
958 2187 1028 2223 ne
1049 2186 1276 2224 moram
1305 2165 1576 2238 colloquii
1608 2163 1992 2230 faciant,dum
2093 2170 2240 2241 juris
2282 2172 2579 2226 ecclesiam
2640 2173 2804 2227 nobis
2869 2172 3185 2244 hospitium
3248 2173 3615 2244 prwbuisset’
3654 2171 3732 2228 ad

395 2260 512 2330 ζρςο
541 2257 612 2312 ad
630 2275 727 2312 eos
743 2257 982 2326 venerit,
1004 2274 1331 2329 procurare.
1353 2259 1498 2328 Ipse,
1525 2255 1584 2308 in
1615 2254 1771 2307 nullo
1811 2249 1994 2321 negii-
2101 2264 2492 2314 memoratum
2527 2263 2780 2315 castrum
2815 2260 3101 2315 incibatus
3131 2260 3291 2315 abiit.
3325 2262 3566 2316 Postero
3605 2261 3730 2328 die,

388 2364 528 2418 gens
557 2347 820 2401 utilitatis
851 2347 1096 2402 emnobii
1130 2347 1284 2418 quod
1303 2345 1565 2415 regebat,
1588 2342 1846 2396 Pictavos
1867 2355 1994 2410 pcr-
2101 2347 2160 2402 in
2191 2351 2340 2402 statu
2357 2365 2726 2418 perseverans
2739 2350 3022 2404 hesterna:
3039 2349 3731 2413 benevolentiaembviam

389 2435 494 2506 git,
512 2436 878 2490 Guillelmum
903 2435 1050 2488 illius
1069 2435 1223 2488 urbis
1253 2428 1999 2499 adiitcomitem,projuva-
2104 2437 2154 2490 ei
2197 2437 2494 2508 processit,
2535 2438 2896 2509 praemittens
2923 2454 3028 2510 per
3058 2437 3450 2493 internuntios
3478 2438 3733 2511 piscium

395 2524 550 2578 mine
577 2523 950 2592 ροεεοεείοηίδ
972 2521 1306 2576 monasterii
1325 2520 1431 2585 διιί,
1451 2535 1579 2590 quin
1599 2518 1731 2573 Saix
1769 2516 1996 2582 dieitur,
2104 2525 2296 2591 xenia,
2325 2543 2574 2597 eumque
2591 2527 2812 2598 aliquot
2837 2526 3132 2580 deducens
3164 2526 3459 2592 milliaria,
3475 2531 3598 2581 tam
3621 2526 3732 2599 ipsi

393 2611 700 2665 calumniis
717 2611 1124 2664 advocatorum
1146 2609 1308 2662 valde
1342 2623 1650 2678 Oppressae,
1675 2622 1806 2660 eum
1839 2620 2004 2674 rogd-
2105 2614 2328 2668 homini
2365 2615 2460 2668 Dei
2495 2631 2668 2686 quam
2687 2615 2774 2668 his
2798 2614 3732 2688 quihospitiigratiacomitaban-

403 2700 632 2752 turus.A
654 2715 767 2769 quo
783 2697 874 2752 dic
907 2697 1078 2763 dicta,
1097 2697 1153 2750 iu
1179 2712 1293 2767 qua
1314 2695 1417 2748 sibi
1443 2699 1748 2765 postsuam
1778 2708 2002 2764 regres-
2107 2705 2220 2768 tur,
2251 2703 2787 2774 ducesvimlargitus
2807 2707 2910 2758 est.
2941 2704 3030 2758 Sic
3059 2691 3733 2758 demumbenedictione

399 2785 932 2841 sionemabeodem
947 2785 1157 2838 comite
1165 2785 1322 2855 justa
1345 2783 1668 2838 deferretur
1689 2780 2002 2846 audientia,
2109 2791 2398 2862 postulata
2443 2795 2617 2862 atque
2666 2796 2958 2862 percepta,
2991 2791 3251 2863 gaudens
3278 2791 3618 2862 regreditur
3657 2791 3732 2846 ad

403 2891 508 2946 pro
537 2891 600 2927 re
632 2874 743 2928 alia
779 2874 1204 2945 aliquantasper
1236 2872 1374 2926 inibi
1405 2887 1596 2925 moras
1629 2869 2008 2924 nectit.Forte
2112 2897 2238 2935 sua.
2301 2881 2428 2935 Huic
2479 2880 2608 2936 ideo
2663 2881 2989 2943 retulimus,
3031 2885 3091 2934 ut
3119 2883 3318 2951 δραι-ιθ
3348 2881 3574 2936 clamat
3593 2882 3732 2936 huic

406 2963 586 3017 abbas
609 2962 939 3016 monasterii
959 2961 1151 3016 Sancti
1177 2959 1444 3032 Cypriani
1460 2961 1516 3013 in
1534 2959 1808 3013 suburbio
1831 2957 2013 3011 Picta-
2113 2973 2309 3024 sanclo
2346 2969 2466 3024 viro
2498 2986 2796 3040 nunquanl
2831 2969 3076 3024 defuisse
3089 2968 3372 3034 divinum,
3396 2969 3499 3023 ubi
3515 2969 3732 3024 hama-

406 3049 933 3116 vorumsiti,eidem
951 3047 1653 3118 sanctoconsanguinitatc
1669 3047 2014 3116 conjunctus
2117 3075 2255 3112 num
2284 3059 2597 3128 putabatur
2623 3057 2820 3112 defore
2853 3058 3151 3112 auxilium,
3190 3057 3302 3111 Nec
3334 3061 3479 3112 tunc
3509 3059 3736 3113 solum-

408 3139 684 3193 vocabulo
709 3139 1072 3205 Gislebertus,
1101 3138 1340 3193 crimine
1363 3139 1505 3192 falso
1530 3135 1940 3208 impetebatur.
1964 3135 2014 3187 Is
2043 3205 2084 3219 Α
2118 3147 2528 3214 ωοάυ’νειιυιῃ
2551 3146 2608 3200 in
2631 3148 2902 3202 omnibus
2927 3146 3227 3202 itineribus
3252 3147 3396 3216 ejus,
3427 3163 3494 3201 ac
3528 3147 3737 3219 ριιωοί-

413 3227 882 3282 eumhumillima
901 3227 1146 3281 detinuit
1162 3243 1353 3298 prece,
1379 3225 1459 3280 uti
1477 3242 1592 3279 sua:
1612 3239 1816 3290 causas,
1835 3239 2012 3294 quam
2040 3205 2086 3263 ο
2114 3253 2225 3309 pne
2246 3253 2352 3308 per
2373 3235 2698 3292 universam
2713 3253 2886 3308 quam
2901 3237 3325 3307 eatempestate
3351 3237 3731 3303 ιεηυίιγίεω,

413 3316 471 3370 ἱη
493 3315 754 3387 proximo
769 3315 1158 3370 ventilandam
1179 3313 1824 3376 autumabat,interesse
1839 3311 2016 3382 digna
2117 3329 2260 3383 sicut
2284 3326 2506 3381 domini
2537 3343 2572 3380 ει
2599 3326 2794 3394 servis,
2822 3327 2903 3381 ita
2924 3343 2957 3381 ε
2986 3324 3202 3380 cunctis
3234 3342 3338 3397 per
3369 3342 3520 3398 quos
3550 3330 3736 3380 tum.

414 3404 712 3459 retur-Sed
731 3404 1174 3476 cumimln‘obus
1195 3403 1538 3458 ευδδθάίδεθι
1558 3404 1872 3468 accusator:
1899 3416 2019 3455 ma‘
2121 3420 2233 3474 itus
2263 3415 2389 3483 fuit,
2413 3415 2701 3487 jucundus
2731 3415 2902 3486 ipsius
2949 3415 3394 3486 praestolabatur
3426 3415 3732 3469 adventus.

419 3493 768 3564 nifestusque
800 3493 920 3548 ﬁeri
956 3497 1268 3559 vereretur,
1302 3491 1386 3546 vir
1427 3491 1661 3547 Domini
1701 3490 1887 3556 Abbo,
1920 3487 2018 3560 qui
2121 3509 2300 3562 porro
2328 3522 2434 3560 nos
2462 3505 2667 3559 eadem
2719 3504 2809 3558 die
2862 3521 2976 3575 qua
3004 3502 3074 3557 de
3114 3502 3416 3558 “buten-3
3443 3501 3738 3574 promovi-

418 3583 638 3636 cunctis
658 3581 929 3653 injuriam
968 3582 1339 3652 patientibus,
1369 3583 1650 3651 quantum
1698 3579 1757 3632 in
1785 3595 1843 3632 se
1873 3581 2018 3642 erat,

420 3688 590 3742 opem
624 3670 774 3726 ferre
792 3671 1078 3744 cupiebat,
1096 3671 1314 3724 litteras
1330 3669 1518 3724 eidem
1551 3668 1874 3740 propinquo
1896 3683 2020 3732 suo,

422 3777 487 3813 ex
502 3777 604 3814 sua
619 3763 779 3831 parte
799 3759 994 3814 abbati
1015 3758 1481 3813 Cluniacensium
1501 3754 1847 3820 Odiloni,cui
1869 3753 2020 3808 idem

422 3848 843 3904 monasterium
875 3848 1198 3917 subjectum
1230 3849 1374 3911 erat,
1408 3843 1783 3915 perferendas
1815 3842 2023 3910 tradit;

423 3955 551 4010 qua:
585 3936 848 3990 videlicet
895 3937 1102 3990 litterae
1133 3938 1190 3988 et
1237 3933 1454 3987 ultima:
1504 3932 1875 4003 epistolarum
1907 3931 2030 4002 ejus

424 4027 770 4091 existunt,et
799 4023 952 4094 apud
987 4039 1090 4076 nos
1121 4039 1248 4075 cum
1280 4021 1513 4092 reliquis
1545 4024 1660 4087 (lii)
1690 4037 2030 4075 conservan-

425 4115 669 4183 tur.lpse
685 4113 794 4165 iter
807 4111 960 4181 quod
981 4113 1234 4180 coeperat
1263 4111 1556 4164 maturare
1581 4109 1896 4164 contendit.
1917 4109 2029 4163 Nos

427 4217 566 4271 ergo
589 4199 793 4270 quinta
809 4203 1114 4270 postquam
1133 4199 1206 4252 ibi
1223 4198 1640 4252 adveneramus
1662 4198 2029 4264 die,celebra—

427 4293 490 4344 ta
511 4287 776 4343 omnium
802 4290 1131 4341 sanctorum
1149 4287 1540 4350 solemnitate,
1559 4289 1755 4359 quinta
1768 4303 1931 4358 neque
1945 4286 2027 4342 fe-

429 4377 518 4430 ria
533 4375 668 4430 inde
683 4376 991 4447 progressi,
1014 4393 1118 4448 per
1129 4379 1308 4432 Karro
1318 4377 1340 4430 Γ
1339 4393 1472 4432 ense
1491 4375 1815 4446 [Clam-rear]
1831 4392 2030 4431 mona-

2125 3613 2272 3663 mus,
2300 3596 2654 3648 transmeato
2687 3592 2808 3645 Ella
2839 3590 2958 3654 [Ile]
2989 3590 3535 3656 ﬂumine,unacum
3563 3590 3734 3645 beato

2123 3683 2385 3747 Abbone,
2416 3682 2472 3736 in
2507 3681 2656 3745 villa,
2686 3696 2813 3752 qua:
2838 3679 3196 3734 Ad—Franeos
3225 3679 3738 3751 dicitur,hospitati

2125 3789 2342 3826 sumus.
2377 3769 2638 3840 Suscepit
2669 3786 2772 3822 nos
2801 3767 2938 3836 inibi
2970 3766 3218 3839 genitrix
3251 3783 3406 3834 mea,
3424 3767 3738 3822 memorati

2128 3859 2547 3915 militisGiraldi
2579 3856 3314 3928 consanguinea,vocabulo
3343 3855 3736 3922 Aunenrudis,

2129 3966 2260 4004 cum
2303 3951 2519 4020 quanta
2550 3946 2737 4019 potuit
2765 3945 3144 4000 humanitatis
3196 3943 3580 4000 exhibitione.
3613 3945 3737 3999 Haec

2131 4036 2452 4093 devotionis
2505 4039 2562 4091 et
2613 4033 2869 4106 obsequii
2899 4034 3124 4090 fervore
3149 4032 3303 4088 circa
3326 4033 3609 4089 eumdem
3639 4031 3736 4088 Dei

2131 4128 2386 4199 ﬂagrans
2442 4123 2767 4190 hominem,
2819 4121 3026 4178 obnixe
3053 4122 3258 4177 orabat
3284 4124 3348 4176 ut
3375 4121 3559 4178 biduo
3589 4121 3735 4194 apud

2129 4234 2258 4272 eam
2291 4231 2528 4270 manere
2556 4214 2909 4286 dignaretur.
2927 4211 3094 4276 Quod
3121 4211 3216 4265 ille
3242 4210 3734 4266 vehementerab-

2134 4306 2277 4373 nuit,
2311 4307 2388 4372 et,
2423 4304 2514 4360 die
2547 4303 2702 4368 data,
2735 4301 2848 4356 suis
2886 4303 2948 4354 ut
2998 4299 3149 4354 viam
3181 4302 3482 4354 maturato
3513 4300 3736 4372 capiant

2132 4394 2404 4466 imperat,
2421 4396 2658 4462 tumque
2671 4390 2925 4464 primum
2941 4389 3098 4461 quasi
3113 4404 3410 4460 prazsagus
3437 4388 3732 4444 brachium

429 4464 771 4531 sterium,ad
790 4465 1184 4520 Nantoliacum
1203 4465 1537 4520 devenimus
1555 4464 2029 4530 cmnobiolumﬁn
2059 4498 2111 4557 D
2136 4484 2191 4540 in
2219 4464 2338 4555 quo
2370 4485 2500 4554 post
2527 4496 2825 4552 percussus
2857 4482 2961 4546 est,
2993 4479 3190 4534 dolere
3219 4477 3327 4532 sibi
3359 4478 3648 4549 praedixit.

429 4555 654 4609 honore
671 4553 1012 4609 sanctissimi
1039 4555 1217 4627 patris
1236 4555 1525 4610 Benedicti
1541 4553 2032 4621 fundatum;unde

430 4642 822 4715 digredientes
839 4643 1222 4699 Sabbatorum
1245 4645 1358 4712 die,
1381 4643 1771 4714 Engolismam
1790 4643 1901 4714 (I6)
1929 4642 2028 4696 ad-

429 4732 727 4801 venimus;
756 4751 788 4788 a
815 4751 928 4806 qua
970 4736 1113 4791 urbe
1143 4735 1236 4790 die
1269 4733 1574 4790 Dominica
1627 4733 1860 4804 egressi,
1889 4733 2028 4788 dum

437 4823 638 4878 incerti
667 4840 772 4895 pro
805 4824 1162 4879 advenientis
1205 4825 1388 4879 noctis
1417 4822 1688 4894 hospitio,
1721 4839 1786 4876 ac
1816 4821 2026 4877 idcirco

423 4913 614 4969 moesti
632 4913 1320 4978 incederemus,ostendit
1339 4911 1620 4966 Dominus
1639 4911 2031 4984 nobisnequa—

497 5057 609 5129 (li)
628 5059 721 5130 Baj
735 5058 806 5113 uti
827 5058 1049 5112 abbatis
1067 5061 1234 5113 erant
1267 5057 1388 5127 ejus
1409 5056 1681 5112 ofﬁciales
1705 5055 2024 5130 domestici,

427 5126 624 5207 quales
655 5126 822 5207 erant
853 5131 1202 5207 capellanus,
1237 5126 1576 5207 procurator
1598 5131 1672 5207 εἰ
1703 5126 1872 5207 sigilli
1902 5145 2024 5207 cus-

426 5197 532 5253 tos.
587 5202 695 5255 Adi
723 5197 1069 5256 Glossarium
1111 5200 1184 5254 ad
1235 5197 1564 5253 Mattharum
1598 5197 1898 5252 Parisium.
1929 5199 2024 5252 Hic

429 5271 639 5338 baiulus
666 5274 989 5326 venerantia!
1031 5271 1232 5325 abbatis
1278 5269 1504 5324 videtur
1533 5286 1654 5322 esse
1685 5270 1916 5338 gerulus
1949 5269 2022 5322 si-

427 5341 567 5410 gilli,
601 5341 660 5394 in
687 5359 800 5412 quo
829 5359 1092 5412 expressa
1123 5343 1247 5394 erat
1278 5341 1469 5409 imago
1489 5339 1730 5404 abbatis,
1761 5344 2024 5394 autcerte

425 5413 776 5482 capellanus,
807 5413 898 5480 qui
921 5413 1129 5482 pedum
1161 5413 1442 5482 pastorale
1471 5413 1604 5482 ante
1631 5427 1766 5482 eum
1795 5414 2022 5480 gestare

425 5480 769 5552 solebatxljlt
794 5480 1236 5552 quidem/eruta
1267 5480 1523 5552 AibiTIOHiS
1554 5485 1681 5551 post
1719 5480 1843 5549 ejus
1867 5497 2020 5534 mor-

424 5553 539 5603 tem
576 5551 635 5604 in
665 5550 978 5617 Fra'zez'am,
1031 5551 1091 5604 id
1136 5555 1222 5604 est
1265 5550 1608 5618 Floriacum,
1653 5553 1892 5604 remissa
1911 5553 2016 5619 est,

423 5621 669 5676 testante
697 5621 986 5678 Ademaro
1017 5620 1305 5676 monacho
1337 5621 1394 5676 in
1429 5620 1735 5677 Chronico.

483 5692 598 5768 (15)
619 5692 871 5750 Joannes
901 5708 936 5749 a
963 5692 1140 5748 Bosco
1170 5689 1262 5746 hic
1276 5693 1440 5749 notat
1467 5690 1776 5766 Papyrium
1801 5693 2008 5750 Masso-

2205 4573 2332 4627 Csr.
2366 4572 2491 4627 XIX.
2541 4569 2805 4640 Regulam
2856 4566 3068 4623 tandem
3125 4567 3368 4638 appellit.
3401 4599 3474 4608 —
3499 4568 3636 4622 Inde
3662 4565 3732 4621 ad

2131 4662 2416 4719 Dordonre
2435 4660 2512 4728 [la
2541 4658 2848 4729 Dordogne]
2869 4657 3090 4712 ﬂuenta
3117 4659 3391 4724 ventum;
3419 4673 3538 4729 quo
3555 4655 3734 4711 enavi-

2130 4757 2264 4826 gato
2296 4767 2491 4818 amne,
2513 4747 2844 4804 Guasconiae
2875 4747 3021 4802 lines
3051 4745 3486 4818 ingrediuntur.
3533 4746 3732 4800 Trans-

2130 4840 2456 4897 meantibus
2502 4835 2879 4904 Dornoniam,
2927 4837 3244 4906 antequam
3297 4834 3374 4888 ad
3429 4835 3730 4906 praefatum

2127 4929 2389 4985 veniatur
2417 4927 2648 4998 Regula!
2702 4923 3050 4989 coenobium,
3108 4922 3290 4977 Droth
3347 4925 3466 4994 (l7)
3516 4925 3731 4978 torrens

2131 5071 2290 5118 num,
2320 5053 2416 5124 qui
2438 5050 2696 5132 Abbonis
2713 5049 2980 5132 epistolas
2999 5063 3186 5132 penes
3215 5065 3274 5102 se
3302 5047 3729 5132 habebatqu-

2129 5143 2239 5198 que
2269 5118 2485 5193 magno
2516 5118 2844 5198 reipubliea:
2868 5118 3219 5198 detrimento
3235 5119 3728 5198 oc_cult._as__retine-

2131 5189 2310 5259 batmt
2325 5189 2476 5248 nunc
2489 5211 2583 5248 eas
2597 5189 2780 5248 editas
2797 5192 3078 5244 habemus
3097 5206 3165 5244 ex
3184 5189 3386 5244 codice
3409 5189 3724 5244 Pithmano.

2198 5267 2324 5338 (16)
2344 5265 2412 5317 In
2436 5262 2846 5338 monasteries.
2887 5261 3177 5338 Eparehzt',
3209 5261 3383 5338 vulgo
3429 5260 3494 5316 S.
3529 5259 3724 5338 Cybar,

2127 5303 2486 5408 Enkgol’ismze
2524 5334 2842 5408 hospitatus
2893 5303 2997 5400 esrt,
3045 5303 3196 5387 textis
3259 5303 3556 5387 Ademaro
3574 5303 3728 5401 Jejus

2123 5405 2237 5462 loci
2267 5405 2571 5461 monacho.

2193 5480 2300 5550 (l7)
2337 5477 2426 5531 Sic
2459 5477 2666 5549 legitur
2694 5476 2892 5550 in_ms.
2927 5474 3122 5550 codice
3145 5491 3262 5550 quo
3296 5491 3432 5529 usus
3445 5477 3543 5550 est
3557 5474 3725 5550 Joan-

2123 5545 2224 5604 nes
2263 5545 2295 5605 a
2325 5545 2780 5615 Boscoﬂametsi
2809 5546 2988 5600 Aroth
3015 5563 3104 5600 seu
3143 5545 3356 5602 Codrot
3392 5545 3592 5614 edidit,
3623 5545 3726 5603 du-

2122 5621 2248 5678 bius
2275 5619 2490 5679 scilicet
2519 5622 2715 5676 utrum
2753 5617 3069 5692 legendum
3103 5620 3274 5676 esset.
