3882 6222
188 447 272 504 409
1321 442 1683 501 ΡΒοωΜιΑ.
1716 474 1783 483 -

1897 441 1961 497 ΓΑ
1983 441 2042 500 S.
2074 441 2387 497 ABBONIS.

3404 442 3511 497 410

182 569 423 637 occurrit,
469 587 665 645 quem
721 569 862 628 dum
912 569 1155 627 transire
1214 574 1365 626 esset
1420 585 1672 635 necesse,
1705 568 1865 632 virA
1897 567 1949 622 ei
1981 566 2271 639 adjaceret
2302 566 2586 638 planities,
2619 565 2706 621 cui
2749 565 3015 621 conditor
3066 563 3363 636 municipii
3398 560 3510 621 vsl’

183 660 546 727 Deilintrem,
574 677 712 731 quas
738 659 1163 732 perexiguaillo
1187 660 1431 713 habetur
1454 659 1510 713 in
1536 660 1786 724 fluviolo,

182 750 295 804 dum
313 749 610 817 ascendit,
627 766 699 804 ea
715 750 999 805 introrsus
1014 767 1047 803 a
1060 751 1239 803 latoso
1259 748 1449 802 littore
1470 748 1788 805 relabente.

179 838 386 907 cingulo
421 841 604 893 tenus
625 854 779 909 pene
806 839 865 893 in
887 855 1095 910 aquam
1118 837 1351 891 decidit.
1374 837 1576 891 Mirum
1601 834 1783 889 dictu!

177 926 414 998 vestigiis
430 928 750 997 paululum
775 926 1138 991 madefactis,
1157 927 1215 980 in
1232 925 1470 998 reliquis
1488 924 1789 979 indumen-

174 1015 238 1069 tis
256 1014 340 1069 vix
362 1015 569 1069 tenuis
590 1014 864 1087 apparuit
884 1015 1113 1069 humor.
1130 1015 1507 1068 Transmeato
1526 1030 1663 1067 sane
1682 1013 1789 1067 hoc

171 1102 401 1173 pessimi
422 1119 702 1157 occursus
724 1106 1005 1169 torrente,
1024 1105 1254 1173 postero
1289 1102 1381 1156 die
1400 1101 1472 1155 ad
1502 1105 1789 1156 monaste-

167 1192 310 1246 rium
344 1192 595 1262 Regulaa
628 1194 888 1247 ventum.
924 1193 989 1244 Et
1023 1191 1209 1262 primo
1242 1190 1478 1262 quidem
1511 1189 1625 1256 die,
1658 1205 1788 1243 cum

169 1280 355 1352 quiete
381 1283 771 1348 manserunt;
807 1280 1060 1335 secundo
1102 1296 1264 1346 sane,
1294 1280 1448 1333 inter
1479 1283 1706 1334 nostros
1734 1281 1792 1332 et

163 1371 493 1424 Guascones
535 1370 804 1441 jurginm
844 1373 1084 1441 propter
1136 1368 1356 1423 cibaria
1402 1385 1686 1439 equorum
1719 1368 1792 1421 ad

165 1474 477 1529 vesperum
525 1462 722 1512 ortum
754 1458 957 1529 vixque
986 1474 1019 1512 a
1050 1458 1367 1528 majoribus
1390 1458 1651 1511 sedatum
1684 1458 1788 1509 est.

164 1544 329 1608 Quod
344 1545 449 1600 ubi
477 1545 543 1599 in
561 1545 883 1600 crastinum
906 1545 1249 1600 venerabilis
1270 1549 1434 1615 pater
1454 1546 1616 1599 Abbo
1638 1561 1793 1599 com-

161 1634 333 1706 perit,
363 1650 506 1689 suos
537 1634 917 1688 vehementer
959 1633 1260 1705 redarguit
1297 1650 1398 1687 cur
1450 1632 1705 1687 inermes
1736 1635 1794 1685 et

160 1721 641 1776 interinfensam
656 1722 763 1776 sibi
789 1725 1029 1793 gentem
1058 1723 1205 1776 bella
1221 1722 1465 1787 ciereut,
1496 1721 1793 1775 monebat-

157 1826 273 1881 que
306 1810 667 1882 patientiam
689 1827 934 1877 servare,
958 1811 1142 1865 donec
1169 1811 1288 1881 ipse
1321 1827 1453 1865 cum
1485 1809 1693 1864 comite
1725 1825 1789 1863 ac

1893 660 1953 710 ut
1974 656 2209 728 quidam
2246 658 2463 720 volunt,
2497 656 2761 721 civitatis,
2790 654 2993 709 turrim
3026 652 3262 725 quadris
3294 653 3496 724 lapidi-

1894 744 2000 798 bus
2060 748 2403 798 exstructam
2462 743 2747 815 opposuit,
2801 761 2928 814 quae
2992 759 3143 796 nunc
3203 741 3503 796 ruinarum

1895 834 2302 887 tantummodo
2318 850 2551 888 suarum
2573 832 2783 886 indicia
2804 831 3244 903 prmferngitur
3266 834 3380 884 tam
3401 831 3503 884 liu—

1884 921 1981 991 jus
1994 939 2167 993 quam
2189 922 2918 977 cmterorumaidiﬁeiorum
2934 920 3153 974 dirutos
3171 919 3504 990 parietes,et

1891 1027 1995 1081 per
2020 1011 2233 1065 devexa
2277 1011 2453 1065 totius
2486 1010 2699 1066 montis
2744 1012 2927 1065 latera
2980 1012 3217 1080 prepter
3266 1008 3500 1064 ﬁrmam

1892 1100 2160 1154 czrmenti
2197 1099 2565 1154 tenacitatem
2608 1100 3020 1170 dependentes,
3048 1098 3225 1152 homo
3248 1098 3348 1151 Dei
3372 1115 3506 1152 con-

1893 1188 2141 1258 spicatus
2171 1188 2605 1259 admiransque,
2637 1191 2765 1243 ἰξειο
2821 1188 2983 1243 nobis
3024 1188 3288 1242 arridens
3318 1189 3499 1256 vultu,

1894 1277 2022 1331 infit
2053 1296 2069 1330 :
2127 1300 2153 1327 «
2190 1278 2506 1336 Potentior.
2541 1278 2829 1349 inquiens,
2866 1295 3015 1332 nunc
3072 1295 3199 1332 sum
3259 1278 3499 1333 domino

1895 1369 2092 1420 nostro
2113 1383 2251 1436 rege
2284 1367 2636 1421 Francorum
2672 1366 2822 1421 intra
2850 1368 2954 1421 hos
2981 1368 3143 1433 fines,
3182 1366 3274 1421 ubi
3311 1368 3500 1422 nullus

1893 1454 2016 1524 ejus
2043 1459 2269 1509 veretur
2295 1455 2643 1523 dominium,
2679 1456 2855 1508 talem
2908 1456 3202 1525 possidens
3235 1455 3498 1509 domum.

1894 1542 2007 1597 Sed
2034 1544 2146 1597 heu
2178 1544 2323 1614 proli
2346 1544 2551 1599 dolorl
2589 1545 2757 1599 aliter
2782 1561 2956 1616 quam
2986 1546 3036 1598 ei
3060 1560 3123 1599 ac
3157 1544 3323 1599 nobis
3363 1545 3496 1599 utile

1896 1633 2022 1698 fuit,
2045 1634 2214 1704 hujus
2244 1634 2352 1687 loci
2383 1635 2695 1705 parabatur
2718 1635 3018 1705 possessio.

1964 1721 2221 1792 Denique
2256 1723 2643 1792 malignorum
2676 1722 2847 1777 factio
2894 1723 2993 1793 qui
3050 1722 3158 1776 illis
3189 1740 3333 1793 quos
3377 1722 3500 1793 ipse

1874 1813 2121 1875 .sanctus
2154 1814 2317 1880 pater
2338 1811 2410 1864 ad
2431 1811 2700 1865 eumdem
2730 1810 2967 1865 miserat
2996 1811 3187 1865 locum
3216 1810 3502 1882 irrogave-

156 1899 269 1955 loci
302 1899 599 1955 advocato
631 1901 1065 1972 colloqueretur
1092 1899 1193 1972 qui
1218 1900 1344 1970 jam
1374 1899 1614 1971 jamque
1646 1896 1787 1951 aﬁ'u-
1822 1932 1873 1991 B
1894 1900 2027 1952 rant
2048 1896 2307 1967 injurias,
2332 1898 2390 1951 in
2421 1898 2476 1952 id
2502 1898 2625 1968 jam
2660 1899 3087 1987 conspiraverat
3119 1902 3200 1964 ut,
3220 1915 3287 1953 ex
3318 1898 3499 1970 quali-

155 1987 275 2042 turi
304 1987 730 2042 credebantur.
760 1988 905 2043 Tum
964 1988 1204 2043 demum
1254 2005 1383 2042 suas
1414 2002 1787 2057 suorumque,

159 2091 306 2146 quos
322 2074 608 2147 primitus
621 2074 837 2130 ibidem
855 2076 1187 2146 reliquerat,
1211 2075 1451 2146 injurias
1469 2075 1542 2129 ad
1564 2075 1790 2129 libitum

160 2165 357 2217 ultum
382 2163 453 2217 iri
491 2163 891 2233 pollicebatur.
929 2164 1022 2218 His
1049 2180 1112 2219 ac
1139 2164 1419 2218 similibus
1451 2163 1638 2218 verbis
1661 2179 1790 2218 suo-

166 2267 299 2306 rum
320 2252 680 2307 furibundos
696 2253 896 2307 sedare
917 2253 1433 2308 tentabatanimos.
1459 2253 1591 2307 Erat
1613 2270 1681 2307 ea
1700 2253 1791 2307 die

163 2339 415 2395 celebris
443 2340 713 2394 universo
736 2341 863 2395 orbi
888 2342 1039 2397 beati
1061 2342 1350 2412 pontificis
1381 2342 1794 2396 MartiniTuro-

165 2428 280 2481 nici
312 2427 690 2493 solemnitas,
724 2432 781 2482 et
833 2432 1059 2483 sanctus
1114 2429 1197 2483 vir
1250 2446 1466 2501 magna
1512 2430 1699 2484 cordis
1729 2445 1793 2483 ac

165 2516 433 2588 corporis
463 2516 767 2570 alacritate
790 2514 1095 2571 missarum
1132 2517 1334 2571 festiva
1364 2517 1672 2571 celebravit
1702 2533 1792 2571 so-

165 2604 416 2658 lemnia.
454 2603 585 2666 Qua
611 2604 703 2658 die
751 2608 806 2659 et
836 2606 1118 2677 sequenti,
1152 2623 1278 2676 qua:
1312 2605 1614 2661 Dominica
1664 2605 1792 2667 fuit,

169 2691 329 2747 idem
368 2692 474 2747 Dei
507 2693 763 2747 famulus
790 2694 974 2757 Abbo,
1006 2698 1133 2765 post
1170 2695 1348 2749 sancti
1402 2694 1662 2749 sacriﬁcii
1693 2711 1796 2766 per

168 2781 431 2852 seipsum
462 2781 826 2837 oblationem
853 2800 917 2837 ac
930 2783 1187 2854 corporis
1207 2784 1607 2849 refectionem,
1634 2800 1796 2837 mon-

172 2872 294 2924 tem
324 2869 387 2923 in
411 2886 533 2941 quo
556 2871 978 2926 monasterium
1005 2872 1180 2927 situm
1205 2875 1291 2926 est
1318 2872 1573 2942 undique
1600 2873 1792 2943 perlu-

172 2961 388 3025 strans,
423 2959 666 3013 laudare
721 2960 892 3014 simul
938 2977 1002 3014 ac
1034 2960 1231 3015 mirari
1277 2978 1392 3016 non
1445 2962 1632 3016 solum
1686 2960 1795 3015 loci

172 3046 549 3113 ﬁrmitatem,
579 3063 780 3102 verum
833 3048 1009 3102 etiam
1060 3050 1443 3105 maximorum
1497 3066 1624 3121 qua:
1656 3049 1795 3103 inibi

172 3132 413 3189 fuerant
434 3136 819 3190 aadificiorum
836 3136 1217 3193 fundamenta
1245 3139 1435 3209 cmpit.
1464 3139 1678 3193 Horum
1699 3138 1800 3192 ita-

1895 1986 1995 2040 bet
2044 1987 2343 2040 occasione
2389 1990 2682 2041 commoto
2734 1968 3005 2053 tumultd,
3044 1989 3206 2039 tanta
3255 1968 3503 2039 famulos

1896 2074 2069 2144 ipsius
2087 2075 2255 2129 credis
2271 2075 2629 2129 contumelia
2644 2075 2921 2139 afficeret,
2937 2077 3219 2147 quatenus
3233 2090 3339 2127 nec
3357 2073 3498 2143 ipse,

1897 2180 2002 2216 nec
2025 2162 2265 2234 quilibet
2291 2165 2453 2229 alter,
2472 2180 2570 2218 eos
2590 2163 2829 2218 ulterius
2851 2163 3009 2217 adire
3043 2163 3299 2216 auderet.
3336 2161 3502 2225 Quod

1897 2269 2030 2307 vero
2072 2255 2315 2306 .nortem
2342 2252 2491 2306 illius
2539 2253 2691 2306 inter
2722 2252 2884 2307 dolos
2915 2252 3246 2306 machinata
3283 2251 3355 2305 sit
3380 2267 3498 2306 non

1897 2357 2028 2395 vere
2056 2342 2254 2407 scitur,
2290 2340 2395 2394 nisi
2426 2341 2560 2412 quia
2591 2341 2636 2395 is
2663 2341 2760 2412 qui
2801 2358 2934 2395 eum
2978 2342 3320 2411 percussisse
3354 2340 3495 2395 dici-

1899 2432 1992 2483 tur
2019 2429 2077 2482 in
2109 2428 2303 2499 jurgio
2344 2429 2551 2483 nostris
2582 2429 2785 2482 dixisse
2841 2429 3027 2483 fertur
3075 2446 3179 2499 pro
3219 2429 3397 2484 nihilo
3442 2446 3500 2484 se

1898 2518 2105 2572 ducere
2127 2518 2170 2572 si
2194 2518 2393 2571 lancea
2414 2522 2676 2572 ventrem
2697 2518 2745 2588 ej
2757 2534 2819 2575 us
2838 2517 3505 2573 transforaret.Secunda

1898 2606 2075 2677 igitur
2104 2606 2267 2672 feria,
2298 2624 2412 2677 qua
2435 2606 2618 2661 sancti
2651 2605 2993 2661 confessoris
3025 2606 3190 2660 Bricii
3223 2608 3504 2678 agebatur

1898 2694 2192 2761 festivitas,
2220 2696 2595 2761 monachum,
2622 2695 2718 2766 qui
2748 2696 2855 2750 hos
2887 2712 3009 2748 esse
3051 2695 3351 2750 dicebatur
3380 2713 3505 2750 ma-

1899 2783 2160 2837 chinatus
2182 2784 2363 2849 dolos,
2379 2787 2607 2838 sanctus
2629 2786 2791 2854 pater
2812 2786 3008 2838 noster
3024 2783 3186 2837 Abbo
3206 2783 3503 2854 increpare

1900 2872 2091 2942 caspit,
2113 2872 2289 2943 quod,
2308 2872 2430 2926 sine
2455 2872 2575 2942 ejus
2594 2871 2825 2926 licentia
2845 2872 2914 2926 de
2944 2871 3295 2927 monasterio
3314 2888 3501 2943 egres-

1900 2977 2011 3027 sus,
2045 2962 2198 3015 foras
2249 2961 2598 3015 manducare
2634 2960 3105 3033 prmsumpsisset.
3143 2962 3240 3015 llic
3269 2963 3501 3015 Anezan

1901 3049 2140 3104 nomine
2166 3048 2463 3104 dicebatur
2483 3049 2737 3120 proprio,
2759 3052 2931 3119 gente
2953 3050 3235 3104 barbarus
3256 3066 3320 3104 ac
3348 3067 3507 3104 voca-

1901 3138 2056 3192 bulo.
2075 3136 2180 3200 Qui
2206 3138 2344 3192 dum
2375 3138 2554 3191 sancti
2586 3137 2688 3191 viri
2719 3138 3174 3210 increpationem
3204 3155 3264 3193 se
3289 3138 3510 3209 patien-

178 3238 289 3293 que
326 3225 602 3279 locorum
629 3225 825 3291 situm,
855 3243 889 3280 a
935 3228 1133 3281 sancto
1164 3227 1286 3282 viro
1316 3226 1638 3293 laudatum,
1674 3244 1799 3282 suc-
1821 3226 1867 3286 Ο
1902 3228 1991 3280 ter
2011 3225 2163 3279 ferre
2193 3226 2451 3292 simulat,
2478 3226 2578 3280 sed
2606 3226 3107 3281 circumstantibus
3128 3226 3509 3281 contumacia:

177 3311 423 3367 cinctim
440 3312 651 3367 litteris
668 3314 1339 3387 mandareopportunum
1356 3317 1479 3371 fore
1493 3315 1797 3372 credimus.

251 3400 389 3455 CAP.
409 3401 518 3454 XX.
550 3400 773 3471 Regula
786 3404 941 3457 situs.
977 3402 1393 3474 Cassinogz'lum.
1424 3404 1802 3475 Regulmsium

184 3488 351 3555 factio
383 3492 440 3543 in
491 3490 795 3545 Abbonem.
842 3491 1083 3546 Abbom's
1128 3494 1317 3564 plaga.
1346 3493 1619 3550 Interitus.
1655 3493 1802 3548 Sedi-

184 3581 441 3633 liosorum
472 3580 657 3648 furor.
690 3580 929 3635 Abbom's
955 3582 1142 3651 funus.
1170 3583 1459 3653 Sepultum
1486 3601 1607 3638 cum
1635 3584 1801 3637 solitis

182 3669 511 3722 restibus.-—
525 3669 933 3724 Monasterium
950 3671 1206 3742 Regulae,
1221 3674 1275 3728 in
1292 3674 1512 3728 honore
1525 3672 1799 3745 principis

179 3757 589 3828 apostolorum
627 3758 744 3810 Deo
775 3757 1051 3821 dicatum,
1082 3758 1142 3813 in
1174 3764 1373 3816 monte
1405 3765 1489 3815 est
1522 3762 1794 3832 positum.

179 3846 288 3911 Qui
342 3846 616 3901 videlicet
646 3863 818 3902 mons
862 3863 897 3901 a
953 3848 1138 3903 tribus
1179 3851 1471 3917 lateribus,
1505 3850 1794 3916 orienta‘i,

178 3936 508 4006 aquilonali
540 3938 599 3990 et
628 3936 990 4005 occidentali,
1020 3938 1142 3993 aliis
1174 3940 1425 4011 cingitur
1467 3941 1793 4009 montibus;

177 4042 203 4078 a
234 4024 495 4080 meridie
524 4024 796 4081 Garunna
825 4026 1067 4081 vallatur
1095 4029 1334 4084 ﬂumine
1365 4028 1797 4101 periculosaque

175 4114 350 4168 vallis
378 4114 681 4184 voragine.
704 4115 790 4169 Ab
821 4115 1044 4170 oriente
1065 4115 1219 4171 inter
1247 4117 1436 4189 ipsum
1469 4122 1527 4172 et
1548 4119 1795 4174 alterum

174 4205 454 4257 montem
486 4202 647 4257 vallis
679 4203 868 4259 existit
920 4210 1291 4277 perangusta,
1324 4223 1429 4277 per
1458 4223 1633 4278 quam
1664 4205 1794 4260 fons

173 4294 364 4357 meat,
398 4307 578 4361 quam
638 4292 840 4347 incolae
870 4294 1160 4349 Mosellam
1214 4297 1586 4366 nuncupant;
1620 4294 1792 4349 simili

172 4378 361 4433 modo
393 4379 467 4433 ab
499 4380 799 4436 occidente
829 4382 1060 4436 alterius
1088 4382 1267 4437 fontis
1323 4382 1527 4453 rapido
1560 4382 1793 4437 alluitur

1903 3314 2078 3367 verba
2108 3314 2441 3385 respondet,
2460 3314 2647 3367 subito
2680 3314 2910 3368 auditur
2925 3316 3145 3369 clamor
3173 3314 3506 3382 mulierum,

1894 3401 2062 3472 juxta
2091 3418 2317 3457 morem
2350 3403 2456 3473 (l8)
2483 3402 2673 3473 gentis
2703 3402 2871 3469 illius,
2908 3404 3000 3457 ubi
3062 3404 3266 3459 seditio
3322 3403 3507 3459 oritur

1904 3494 2002 3545 aut
2022 3506 2179 3545 mors
2202 3490 2457 3545 hominis
2483 3490 2808 3560 intervenit,
2823 3493 3163 3545 conclaman
3177 3492 3340 3548 tium.
3356 3493 3506 3547 Tum

1904 3578 1996 3634 ille
2021 3578 2294 3650 perfidus,
2309 3580 2429 3634 solo
2459 3579 2697 3633 nomine
2731 3580 3068 3645 monachus,
3094 3580 3167 3633 ad
3188 3595 3287 3633 eos
3318 3579 3415 3649 qui
3447 3596 3507 3633 se

1901 3668 2351 3723 circumstabant
2399 3668 2527 3722 infit
2570 3684 2582 3722 :
2640 3691 2665 3717 ‹‹
2700 3668 2878 3734 Nunc,
2940 3666 3225 3737 inquiens,
3286 3667 3509 3721 dicetur

1902 3772 2032 3811 meo
2058 3756 2284 3817 monitu
2312 3758 2419 3812 hoc
2451 3774 2571 3811 esse
2598 3759 2788 3810 ortum
2812 3755 3167 3810 scandalum.
3196 3776 3222 3803 »
3259 3753 3361 3808 Cui
3376 3754 3502 3825 qui-

1900 3845 2033 3900 dam
2058 3863 2121 3900 ex
2144 3845 2230 3898 bis
2261 3845 2355 3917 qui
2388 3845 2660 3899 aderant:
2700 3868 2726 3896 «
2760 3844 2839 3911 Si,
2860 3843 2960 3911 ait,
2989 3844 3047 3899 id
3066 3842 3501 3910 metuis,nobis-

1901 3951 2029 3989 cum
2053 3934 2126 3988 ad
2144 3935 2249 3989 hos
2275 3934 2561 3989 sedandos
2582 3933 2932 4005 progredere
2961 3937 3170 3987 motus.
3193 3932 3402 3985 Verum
3432 3947 3500 3986 eo

1899 4023 2225 4090 differente,
2258 4022 2332 4078 ad
2362 4024 2588 4078 nostros
2640 4022 3046 4094 reprimendos
3074 4022 3120 4076 is
3148 4021 3245 4094 qui
3276 4019 3502 4076 monita

1899 4112 2139 4166 dederat
2185 4112 2396 4166 cursim
2450 4112 2840 4184 progreditur.
2873 4110 3055 4167 Causa
3104 4113 3301 4165 autem
3358 4112 3500 4165 ortas

1896 4200 2192 4254 seditionis
2211 4201 2331 4255 haec
2351 4201 2639 4256 erat.’l‘am
2668 4200 2900 4255 Francis
2915 4217 3089 4272 quam
3109 4199 3501 4255 Guasconibus

1894 4306 1953 4343 se
1979 4290 2285 4344 alterutros
2311 4288 2581 4343 conviciis
2610 4290 3039 4358 lacessentibus,
3073 4306 3218 4344 unus
3249 4289 3498 4343 Franco-

1892 4366 2045 4445 rum,
2071 4377 2318 4433 nimium
2344 4378 2655 4449 impatiens
2674 4378 2911 4433 convicii
2935 4377 3175 4433 domino
3207 4394 3307 4432 suo
3332 4376 3497 4445 illati,

169 4482 372 4530 cursu,
405 4468 495 4522 cui
521 4469 671 4524 Mosa
696 4486 911 4524 nomen
941 4474 1045 4525 est.
1080 4472 1210 4525 Haec
1243 4470 1483 4525 nomina
1508 4489 1542 4526 a
1562 4471 1792 4527 Francis
1813 4473 1865 4533 D
1892 4467 2339 4523 conviciatorem
2371 4467 2573 4521 baculo
2626 4466 2777 4521 inter
2806 4467 3086 4523 cervicem
3135 4470 3193 4521 et
3236 4467 3500 4538 scapulas

168 4554 289 4609 illis
315 4556 592 4629 imposita
620 4557 1012 4622 azstimantur,
1043 4559 1140 4631 qui
1183 4577 1216 4614 a
1243 4561 1447 4632 Magno
1479 4560 1681 4615 Carolo
1718 4561 1793 4616 ad

166 4644 491 4700 tuitionem
548 4645 862 4717 provinciae
910 4647 987 4701 ibi
1042 4647 1223 4703 relicti
1262 4652 1413 4703 sunt.
1442 4648 1568 4703 Non
1616 4650 1790 4721 longe

167 4734 397 4805 quippe
454 4734 531 4788 ibi
563 4736 728 4791 abest
776 4736 1057 4807 palatium
1089 4737 1264 4809 ipsius
1290 4739 1487 4809 magni
1518 4738 1789 4811 principis

169 4820 630 4894 Cassinogilum,
660 4823 764 4877 sed
794 4824 955 4895 quasi
1009 4825 1191 4881 tribus
1244 4827 1544 4892 milliariis,
1576 4828 1634 4882 in
1676 4844 1787 4898 quo

167 4909 329 4965 idem
344 4911 671 4983 imperator
687 4930 922 4967 uxorem
942 4914 1397 4981 suam,Ludovici
1420 4916 1498 4969 Pii
1517 4920 1783 4983 matrem,

166 5000 480 5069 gravidam
503 5001 769 5072 reliquit,
798 5002 935 5056 dum
966 5004 1167 5057 contra
1189 5002 1535 5058 Sarracenos
1564 5005 1789 5076 expedi-

164 5087 401 5143 tionem
422 5089 481 5143 in
499 5090 784 5161 Hispaniis
813 5094 1029 5161 ageret.
1048 5090 1210 5156 Quod
1238 5096 1297 5146 et
1318 5092 1635 5147 Heinardus
1657 5093 1785 5148 vita:

172 5175 329 5231 illius
362 5179 579 5233 relator
627 5178 848 5240 scribit,
881 5182 934 5233 et
965 5198 1068 5234 nos
1107 5179 1166 5233 in
1195 5181 1342 5235 libro
1373 5180 1785 5237 miraculorum

170 5266 359 5322 sancti
384 5267 567 5339 patris
582 5266 884 5321 Benedicti
905 5268 1154 5323 breviter
1183 5270 1583 5341 expressimus.
1610 5272 1786 5325 Locus

165 5371 312 5410 sane
342 5356 577 5427 Regula:
600 5356 677 5411 ob
704 5372 873 5426 supra
900 5356 1112 5411 dictam
1133 5357 1480 5429 positionem
1505 5375 1621 5413 non
1647 5358 1783 5431 fagi-

161 5442 218 5498 le
243 5444 503 5502 hostium
525 5444 812 5516 patuisset
831 5446 1097 5515 accessui,
1114 5445 1221 5501 nisi
1240 5446 1310 5500 ab
1322 5447 1591 5519 aquilone
1610 5464 1783 5520 parva

1891 4556 2068 4610 ictum
2082 4556 2245 4610 humi
2256 4555 2579 4627 prostravit.
2590 4556 2666 4610 Eo
2679 4558 3113 4627 proslrato,tam
3127 4554 3307 4610 nostri
3322 4571 3501 4627 quam

1892 4645 2143 4699 seditiosi
2173 4648 2364 4700 semet
2389 4647 2591 4699 mutuo
2639 4646 2899 4717 lapidare
2932 4648 3243 4718 coeperunt.
3270 4647 3498 4701 Interea

1890 4734 1975 4788 vir
1997 4734 2226 4790 Domini
2260 4735 2442 4801 Abbo,
2472 4734 2627 4789 intra
2652 4736 2964 4791 claustrum
2995 4734 3333 4791 monasterii
3366 4734 3503 4788 resi-

1892 4824 2035 4878 dens
2090 4827 2148 4877 et
2182 4824 2461 4895 quasdam
2521 4825 2780 4895 computi
2811 4824 3163 4879 ratiunculas
3201 4821 3493 4889 dictitans,

1890 4913 2365 4967 tumultuantium
2389 4914 2641 4967 clamore
2659 4912 2946 4979 exaudito,
2971 4911 3123 4965 foras
3143 4910 3213 4963 ab
3234 4909 3498 4963 inferiori

1888 5001 2105 5056 montis
2124 5005 2286 5074 parte
2318 5001 2707 5072 progreditur,
2732 5005 2789 5053 et
2819 5000 2893 5053 ad
2912 4997 3315 5069 reprimendas
3340 5013 3492 5063 suos,

1889 5089 2301 5161 quisuperiora
2332 5091 2754 5159 occupaverant
2773 5089 2915 5151 loca,
2944 5085 3244 5151 festinans,
3269 5084 3340 5137 ab
3378 5101 3493 5140 uno

1890 5179 2139 5233 adversa:
2152 5178 2330 5249 partis
2351 5177 2592 5231 satellite
2612 5177 2810 5228 lancea
2831 5177 2947 5227 tam
2964 5172 3148 5227 valide
3162 5173 3458 5227 vulneratu
3470 5191 3497 5227 r

1888 5268 1949 5323 in
1974 5269 2116 5322 laevo
2140 5269 2355 5322 lacerto
2378 5270 2440 5319 ut
2470 5264 2746 5318 interiora
2775 5265 3064 5317 costarum
3094 5261 3365 5316 adactum
3390 5281 3487 5335 pe-

1889 5360 2145 5412 netraret
2166 5356 2405 5410 ferrum.
2443 5354 2546 5419 Qui
2574 5368 2875 5423 purcussus
2908 5368 3025 5406 non
3051 5351 3340 5420 clamavit,
3375 5369 3493 5408 non

1892 5445 2169 5511 titubavit,
2215 5447 2314 5497 aut
2361 5443 2690 5499 cadentium
2752 5457 2915 5495 more
2962 5441 3087 5495 loco
3138 5443 3328 5495 motus
3377 5447 3487 5514 est,

233 5644 345 5717 (18)
376 5643 533 5700 Hanc
580 5656 792 5699 vocem
822 5657 939 5701 esse
968 5640 1203 5701 Biahore
1248 5660 1317 5701 ex
1345 5643 1564 5701 Pithon
1591 5641 1857 5699 observat
1898 5637 2132 5694 illustris
2164 5638 2363 5693 Petrus
2394 5639 2464 5695 de
2492 5639 2679 5696 Marca
2735 5641 2796 5698 iu
2826 5639 3105 5699 Historia:
3145 5640 3487 5700 Bearneusis

150 5716 263 5775 lib.
287 5719 377 5782 in,
407 5733 536 5791 cap.
574 5719 670 5774 ll.
