3882 6222
431 450 527 507 411

1459 454 1509 508 S.
1542 451 1721 506 ABBO
1752 449 2242 505 FLORIACENSIS
2266 450 2506 504 ABBAS.

3638 455 3728 511 412

440 576 973 642 verumtamendroc
990 580 1212 631 tantum
1233 578 1487 631 dicensza
1510 578 1897 644 Iste,ait,serio
1912 578 2032 629 haec
2061 581 2113 636 Α
2142 576 2391 639 videndi,
2426 576 2630 629 eadem
2662 575 2752 629 die
2807 591 2938 629 cum
2997 575 3339 646 quibusdam
3373 576 3498 630 aliis
3529 576 3726 632 ibidem

438 664 594 728 fecit,
614 687 629 704 ι·
655 665 726 717 ad
746 664 983 718 domum
1000 667 1089 719 ubi
1107 667 1398 720 suifamuli
1424 668 1495 719 ho
1510 667 1730 735 spitium
1746 667 2037 719 habebant

440 752 748 805 ascendere
798 755 985 823 cmpit.
1020 756 1387 808 Sustentabat
1433 759 1624 808 autem
1667 772 1798 807 eum
1858 755 2038 806 frater

439 840 939 911 quidam,non1ine
955 843 1465 913 (luillclmus,cnjus
1480 860 1648 913 supra
1665 843 2037 896 meminimus

443 930 832 1001 Ego,vestigia
850 932 971 1001 ejus
1001 937 1348 1003 persecutus,
1371 933 1657 1002 conspicio
1678 947 1846 1002 super
1862 932 2036 985 limen

442 1019 846 1089 domus,quam
871 1022 955 1073 vir
974 1026 1199 1075 sanctus
1220 1023 1509 1093 ingressus
1524 1023 1645 1091 jam
1664 1025 2038 1092 erat,partem

442 1108 726 1177 coagulati
758 1109 1070 1178 sanguinis.
1106 1112 1587 1182 lnterrogansque
1620 1111 1689 1164 de
1722 1128 1833 1181 quo
1870 1112 2038 1175 foret,

439 1196 546 1249 hoc
578 1212 609 1249 a
640 1196 739 1250 Dei
772 1198 1008 1251 homine
1042 1215 1381 1269 responsum
1418 1200 1607 1269 accepi
1669 1216 1680 1252 :
1745 1222 1770 1249 ((
1814 1201 1891 1253 De
1927 1216 2039 1264 me,

445 1283 651 1354 inquit,
668 1288 770 1351 est,
791 1289 964 1340 testor
981 1288 1312 1354 Dominum;
1330 1309 1358 1339 »
1384 1290 1657 1343 continuo
1672 1288 1811 1342 mihi
1834 1291 2041 1342 stetere

446 1375 981 1446 comm;borrorque
1012 1377 1231 1431 infusus
1259 1378 1487 1447 corpori
1526 1378 1893 1431 raucisonam
1921 1379 2042 1431 red-

448 1462 589 1515 didit
615 1480 834 1518 vocem.
864 1466 1127 1519 Nondum
1162 1466 1317 1519 enim
1351 1466 1639 1536 quispiam
1674 1467 2037 1520 animadver-

449 1554 596 1605 terat
644 1569 775 1606 eum
804 1552 859 1605 in
891 1571 1063 1608 carne
1092 1572 1212 1608 esse
1266 1556 1659 1621 vulneratum;
1692 1556 1788 1607 sed
1818 1559 2041 1611 tantum

447 1639 788 1695 indumenta
817 1644 1246 1697 aistimabamus
1284 1644 1451 1696 fuisse
1504 1644 1811 1712 perforata.
1846 1647 2041 1716 Itaque

449 1728 540 1782 aio
572 1730 645 1783 ad
675 1747 804 1784 eum
833 1747 845 1783 :
882 1732 1143 1794 Quanam
1182 1732 1239 1784 in
1283 1736 1465 1800 parte,
1496 1732 1755 1802 inquam,
1803 1732 1903 1785 tibi
1937 1734 2039 1788 do-

448 1817 607 1871 mino
641 1835 769 1872 meo
820 1820 1045 1873 illatum
1086 1821 1285 1872 vulnus
1334 1821 1454 1873 est?
1482 1822 1648 1880 Tum,
1681 1838 1748 1874 eo
1783 1822 2039 1876 clevante

2141 665 2469 724 advenerat,
2503 680 2685 735 eoque
2741 664 2879 729 viso,
2915 664 2985 717 ad
3043 666 3328 718 metatum
3365 680 3556 731 suum,
3589 667 3728 736 quasi

2144 752 2408 807 milliario
2438 770 2502 805 ac
2531 752 2702 805 semis
2728 752 2946 807 distans
2967 770 2999 807 a
3022 754 3398 817 monasterio,
3419 759 3726 807 secesserat.

2141 844 2208 907 Is,
2233 842 2328 894 ubi
2352 846 2560 895 nostrae
2582 841 2825 895 miseria;-
2844 842 3111 895 nnntium
3137 843 3375 912 accepit,
3396 842 3469 896 ad
3490 846 3729 897 nostrum

2142 930 2412 984 auxilium
2447 947 2575 984 cum
2606 930 2718 983 suis
2748 931 3018 984 velociter
3045 930 3314 984 accurrit.

2215 1020 2276 1072 lli
2305 1036 2444 1089 ergo
2477 1036 2684 1090 corpus
2713 1020 3142 1091 beatum,quod
3166 1020 3353 1073 adhuc
3382 1019 3441 1073 in
3466 1020 3659 1085 domo,
3683 1021 3731 1074 in

2143 1124 2255 1173 qua
2272 1108 2530 1161 animam
2551 1108 2804 1162 Creatori
2820 1108 3175 1169 reddiderat,
3191 1125 3359 1179 super
3372 1108 3590 1162 nudam
3607 1125 3732 1180 pene

2143 1196 2383 1249 humum
2414 1197 2661 1265 jacebat,
2694 1197 2873 1269 tapeti
2927 1197 3286 1267 impositum,
3314 1197 3386 1251 ad
3421 1213 3529 1251 nos
3577 1213 3733 1267 usque

2145 1286 2743 1355 pertulerunt,nostris
2756 1289 2992 1357 propter
3005 1286 3315 1356 caliginem
3335 1285 3522 1339 noctis
3536 1302 3566 1339 e
3581 1286 3736 1339 claus-

2145 1377 2232 1426 tro
2256 1375 2587 1428 monasterii
2607 1375 2847 1429 minime
2867 1376 3017 1429 exire
3034 1375 3396 1429 audentibus.
3417 1374 3732 1428 Dubitatum

2144 1462 2475 1533 aliquandiu
2493 1466 2578 1515 est
2594 1481 2849 1533 quonam
2874 1464 2931 1517 in
2954 1465 3077 1518 loco
3101 1464 3237 1534 poni
3259 1464 3670 1518 deberet.Tunc
3686 1463 3733 1515 in

2144 1568 2453 1605 commune
2489 1553 2700 1622 placuit
2749 1556 2829 1618 ut,
2864 1554 3097 1623 quando
3157 1553 3501 1607 innocenter
3535 1568 3597 1605 ac
3648 1568 3734 1621 pro

2145 1640 2379 1694 veritate
2432 1657 2557 1711 quae
2620 1640 2873 1694 Christus
2932 1645 3017 1695 est
3073 1642 3455 1711 interemptus
3519 1644 3661 1705 erat,
3688 1640 3735 1693 in

2147 1729 2380 1782 ecclesia
2413 1733 2746 1798 poneretur,
2775 1730 2869 1783 ubi
2925 1747 3103 1801 usque
3142 1730 3213 1783 ad
3247 1730 3572 1783 diluculum
3602 1729 3737 1782 feria

2144 1821 2384 1888 quarta),
2403 1818 2621 1871 duabus
2646 1819 2906 1872 videlicet
2926 1819 3188 1873 noctibus
3206 1835 3434 1890 unaque
3463 1818 3583 1885 die,
3603 1835 3736 1883 eum,

448 1905 745 1960 brachium
774 1911 835 1961 ut
856 1910 1088 1979 plagam
1122 1909 1434 1979 detegeret,
1459 1912 1697 1980 repente
1726 1910 1795 1963 ab
1825 1911 2042 1965 intimis
2064 1907 2114 1964 B
2144 1922 2271 1959 cum
2306 1910 2522 1976 quanta
2552 1907 2842 1977 potuimus
2872 1909 3231 1978 psalmorum
3263 1909 3321 1961 et
3357 1908 3735 1977 lacrymarum

446 1997 733 2048 costarum
764 1996 1077 2050 recessibus
1108 1998 1261 2050 unda
1292 1997 1587 2068 sanguinis
1634 2014 2039 2070 prorumpens,

446 2083 1173 2155 manicalaxiorispellicem
1192 2086 1705 2157 excipituxaVerum
1722 2088 1839 2158 ipse
1866 2088 2040 2143 nihilo

444 2171 681 2238 tristior,
714 2190 818 2227 nec
847 2176 1031 2228 vultus
1063 2176 1253 2229 colore
1281 2178 1523 2239 mutato,
1559 2192 1688 2228 cum
1743 2193 1835 2229 me
1866 2178 2044 2247 trepi-

444 2261 581 2315 dare
598 2263 781 2333 magis
804 2263 1101 2335 magisque
1119 2265 1512 2318 sensissettam
1539 2282 1603 2317 ex
1628 2265 1789 2319 faelei
1816 2284 2044 2337 permu-

444 2350 662 2405 tatione
687 2368 858 2422 quam
885 2370 947 2405 ex
972 2354 1159 2407 verbis
1184 2354 1582 2423 querimoniae,
1605 2355 1776 2407 alacri
1800 2356 1954 2408 vultu
1987 2359 2044 2409 et

446 2453 594 2508 pene
651 2439 862 2493 ridenti
902 2440 1122 2507 similis,
1179 2443 1301 2495 ait:
1346 2462 1374 2491 «
1419 2441 1564 2504 Quid
1624 2446 1706 2511 tu,
1755 2442 2039 2513 inquiens,

448 2542 669 2596 ageres,
704 2528 747 2580 si
782 2528 898 2599 ipse
931 2531 1258 2583 vulneratus
1277 2546 1424 2582 esses
1446 2531 1471 2582 2’
1502 2533 1758 2584 attamen
1782 2531 1895 2584 noli
1922 2548 2041 2585 me-

444 2615 634 2680 tuere;
668 2614 807 2684 quin
857 2616 1042 2685 potius
1090 2616 1244 2670 foras
1292 2617 1364 2670 ad
1405 2621 1629 2671 nostros
1670 2620 2039 2689 progredere,

448 2718 659 2772 eosque
674 2703 745 2755 ad
761 2720 852 2756 me
872 2704 1065 2757 venire
1080 2704 1270 2771 facito,
1288 2710 1348 2758 ut
1371 2706 1489 2759 lucc
1512 2707 1782 2761 sedentur
1804 2709 2039 2763 turben.»

448 2789 612 2852 Quod
636 2806 766 2843 cum
790 2791 1072 2859 fecissem,
1092 2793 1284 2864 illique
1308 2796 1775 2865 obtemperantes
1804 2797 2041 2868 ingressi

444 2881 653 2945 essent,
714 2878 852 2951 ipse,
880 2881 1005 2951 jam
1054 2883 1353 2952 exsanguis
1412 2885 1605 2949 tactus,
1648 2885 1799 2939 inter
1839 2903 2045 2940 manus

446 2965 855 3037 discipulorum
923 2970 1387 3044 famulorumque
1446 2991 1503 3027 se
1572 2976 2038 3043 sustentantium,

446 3055 636 3110 Idibus
652 3058 985 3113 Novembris
1007 3061 1268 3130 spiritum
1296 3063 1564 3117 reddidit.
1594 3065 1932 3119 Retulerunt
1950 3083 2044 3119 au-

2146 1993 2467 2062 devotione,
2498 1995 2846 2065 insepultum
2903 1995 3269 2049 servavimus.
3300 1993 3525 2047 Referri
3562 1991 3739 2062 nequit

2145 2083 2241 2153 qui
2263 2085 2443 2137 luctus
2462 2085 2893 2155 quivejgemitns
2909 2085 2978 2138 ab
2993 2085 3078 2137 his
3096 2084 3191 2155 qui
3211 2083 3283 2137 ad
3303 2099 3437 2137 eum
3452 2081 3737 2136 visendum

2145 2188 2175 2224 e
2203 2173 2538 2244 propinquis
2566 2176 2843 2227 venerant
2900 2173 3040 2227 locis
3088 2173 3275 2225 editus
3306 2170 3397 2236 sit,
3433 2186 3573 2224 cum
3603 2186 3737 2234 eum,

2146 2277 2317 2331 quem
2352 2262 2637 2316 viventem
2691 2279 2927 2316 cernere
2986 2262 3425 2333 concupierant,
3460 2264 3741 2314 mortuum

2146 2349 2594 2419 conspiciebant.
2625 2351 3185 2420 Contemplabantur
3215 2366 3355 2403 sane
3384 2350 3613 2403 vultum
3640 2348 3743 2417 ejus

2145 2438 2330 2491 adhuc
2351 2438 2577 2493 sudario
2603 2456 2969 2510 nequaquam
2986 2442 3274 2510 opertum,
3296 2437 3392 2509 qui
3416 2435 3743 2491 dormientis

2144 2526 2331 2597 potius
2355 2544 2529 2598 quam
2556 2529 2769 2583 mortui
2796 2529 3044 2599 speciem
3074 2545 3139 2581 ex
3158 2528 3369 2581 rubore
3387 2526 3741 2596 praeferebat,

2145 2618 2203 2669 et
2272 2617 2539 2685 lacrymis
2609 2618 3027 2688 opplebantur;
3090 2616 3577 2686 incredibileque,
3631 2628 3743 2667 cum

2148 2705 2757 2771 adviveret,videbatur
2770 2723 2902 2759 eum
2918 2709 3035 2759 tam
3052 2706 3352 2776 ingentem
3368 2708 3502 2774 post
3516 2703 3743 2761 obitum,

2155 2809 2273 2847 non
2320 2796 2503 2848 solum
2539 2812 2572 2848 a
2621 2795 2752 2860 suis,
2784 2811 2981 2848 verum
3034 2794 3211 2847 etiam
3259 2794 3650 2862 lacrymosum
3687 2789 3745 2841 ab

2147 2882 2429 2936 extraneis
2442 2884 2770 2937 habiturum
2789 2882 3256 2953 planctum.Nam
3272 2881 3526 2953 quiliber
3540 2877 3749 2934 adveni-

2125 2974 2407 3036 ret,notus
2420 2990 2513 3026 seu
2528 2972 2831 3043 ignotus,ej
2846 2973 3024 3026 usviso
3037 2970 3422 3043 corpore,sive
3437 2973 3571 3041 post
3583 2972 3748 3021 tumr-

2147 3061 2423 3115 lationem
2439 3062 3000 3132 sepulcro,continuo
3022 3062 3078 3115 in
3111 3061 3397 3132 lacrymas
3414 3072 3751 3131 prorumpe-

447 3148 565 3199 tem
593 3147 689 3218 qui
714 3149 833 3219 ejus
848 3153 1107 3204 sanctum
1138 3152 1311 3205 finem
1330 3152 1520 3207 videre
1540 3156 2041 3217 meruerunt(nam
2076 3185 2123 3243 Ο
2148 3149 2247 3202 hat
2264 3150 2538 3204 Matutino
2566 3168 2701 3203 sane
2726 3153 2986 3221 tempore
3018 3149 3175 3204 terim
3205 3151 3450 3220 quartas,
3470 3164 3605 3201 cum
3631 3144 3748 3217 ipsis

449 3252 558 3307 ego
586 3237 658 3291 ob
675 3239 957 3294 sedandos
980 3243 1397 3297 tumultuantes
1424 3244 1736 3298 forinsecus
1753 3262 2046 3299 remanse-

449 3329 595 3395 ram)
622 3327 771 3380 hunc
803 3326 976 3398 ipsius
1007 3328 1275 3382 ultimum
1304 3329 1475 3383 fuisse
1497 3348 1863 3386 sermonem:
1892 3356 1917 3379 υ
1954 3334 2051 3386 Mi-

450 3431 663 3486 serere,
696 3415 979 3487 inquiens,
1024 3419 1170 3472 Deus
1220 3420 1608 3489 omnipotens,
1641 3421 1850 3475 animze
1883 3438 2049 3488 meae,

446 3502 687 3575 locoque
742 3521 807 3559 ac
858 3507 1319 3578 congregationi,
1355 3524 1527 3579 quam
1581 3526 1732 3563 nunc
1789 3527 1965 3580 usque
1996 3514 2051 3563 te

449 3594 804 3649 concedente
830 3594 969 3649 rexi.
1005 3616 1031 3645 )›
1083 3597 1148 3649 ΕΙ.
1180 3596 1272 3650 ille
1305 3596 1540 3668 quidem
1586 3599 1709 3652 haec
1734 3598 1957 3665 citatus,
1993 3602 2053 3652 ut

448 3683 789 3752 praedictum
819 3687 926 3752 est,
952 3684 1213 3739 animam
1246 3686 1479 3739 efﬂavit.

519 3772 591 3825 At
602 3772 855 3827 seditiosi
869 3772 1194 3835 domum,in
1212 3791 1325 3842 qua
1336 3774 1539 3827 beatus
1550 3774 1843 3844 paterjam
1857 3775 2056 3829 defun-

448 3864 572 3916 ctus
595 3878 628 3915 a
653 3862 765 3915 suis
810 3863 1259 3927 lamentabatur,
1287 3862 1731 3925 circumdantes,
1762 3860 2055 3917 obseratos

449 3951 816 4005 succiderunt
832 3949 1095 4003 cardines
1108 3950 1619 4022 ostiorum.Sicque
1634 3940 1828 4005 furéns
1841 3952 2055 4023 ingres-

449 4056 511 4092 sa
525 4039 711 4104 turba,
727 4038 1011 4109 aliquibus
1022 4037 1353 4105 vulneratis,
1371 4039 1783 4094 cubicularium
1804 4040 1907 4094 viri
1932 4042 2051 4109 Dei,

449 4126 727 4181 vocabulo
756 4126 1130 4195 Adelardum,
1152 4127 1432 4199 quicaput
1452 4128 1675 4183 domini
1698 4128 1782 4183 sui
1808 4130 2054 4202 propriis

452 4214 696 4286 genibus
734 4214 1093 4285 suppositum
1147 4217 1413 4288 lacrymis
1465 4218 1710 4290 rigabat,
1747 4220 1820 4273 ad
1850 4235 2051 4273 necem

454 4319 632 4373 usque
648 4302 888 4357 fustibus
908 4304 1205 4376 praeacutis
1233 4322 1297 4360 ac
1315 4306 1527 4361 lanceis
1541 4307 1935 4374 conciderunt;
1955 4307 2053 4378 qui

452 4408 675 4462 zegrum
700 4409 874 4463 usque
897 4393 969 4447 ad
994 4393 1173 4448 tertiae
1192 4394 1349 4450 feria}
1370 4395 1683 4450 diluculum
1705 4396 2052 4466 protrahens

2152 3238 2354 3309 quibus
2372 3239 2603 3293 indutus
2625 3242 2748 3293 erat
2764 3239 3141 3303 vestimentis,
3166 3238 3247 3292 uti
3282 3255 3410 3292 mos
3427 3239 3517 3290 est
3538 3231 3747 3306 sepeliri

2152 3327 2552 3399 interemptos,
2586 3328 2775 3382 illotus
2808 3328 3006 3393 etiam,
3040 3326 3266 3398 lapideo
3302 3326 3627 3380 tumulatus
3646 3338 3747 3375 sar-

2153 3416 2500 3487 cophago,m
2524 3415 2889 3471 interioribus
2912 3418 3146 3486 cryptae,
3168 3417 3301 3467 ante
3331 3415 3515 3467 altare
3537 3410 3749 3466 sanctis-

2154 3504 2281 3558 simi
2313 3505 2490 3575 patris
2512 3505 2819 3560 Benedicti.
2846 3506 2910 3557 Et
2927 3504 3161 3575 quidem
3182 3502 3318 3556 satis
3340 3500 3746 3559 decentissime,

2156 3595 2201 3648 si
2229 3610 2342 3647 non
2371 3594 2420 3647 ei
2454 3598 2571 3648 tam
2600 3594 2919 3663 insperatus
2949 3591 3287 3663 contigisset
3316 3590 3449 3643 finis
3479 3590 3628 3643 vitm.
3654 3585 3749 3641 Sed

2157 3681 2450 3754 Scriptura
2472 3686 2612 3737 teste
2638 3683 2900 3736 novimus
2923 3682 3056 3753 quia
3070 3682 3273 3750 justus,
3296 3694 3617 3751 quacunque
3636 3692 3751 3729 mor-

2157 3776 2207 3825 te
2217 3779 2610 3841 prmoccupatus
2632 3772 2818 3841 fuerit,
2850 3773 2903 3823 in
2947 3770 3227 3838 refrigerio
3266 3770 3365 3821 erit
3401 3766 3557 3837 (Sap.
3592 3782 3661 3829 1v,
3685 3766 3747 3831 7f.

2230 3860 2498 3914 CAP.XXI.
2531 3860 2811 3915 Sociorum
2839 3860 2953 3929 ejus
2990 3858 3186 3913 reditus
3220 3855 3556 3910 Floriacum.
3586 3853 3753 3908 Abba-

2157 3953 2239 4004 nis
2268 3968 2404 4003 mors
2430 3951 2684 4003 luctuosa.
2718 3948 2778 4003 S.
2799 3948 3077 4002 Benedicti
3097 3947 3293 4003 celebre
3318 3943 3752 4016 festum£Decem~

2158 4041 2239 4095 bri
2244 4041 2379 4094 .—N
2386 4057 2446 4094 os
2461 4040 2472 4092 i
2480 4039 2633 4109 gitur
2646 4043 2849 4110 quarto
2864 4055 2897 4092 a
2910 4036 3295 4092 tumulatione
3314 4034 3496 4089 sancti
3517 4029 3754 4104 corporis

2159 4127 2395 4182 dieinde
2416 4127 2676 4199 digressi,
2696 4144 2799 4197 per
2814 4125 3055 4181 biduum
3069 4123 3451 4179 avicecomite
3464 4120 3751 4176 Amaluino

2158 4216 2986 4288 ejusqueruxoreRosemberga
2997 4213 3559 4270 detenticharitativo
3574 4225 3753 4265 sumus

2159 4306 2385 4361 affectu.
2412 4306 2582 4377 Cujus
2607 4306 2863 4360 mulieris
2876 4304 3358 4376 benignissimam
3382 4318 3523 4373 erga
3544 4303 3752 4355 nostros

2158 4396 2642 4466 compassionem,
2676 4395 2840 4450 nobis
2872 4395 2945 4449 ad
2996 4393 3431 4448 conclusionem
3460 4387 3752 4445 voluminis

451 4459 737 4553 spiritum,
775 4459 983 4536 defecit
1013 4500 1078 4538 ac
1130 4488 1395 4539 mortuus
1443 4488 1551 4553 est,
1596 4459 1962 4556 sepultusque
1992 4484 2050 4538 in
2077 4459 2129 4516 D
2156 4459 2545 4551 tendentibus,
2568 4459 2818 4539 breviter
2837 4498 3166 4537 memorare
3184 4480 3623 4552 congruit.Nam
3647 4477 3753 4546 ipsa

452 4571 697 4624 claustro
749 4571 1104 4639 monasterii,
1132 4573 1296 4645 juxta
1354 4591 1527 4645 quem
1582 4591 1808 4645 quoque
1864 4576 2053 4628 custos

452 4676 734 4732 equorum
778 4660 952 4732 ipsius
982 4662 1159 4717 sancti
1195 4665 1395 4735 postea
1430 4663 1745 4716 tumulatus
1784 4665 1886 4719 est.
1924 4661 2051 4728 Qui,

448 4753 587 4805 tunc
613 4750 849 4822 quidem
877 4753 1225 4819 vulneratus,
1256 4768 1432 4823 usque
1457 4751 1529 4805 ad
1555 4751 1708 4806 diem
1736 4751 2054 4805 festivitatis

449 4840 630 4894 sancti
651 4841 898 4895 Andreae
925 4840 1377 4911 languit,sicque
1395 4840 1557 4895 obiit.
1578 4840 1859 4893 Caeterum
1880 4843 2054 4894 tantae

447 4928 625 4983 cladis
644 4929 1072 5000 compilatores,
1087 4929 1401 4983 certissime
1416 4932 1794 4999 agnoscentes
1821 4928 2056 4982 beatum

446 5016 1253 5084 obiisseAbbonem,certatim
1268 5019 1455 5072 cuncti
1473 5017 1531 5071 in
1546 5017 1741 5089 fugam
1757 5020 2059 5071 vertuntur

445 5106 622 5174 itaut,
642 5108 811 5162 terris
830 5108 1057 5162 reddito
1078 5107 1190 5173 die,
1220 5124 1291 5161 ne
1317 5106 1585 5162 mulieres
1603 5106 1835 5178 quidem
1856 5107 1912 5160 in
1934 5107 2060 5161 uni-

443 5195 617 5249 versis
636 5196 963 5251 forensibus
990 5196 1166 5267 ipsius
1191 5196 1335 5250 villa:
1366 5196 1762 5250 invenirentur
1789 5196 2057 5252 domibus

444 5284 763 5349 Quatriduo
803 5288 932 5358 post
963 5287 1186 5341 obitum
1219 5286 1402 5340 sancti
1450 5286 1551 5339 viri
1585 5285 1797 5342 morati
1829 5302 2050 5347 sumus,

440 5378 843 5429 commorante
864 5390 1094 5445 semper
1116 5375 1496 5430 nobiscumob
1518 5376 1839 5431 custodiam
1865 5376 2046 5430 nostri

439 5463 695 5533 quodam
714 5464 1037 5519 honorabili
1068 5465 1210 5531 viro,
1244 5465 1482 5521 nomine
1508 5466 1830 5528 Guillelmo,
1864 5465 2040 5519 Orioli

437 5550 577 5607 ﬁlio.
604 5552 709 5615 Qui
732 5552 993 5607 videlicet
1012 5552 1362 5623 Guillelmus,
1386 5555 1573 5627 gratia
1592 5556 1828 5610 beatum
1853 5554 2037 5610 virum

2155 4574 2277 4629 viro
2294 4590 2395 4628 suo
2419 4578 2482 4628 ut
2501 4574 2828 4627 vulneratos
2845 4573 3021 4626 etiam
3047 4572 3312 4625 nolentes
3334 4569 3616 4623 retineret
3637 4580 3751 4619 sua-

2157 4663 2246 4717 sit.
2276 4662 2530 4717 Retentis
2556 4665 2750 4716 autem
2780 4663 2901 4733 ipsa
2932 4664 3140 4714 cuncta
3188 4658 3393 4712 tribuit
3426 4652 3749 4713 necessaria,

2160 4769 2275 4806 non
2306 4754 2494 4807 solum
2520 4750 2947 4823 languentibus,
2979 4764 3179 4803 verum
3212 4746 3389 4801 etiam
3423 4761 3624 4801 eorum
3654 4756 3752 4796 ser-

2157 4840 2462 4908 vientibus,
2495 4843 2667 4911 atque
2722 4839 2901 4910 equis,
2956 4837 3053 4910 qui
3088 4853 3295 4891 omnes
3340 4832 3625 4889 sexdecim
3658 4833 3751 4902 με»)

2160 4934 2327 4984 erant
2358 4945 2622 4983 numero.
2650 4928 2927 4982 Medicum
2973 4927 3096 4997 ipsa
3143 4923 3423 4997 quaesivit,
3458 4923 3625 4994 eique
3663 4932 3753 4991 pro

2160 5018 2431 5073 sanandis
2450 5017 2618 5089 aegris
2634 5016 2756 5088 ipsa
2779 5014 3030 5087 pretium
3052 5013 3319 5085 praebuit.
3334 5015 3382 5066 A
3407 5028 3498 5066 me
3516 5023 3753 5081 quoque,

2162 5113 2223 5162 ut
2241 5125 2375 5162 cum
2393 5107 2474 5161 eis
2496 5121 2887 5171 remanerem,
2905 5121 3023 5157 non
3040 5104 3230 5157 solum
3252 5103 3553 5155 mansueta
3576 5112 3755 5169 prece.

2158 5215 2359 5252 verum
2406 5196 2657 5268 quadam
2691 5195 3002 5266 imperiosa
3031 5190 3547 5263 consanguinitatis
3579 5184 3759 5255 exegit

2159 5287 2518 5342 auctoritate.
2540 5280 2760 5340 Hi‘vero
2804 5283 2901 5356 qui
2931 5282 3056 5337 sani
3079 5297 3338 5347 evasere,
3375 5297 3409 5334 a
3432 5280 3759 5353 procurato-

2149 5377 2305 5431 ribus
2331 5378 2471 5447 ejus,
2492 5376 2613 5447 ipsa
2640 5374 3034 5447 praecipiente,
3062 5388 3166 5442 per
3196 5386 3404 5425 omnes
3430 5367 3605 5439 ipsius
3632 5381 3751 5438 pos-

2150 5467 2428 5519 sessiones
2459 5482 2585 5536 qua},
2612 5465 2669 5517 in
2697 5463 2903 5517 itinere
2928 5465 3114 5526 erant,
3148 5457 3467 5513 honoriﬁce
3496 5453 3752 5525 suscepti,

2147 5554 2377 5609 tristem
2395 5554 2543 5609 tanti
2561 5552 2773 5608 doloris
2792 5550 3062 5606 nuntium
3100 5565 3203 5620 per
3224 5564 3400 5602 omne
3427 5545 3754 5619 spargentes

503 5734 612 5807 (l9)
642 5731 740 5789 Hic
770 5734 894 5789 erat
916 5730 1024 5788 illis
1052 5730 1413 5803 temporibus
1438 5732 1711 5794 abbatum
1731 5732 2059 5807 comitatus,
2091 5733 2190 5810 qui
2221 5731 2397 5790 etiam
2426 5732 2669 5790 subinde
2697 5731 2847 5789 ultra
2875 5730 3117 5787 modum
3148 5729 3347 5787 auctus
3376 5732 3479 5786 est.
