3882 6222
169 472 269 530 413

1212 472 1574 533 ΡΗΟΟΕΜῘΑ.
1600 506 1668 516 -
1696 476 2047 531 MIRACULA
2080 477 2137 531 S.
2163 476 2475 532 ARBOXIS.

3408 480 3513 537 414

168 596 549 661 tier,tandeln
580 595 1126 651 Floriacoei‘enobio
1150 595 1486 650 intulerunt.
1508 596 1640 660 Quis
1661 600 1870 660 tuncA
1903 597 2033 651 stris
2057 599 2401 669 ampliorem
2438 598 2689 651 addebat
2721 597 2980 651 dolorem
3013 597 3165 667 quod
3196 598 3291 651 tali
3324 599 3516 654 forent

167 686 344 739 luctus
375 684 545 756 quive
564 685 738 739 dolor
767 687 951 739 totam
971 688 1228 739 nostram
1249 689 1503 739 sanctam
1533 684 1798 739 invaserit

165 774 920 845 congregationem,sermo
935 775 1214 844 explicare
1231 792 1343 827 non
1360 773 1708 827 sufﬁcitcum
1725 774 1795 827 ab

162 863 245 915 his
262 880 498 933 quoque
514 862 724 933 quibus
738 864 861 933 ejus
874 863 1117 934 gravitas
1131 880 1373 916 onerosa
1386 862 1795 921 videbatur.in-

160 952 935 1022 consolabiliterlugeretur.
953 952 1119 1005 Auxit
1142 952 1291 1005 hunc
1311 951 1606 1021 ingentem
1632 951 1791 1005 dolo-

159 1056 287 1093 rem
320 1039 611 1093 adventus
642 1040 1027 1111 plurimorum
1054 1040 1327 1094 abbatum
1358 1040 1414 1093 in
1445 1039 1789 1093 imminente

156 1128 346 1181 sancti
379 1127 562 1199 patris
602 1128 894 1203 Benedicti
928 1128 1317 1193 solemnitate,
1351 1145 1476 1198 qua:
1508 1126 1559 1180 in
1593 1144 1787 1181 mense

155 1217 1164 1283 coliturDecembri,conlluentium.
1189 1218 1400 1270 Horum
1420 1216 1513 1270 alii
1544 1216 1614 1269 ab
1643 1216 1785 1287 ipso,

158 1305 234 1359 ob
250 1308 547 1378 quasdam
562 1306 916 1360 ordinandas
930 1306 1220 1366 utilitates,
1245 1308 1409 1358 erant
1423 1303 1638 1357 evocati
1658 1321 1670 1367 ;
1692 1304 1785 1357 alii

156 1413 405 1451 suarum
425 1396 837 1449 necessitatum
853 1394 1018 1448 certis
1036 1413 1101 1447 ex
1120 1394 1302 1447 causis
1324 1410 1455 1446 eum
1473 1392 1785 1446 consulturi

157 1486 570 1552 advenerant;
608 1484 758 1538 inter
788 1500 931 1554 quos
957 1482 1302 1538 reverendus
1326 1481 1783 1536 Cluniacensium

157 1574 345 1627 abbas
362 1574 530 1629 Odilo
544 1574 766 1638 aderat,
786 1572 1119 1627 charitativo
1133 1572 1437 1625 laudabilis
1461 1570 1514 1623 in
1542 1570 1784 1623 Domino

158 1662 586 1718 familiaritatis
617 1663 841 1734 glutino
887 1662 937 1715 ei
984 1661 1046 1716 in
1097 1661 1256 1716 omni
1298 1678 1399 1713 sua
1448 1660 1787 1729 conjunctus

157 1753 297 1806 vita.
330 1752 563 1807 Talium
595 1752 787 1822 itaque
831 1751 1157 1823 prsesentia,
1192 1754 1248 1803 et
1288 1750 1463 1820 ipsius
1505 1750 1783 1815 absentia,

158 1844 413 1912 propter
429 1857 606 1912 quem
627 1843 924 1907 venerant,
940 1840 1239 1910 ingerebat
1252 1838 1669 1904 moestitiam,et
1684 1854 1784 1892 no-

1901 686 2771 757 pastui'edcsolali,cuiprudens
2799 686 3098 739 consilium
3137 685 3382 740 aliorum
3415 706 3508 740 (εχ-

1899 778 2164 844 peterent.
2196 775 2414 844 prznlati
2452 774 2867 829 Cu‘nobiol‘um.

1974 865 2095 915 “(DC
2121 864 2189 916 de
2212 864 2345 929 vita,
2366 864 2623 917 moribus
2647 867 2701 916 et
2725 864 2965 927 actibus,
2986 882 3209 917 necnon
3232 866 3505 935 martyrio

1896 952 2237 1005 sanctissimi
2257 954 2434 1023 patris
2458 952 2634 1005 nostri
2654 952 2927 1016 Abbunis,
2954 953 3163 1023 partim
3186 970 3218 1006 a
3247 953 3509 1007 fidelibus

1892 1041 2023 1093 viris
2056 1040 2269 1105 audita,
2304 1041 2517 1110 partim
2550 1059 2581 1094 a
2626 1042 2790 1095 nobis
2833 1041 2966 1105 visa,
3004 1042 3076 1094 ad
3128 1045 3203 1105 te,
3238 1058 3504 1096 reveren-

1893 1129 2107 1182 tissime
2141 1130 2482 1182 clericorum
2520 1131 2755 1193 llervec,
2792 1133 2851 1183 ut
2886 1133 2981 1183 tua
3009 1129 3279 1183 sanctitas
3320 1130 3504 1201 petiit,

1892 1217 2072 1271 veraci
2092 1234 2194 1288 pro
2216 1234 2375 1289 pOsse
2393 1219 2577 1271 relatu
2593 1218 3109 1289 scripsimus..\'unc
3132 1222 3287 1272 tuam
3304 1235 3502 1288 expos-

1890 1305 2070 1359 cimus
2092 1306 2512 1375 benignitatem
2538 1311 2819 1377 quatenus
2834 1324 2936 1377 pro
2966 1307 3130 1361 nobis
3153 1308 3381 1361 Domini
3401 1308 3505 1362 im-

1888 1397 2077 1466 plores
2107 1396 2501 1463 clemeutiam,
2540 1405 2619 1464 ut,
2652 1396 2693 1450 si
2723 1397 2857 1468 quid
2882 1399 3028 1450 forte
3053 1415 3191 1451 eum
3227 1397 3282 1450 in
3310 1402 3502 1453 nostra

1890 1483 2234 1538 offendimus
2263 1486 2614 1549 narratione,
2652 1484 2767 1556 ipse
2794 1503 2892 1538 sua
2929 1486 3181 1555 piissima
3205 1486 3501 1555 indulgere

1891 1572 2160 1643 dignetur
2221 1574 2625 1641 miseratione;
2684 1576 2758 1637 et,
2822 1574 2917 1645 qui
2996 1576 3115 1645 ejus
3178 1577 3501 1646 sepulcrum

1890 1662 2155 1731 dignatus
2183 1666 2265 1715 est
2298 1662 2589 1715 miraculis
2621 1661 2930 1723 illustrare,
2976 1664 3115 1717 mihi
3170 1664 3499 1719 facultatem

1890 1750 2167 1819 dignetur
2198 1751 2483 1816 conferre,
2538 1751 2595 1803 in
2658 1750 2918 1821 sequenti
2973 1751 3283 1819 volumine,
3318 1769 3385 1806 ca
3431 1752 3502 1806 ad

1888 1838 2118 1892 laudem
2144 1838 2395 1893 nominis
2417 1839 2499 1892 sui
2530 1838 2790 1892 fidelibus
2824 1840 3213 1894 manifestare.

1128 1987 1727 2075 MIRACULA
1822 1987 1909 2073 S.
2010 1984 2397 2077 ABBON
2408 1987 2531 2085 IS,

1376 2125 1629 2183 Eodem
1659 2121 1946 2181 auctore
1975 2120 2313 2180 Aimoz’no.

238 2277 1795 2351 l.AnnoincarnationisDominicmmillesimoquarto,
1823 2279 1871 2337 Β
1897 2274 2174 2345 reperisse
2203 2273 2489 2345 professus
2513 2276 2595 2327 est
2619 2291 2631 2340 ;
2667 2290 2792 2344 qua)
2817 2290 2993 2345 usque
3018 2290 3189 2327 mane
3216 2276 3505 2347 sequentis

168 2375 493 2431 indictione
534 2375 809 2439 secunda,
846 2372 936 2427 die
970 2371 1181 2425 mensis
1205 2368 1541 2423 Novembris
1566 2366 1791 2420 decimo

169 2464 365 2531 tertio,
422 2463 828 2535 martyrizatus
876 2464 960 2515 est
1001 2458 1343 2513 venerabilis
1390 2458 1565 2510 abbas
1602 2456 1786 2521 Abbo,

166 2554 328 2624 cujus
362 2553 487 2606 dies
508 2550 795 2623 passionis
821 2567 951 2604 cum
986 2547 1155 2603 celeri
1176 2546 1440 2612 transitu,
1458 2549 1578 2599 tum
1606 2544 1787 2598 sancti

167 2641 356 2706 Bricii,
393 2645 519 2695 tum
555 2640 731 2694 etiam
759 2638 1063 2693 festivitate
1099 2636 1394 2705 cujusdam
1430 2633 1631 2699 sancti,
1682 2650 1783 2687 no-

168 2728 325 2782 mine
348 2728 616 2794 Herardi,
645 2727 883 2799 insignis
916 2727 1160 2781 habetur
1182 2741 1195 2778 :
1216 2725 1373 2795 cujus
1408 2723 1585 2777 sancti
1618 2723 1787 2794 caput

166 2816 219 2869 in
246 2816 613 2871 monasterio
630 2816 1177 2887 Regulaan'eliquum
1192 2813 1448 2883 corporis
1466 2812 1520 2865 in
1536 2812 1784 2883 quadam

166 2907 347 2977 ipsius
391 2902 645 2959 coznobii
697 2903 841 2957 cella
884 2903 1190 2957 humatum
1229 2905 1503 2956 servatur.
1538 2902 1617 2953 De
1649 2916 1783 2971 quo,

165 2995 294 3066 quis
318 2991 726 3063 fueritquidve
748 2991 953 3063 egerit,
974 3008 1150 3061 usque
1168 2990 1340 3045 hodie
1369 2990 1425 3043 in
1461 2988 1683 3061 scriptis
1707 2987 1785 3041 nil

166 3082 326 3137 aliud
352 3080 616 3151 reperire
641 3079 941 3151 quivimus,
963 3096 1139 3151 quam
1164 3079 1314 3133 diem
1345 3079 1616 3131 transitus
1641 3076 1781 3146 ejus.

166 3175 351 3227 Porro
380 3172 455 3226 de
485 3169 833 3225 honorando
863 3170 1026 3241 patre
1054 3171 1249 3223 nostro
1276 3185 1344 3221 ea
1369 3184 1495 3238 qua:
1524 3183 1624 3237 per
1654 3182 1786 3219 eum

164 3260 457 3316 Dominus
487 3256 721 3330 operari
752 3260 880 3329 post
908 3257 1030 3328 ejus
1066 3256 1375 3310 transitum
1408 3254 1659 3308 decrevit
1686 3255 1788 3308 mi-

160 3350 388 3414 racula,
414 3347 621 3402 litteris
648 3345 928 3400 mandare
961 3344 1203 3415 dignum
1251 3344 1513 3398 duximus
1552 3342 1625 3396 ad
1682 3360 1785 3396 no-

161 3438 362 3491 titiam
398 3440 789 3507 posterorum.
820 3435 967 3488 Dum
999 3433 1175 3505 igitur
1203 3433 1388 3487 adhuc
1418 3432 1786 3485 inhumatum

164 3542 379 3596 corpus
412 3524 535 3595 ejus
564 3523 625 3577 in
659 3522 901 3577 ecclesia
927 3525 1269 3588 servaretur,
1317 3520 1547 3574 cuidam
1591 3519 1785 3582 debili,

1896 2364 2007 2417 diei
2041 2364 2378 2434 perdurasse
2415 2363 2525 2417 visa
2555 2366 2657 2416 est.

1962 2454 2016 2506 4.
2038 2454 2227 2505 (ἔθραυε
2263 2452 2497 2523 quidam
2534 2455 2657 2506 erat
2690 2453 3040 2523 Petragorici
3074 2452 3226 2526 pagi,
3256 2454 3343 2509 cui
3394 2470 3498 2526 per

1886 2540 2069 2594 visum
2105 2541 2419 2593 revelatum
2454 2540 2694 2605 estut,si
2720 2540 2909 2595 videre
2944 2542 3136 2607 vellet,
3167 2544 3493 2613 sepulcrum

1885 2627 2053 2697 hujus
2088 2629 2266 2682 sancti
2301 2632 2614 2701 expeteret,
2640 2630 3174 2700 utejusinterventu
3200 2631 3497 2687 aDomino

1885 2716 2082 2771 lumen
2110 2717 2410 2789 reciperet.
2449 2718 2553 2781 Qui
2590 2736 2729 2771 cum
2766 2718 2929 2789 juxta
2959 2724 3373 2791 prmostensam
3417 2721 3498 2774 vi-

1886 2803 2112 2858 sionem
2145 2806 2216 2859 ad
2244 2806 2433 2860 locum
2459 2807 2686 2876 Regula":
2726 2807 3068 2874 accessisset,
3103 2825 3166 2862 ac
3196 2808 3268 2862 ad
3316 2809 3498 2862 sancti

1884 2897 2173 2950 tumulum
2205 2897 2527 2968 aliquantas
2557 2897 2860 2967 pervigiles
2893 2896 3141 2951 duxisset
3164 2900 3381 2965 noctes,
3419 2897 3498 2951 vi-

1886 3000 2011 3036 sum
2044 2984 2275 3055 recepit.
2312 2986 2494 3051 Unde,
2518 2989 2741 3057 partem
2768 2985 3124 3039 haereditatis
3152 3002 3268 3039 suae
3300 2987 3495 3039 sancto

1885 3073 2055 3127 Petro
2088 3090 2152 3126 ac
2184 3074 2353 3127 beato
2382 3075 2711 3140 Benedicto,
2748 3091 2977 3129 necnon
3023 3075 3205 3129 sancti
3257 3073 3499 3143 martyri

1884 3160 2111 3215 Abboni
2138 3162 2360 3233 illisque
2390 3162 2804 3217 famulantibus
2848 3163 3109 3233 largitus,
3145 3162 3217 3218 ad
3265 3161 3501 3234 propria

1887 3248 2076 3304 rediit.

1957 3339 2008 3389 5.
2029 3338 2187 3391 Alter
2213 3355 2440 3409 quoque
2464 3356 2644 3393 caecus
2659 3340 2728 3393 de
2749 3357 2899 3411 pago
2925 3339 3358 3411 Burdegalensi,
3394 3353 3499 3408 per

1886 3424 2066 3477 visum
2096 3426 2298 3480 itidem
2327 3427 2659 3481 admonitus
2699 3432 2784 3482 est
2818 3429 2900 3482 uti
2931 3429 3352 3483 monasterium
3398 3428 3502 3481 Re-

1886 3513 2032 3583 gula:
2056 3514 2270 3575 adiret:
2293 3514 2435 3568 inibi
2454 3532 2576 3569 esse
2602 3519 2888 3582 sanctum,
2914 3533 3019 3587 per
3045 3517 3204 3586 cujus
3222 3516 3497 3570 meritum

164 3630 347 3685 quem
373 3614 554 3685 longa
593 3611 675 3666 vis
718 3610 968 3665 febrium
1013 3613 1421 3677 maceraverat,
1456 3626 1559 3681 per
1606 3608 1853 3666 visume
1886 3600 2437 3656 Dominuseilumen
2454 3604 2809 3659 condonaret
2838 3605 2943 3668 Qui
2968 3608 3497 3676 praaceptoparens,

165 3704 495 3757 revelatum
547 3704 634 3755 est
681 3702 763 3766 ut,
791 3700 835 3754 si
878 3716 1050 3754 sanus
1088 3716 1208 3753 esse
1251 3700 1441 3765 vellet,
1491 3698 1786 3753 dexteram

166 3808 419 3846 manum
453 3791 577 3861 ejus
602 3789 756 3844 ablui
798 3806 947 3860 aqua
988 3790 1270 3859 posceret,
1304 3787 1537 3858 ipseque
1569 3803 1699 3841 eam
1726 3788 1785 3841 in

166 3885 378 3954 potum
410 3882 685 3936 sumeret.
716 3878 883 3942 Quod
909 3895 1041 3932 cum
1067 3894 1101 3932 a
1130 3877 1347 3932 domno
1379 3876 1637 3947 Remigio
1658 3894 1784 3931 mo-

167 3972 386 4039 nacho,
412 3971 538 4042 ejus
579 3969 687 4025 loci
738 3972 940 4040 postea
972 3968 1302 4040 przeposito,
1342 3966 1692 4039 poposcisset
1722 3984 1785 4022 ac

170 4060 843 4134 impetravisset,hausto
875 4062 1015 4131 potu
1054 4056 1308 4130 pristiam
1359 4056 1653 4112 restitutus
1704 4060 1787 4112 est

170 4151 428 4205 sanitati.

241 4244 296 4296 2.
338 4240 488 4294 Dein
519 4255 676 4305 vero,
710 4237 804 4293 die
853 4236 1102 4292 secunda
1152 4235 1340 4291 obitus
1388 4236 1560 4308 ipsius
1605 4236 1787 4291 sancti

170 4329 424 4396 viri,una
442 4345 509 4382 ex
525 4328 612 4382 his
627 4326 967 4382 mulieribus
994 4343 1122 4398 quae
1144 4327 1397 4381 clamore
1422 4343 1522 4381 suo
1548 4326 1783 4381 seditio-

173 4435 309 4472 nem
328 4418 782 4483 concitaverant,
800 4419 993 4470 mente
1014 4419 1181 4486 capta
1197 4419 1434 4487 totoque
1470 4415 1628 4469 nuda
1658 4431 1786 4469 cor-

174 4523 312 4578 pore
326 4523 433 4580 per
448 4505 751 4561 ecclesiam
783 4505 1099 4559 rotabatur.
1125 4506 1259 4558 Post
1288 4505 1410 4559 hanc
1447 4505 1607 4575 lepra
1654 4520 1782 4575 per-

174 4613 337 4651 cussa
364 4598 423 4650 et
458 4611 492 4649 a
520 4593 813 4650 consortio
849 4593 1157 4648 hominum
1199 4594 1452 4663 expulsa,
1502 4609 1679 4665 usque
1712 4592 1786 4647 ad

177 4685 354 4739 finem
385 4684 513 4738 vita:
541 4700 661 4738 non
693 4684 782 4736 est
810 4682 1108 4736 mundata.

243 4777 296 4832 3.
319 4776 502 4829 Porro
531 4772 625 4827 die
672 4775 900 4843 quarta,
951 4772 1090 4827 dum
1125 4773 1312 4826 custos
1347 4770 1599 4825 ecclesia:
1643 4770 1786 4825 duas

176 4867 436 4922 lucernas
464 4862 574 4935 (20)
608 4878 899 4916 mensurae
949 4860 1314 4933 semipedalis
1356 4864 1485 4931 post
1524 4861 1782 4932 synaxim

176 4952 538 5027 completorii
568 4950 947 5018 accendisset,
980 4966 1159 5005 unam
1207 4953 1343 5005 ante
1382 4952 1562 5004 altare
1604 4950 1784 5004 sancti

184 5045 317 5100 Petri
341 5042 559 5117 posuit,
590 5042 836 5095 alteram
864 5043 997 5094 ante
1024 5040 1348 5110 sepulcrum
1384 5039 1651 5109 martyris
1678 5039 1787 5092 Ab-

188 5134 352 5191 lionis.
377 5134 648 5203 Cumque
680 5129 755 5183 ad
787 5127 1101 5182 matutinos
1126 5128 1783 5199 surrexissetdesignan-

188 5225 272 5281 dos
293 5226 573 5297 hymnos,
603 5235 737 5273 eam
770 5234 946 5289 quam
977 5234 1175 5273 coram
1211 5218 1390 5272 altare
1423 5218 1600 5271 sancti
1634 5219 1788 5278 Petri

185 5316 458 5385 posuerat,
493 5323 695 5364 arsam
724 5306 966 5378 reperit;
999 5306 1158 5361 illam
1189 5322 1322 5361 vero
1355 5324 1530 5379 quam
1579 5308 1651 5361 ad
1699 5324 1785 5361 ca-

183 5409 270 5476 put
302 5402 524 5459 tumbze
554 5395 739 5453 saucti
772 5395 872 5449 viri
900 5398 1186 5466 posuerat,
1218 5412 1367 5467 pene
1408 5396 1697 5467 integram
1727 5413 1785 5450 se

238 5529 342 5607 (20)
367 5529 658 5586 Lucerna:
692 5519 926 5576 nomine
952 5520 1043 5575 hic
1067 5536 1266 5577 cereus
1296 5520 1652 5594 intelligitur.

1884 3690 2077 3745 locum
2105 3690 2264 3753 adiit,
2297 3691 2480 3763 spatio
2528 3692 2711 3747 ferme
2757 3693 2982 3748 dierum
3024 3698 3151 3748 octo
3210 3693 3317 3764 (2i)
3362 3697 3499 3748 ante

1885 3779 2065 3833 sancti
2121 3780 2384 3836 tumbam
2431 3781 2806 3853 pernoctavit.
2850 3783 2975 3837 Una
3024 3799 3160 3837 vero
3216 3781 3496 3851 noctium,

1887 3867 2026 3922 dum
2054 3868 2259 3923 fratres
2291 3869 2363 3924 ad
2389 3870 2705 3924 matutinos
2737 3873 3039 3942 surgerent
3063 3873 3332 3942 hymnos,
3365 3887 3499 3941 pue-

1884 3974 2015 4011 rum
2047 3961 2179 4012 ante
2217 3975 2274 4013 se
2298 3958 2593 4029 ja:entem
2624 3960 2907 4027 excitavit,
2950 3960 3145 4014 dicens
3179 3978 3190 4014 :
3230 3982 3257 4011 «
3290 3958 3496 4031 Surge,

1887 4047 1949 4097 ut
1979 4045 2195 4117 pariter
2240 4047 2676 4103 matutinalibus
2721 4048 3004 4121 possimus
3046 4048 3323 4103 interesse
3370 4048 3497 4102 ofﬁ-

1887 4133 2008 4189 ciis.
2041 4154 2071 4187 >>
2100 4134 2198 4189 Cui
2231 4152 2362 4190 cum
2394 4136 2488 4191 ille
2518 4155 2633 4192 non
2674 4154 2732 4191 se
2764 4138 2979 4192 habere
3027 4137 3123 4192 ubi
3157 4137 3501 4192 accenderet

1887 4222 2105 4291 lumen,
2139 4224 2483 4279 obtenderet
2517 4242 2529 4280 :
2562 4248 2589 4275 ‹‹
2620 4226 2819 4294 Video,
2863 4226 2963 4294 ait,
3005 4227 3309 4281 lucernam
3362 4229 3497 4281 ante

1887 4312 2066 4366 altare
2105 4317 2315 4367 sancta:
2366 4313 2544 4367 crucis
2596 4314 2919 4369 ardentem.
2955 4338 2982 4364 »
3013 4315 3099 4369 Ad
3151 4316 3275 4370 haec
3304 4331 3447 4387 puer
3480 4331 3495 4371 :

1886 4420 1916 4452 α
1944 4400 2001 4455 Si
2031 4400 2207 4468 vides,
2242 4401 2451 4473 inquit,
2488 4403 2653 4470 vade,
2683 4407 2741 4459 et
2787 4422 2917 4459 eam
2947 4406 3058 4459 huc
3090 4405 3270 4461 defer.
3292 4426 3320 4453 »
3344 4404 3501 4459 Abiit

1884 4489 1999 4557 ille,
2026 4493 2084 4545 et
2106 4491 2466 4562 apprehenso
2498 4491 2736 4560 lumine,
2762 4492 2818 4547 in
2849 4493 3147 4567 superiora
3166 4497 3399 4566 cryptae,
3426 4493 3502 4548 ad

1885 4596 1982 4634 eos
2032 4579 2126 4650 qui
2178 4580 2515 4651 psalmodiae
2571 4580 2931 4651 insistebant,
2992 4583 3205 4655 absque
3261 4582 3499 4637 ductore

1886 4668 2163 4724 ascendit.
2200 4672 2261 4724 In
2305 4671 2639 4739 crastinum,
2675 4671 2947 4728 fratribus
2978 4676 3183 4727 cuncta
3221 4688 3348 4744 quae
3393 4671 3499 4727 sibi

1885 4759 2215 4816 acciderant
2271 4761 2550 4828 referens,
2599 4761 2669 4816 ad
2730 4763 3057 4817 reddendas
3126 4764 3241 4818 Deo
3300 4762 3502 4816 laudes

1885 4865 2088 4903 eorum
2122 4853 2348 4904 mentes
2380 4851 2659 4905 accendit.
2686 4850 2884 4906 Fidem
2915 4849 3103 4905 verbis
3126 4850 3249 4919 ejus
3279 4865 3503 4905 accom-

1884 4938 2161 4993 modabat
2181 4942 2301 4993 tam
2328 4939 2537 4994 decora
2563 4939 2800 4993 canities
2817 4956 2992 5011 quam
3012 4938 3189 4993 etiam
3208 4939 3411 5007 vultus,
3436 4955 3501 4994 ac

1884 5027 2058 5081 totius
2090 5027 2346 5099 corporis
2375 5030 2648 5083 honestus
2675 5031 2873 5080 status.

1957 5116 2203 5187 Semper
2231 5115 2329 5186 qui
2362 5116 2627 5187 proprios
2660 5115 2882 5169 meritis
2912 5118 3153 5170 exornat
3178 5115 3413 5185 amicos,

1959 5206 2024 5258 Et
2050 5206 2148 5258 dat
2179 5204 2464 5259 Floriacos
2491 5205 2632 5260 caelo
2666 5204 2875 5259 ﬂorere
2904 5206 3201 5275 patronos,

1959 5293 2243 5346 Praestans
2272 5297 2614 5363 perpetuam
2641 5297 2771 5365 post
2810 5292 2998 5348 carnis
3044 5292 3251 5349 funera
3296 5294 3493 5352 vitam.

2586 5385 2792 5437 Amen.

1961 5504 2067 5576 (21)
2099 5502 2368 5557 Nondum
2382 5520 2519 5577 ergo
2534 5522 2913 5578 novenarum,
2943 5525 3084 5583 quas
3108 5512 3338 5582 vocant,
3362 5528 3494 5567 usus

1889 5592 2206 5649 obtinebat.
