3882 6222
399 469 502 524 415

1445 473 1501 528 S.
1534 475 1826 532 ABBONIS
1851 477 2340 536 FLORIACENSIS
2369 476 2655 534 ABBATlS

3635 479 3751 532 416

977 697 1437 786 ΝΟΤΙΤΙΑ
1469 703 2156 791 LITTERARIA
2197 705 2319 791 IN
2381 705 2465 801 S,
2507 780 2510 787 .

1564 704 2156 791 [TTERARIA
2197 705 2319 791 IN
2381 705 2465 801 S,
2507 701 3097 802 ABBONEM.

1213 855 1401 929 (Apud
1431 859 1770 928 Oudinum.,
1801 860 2010 932 Script.
2040 861 2242 928 ecclcs.,
2291 865 2432 916 tom.
2469 862 2535 928 ῐΙ,
2586 877 2718 932 pag.
2755 859 2906 933 509.)

474 1095 532 1152 S.
565 1099 728 1154 Abbo
754 1081 1103 1156 Floriacenis
1134 1101 1308 1156 abbas
1329 1105 1387 1157 et
1410 1107 1650 1176 martyr,
1680 1103 1792 1158 sive
1812 1103 2005 1159 Sancti
2027 1111 2082 1167 Α
2111 1103 2614 1159 Benedictinorum
2635 1102 2828 1158 Sancti
2850 1102 3122 1158 Germani
3154 1101 3494 1157 Parisiensis
3516 1101 3750 1158 biblio-

402 1187 693 1242 Benedicti
726 1189 798 1243 ad
832 1189 1098 1260 Ligerim,
1133 1191 1189 1245 in
1221 1191 1552 1262 episcopatu
1587 1193 2005 1259 Aurelianensi,

399 1273 484 1327 vir
513 1275 711 1329 doctus
742 1293 805 1330 ac
828 1282 1076 1344 sanctus,
1101 1279 1261 1348 cujus
1283 1280 1606 1335 doctrinam
1627 1280 1787 1336 varia
1809 1281 1880 1336 ab
1911 1282 2006 1336 illo

400 1362 610 1434 scripta
639 1381 816 1435 opera
840 1365 1107 1434 probant,
1139 1368 1298 1437 cujus
1325 1368 1690 1424 sanctitatem
1714 1370 1921 1424 effusus
1938 1371 2009 1424 ad

400 1453 856 1507 conservandam
888 1453 1314 1510 observantiam
1345 1456 1565 1510 ordinis
1599 1461 1768 1528 atque
1789 1459 2012 1512 oblatus

401 1539 632 1610 sanguis
664 1543 924 1596 testatur.
952 1543 1266 1599 Meminere
1297 1545 1464 1615 hujus
1479 1546 1752 1612 Abbonis,
1778 1551 1840 1600 ut
1863 1546 2012 1600 infra

403 1642 630 1699 quoque
655 1629 929 1697 dicemus,
949 1629 1277 1703 Sigebertus
1301 1633 1357 1686 in
1383 1635 1652 1703 Catalogo
1676 1635 2012 1704 Scriptorum

404 1715 889 1787 ecclesiasticarum,
923 1735 1050 1790 cap.
1089 1722 1208 1785 139,
1231 1721 1364 1774 etin
1399 1719 1661 1774 Chronico
1693 1722 1761 1774 ad
1793 1739 2012 1776 annum

403 1805 526 1871 990,
589 1808 645 1859 et
697 1805 942 1861 Senatus
1003 1825 1228 1879 quoque
1291 1809 1622 1877 Bravonius,
1681 1811 1870 1864 seaculi
1939 1828 2012 1865 xu

401 1893 665 1962 scriptor,
689 1893 745 1947 in
765 1895 889 1950 Vita
916 1895 972 1949 S.
999 1896 1270 1964 Oswaldi,
1304 1898 1458 1969 apud
1496 1898 1729 1953 Surium
1759 1899 1832 1953 ad
1859 1899 2013 1954 diem

409 1983 470 2032 15
533 1981 811 2036 Octobris.
869 1983 944 2036 Ex
1019 2000 1134 2054 quo
1203 1986 1603 2056 cognoscimus
1659 1987 1890 2040 hortatu
1947 1989 2010 2041 S.

399 2069 742 2132 Dunstanni,
777 2071 916 2126 dum
953 2071 1009 2126 in
1041 2073 1249 2142 Anglia
1289 2079 1634 2140 moraretur,
1686 2075 1848 2129 illum
1885 2075 2017 2129 scri-

401 2156 576 2230 psisse
614 2159 931 2214 Passionem
981 2160 1052 2215 B.
1112 2161 1398 2218 Edmundi
1449 2167 1584 2233 regis
1637 2172 1686 2217 et
1738 2166 2012 2232 martyris,

403 2261 576 2316 quam
617 2247 899 2304 habemus
947 2251 1100 2321 apud
1141 2251 1372 2306 Surium
1422 2257 1582 2307 tomo
1630 2253 1720 2317 Vl,
1753 2254 1826 2306 ad
1859 2253 2014 2306 diem

402 2336 470 2389 20
503 2336 860 2402 Novembris,
894 2342 951 2392 et
999 2355 1128 2410 quas
1161 2340 1552 2410 manuscripta
1609 2344 1791 2394 exstat
1840 2341 1896 2394 in
1938 2341 2018 2395 bi-

2111 1192 2386 1258 thecario,
2413 1191 2682 1262 Epistolas
2713 1191 2951 1244 Abbonis
2979 1191 3290 1245 nonnullas
3312 1191 3370 1244 in
3400 1190 3752 1244 manuscri-

2111 1281 2222 1352 ptis
2250 1281 2539 1336 codicibus
2570 1281 2911 1353 quibusdam
2925 1279 3236 1335 Pithaaanis
3261 1279 3550 1346 inventas,
3597 1296 3754 1350 quas
3777 1273 3794 1288 ’

2115 1369 2466 1424 bibliotheca
2492 1371 2758 1440 quaedam
2802 1368 3061 1424 Parisina
3095 1368 3439 1436 asservabat,
3471 1384 3754 1440 quasque

2113 1459 2267 1512 haud
2299 1457 2472 1512 dubie
2503 1458 2712 1512 eruditi
2759 1457 2927 1527 hujus
2966 1457 3140 1528 regite
3179 1455 3336 1512 urbis
3369 1456 3478 1510 viri
3508 1456 3754 1510 dudum

2114 1547 2292 1600 latere
2335 1545 2581 1600 ineditas
2621 1563 2736 1600 non
2777 1549 3136 1617 paterentur.
3179 1546 3394 1600 Harum
3445 1562 3630 1598 unam
3689 1543 3758 1597 ad

2115 1633 2352 1687 abba/cm
2384 1632 2701 1686 Fuldensevn
2733 1633 2915 1686 edidit
2954 1633 3277 1703 Stephanus
3315 1633 3610 1698 Baluzius,
3667 1633 3755 1686 to-

2115 1738 2212 1775 rno
2243 1724 2264 1775 Ι
2291 1721 2759 1778 Miscellaneorum
2805 1737 2939 1792 pag.
2981 1723 3114 1785 409;
3161 1721 3498 1792 fragmenta
3540 1725 3758 1776 autem

2117 1809 2361 1863 aliarum
2399 1809 2559 1864 dedit
2587 1809 2889 1864 Aimoinus
2920 1809 2978 1862 in
3017 1809 3140 1862 Vita
3171 1808 3233 1864 S.
3284 1809 3558 1876 Abbom's,
3621 1809 3758 1880 Epi-

2118 1899 2393 1952 stolarum
2413 1898 2649 1970 quidem
2675 1898 2919 1951 duarum
2944 1897 3290 1953 Bernardum
3319 1898 3572 1951 abbatem
3623 1897 3758 1951 Bel-

2118 1986 2438 2053 lilocensem,
2465 1985 2558 2056 huj
2571 2003 2634 2040 us
2653 1986 2793 2038 Vita).
2810 2003 2935 2058 cap.
2957 1990 3039 2040 10.
3054 1986 3302 2040 Alterius
3321 1987 3392 2040 ad
3411 1985 3758 2056 Gregorium

2126 2075 2848 2144 V,Romanumpontiﬁcem,
2879 2075 3017 2129 ibid.
3037 2091 3164 2146 cap.
3196 2079 3280 2131 12.
3310 2075 3582 2147 Denique
3633 2076 3758 2147 epi-

2117 2165 2276 2220 stolae
2302 2163 2650 2218 hexametris
2681 2164 2936 2218 versibus
2964 2163 3035 2219 ad
3079 2163 3324 2218 Ottonem
3360 2167 3758 2236 imperatorem

2118 2251 2364 2322 scripta),
2397 2251 2538 2306 ibid.
2574 2269 2700 2324 cap.
2735 2256 2819 2306 13.
2855 2253 2964 2307 Has
3009 2253 3146 2308 olim
3188 2253 3432 2307 Abbonis
3470 2255 3758 2324 epistolas,

2117 2339 2335 2394 viderat
2365 2341 2612 2394 Joannes
2661 2341 2898 2407 Balteus,
2937 2333 3173 2412 Anglus,
3217 2341 3429 2414 quippe
3487 2358 3756 2413 quarum

399 2423 688 2480 bliotheca
711 2425 936 2496 privata
950 2427 1285 2482 Lumleiana
1307 2428 1362 2481 in
1396 2429 1625 2495 Anglia,
1646 2432 1816 2499 atque
1841 2429 2016 2482 etiam
2043 2425 2092 2485 B
2119 2427 2420 2498 assignatis
2450 2444 2651 2482 earum
2685 2427 2860 2482 titulis
2890 2427 3009 2499 ipse
3042 2428 3332 2496 meminit,
3350 2429 3408 2482 in
3425 2445 3622 2501 Opere
3659 2447 3758 2484 suo

402 2511 460 2565 in
489 2512 668 2583 Regia
697 2513 1016 2568 Galliarum
1062 2515 1430 2582 bibliotheca,
1475 2517 1670 2571 codice
1713 2533 1820 2570 ms.
1855 2519 2013 2583 3801,

400 2598 502 2656 fol.
541 2602 628 2654 66.
661 2601 896 2655 Exstant
925 2603 1093 2672 huius
1117 2604 1372 2658 Abbonis
1405 2622 1583 2674 opera
1611 2607 1892 2660 nonnulla
1913 2605 2018 2660 im-

404 2703 619 2758 pressa,
653 2688 766 2742 alia
795 2691 1130 2760 temporum
1171 2693 1334 2763 lapsu
1378 2693 1816 2748 interciderunt.
1865 2694 2013 2748 Scri-

402 2779 598 2847 pserat
626 2775 788 2831 libros
821 2777 1119 2832 dialecticos
1173 2787 1220 2833 et
1261 2784 1652 2849 astronomicos,
1677 2785 1740 2836 ut
1774 2786 2016 2837 testatur

400 2863 706 2920 Aimoiuus
749 2865 808 2920 in
841 2867 965 2938 ejus
994 2867 1136 2935 Vita,
1171 2886 1294 2940 cap.
1339 2873 1389 2936 3,
1421 2887 1563 2942 quos
1607 2871 1817 2942 injuria
1864 2874 2012 2926 tem-

401 2969 612 3024 porum
659 2956 824 3011 nobis
877 2957 1143 3030 abripuit.
1182 2959 1448 3029 Ejusdem
1503 2958 1926 3015 Commentarius
1956 2963 2011 3014 in

416 3043 646 3097 Victorii
683 3044 954 3100 Cononem
991 3048 1316 3116 pasclialem,
1350 3066 1462 3120 quo
1497 3050 1694 3120 Cyclos
1723 3067 2012 3104 annorum

402 3133 472 3188 ab
520 3133 920 3190 incarnatione
952 3137 1182 3191 Domini
1230 3139 1300 3192 ad
1357 3156 1458 3193 sua
1507 3157 1684 3210 nsque
1744 3143 2013 3210 tempora

393 3223 560 3294 juxta
597 3240 794 3279 veram
834 3226 1274 3296 Evangeliorum
1325 3227 1498 3282 fidem
1553 3229 1820 3294 correxit,
1851 3228 2011 3298 lapsu

401 3314 733 3383 temporum
766 3313 1011 3368 interiit:
1037 3315 1196 3385 cujus
1223 3315 1571 3370 memoriam
1596 3315 1760 3370 nobis
1781 3315 2013 3386 reliquit

405 3400 736 3473 Sigebertus
789 3402 845 3457 in
883 3404 1031 3459 libro
1074 3404 1156 3458 De
1187 3405 1482 3458 illustribus
1509 3403 1758 3458 Ecclesiae
1792 3405 2010 3472 scripto-

405 3491 570 3559 ribus,
613 3508 739 3562 cap.
793 3494 910 3560 139,
954 3493 1043 3547 his
1088 3492 1277 3548 verbis
1323 3510 1336 3546 :
1373 3492 1644 3558 Quantum
1683 3491 1908 3544 valuerit
1949 3491 2012 3546 in

400 3586 624 3651 utraque
655 3581 872 3634 scientia
899 3581 1145 3648 ostendit,
1188 3598 1310 3635 cum
1355 3598 1512 3652 super
1535 3579 1802 3636 calculum
1839 3581 2014 3634 Victo-

398 3669 468 3722 rii
495 3674 876 3724 commentatus
905 3683 1014 3734 est;
1046 3686 1221 3742 quem
1283 3686 1346 3724 ac
1387 3687 1486 3724 sua
1530 3685 1707 3740 usque
1751 3671 2016 3738 tempora

2125 2515 2198 2569 De
2227 2516 2564 2585 scriptoribus
2602 2516 2842 2585 Anglice,
2879 2517 2974 2570 ubi
3007 2517 3078 2570 de
3110 2517 3350 2572 Abbone
3389 2517 3474 2571 ita
3514 2518 3715 2573 habet
3745 2536 3756 2572 :

2118 2626 2145 2653 «
2179 2604 2364 2671 Abbo,
2400 2603 2781 2659 Floriacensis
2810 2605 3057 2660 camobii
3077 2605 3272 2673 abbas,
3300 2605 3519 2672 Gallus,
3551 2609 3759 2678 patria

2081 2691 2565 2757 ,Aurelianensis,
2598 2691 2824 2764 scripsit
2852 2693 3040 2747 Vitam
3075 2691 3397 2747 Eadmundi
3428 2695 3750 2765 martyris,

2116 2779 2276 2834 libris
2303 2797 2364 2847 ll;
2379 2781 2815 2850 Apologeticum
2833 2781 2903 2836 ad
2918 2781 3267 2836 Francorum
3281 2781 3702 2853 regeslibrum
3721 2803 3756 2854 ις

2116 2866 2300 2940 Super
2319 2869 2534 2922 calculo
2555 2867 2787 2924 Victorii
2810 2869 2910 2923 lib.
2930 2887 2968 2935 1;
3000 2869 3336 2925 Additiones
3366 2871 3427 2926 in
3458 2875 3758 2930 eumdem

2111 2955 2210 3010 lib.
2231 2973 2280 3023 ι;
2314 2958 2390 3011 De
2424 2957 2676 3012 motibus
2709 2960 3002 3013 stellarum
3044 2959 3143 3014 lib.
3168 2976 3218 3026 1;
3251 2959 3332 3014 De
3363 2961 3756 3032 planetarum

2111 3044 3759 3115 cursu,lib.I;Demonstrationesastronomia:lib.1;Contra

2113 3133 2448 3204 episcopum
2472 3134 3473 3203 Aurelianensemlib.1;Rudimenta
3489 3140 3752 3210 puerilia

2113 3219 2212 3275 lib.
2236 3221 2718 3292 I;Categoriarum
2738 3221 3120 3294 spiritualium
3137 3225 3234 3280 lib.
3255 3242 3293 3293 1;
3330 3227 3408 3280 De
3456 3233 3752 3299 computo

2113 3308 3158 3382 lib.1;HomiliasiuEvangelialib.i;
3191 3314 3272 3368 De
3303 3331 3471 3370 coena
3506 3317 3754 3371 Domini

2113 3397 2546 3468 lib.I;Epistolas
2557 3399 2631 3452 ad
2645 3399 2983 3471 Gregorium
3001 3401 3389 3466 V,Robertum
3402 3420 3620 3476 regem
3632 3405 3756 3470 ,im-

2111 3489 2438 3555 peratorem
2463 3487 2756 3554 Ottonem,
2789 3489 3144 3544 Bernardum
3170 3489 3532 3559 Bellilocum,
3549 3493 3753 3548 0dilo-

2114 3574 2792 3632 nemCluniacensem.De
2805 3579 3754 3654 sanctoStephanoprotomartyre

2114 3663 2480 3734 sequentiam
2495 3682 2668 3719 unam
2685 3666 3127 3737 etResponsoria
3139 3669 3411 3740 quaedam
3427 3671 3753 3726 ediditCir-

405 3757 740 3825 adductum,
774 3757 848 3814 ad
879 3775 1061 3813 annos
1089 3759 1291 3828 postea
1313 3756 1538 3811 circiter
1575 3748 2012 3811 1595'dilatavit.
2037 3755 2084 3814 C
2115 3753 2272 3805 culos
2285 3770 2356 3806 an
2369 3769 2574 3807 norum
2597 3753 3008 3808 incarnationis
3022 3755 3338 3812 Dominicw
3352 3759 3427 3813 ad
3443 3776 3549 3814 sua
3571 3777 3758 3831 usque

398 3845 778 3916 Apologeticus
821 3863 1051 3917 quoque
1116 3845 1355 3898 Abbonis
1404 3844 1474 3898 ad
1526 3843 1808 3914 Hugonem
1845 3843 2018 3898 Fran-

399 3950 583 3988 corum
639 3951 814 4004 regem
881 3933 992 4004 (22)
1050 3949 1151 4004 pro
1223 3933 1650 3986 immunitatibus
1715 3936 2022 3987 monasterii

399 4021 778 4090 Floriacenszls,
812 4021 1022 4094 periit;
1050 4021 1210 4091 cujus
1251 4024 1474 4076 exstant
1497 4021 1828 4093 fragmenta
1865 4022 2018 4094 apud

401 4111 740 4166 Aimonium
773 4109 832 4164 in
872 4110 996 4164 Vita
1027 4109 1268 4164 Abbonis
1297 4126 1463 4182 capp.
1500 4112 1531 4165 8
1585 4114 1644 4166 et
1685 4113 1737 4166 9.
1765 4111 1892 4166 Jam
1943 4111 2018 4165 ad

401 4214 582 4270 opera
605 4199 886 4269 impressa
910 4198 1230 4253 veniamus.
1261 4200 1452 4254 Exstat
1489 4199 1740 4270 Epitome
1775 4199 1838 4253 de
1877 4199 2018 4254 Vitis

399 4287 1102 4356 Romanorumpontiﬁcum
1132 4286 1289 4352 XCI,
1337 4289 1582 4343 collecta
1617 4306 1685 4343 ex
1731 4287 2016 4342 Anastasii

403 4374 827 4430 Bibliothecarii
874 4375 1123 4431 Historia
1165 4377 1481 4450 pontiﬁcia,
1525 4380 1582 4432 et
1627 4393 1760 4432 cum
1809 4377 2018 4432 eadem

400 4463 707 4535 Moguntize
753 4481 906 4520 anno
953 4467 1090 4520 1602
1145 4464 1204 4521 in
1263 4468 1298 4521 4
1340 4483 1566 4534 excusa,
1609 4465 1796 4520 studio
1842 4467 2016 4536 atque

403 4567 581 4624 opera
631 4553 867 4609 Joannis
923 4553 1108 4609 Busmi
1162 4553 1660 4626 Noviomagensis,
1709 4570 1825 4608 soc.
1886 4553 2017 4608 Jesu

399 4641 682 4715 theologi.
725 4643 850 4698 Vita
886 4645 1078 4700 sancti
1126 4643 1410 4698 Edmundi
1443 4643 1749 4713 Anglorum
1795 4644 1934 4713 regis
1970 4647 2020 4697 et

398 4733 675 4802 martyris,
709 4749 882 4804 quam
914 4731 1053 4787 dum
1082 4731 1142 4787 in
1172 4732 1386 4804 Anglia
1435 4733 1830 4786 commoratus
1873 4735 1958 4785 est
1986 4747 2022 4785 a

396 4820 694 4877 Dunstano
725 4825 962 4894 rogatus
1009 4821 1256 4892 scripsit,
1290 4823 1474 4875 exstat
1500 4820 1651 4891 apud
1685 4820 1914 4874 Surium
1945 4821 2020 4875 ad

399 4903 556 4965 diem
611 4914 680 4966 20
736 4910 1094 4966 Novembris.
1156 4907 1402 4980 Epitomc
1455 4927 1544 4963 seu
1606 4907 2017 4964 Collectiuncula

397 5015 664 5053 canonum
691 4999 788 5053 sub
816 5001 972 5054 certis
1007 5001 1361 5053 materiarum
1381 4997 1660 5070 capitibus,
1695 5015 1867 5070 quam
1897 4997 2016 5052 edi-

2117 3843 2386 3910 tempora
2411 3842 2678 3896 correxit.
2704 3842 2855 3897 Obiit
2885 3860 3038 3898 anno
3068 3846 3224 3912 1004,
3250 3862 3285 3900 a
3305 3846 3421 3900 suis
3436 3847 3756 3903 monachis

2117 3929 2472 3994 interfectus,
2506 3931 2666 4000 cujus
2696 3931 2884 3986 Vitam
2919 3931 3148 4003 scripsit
3174 3933 3479 3990 Aimoinus
3521 3936 3753 3991 Floria-

2119 4017 2322 4073 censis.
2356 4038 2382 4067 »
2420 4019 2549 4073 Haec
2581 4019 2816 4086 Balteus,
2851 4020 2949 4091 qui
2975 4038 3042 4075 ex
3073 4022 3374 4076 occasione
3404 4024 3618 4096 Anglis
3634 4025 3751 4080 suis

2117 4106 2290 4174 hunc,
2310 4106 2556 4174 Gallum,
2581 4107 3052 4176 inseruit,forsan
3086 4111 3241 4183 quod
3266 4111 3391 4182 ejus
3404 4113 3599 4184 Opera
3629 4130 3752 4168 ma-

2118 4195 2410 4268 nuscripta
2428 4197 2596 4250 simul
2635 4200 2832 4252 omnia
2863 4197 2984 4252 haec
3025 4198 3084 4254 in
3127 4201 3336 4270 Anglia
3384 4201 3737 4262 invenisset.

2116 4281 2375 4354 Epistolas
2403 4301 2579 4354 porro
2611 4287 2724 4340 ista;-
2744 4302 2874 4340 cum
2900 4285 3254 4357 Apologetico
3292 4288 3365 4342 ad
3389 4288 3742 4346 Francorum

2119 4387 2293 4443 regem
2319 4373 2427 4428 hoc
2453 4389 2606 4428 anno
2639 4375 2774 4430 1687
2807 4373 2976 4428 edita:
3003 4377 3136 4430 sunt
3161 4378 3334 4447 atque
3368 4377 3654 4434 immissae
3689 4381 3746 4434 in

2123 4461 2311 4532 Opera
2327 4463 2639 4533 posthuma
2661 4463 2810 4518 Petri
2828 4463 3031 4519 Pithaai
3058 4465 3373 4534 Trecensis,
3399 4483 3529 4538 quae
3549 4470 3741 4523 tribus

2117 4551 2179 4604 in
2210 4549 2348 4605 folio
2389 4551 2777 4606 voluminibus
2807 4556 2864 4607 et
2895 4554 3056 4624 prelo
3083 4553 3396 4608 Galliarum
3426 4557 3593 4628 regio
3607 4573 3744 4628 pro-

2120 4639 2594 4712 dierunt,magno
2616 4640 2784 4712 hujus
2805 4640 3048 4712 insignis
3073 4641 3177 4697 viri
3202 4643 3298 4714 qui
3331 4644 3405 4698 ab
3427 4645 3597 4699 annis
3610 4662 3746 4701 cen-

2120 4733 2240 4782 tum
2271 4729 2357 4782 vel
2377 4729 2608 4784 circiter
2647 4729 2808 4796 obiit,
2843 4731 3140 4802 multaque
3184 4733 3579 4806 manuscripta
3607 4736 3743 4790 relic

2119 4817 2262 4889 quit,
2290 4818 2513 4872 honore
2550 4822 2608 4872 et
2647 4818 2952 4874 desiderio.
2991 4821 3178 4874 Exstat
3229 4821 3610 4892 Apologeticus
3647 4827 3743 4878 istc

2119 4908 2359 4961 Abbonis
2381 4924 2512 4962 cum
2541 4909 2794 4979 Epistolis
2820 4911 2982 4962 variis
3003 4913 3162 4964 tomo
3191 4911 3232 4976 Ι,
3266 4927 3403 4982 pag.
3438 4915 3540 4967 393
3567 4916 3634 4966 et
3665 4915 3738 4967 de

2121 4997 2492 5068 sequentibus
2525 4997 2595 5050 ad
2627 5014 2758 5069 pag.
2794 5000 2919 5052 429.
2954 4998 3118 5062 Quod
3157 4998 3406 5054 diximus
3449 5001 3520 5055 de
3557 5006 3740 5056 aptate

402 5087 487 5142 dit
519 5088 771 5143 Joannes
795 5087 1092 5154 Mabillon,
1121 5091 1282 5142 tumo
1332 5089 1378 5141 ll
1416 5087 1852 5150 Analectorum,
1883 5103 2013 5158 pag.
2039 5086 2092 5145 D
2123 5085 2741 5157 ejus,cognoscipotest
2762 5103 2828 5140 ex
2855 5103 2922 5141 eo
2947 5087 3100 5158 quod
3125 5087 3529 5158 Apologeticum
3555 5105 3740 5146 suum

397 5178 502 5232 248
532 5179 588 5230 et
618 5177 1009 5250 sequentibus,
1054 5176 1152 5230 ubi
1197 5175 1354 5231 varia
1395 5175 1664 5247 praeludit
1695 5175 1779 5230 De
1815 5176 2020 5246 scriptis

395 5267 519 5318 tam
551 5265 718 5320 editis
739 5283 915 5338 quam
939 5264 1252 5336 deperditis
1265 5264 1521 5318 Abbonis
1544 5263 1786 5331 abbatis,
1817 5263 1886 5318 de
1904 5280 2017 5335 quo

397 5354 574 5408 etiam
588 5355 847 5425 pluribus
873 5355 994 5426 agit
1019 5355 1227 5409 smculo
1257 5354 1325 5406 Vl
1345 5353 1671 5408 Sanctorum
1690 5353 1890 5408 ordinis
1909 5352 2022 5408 divi

397 5441 692 5496 Benedicti.
731 5442 891 5496 Hunc
923 5445 1118 5498 autem
1151 5442 1261 5496 huc
1303 5441 1601 5496 attulimus
1623 5441 1694 5496 ob
1723 5442 2017 5511 Epitomen

397 5545 663 5584 canonum
718 5547 890 5602 quam
935 5531 1197 5585 Labbeus
1239 5530 1452 5598 omisit,
1501 5531 1762 5584 nondum
1804 5529 2015 5601 quippe

399 5617 745 5689 evulgatam.
800 5619 985 5675 Audio
1024 5620 1294 5674 recenter
1345 5635 1379 5674 a
1426 5619 1656 5676 Placido
1703 5618 2012 5690 Porchero,

480 5743 588 5820 (22)
610 5744 747 5805 Vide
781 5744 956 5818 infra,
991 5745 1100 5800 col.
1133 5743 1261 5800 417.

2121 5173 2194 5228 ad
2232 5175 2534 5246 Hugonem
2575 5175 2850 5246 Capetum
2890 5175 3190 5247 filiumque
3229 5175 3350 5247 ejus
3385 5178 3737 5248 Robertum,

2121 5263 2436 5319 Galliarum
2479 5281 2664 5336 reges,
2701 5264 3010 5336 scripserit.
3051 5265 3193 5320 Nam
3225 5265 3331 5319 hos
3363 5269 3420 5321 et
3454 5267 3741 5324 Ottonem

2121 5352 2354 5408 tertium
2387 5352 2799 5424 imperatorem
2823 5359 3108 5425 ουγχρόνους
3138 5354 3613 5427 fuissc,apertum
3650 5374 3742 5412 sa-

2117 5441 2190 5496 tis
2216 5445 2318 5496 est.
2352 5441 2510 5496 Idem
2543 5441 2801 5496 indicant
2834 5441 3086 5512 Epistolze
3130 5442 3372 5497 Abbonis
3423 5445 3618 5515 plures
3663 5448 3738 5501 ad

2117 5529 2513 5600 GregoriumV
2545 5546 2841 5584 summum
2860 5531 3194 5600 pontiﬁcem
3225 5535 3396 5603 atque
3427 5532 3735 5606 alios,qua:

2118 5634 2272 5674 nunc
2297 5617 2590 5690 impressa:
2621 5621 2864 5674 exstant.
2900 5619 3075 5692 Hujus
3109 5619 3364 5675 Abbonis
3416 5620 3607 5676 Vitam
3668 5640 3736 5684 ac
