  <div class='ocr_page' id='page_1' title='image "/cluster/home/n/w/nwhite01/storage/ocr_20150623/139/uva.x000829787/215.png"; bbox 0 0 3882 6222; ppageno 0'>
   <div class='ocr_carea' id='block_1_1' title="bbox 423 427 529 491">
    <p class='ocr_par' dir='ltr' id='par_1_1' title="bbox 423 427 529 491">
     <span class='ocr_line' id='line_1_1' title="bbox 423 427 529 491; baseline -0.019 0"><span class='ocrx_word' id='word_1_1' title='bbox 423 427 529 491; x_wconf 61' lang='grc'>423</span> 
     </span>
    </p>
   </div>
   <div class='ocr_carea' id='block_1_2' title="bbox 1528 419 3708 492">
    <p class='ocr_par' dir='ltr' id='par_1_2' title="bbox 1528 419 3708 492">
     <span class='ocr_line' id='line_1_2' title="bbox 1528 419 3708 492; baseline 0.005 -10"><span class='ocrx_word' id='word_1_2' title='bbox 1528 419 1584 483; x_wconf 88' lang='lat' dir='ltr'>S.</span> <span class='ocrx_word' id='word_1_3' title='bbox 1618 420 1908 481; x_wconf 75' lang='lat' dir='ltr'>ABBONIS</span> <span class='ocrx_word' id='word_1_4' title='bbox 1934 419 2340 480; x_wconf 77' lang='lat' dir='ltr'>FLORIANSIS</span> <span class='ocrx_word' id='word_1_5' title='bbox 2361 421 2668 482; x_wconf 76' lang='lat' dir='ltr'>ABBA’I‘IS.</span> <span class='ocrx_word' id='word_1_6' title='bbox 3619 427 3708 492; x_wconf 64' lang='grc' dir='ltr'>ιρι</span> 
     </span>
    </p>
   </div>
   <div class='ocr_carea' id='block_1_3' title="bbox 428 549 3708 629">
    <p class='ocr_par' dir='ltr' id='par_1_3' title="bbox 428 549 3708 629">
     <span class='ocr_line' id='line_1_3' title="bbox 428 549 3708 629; baseline 0 -17"><span class='ocrx_word' id='word_1_7' title='bbox 428 551 768 629; x_wconf 88' lang='lat' dir='ltr'>requisistis;</span> <span class='ocrx_word' id='word_1_8' title='bbox 797 551 888 610; x_wconf 90' lang='lat' dir='ltr'>cui</span> <span class='ocrx_word' id='word_1_9' title='bbox 919 551 1228 624; x_wconf 81' lang='lat' dir='ltr'>postquam</span> <span class='ocrx_word' id='word_1_10' title='bbox 1276 550 1584 606; x_wconf 84' lang='lat' dir='ltr'>historiam</span> <span class='ocrx_word' id='word_1_11' title='bbox 1615 549 2042 624; x_wconf 84' lang='lat' dir='ltr'>patefeci,eam,</span> <span class='ocrx_word' id='word_1_12' title='bbox 2066 553 2120 610; x_wconf 85' lang='lat' dir='ltr'><strong>A</strong></span> <span class='ocrx_word' id='word_1_13' title='bbox 2145 549 2444 624; x_wconf 90' lang='lat' dir='ltr'>vilegium,</span> <span class='ocrx_word' id='word_1_14' title='bbox 2495 551 2634 607; x_wconf 89' lang='lat' dir='ltr'>illud</span> <span class='ocrx_word' id='word_1_15' title='bbox 2675 567 2959 626; x_wconf 80' lang='lat' dir='ltr'>magnum</span> <span class='ocrx_word' id='word_1_16' title='bbox 2990 554 3049 610; x_wconf 88' lang='lat' dir='ltr'>et</span> <span class='ocrx_word' id='word_1_17' title='bbox 3093 551 3417 611; x_wconf 87' lang='lat' dir='ltr'>inviolabiie</span> <span class='ocrx_word' id='word_1_18' title='bbox 3445 551 3708 614; x_wconf 67' lang='lat' dir='ltr'>Nicmnum</span> 
     </span>
    </p>
   </div>
   <div class='ocr_carea' id='block_1_4' title="bbox 429 638 2041 716">
    <p class='ocr_par' dir='ltr' id='par_1_4' title="bbox 429 638 2041 716">
     <span class='ocr_line' id='line_1_4' title="bbox 429 638 2041 716; baseline -0.004 -17"><span class='ocrx_word' id='word_1_19' title='bbox 429 649 491 700; x_wconf 92' lang='lat' dir='ltr'>ut</span> <span class='ocrx_word' id='word_1_20' title='bbox 509 643 754 716; x_wconf 84' lang='lat' dir='ltr'>jussistis</span> <span class='ocrx_word' id='word_1_21' title='bbox 777 641 1172 714; x_wconf 83' lang='lat' dir='ltr'>Transalpinis</span> <span class='ocrx_word' id='word_1_22' title='bbox 1188 640 1504 712; x_wconf 88' lang='lat' dir='ltr'>legendam.</span> <span class='ocrx_word' id='word_1_23' title='bbox 1527 640 1774 710; x_wconf 76' lang='lat' dir='ltr'>dirigere</span> <span class='ocrx_word' id='word_1_24' title='bbox 1795 655 1911 693; x_wconf 90' lang='lat' dir='ltr'>non</span> <span class='ocrx_word' id='word_1_25' title='bbox 1930 638 2041 692; x_wconf 89' lang='lat' dir='ltr'>dis-</span> 
     </span>
    </p>
   </div>
   <div class='ocr_carea' id='block_1_5' title="bbox 425 727 2041 788">
    <p class='ocr_par' dir='ltr' id='par_1_5' title="bbox 425 727 2041 788">
     <span class='ocr_line' id='line_1_5' title="bbox 425 727 2041 788; baseline -0.004 -1"><span class='ocrx_word' id='word_1_26' title='bbox 425 734 533 788; x_wconf 82' lang='lat' dir='ltr'>tuli</span> <span class='ocrx_word' id='word_1_27' title='bbox 559 749 571 786; x_wconf 89' lang='lat'>:</span> <span class='ocrx_word' id='word_1_28' title='bbox 595 737 652 787; x_wconf 91' lang='lat' dir='ltr'>et</span> <span class='ocrx_word' id='word_1_29' title='bbox 681 733 789 786; x_wconf 87' lang='lat' dir='ltr'>hoc</span> <span class='ocrx_word' id='word_1_30' title='bbox 815 731 1062 785; x_wconf 79' lang='lat' dir='ltr'>indiculo</span> <span class='ocrx_word' id='word_1_31' title='bbox 1079 729 1236 784; x_wconf 86' lang='lat' dir='ltr'>vobis</span> <span class='ocrx_word' id='word_1_32' title='bbox 1249 729 1512 782; x_wconf 78' lang='lat' dir='ltr'>satisfeci.</span> <span class='ocrx_word' id='word_1_33' title='bbox 1534 727 1906 781; x_wconf 79' lang='lat' dir='ltr'>Direxietiam</span> <span class='ocrx_word' id='word_1_34' title='bbox 1930 727 2041 781; x_wconf 91' lang='lat' dir='ltr'>duo</span> 
     </span>
    </p>
   </div>
   <div class='ocr_carea' id='block_1_6' title="bbox 427 817 2040 888">
    <p class='ocr_par' dir='ltr' id='par_1_6' title="bbox 427 817 2040 888">
     <span class='ocr_line' id='line_1_6' title="bbox 427 817 2040 888; baseline -0.005 -12"><span class='ocrx_word' id='word_1_35' title='bbox 427 823 655 876; x_wconf 88' lang='lat' dir='ltr'>vascula</span> <span class='ocrx_word' id='word_1_36' title='bbox 682 818 1090 884; x_wconf 78' lang='lat' dir='ltr'>Manzerina,in</span> <span class='ocrx_word' id='word_1_37' title='bbox 1119 817 1324 888; x_wconf 88' lang='lat' dir='ltr'>quibus</span> <span class='ocrx_word' id='word_1_38' title='bbox 1356 817 1680 886; x_wconf 69' lang='lat' dir='ltr'>anaglyplio</span> <span class='ocrx_word' id='word_1_39' title='bbox 1701 833 1874 885; x_wconf 88' lang='lat' dir='ltr'>opere</span> <span class='ocrx_word' id='word_1_40' title='bbox 1903 831 2040 868; x_wconf 89' lang='lat' dir='ltr'>con-</span> 
     </span>
    </p>
   </div>
   <div class='ocr_carea' id='block_1_7' title="bbox 429 904 2043 975">
    <p class='ocr_par' dir='ltr' id='par_1_7' title="bbox 429 904 2043 975">
     <span class='ocr_line' id='line_1_7' title="bbox 429 904 2043 975; baseline -0.005 -11"><span class='ocrx_word' id='word_1_41' title='bbox 429 910 694 964; x_wconf 82' lang='lat' dir='ltr'>tinentur</span> <span class='ocrx_word' id='word_1_42' title='bbox 720 907 978 963; x_wconf 86' lang='lat' dir='ltr'>Charitas</span> <span class='ocrx_word' id='word_1_43' title='bbox 1010 912 1068 960; x_wconf 89' lang='lat' dir='ltr'>et</span> <span class='ocrx_word' id='word_1_44' title='bbox 1088 905 1285 959; x_wconf 84' lang='lat' dir='ltr'>Ethiea</span> <span class='ocrx_word' id='word_1_45' title='bbox 1313 923 1325 970; x_wconf 86' lang='lat'>;</span> <span class='ocrx_word' id='word_1_46' title='bbox 1361 921 1604 975; x_wconf 84' lang='lat' dir='ltr'>quarum</span> <span class='ocrx_word' id='word_1_47' title='bbox 1633 906 1834 969; x_wconf 87' lang='lat' dir='ltr'>altera,</span> <span class='ocrx_word' id='word_1_48' title='bbox 1871 904 1926 958; x_wconf 93' lang='lat' dir='ltr'>id</span> <span class='ocrx_word' id='word_1_49' title='bbox 1959 907 2043 957; x_wconf 89' lang='lat' dir='ltr'>est</span> 
     </span>
    </p>
   </div>
   <div class='ocr_carea' id='block_1_8' title="bbox 435 994 2042 1067">
    <p class='ocr_par' dir='ltr' id='par_1_8' title="bbox 435 994 2042 1067">
     <span class='ocr_line' id='line_1_8' title="bbox 435 994 2042 1067; baseline -0.004 -14"><span class='ocrx_word' id='word_1_50' title='bbox 435 999 714 1064; x_wconf 73' lang='lat' dir='ltr'>Charitas,</span> <span class='ocrx_word' id='word_1_51' title='bbox 750 1001 992 1067; x_wconf 87' lang='lat' dir='ltr'>utraque</span> <span class='ocrx_word' id='word_1_52' title='bbox 1023 995 1374 1048; x_wconf 85' lang='lat' dir='ltr'>maanetus</span> <span class='ocrx_word' id='word_1_53' title='bbox 1401 997 1457 1047; x_wconf 90' lang='lat' dir='ltr'>et</span> <span class='ocrx_word' id='word_1_54' title='bbox 1481 994 1698 1046; x_wconf 77' lang='lat' dir='ltr'>Novum</span> <span class='ocrx_word' id='word_1_55' title='bbox 1714 994 2042 1047; x_wconf 87' lang='lat' dir='ltr'>Testamen-</span> 
     </span>
    </p>
   </div>
   <div class='ocr_carea' id='block_1_9' title="bbox 430 1081 2042 1160">
    <p class='ocr_par' dir='ltr' id='par_1_9' title="bbox 430 1081 2042 1160">
     <span class='ocr_line' id='line_1_9' title="bbox 430 1081 2042 1160; baseline -0.006 -18"><span class='ocrx_word' id='word_1_56' title='bbox 430 1092 556 1142; x_wconf 85' lang='lat' dir='ltr'>tum</span> <span class='ocrx_word' id='word_1_57' title='bbox 587 1086 822 1160; x_wconf 73' lang='lat' dir='ltr'>prasfert</span> <span class='ocrx_word' id='word_1_58' title='bbox 866 1101 969 1156; x_wconf 91' lang='lat' dir='ltr'>per</span> <span class='ocrx_word' id='word_1_59' title='bbox 1021 1083 1247 1154; x_wconf 90' lang='lat' dir='ltr'>singula</span> <span class='ocrx_word' id='word_1_60' title='bbox 1279 1082 1653 1154; x_wconf 87' lang='lat' dir='ltr'>epithemata,</span> <span class='ocrx_word' id='word_1_61' title='bbox 1709 1081 1907 1136; x_wconf 84' lang='lat' dir='ltr'>Ethica</span> <span class='ocrx_word' id='word_1_62' title='bbox 1937 1082 2042 1135; x_wconf 85' lang='lat' dir='ltr'>alis</span> 
     </span>
    </p>
   </div>
   <div class='ocr_carea' id='block_1_10' title="bbox 431 1169 2042 1246">
    <p class='ocr_par' dir='ltr' id='par_1_10' title="bbox 431 1169 2042 1246">
     <span class='ocr_line' id='line_1_10' title="bbox 431 1169 2042 1246; baseline -0.004 -16"><span class='ocrx_word' id='word_1_63' title='bbox 431 1175 546 1230; x_wconf 89' lang='lat' dir='ltr'>suis</span> <span class='ocrx_word' id='word_1_64' title='bbox 591 1172 993 1246; x_wconf 76' lang='lat' dir='ltr'>complectitur</span> <span class='ocrx_word' id='word_1_65' title='bbox 1025 1171 1328 1226; x_wconf 83' lang='lat' dir='ltr'>historiam</span> <span class='ocrx_word' id='word_1_66' title='bbox 1355 1174 1413 1224; x_wconf 89' lang='lat' dir='ltr'>et</span> <span class='ocrx_word' id='word_1_67' title='bbox 1459 1170 1833 1242; x_wconf 82' lang='lat' dir='ltr'>allegoriam:</span> <span class='ocrx_word' id='word_1_68' title='bbox 1870 1169 1950 1224; x_wconf 91' lang='lat' dir='ltr'>ita</span> <span class='ocrx_word' id='word_1_69' title='bbox 1980 1173 2042 1224; x_wconf 90' lang='lat' dir='ltr'>ut</span> 
     </span>
    </p>
   </div>
   <div class='ocr_carea' id='block_1_11' title="bbox 433 1259 2044 1334">
    <p class='ocr_par' dir='ltr' id='par_1_11' title="bbox 433 1259 2044 1334">
     <span class='ocr_line' id='line_1_11' title="bbox 433 1259 2044 1334; baseline -0.003 -17"><span class='ocrx_word' id='word_1_70' title='bbox 433 1267 676 1334; x_wconf 88' lang='lat' dir='ltr'>utraque</span> <span class='ocrx_word' id='word_1_71' title='bbox 707 1261 1174 1327; x_wconf 87' lang='lat' dir='ltr'>virtus,Charitas</span> <span class='ocrx_word' id='word_1_72' title='bbox 1197 1259 1408 1314; x_wconf 86' lang='lat' dir='ltr'>scilicet</span> <span class='ocrx_word' id='word_1_73' title='bbox 1435 1276 1498 1313; x_wconf 90' lang='lat' dir='ltr'>ac</span> <span class='ocrx_word' id='word_1_74' title='bbox 1543 1259 1760 1325; x_wconf 87' lang='lat' dir='ltr'>Ethica,</span> <span class='ocrx_word' id='word_1_75' title='bbox 1794 1261 2044 1330; x_wconf 85' lang='lat' dir='ltr'>quatuor</span> 
     </span>
    </p>
   </div>
   <div class='ocr_carea' id='block_1_12' title="bbox 431 1348 2043 1422">
    <p class='ocr_par' dir='ltr' id='par_1_12' title="bbox 431 1348 2043 1422">
     <span class='ocr_line' id='line_1_12' title="bbox 431 1348 2043 1422; baseline -0.002 -17"><span class='ocrx_word' id='word_1_76' title='bbox 431 1352 667 1406; x_wconf 82' lang='lat' dir='ltr'>virtutes</span> <span class='ocrx_word' id='word_1_77' title='bbox 693 1367 796 1421; x_wconf 90' lang='lat' dir='ltr'>per</span> <span class='ocrx_word' id='word_1_78' title='bbox 813 1351 1039 1422; x_wconf 91' lang='lat' dir='ltr'>singula</span> <span class='ocrx_word' id='word_1_79' title='bbox 1061 1349 1423 1403; x_wconf 86' lang='lat' dir='ltr'>vasculorum</span> <span class='ocrx_word' id='word_1_80' title='bbox 1455 1365 1557 1404; x_wconf 90' lang='lat' dir='ltr'>ora</span> <span class='ocrx_word' id='word_1_81' title='bbox 1573 1348 1879 1402; x_wconf 83' lang='lat' dir='ltr'>exclusoris</span> <span class='ocrx_word' id='word_1_82' title='bbox 1911 1364 2043 1418; x_wconf 90' lang='lat' dir='ltr'>ope-</span> 
     </span>
    </p>
   </div>
   <div class='ocr_carea' id='block_1_13' title="bbox 431 1437 1554 1509">
    <p class='ocr_par' dir='ltr' id='par_1_13' title="bbox 431 1437 1554 1509">
     <span class='ocr_line' id='line_1_13' title="bbox 431 1437 1554 1509; baseline -0.002 -17"><span class='ocrx_word' id='word_1_83' title='bbox 431 1457 494 1494; x_wconf 89' lang='lat' dir='ltr'>re</span> <span class='ocrx_word' id='word_1_84' title='bbox 524 1437 910 1509; x_wconf 63' lang='lat' dir='ltr'>praatendant.</span> <span class='ocrx_word' id='word_1_85' title='bbox 1547 1450 1554 1456; x_wconf 83' lang='lat'><strong>‘</strong></span> 
     </span>
    </p>
   </div>
   <div class='ocr_carea' id='block_1_14' title="bbox 433 1525 2039 1597">
    <p class='ocr_par' dir='ltr' id='par_1_14' title="bbox 433 1525 2039 1597">
     <span class='ocr_line' id='line_1_14' title="bbox 433 1525 2039 1597; baseline -0.002 -16"><span class='ocrx_word' id='word_1_86' title='bbox 433 1527 696 1582; x_wconf 81' lang='lat' dir='ltr'>Fascibus</span> <span class='ocrx_word' id='word_1_87' title='bbox 725 1529 1024 1597; x_wconf 83' lang='lat' dir='ltr'>exemptos</span> <span class='ocrx_word' id='word_1_88' title='bbox 1054 1526 1191 1580; x_wconf 91' lang='lat' dir='ltr'>dum</span> <span class='ocrx_word' id='word_1_89' title='bbox 1225 1525 1514 1580; x_wconf 91' lang='lat' dir='ltr'>cernimus</span> <span class='ocrx_word' id='word_1_90' title='bbox 1558 1525 1723 1579; x_wconf 89' lang='lat' dir='ltr'>Urbis</span> <span class='ocrx_word' id='word_1_91' title='bbox 1753 1525 2039 1591; x_wconf 86' lang='lat' dir='ltr'>alumnos,</span> 
     </span>
    </p>
   </div>
   <div class='ocr_carea' id='block_1_15' title="bbox 501 1615 1698 1671">
    <p class='ocr_par' dir='ltr' id='par_1_15' title="bbox 501 1615 1698 1671">
     <span class='ocr_line' id='line_1_15' title="bbox 501 1615 1698 1671; baseline -0.002 -1"><span class='ocrx_word' id='word_1_92' title='bbox 501 1616 758 1670; x_wconf 81' lang='lat' dir='ltr'>Exteruis</span> <span class='ocrx_word' id='word_1_93' title='bbox 787 1615 1038 1671; x_wconf 88' lang='lat' dir='ltr'>dominis</span> <span class='ocrx_word' id='word_1_94' title='bbox 1071 1616 1299 1670; x_wconf 89' lang='lat' dir='ltr'>subdita</span> <span class='ocrx_word' id='word_1_95' title='bbox 1326 1617 1512 1669; x_wconf 83' lang='lat' dir='ltr'>Roma</span> <span class='ocrx_word' id='word_1_96' title='bbox 1541 1615 1698 1668; x_wconf 86' lang='lat' dir='ltr'>furit.</span> 
     </span>
    </p>
   </div>
   <div class='ocr_carea' id='block_1_16' title="bbox 434 1703 1758 1770">
    <p class='ocr_par' dir='ltr' id='par_1_16' title="bbox 434 1703 1758 1770">
     <span class='ocr_line' id='line_1_16' title="bbox 434 1703 1758 1770; baseline -0.003 -11"><span class='ocrx_word' id='word_1_97' title='bbox 434 1706 545 1760; x_wconf 86' lang='lat' dir='ltr'>Nec</span> <span class='ocrx_word' id='word_1_98' title='bbox 576 1705 791 1759; x_wconf 90' lang='lat' dir='ltr'>mirum</span> <span class='ocrx_word' id='word_1_99' title='bbox 821 1721 954 1758; x_wconf 90' lang='lat' dir='ltr'>cum</span> <span class='ocrx_word' id='word_1_100' title='bbox 984 1720 1156 1758; x_wconf 89' lang='lat' dir='ltr'>scena</span> <span class='ocrx_word' id='word_1_101' title='bbox 1177 1704 1282 1758; x_wconf 88' lang='lat' dir='ltr'>sibi</span> <span class='ocrx_word' id='word_1_102' title='bbox 1313 1704 1374 1756; x_wconf 82' lang='lat' dir='ltr'>fit</span> <span class='ocrx_word' id='word_1_103' title='bbox 1399 1703 1599 1758; x_wconf 77' lang='lat' dir='ltr'>saevior</span> <span class='ocrx_word' id='word_1_104' title='bbox 1630 1703 1758 1770; x_wconf 90' lang='lat' dir='ltr'>illis,</span> 
     </span>
    </p>
   </div>
   <div class='ocr_carea' id='block_1_17' title="bbox 508 1791 1687 1858">
    <p class='ocr_par' dir='ltr' id='par_1_17' title="bbox 508 1791 1687 1858">
     <span class='ocr_line' id='line_1_17' title="bbox 508 1791 1687 1858; baseline -0.003 -11"><span class='ocrx_word' id='word_1_105' title='bbox 508 1795 575 1847; x_wconf 84' lang='lat' dir='ltr'>Et</span> <span class='ocrx_word' id='word_1_106' title='bbox 605 1793 852 1848; x_wconf 88' lang='lat' dir='ltr'>crudelis</span> <span class='ocrx_word' id='word_1_107' title='bbox 878 1793 1077 1858; x_wconf 89' lang='lat' dir='ltr'>habet,</span> <span class='ocrx_word' id='word_1_108' title='bbox 1113 1791 1267 1845; x_wconf 90' lang='lat' dir='ltr'>unde</span> <span class='ocrx_word' id='word_1_109' title='bbox 1301 1796 1542 1845; x_wconf 86' lang='lat' dir='ltr'>cruenta</span> <span class='ocrx_word' id='word_1_110' title='bbox 1571 1793 1687 1846; x_wconf 82' lang='lat' dir='ltr'>fiet.</span> 
     </span>
    </p>
   </div>
   <div class='ocr_carea' id='block_1_18' title="bbox 437 1879 1856 1952">
    <p class='ocr_par' dir='ltr' id='par_1_18' title="bbox 437 1879 1856 1952">
     <span class='ocr_line' id='line_1_18' title="bbox 437 1879 1856 1952; baseline -0.003 -16"><span class='ocrx_word' id='word_1_111' title='bbox 437 1881 622 1947; x_wconf 88' lang='lat' dir='ltr'>Quam</span> <span class='ocrx_word' id='word_1_112' title='bbox 655 1897 853 1939; x_wconf 87' lang='lat' dir='ltr'>caveas</span> <span class='ocrx_word' id='word_1_113' title='bbox 873 1882 1018 1936; x_wconf 85' lang='lat' dir='ltr'>alter</span> <span class='ocrx_word' id='word_1_114' title='bbox 1049 1896 1241 1950; x_wconf 84' lang='lat' dir='ltr'>mage,</span> <span class='ocrx_word' id='word_1_115' title='bbox 1269 1881 1570 1952; x_wconf 85' lang='lat' dir='ltr'>quamjam</span> <span class='ocrx_word' id='word_1_116' title='bbox 1605 1879 1856 1951; x_wconf 86' lang='lat' dir='ltr'>denique</span> 
     </span>
    </p>
   </div>
   <div class='ocr_carea' id='block_1_19' title="bbox 1719 1968 1972 2040">
    <p class='ocr_par' dir='ltr' id='par_1_19' title="bbox 1719 1968 1972 2040">
     <span class='ocr_line' id='line_1_19' title="bbox 1719 1968 1972 2040; baseline 0 -18"><span class='ocrx_word' id='word_1_117' title='bbox 1719 1968 1972 2040; x_wconf 89' lang='lat' dir='ltr'>[quintus</span> 
     </span>
    </p>
   </div>
   <div class='ocr_carea' id='block_1_20' title="bbox 505 2057 1661 2133">
    <p class='ocr_par' dir='ltr' id='par_1_20' title="bbox 505 2057 1661 2133">
     <span class='ocr_line' id='line_1_20' title="bbox 505 2057 1661 2133; baseline -0.003 -17"><span class='ocrx_word' id='word_1_118' title='bbox 505 2059 829 2133; x_wconf 82' lang='lat' dir='ltr'>Gregorius,</span> <span class='ocrx_word' id='word_1_119' title='bbox 863 2059 1066 2114; x_wconf 90' lang='lat' dir='ltr'>mundi</span> <span class='ocrx_word' id='word_1_120' title='bbox 1121 2059 1362 2131; x_wconf 85' lang='lat' dir='ltr'>pervigil</span> <span class='ocrx_word' id='word_1_121' title='bbox 1394 2057 1661 2114; x_wconf 82' lang='lat' dir='ltr'>excubiis.</span> 
     </span>
    </p>
   </div>
   <div class='ocr_carea' id='block_1_21' title="bbox 437 2147 1870 2222">
    <p class='ocr_par' dir='ltr' id='par_1_21' title="bbox 437 2147 1870 2222">
     <span class='ocr_line' id='line_1_21' title="bbox 437 2147 1870 2222; baseline -0.003 -18"><span class='ocrx_word' id='word_1_122' title='bbox 437 2149 598 2222; x_wconf 84' lang='lat' dir='ltr'>cujus</span> <span class='ocrx_word' id='word_1_123' title='bbox 627 2165 829 2204; x_wconf 88' lang='lat' dir='ltr'>amore</span> <span class='ocrx_word' id='word_1_124' title='bbox 857 2165 1022 2204; x_wconf 90' lang='lat' dir='ltr'>vacas</span> <span class='ocrx_word' id='word_1_125' title='bbox 1052 2148 1381 2203; x_wconf 84' lang='lat' dir='ltr'>transcendi</span> <span class='ocrx_word' id='word_1_126' title='bbox 1420 2164 1665 2202; x_wconf 90' lang='lat' dir='ltr'>cernuus</span> <span class='ocrx_word' id='word_1_127' title='bbox 1701 2147 1870 2216; x_wconf 83' lang='lat' dir='ltr'>Alpes</span> 
     </span>
    </p>
   </div>
   <div class='ocr_carea' id='block_1_22' title="bbox 511 2235 1797 2308">
    <p class='ocr_par' dir='ltr' id='par_1_22' title="bbox 511 2235 1797 2308">
     <span class='ocr_line' id='line_1_22' title="bbox 511 2235 1797 2308; baseline -0.005 -16"><span class='ocrx_word' id='word_1_128' title='bbox 511 2237 895 2308; x_wconf 87' lang='lat' dir='ltr'>Heridanique</span> <span class='ocrx_word' id='word_1_129' title='bbox 921 2237 1081 2291; x_wconf 89' lang='lat' dir='ltr'>nives</span> <span class='ocrx_word' id='word_1_130' title='bbox 1109 2237 1270 2292; x_wconf 84' lang='lat' dir='ltr'>Abho</span> <span class='ocrx_word' id='word_1_131' title='bbox 1296 2235 1589 2308; x_wconf 88' lang='lat' dir='ltr'>sequendo</span> <span class='ocrx_word' id='word_1_132' title='bbox 1610 2251 1797 2306; x_wconf 88' lang='lat' dir='ltr'>pares.</span> 
     </span>
    </p>
   </div>
   <div class='ocr_carea' id='block_1_23' title="bbox 437 2322 1832 2387">
    <p class='ocr_par' dir='ltr' id='par_1_23' title="bbox 437 2322 1832 2387">
     <span class='ocr_line' id='line_1_23' title="bbox 437 2322 1832 2387; baseline -0.006 -6"><span class='ocrx_word' id='word_1_133' title='bbox 437 2327 766 2382; x_wconf 84' lang='lat' dir='ltr'>Translatos</span> <span class='ocrx_word' id='word_1_134' title='bbox 793 2324 978 2380; x_wconf 79' lang='lat' dir='ltr'>Patris</span> <span class='ocrx_word' id='word_1_135' title='bbox 999 2325 1218 2379; x_wconf 90' lang='lat' dir='ltr'>cineres</span> <span class='ocrx_word' id='word_1_136' title='bbox 1239 2324 1386 2378; x_wconf 86' lang='lat' dir='ltr'>Bene</span> <span class='ocrx_word' id='word_1_137' title='bbox 1415 2324 1654 2378; x_wconf 88' lang='lat' dir='ltr'>nomine</span> <span class='ocrx_word' id='word_1_138' title='bbox 1683 2322 1832 2387; x_wconf 81' lang='lat' dir='ltr'>dicti,</span> 
     </span>
    </p>
   </div>
   <div class='ocr_carea' id='block_1_24' title="bbox 510 2410 1738 2486">
    <p class='ocr_par' dir='ltr' id='par_1_24' title="bbox 510 2410 1738 2486">
     <span class='ocr_line' id='line_1_24' title="bbox 510 2410 1738 2486; baseline -0.007 -14"><span class='ocrx_word' id='word_1_139' title='bbox 510 2415 785 2472; x_wconf 83' lang='lat' dir='ltr'>Mandant</span> <span class='ocrx_word' id='word_1_140' title='bbox 820 2414 1106 2486; x_wconf 85' lang='lat' dir='ltr'>Hesperiis</span> <span class='ocrx_word' id='word_1_141' title='bbox 1134 2418 1192 2468; x_wconf 91' lang='lat' dir='ltr'>et</span> <span class='ocrx_word' id='word_1_142' title='bbox 1220 2413 1345 2478; x_wconf 88' lang='lat' dir='ltr'>tibi,</span> <span class='ocrx_word' id='word_1_143' title='bbox 1379 2412 1585 2467; x_wconf 88' lang='lat' dir='ltr'>Sancte</span> <span class='ocrx_word' id='word_1_144' title='bbox 1615 2410 1738 2464; x_wconf 89' lang='lat' dir='ltr'>Dei.</span> 
     </span>
    </p>
   </div>
   <div class='ocr_carea' id='block_1_25' title="bbox 447 2501 1937 2572">
    <p class='ocr_par' dir='ltr' id='par_1_25' title="bbox 447 2501 1937 2572">
     <span class='ocr_line' id='line_1_25' title="bbox 447 2501 1937 2572; baseline -0.005 -14"><span class='ocrx_word' id='word_1_145' title='bbox 447 2505 557 2558; x_wconf 83' lang='lat' dir='ltr'>Hos</span> <span class='ocrx_word' id='word_1_146' title='bbox 579 2503 764 2558; x_wconf 89' lang='lat' dir='ltr'>loculo</span> <span class='ocrx_word' id='word_1_147' title='bbox 793 2501 1012 2572; x_wconf 90' lang='lat' dir='ltr'>pariter</span> <span class='ocrx_word' id='word_1_148' title='bbox 1049 2501 1282 2556; x_wconf 90' lang='lat' dir='ltr'>Francis</span> <span class='ocrx_word' id='word_1_149' title='bbox 1312 2515 1663 2556; x_wconf 82' lang='lat' dir='ltr'>veneramur</span> <span class='ocrx_word' id='word_1_150' title='bbox 1683 2501 1937 2565; x_wconf 87' lang='lat' dir='ltr'>ovantes,</span> 
     </span>
    </p>
   </div>
   <div class='ocr_carea' id='block_1_26' title="bbox 511 2591 1692 2663">
    <p class='ocr_par' dir='ltr' id='par_1_26' title="bbox 511 2591 1692 2663">
     <span class='ocr_line' id='line_1_26' title="bbox 511 2591 1692 2663; baseline -0.002 -16"><span class='ocrx_word' id='word_1_151' title='bbox 511 2595 579 2649; x_wconf 83' lang='lat' dir='ltr'>Et</span> <span class='ocrx_word' id='word_1_152' title='bbox 609 2609 909 2660; x_wconf 88' lang='lat' dir='ltr'>venerare,</span> <span class='ocrx_word' id='word_1_153' title='bbox 942 2595 1034 2648; x_wconf 93' lang='lat' dir='ltr'>cui</span> <span class='ocrx_word' id='word_1_154' title='bbox 1065 2596 1228 2663; x_wconf 84' lang='lat' dir='ltr'>gesta</span> <span class='ocrx_word' id='word_1_155' title='bbox 1258 2591 1508 2663; x_wconf 86' lang='lat' dir='ltr'>legenda</span> <span class='ocrx_word' id='word_1_156' title='bbox 1538 2591 1692 2646; x_wconf 88' lang='lat' dir='ltr'>dedi.</span> 
     </span>
    </p>
   </div>
   <div class='ocr_carea' id='block_1_27' title="bbox 1011 2681 1434 2736">
    <p class='ocr_par' dir='ltr' id='par_1_27' title="bbox 1011 2681 1434 2736">
     <span class='ocr_line' id='line_1_27' title="bbox 1011 2681 1434 2736; baseline -0.005 0"><span class='ocrx_word' id='word_1_157' title='bbox 1011 2681 1346 2736; x_wconf 76' lang='lat' dir='ltr'>EPISTULA</span> <span class='ocrx_word' id='word_1_158' title='bbox 1371 2681 1434 2734; x_wconf 88' lang='lat' dir='ltr'>V.</span> 
     </span>
    </p>
   </div>
   <div class='ocr_carea' id='block_1_28' title="bbox 764 2785 1726 2827">
    <p class='ocr_par' dir='ltr' id='par_1_28' title="bbox 764 2785 1726 2827">
     <span class='ocr_line' id='line_1_28' title="bbox 764 2785 1726 2827; baseline -0.004 -1"><span class='ocrx_word' id='word_1_159' title='bbox 764 2788 838 2826; x_wconf 75' lang='lat' dir='ltr'><strong>AD</strong></span> <span class='ocrx_word' id='word_1_160' title='bbox 870 2787 1182 2827; x_wconf 77' lang='lat' dir='ltr'>MONACHOS</span> <span class='ocrx_word' id='word_1_161' title='bbox 1219 2786 1426 2826; x_wconf 76' lang='lat' dir='ltr'>SANCTI</span> <span class='ocrx_word' id='word_1_162' title='bbox 1479 2785 1726 2824; x_wconf 76' lang='lat' dir='ltr'>MARTINI</span> 
     </span>
    </p>
   </div>
   <div class='ocr_carea' id='block_1_29' title="bbox 509 2855 2045 2934">
    <p class='ocr_par' dir='ltr' id='par_1_29' title="bbox 509 2855 2045 2934">
     <span class='ocr_line' id='line_1_29' title="bbox 509 2855 2045 2934; baseline -0.005 -16"><span class='ocrx_word' id='word_1_163' title='bbox 509 2864 606 2918; x_wconf 84' lang='lat' dir='ltr'>His</span> <span class='ocrx_word' id='word_1_164' title='bbox 636 2861 896 2934; x_wconf 89' lang='lat' dir='ltr'>patribus</span> <span class='ocrx_word' id='word_1_165' title='bbox 935 2864 993 2914; x_wconf 91' lang='lat' dir='ltr'>et</span> <span class='ocrx_word' id='word_1_166' title='bbox 1027 2859 1300 2914; x_wconf 83' lang='lat' dir='ltr'>fratribus</span> <span class='ocrx_word' id='word_1_167' title='bbox 1353 2859 1414 2913; x_wconf 90' lang='lat' dir='ltr'>in</span> <span class='ocrx_word' id='word_1_168' title='bbox 1468 2856 1820 2912; x_wconf 87' lang='lat' dir='ltr'>monasterio</span> <span class='ocrx_word' id='word_1_169' title='bbox 1853 2855 2045 2910; x_wconf 89' lang='lat' dir='ltr'>Sancti</span> 
     </span>
    </p>
   </div>
   <div class='ocr_carea' id='block_1_30' title="bbox 441 2945 2046 3021">
    <p class='ocr_par' dir='ltr' id='par_1_30' title="bbox 441 2945 2046 3021">
     <span class='ocr_line' id='line_1_30' title="bbox 441 2945 2046 3021; baseline -0.006 -14"><span class='ocrx_word' id='word_1_170' title='bbox 441 2951 666 3008; x_wconf 83' lang='lat' dir='ltr'>Martini</span> <span class='ocrx_word' id='word_1_171' title='bbox 699 2947 1308 3021; x_wconf 89' lang='lat' dir='ltr'>commanipularibus,</span> <span class='ocrx_word' id='word_1_172' title='bbox 1337 2947 1585 3001; x_wconf 82' lang='lat' dir='ltr'>maxime</span> <span class='ocrx_word' id='word_1_173' title='bbox 1616 2947 1856 2999; x_wconf 75' lang='lat' dir='ltr'>Hsmvso</span> <span class='ocrx_word' id='word_1_174' title='bbox 1878 2945 2046 2998; x_wconf 70' lang='lat' dir='ltr'>bonas</span> 
     </span>
    </p>
   </div>
   <div class='ocr_carea' id='block_1_31' title="bbox 437 3035 1972 3110">
    <p class='ocr_par' dir='ltr' id='par_1_31' title="bbox 437 3035 1972 3110">
     <span class='ocr_line' id='line_1_31' title="bbox 437 3035 1972 3110; baseline -0.007 -14"><span class='ocrx_word' id='word_1_175' title='bbox 437 3041 651 3096; x_wconf 88' lang='lat' dir='ltr'>indolis</span> <span class='ocrx_word' id='word_1_176' title='bbox 687 3039 940 3110; x_wconf 84' lang='lat' dir='ltr'>speculo,</span> <span class='ocrx_word' id='word_1_177' title='bbox 971 3040 1299 3092; x_wconf 89' lang='lat' dir='ltr'>amatorum</span> <span class='ocrx_word' id='word_1_178' title='bbox 1326 3036 1531 3092; x_wconf 86' lang='lat' dir='ltr'>Christi</span> <span class='ocrx_word' id='word_1_179' title='bbox 1563 3035 1972 3089; x_wconf 81' lang='lat' dir='ltr'>amatorABno.</span> 
     </span>
    </p>
   </div>
   <div class='ocr_carea' id='block_1_32' title="bbox 513 3123 2045 3201">
    <p class='ocr_par' dir='ltr' id='par_1_32' title="bbox 513 3123 2045 3201">
     <span class='ocr_line' id='line_1_32' title="bbox 513 3123 2045 3201; baseline -0.008 -15"><span class='ocrx_word' id='word_1_180' title='bbox 513 3128 924 3201; x_wconf 86' lang='lat' dir='ltr'>Opportunitas</span> <span class='ocrx_word' id='word_1_181' title='bbox 952 3126 1232 3198; x_wconf 88' lang='lat' dir='ltr'>temporis</span> <span class='ocrx_word' id='word_1_182' title='bbox 1261 3127 1406 3180; x_wconf 90' lang='lat' dir='ltr'>solet</span> <span class='ocrx_word' id='word_1_183' title='bbox 1427 3125 1604 3196; x_wconf 72' lang='lat' dir='ltr'>quaeri</span> <span class='ocrx_word' id='word_1_184' title='bbox 1633 3123 1706 3177; x_wconf 92' lang='lat' dir='ltr'>ad</span> <span class='ocrx_word' id='word_1_185' title='bbox 1731 3138 2045 3193; x_wconf 85' lang='lat' dir='ltr'>exsequen-</span> 
     </span>
    </p>
   </div>
   <div class='ocr_carea' id='block_1_33' title="bbox 443 3209 2044 3287">
    <p class='ocr_par' dir='ltr' id='par_1_33' title="bbox 443 3209 2044 3287">
     <span class='ocr_line' id='line_1_33' title="bbox 443 3209 2044 3287; baseline -0.007 -13"><span class='ocrx_word' id='word_1_186' title='bbox 443 3221 577 3275; x_wconf 89' lang='lat' dir='ltr'>dam</span> <span class='ocrx_word' id='word_1_187' title='bbox 596 3217 911 3273; x_wconf 85' lang='lat' dir='ltr'>efﬁcaciam</span> <span class='ocrx_word' id='word_1_188' title='bbox 933 3217 983 3287; x_wconf 92' lang='lat' dir='ltr'>ej</span> <span class='ocrx_word' id='word_1_189' title='bbox 993 3215 1200 3269; x_wconf 85' lang='lat' dir='ltr'>uslibet</span> <span class='ocrx_word' id='word_1_190' title='bbox 1214 3213 1450 3286; x_wconf 85' lang='lat' dir='ltr'>negotii,</span> <span class='ocrx_word' id='word_1_191' title='bbox 1466 3211 1940 3284; x_wconf 87' lang='lat' dir='ltr'>quandoquidem</span> <span class='ocrx_word' id='word_1_192' title='bbox 1958 3209 2044 3264; x_wconf 91' lang='lat' dir='ltr'>ni-</span> 
     </span>
    </p>
   </div>
   <div class='ocr_carea' id='block_1_34' title="bbox 441 3299 2046 3378">
    <p class='ocr_par' dir='ltr' id='par_1_34' title="bbox 441 3299 2046 3378">
     <span class='ocr_line' id='line_1_34' title="bbox 441 3299 2046 3378; baseline -0.006 -16"><span class='ocrx_word' id='word_1_193' title='bbox 441 3308 519 3362; x_wconf 89' lang='lat' dir='ltr'>hil</span> <span class='ocrx_word' id='word_1_194' title='bbox 543 3308 606 3361; x_wconf 82' lang='lat' dir='ltr'>fit</span> <span class='ocrx_word' id='word_1_195' title='bbox 639 3305 794 3378; x_wconf 93' lang='lat' dir='ltr'>quod</span> <span class='ocrx_word' id='word_1_196' title='bbox 819 3321 887 3359; x_wconf 94' lang='lat' dir='ltr'>eo</span> <span class='ocrx_word' id='word_1_197' title='bbox 910 3320 1104 3358; x_wconf 89' lang='lat' dir='ltr'>carere</span> <span class='ocrx_word' id='word_1_198' title='bbox 1133 3303 1328 3374; x_wconf 88' lang='lat' dir='ltr'>possit.</span> <span class='ocrx_word' id='word_1_199' title='bbox 1347 3301 1511 3366; x_wconf 91' lang='lat' dir='ltr'>Quod</span> <span class='ocrx_word' id='word_1_200' title='bbox 1535 3301 1660 3354; x_wconf 92' lang='lat' dir='ltr'>ideo</span> <span class='ocrx_word' id='word_1_201' title='bbox 1685 3303 1882 3353; x_wconf 65' lang='lat' dir='ltr'>vestra?</span> <span class='ocrx_word' id='word_1_202' title='bbox 1916 3299 2046 3352; x_wconf 88' lang='lat' dir='ltr'>cha-</span> 
     </span>
    </p>
   </div>
   <div class='ocr_carea' id='block_1_35' title="bbox 438 3387 2046 3466">
    <p class='ocr_par' dir='ltr' id='par_1_35' title="bbox 438 3387 2046 3466">
     <span class='ocr_line' id='line_1_35' title="bbox 438 3387 2046 3466; baseline -0.006 -15"><span class='ocrx_word' id='word_1_203' title='bbox 438 3396 591 3452; x_wconf 88' lang='lat' dir='ltr'>ritati</span> <span class='ocrx_word' id='word_1_204' title='bbox 625 3393 974 3466; x_wconf 88' lang='lat' dir='ltr'>objeci,quia</span> <span class='ocrx_word' id='word_1_205' title='bbox 999 3393 1125 3464; x_wconf 90' lang='lat' dir='ltr'>plus</span> <span class='ocrx_word' id='word_1_206' title='bbox 1141 3408 1306 3464; x_wconf 65' lang='lat' dir='ltr'>aequo</span> <span class='ocrx_word' id='word_1_207' title='bbox 1327 3388 1620 3444; x_wconf 85' lang='lat' dir='ltr'>distulistis</span> <span class='ocrx_word' id='word_1_208' title='bbox 1653 3388 1883 3442; x_wconf 87' lang='lat' dir='ltr'>mittere</span> <span class='ocrx_word' id='word_1_209' title='bbox 1902 3387 2046 3442; x_wconf 90' lang='lat' dir='ltr'>indi-</span> 
     </span>
    </p>
   </div>
   <div class='ocr_carea' id='block_1_36' title="bbox 438 3478 2044 3555">
    <p class='ocr_par' dir='ltr' id='par_1_36' title="bbox 438 3478 2044 3555">
     <span class='ocr_line' id='line_1_36' title="bbox 438 3478 2044 3555; baseline -0.006 -14"><span class='ocrx_word' id='word_1_210' title='bbox 438 3487 630 3542; x_wconf 92' lang='lat' dir='ltr'>culum</span> <span class='ocrx_word' id='word_1_211' title='bbox 663 3489 861 3540; x_wconf 67' lang='lat' dir='ltr'>vestrae</span> <span class='ocrx_word' id='word_1_212' title='bbox 903 3483 1247 3555; x_wconf 84' lang='lat' dir='ltr'>legationis:</span> <span class='ocrx_word' id='word_1_213' title='bbox 1297 3497 1363 3536; x_wconf 87' lang='lat' dir='ltr'>ac</span> <span class='ocrx_word' id='word_1_214' title='bbox 1394 3481 1606 3535; x_wconf 92' lang='lat' dir='ltr'>idcirco</span> <span class='ocrx_word' id='word_1_215' title='bbox 1653 3478 1812 3533; x_wconf 87' lang='lat' dir='ltr'>vobis</span> <span class='ocrx_word' id='word_1_216' title='bbox 1841 3495 2044 3549; x_wconf 90' lang='lat' dir='ltr'>parere</span> 
     </span>
    </p>
   </div>
   <div class='ocr_carea' id='block_1_37' title="bbox 437 3565 2044 3644">
    <p class='ocr_par' dir='ltr' id='par_1_37' title="bbox 437 3565 2044 3644">
     <span class='ocr_line' id='line_1_37' title="bbox 437 3565 2044 3644; baseline -0.006 -15"><span class='ocrx_word' id='word_1_217' title='bbox 437 3575 578 3630; x_wconf 88' lang='lat' dir='ltr'>mihi</span> <span class='ocrx_word' id='word_1_218' title='bbox 629 3575 736 3628; x_wconf 86' lang='lat' dir='ltr'>fuit</span> <span class='ocrx_word' id='word_1_219' title='bbox 764 3572 1140 3644; x_wconf 89' lang='lat' dir='ltr'>imposslbile,</span> <span class='ocrx_word' id='word_1_220' title='bbox 1174 3569 1380 3642; x_wconf 89' lang='lat' dir='ltr'>quibus</span> <span class='ocrx_word' id='word_1_221' title='bbox 1413 3570 1641 3640; x_wconf 89' lang='lat' dir='ltr'>placere</span> <span class='ocrx_word' id='word_1_222' title='bbox 1691 3565 2044 3621; x_wconf 85' lang='lat' dir='ltr'>omnimodis</span> 
     </span>
    </p>
   </div>
   <div class='ocr_carea' id='block_1_38' title="bbox 437 3653 2046 3736">
    <p class='ocr_par' dir='ltr' id='par_1_38' title="bbox 437 3653 2046 3736">
     <span class='ocr_line' id='line_1_38' title="bbox 437 3653 2046 3736; baseline -0.007 -18"><span class='ocrx_word' id='word_1_223' title='bbox 437 3664 638 3736; x_wconf 87' lang='lat' dir='ltr'>gestio,</span> <span class='ocrx_word' id='word_1_224' title='bbox 665 3678 769 3716; x_wconf 89' lang='lat' dir='ltr'>nec</span> <span class='ocrx_word' id='word_1_225' title='bbox 793 3677 1048 3732; x_wconf 88' lang='lat' dir='ltr'>unquam</span> <span class='ocrx_word' id='word_1_226' title='bbox 1071 3661 1360 3713; x_wconf 85' lang='lat' dir='ltr'>bonorum</span> <span class='ocrx_word' id='word_1_227' title='bbox 1390 3655 1676 3728; x_wconf 88' lang='lat' dir='ltr'>praceptis</span> <span class='ocrx_word' id='word_1_228' title='bbox 1705 3653 2046 3708; x_wconf 86' lang='lat' dir='ltr'>inobediens</span> 
     </span>
    </p>
   </div>
   <div class='ocr_carea' id='block_1_39' title="bbox 441 3741 2042 3824">
    <p class='ocr_par' dir='ltr' id='par_1_39' title="bbox 441 3741 2042 3824">
     <span class='ocr_line' id='line_1_39' title="bbox 441 3741 2042 3824; baseline -0.006 -18"><span class='ocrx_word' id='word_1_229' title='bbox 441 3752 752 3824; x_wconf 87' lang='lat' dir='ltr'>apparebo,</span> <span class='ocrx_word' id='word_1_230' title='bbox 789 3749 897 3804; x_wconf 86' lang='lat' dir='ltr'>nisi</span> <span class='ocrx_word' id='word_1_231' title='bbox 922 3748 1262 3804; x_wconf 88' lang='lat' dir='ltr'>constrictus</span> <span class='ocrx_word' id='word_1_232' title='bbox 1287 3747 1386 3800; x_wconf 87' lang='lat' dir='ltr'>aut</span> <span class='ocrx_word' id='word_1_233' title='bbox 1409 3743 1704 3814; x_wconf 88' lang='lat' dir='ltr'>religionis</span> <span class='ocrx_word' id='word_1_234' title='bbox 1727 3741 2042 3814; x_wconf 88' lang='lat' dir='ltr'>proposito,</span> 
     </span>
    </p>
   </div>
   <div class='ocr_carea' id='block_1_40' title="bbox 441 3829 2046 3909">
    <p class='ocr_par' dir='ltr' id='par_1_40' title="bbox 441 3829 2046 3909">
     <span class='ocr_line' id='line_1_40' title="bbox 441 3829 2046 3909; baseline -0.006 -15"><span class='ocrx_word' id='word_1_235' title='bbox 441 3843 539 3894; x_wconf 88' lang='lat' dir='ltr'>aut</span> <span class='ocrx_word' id='word_1_236' title='bbox 567 3837 847 3909; x_wconf 87' lang='lat' dir='ltr'>temporis</span> <span class='ocrx_word' id='word_1_237' title='bbox 886 3835 1146 3890; x_wconf 91' lang='lat' dir='ltr'>articulo.</span> <span class='ocrx_word' id='word_1_238' title='bbox 1201 3833 1414 3886; x_wconf 82' lang='lat' dir='ltr'>Verum</span> <span class='ocrx_word' id='word_1_239' title='bbox 1449 3846 1578 3885; x_wconf 88' lang='lat' dir='ltr'>cum</span> <span class='ocrx_word' id='word_1_240' title='bbox 1609 3829 1943 3884; x_wconf 89' lang='lat' dir='ltr'>charitative</span> <span class='ocrx_word' id='word_1_241' title='bbox 1973 3831 2046 3885; x_wconf 91' lang='lat' dir='ltr'>ad</span> 
     </span>
    </p>
   </div>
   <div class='ocr_carea' id='block_1_41' title="bbox 439 3918 2046 4000">
    <p class='ocr_par' dir='ltr' id='par_1_41' title="bbox 439 3918 2046 4000">
     <span class='ocr_line' id='line_1_41' title="bbox 439 3918 2046 4000; baseline -0.007 -17"><span class='ocrx_word' id='word_1_242' title='bbox 439 3928 772 4000; x_wconf 82' lang='lat' dir='ltr'>expeditum</span> <span class='ocrx_word' id='word_1_243' title='bbox 794 3925 904 3979; x_wconf 84' lang='lat' dir='ltr'>iter</span> <span class='ocrx_word' id='word_1_244' title='bbox 927 3921 1316 3985; x_wconf 90' lang='lat' dir='ltr'>monuissetis,</span> <span class='ocrx_word' id='word_1_245' title='bbox 1341 3919 1466 3973; x_wconf 67' lang='lat' dir='ltr'>haec</span> <span class='ocrx_word' id='word_1_246' title='bbox 1495 3919 1638 3973; x_wconf 87' lang='lat' dir='ltr'>adeo</span> <span class='ocrx_word' id='word_1_247' title='bbox 1663 3918 2046 3984; x_wconf 90' lang='lat' dir='ltr'>demiror,cur</span> 
     </span>
    </p>
   </div>
   <div class='ocr_carea' id='block_1_42' title="bbox 437 4006 2042 4084">
    <p class='ocr_par' dir='ltr' id='par_1_42' title="bbox 437 4006 2042 4084">
     <span class='ocr_line' id='line_1_42' title="bbox 437 4006 2042 4084; baseline -0.006 -14"><span class='ocrx_word' id='word_1_248' title='bbox 437 4033 668 4070; x_wconf 89' lang='lat' dir='ltr'>causam</span> <span class='ocrx_word' id='word_1_249' title='bbox 701 4010 1086 4084; x_wconf 89' lang='lat' dir='ltr'>promotionis</span> <span class='ocrx_word' id='word_1_250' title='bbox 1123 4009 1182 4062; x_wconf 93' lang='lat' dir='ltr'>in</span> <span class='ocrx_word' id='word_1_251' title='bbox 1223 4007 1420 4062; x_wconf 85' lang='lat' dir='ltr'>vestris</span> <span class='ocrx_word' id='word_1_252' title='bbox 1457 4007 1660 4061; x_wconf 89' lang='lat' dir='ltr'>litteris</span> <span class='ocrx_word' id='word_1_253' title='bbox 1682 4023 1799 4060; x_wconf 87' lang='lat' dir='ltr'>non</span> <span class='ocrx_word' id='word_1_254' title='bbox 1827 4006 2042 4078; x_wconf 82' lang='lat' dir='ltr'>signiti-</span> 
     </span>
    </p>
   </div>
   <div class='ocr_carea' id='block_1_43' title="bbox 439 4096 2044 4166">
    <p class='ocr_par' dir='ltr' id='par_1_43' title="bbox 439 4096 2044 4166">
     <span class='ocr_line' id='line_1_43' title="bbox 439 4096 2044 4166; baseline -0.005 -10"><span class='ocrx_word' id='word_1_255' title='bbox 439 4103 643 4158; x_wconf 88' lang='lat' dir='ltr'>castis:</span> <span class='ocrx_word' id='word_1_256' title='bbox 675 4117 814 4155; x_wconf 88' lang='lat' dir='ltr'>nam</span> <span class='ocrx_word' id='word_1_257' title='bbox 847 4097 1221 4153; x_wconf 88' lang='lat' dir='ltr'>auctoritates</span> <span class='ocrx_word' id='word_1_258' title='bbox 1247 4100 1577 4150; x_wconf 90' lang='lat' dir='ltr'>sanctorum</span> <span class='ocrx_word' id='word_1_259' title='bbox 1606 4096 1862 4162; x_wconf 83' lang='lat' dir='ltr'>Patrum,</span> <span class='ocrx_word' id='word_1_260' title='bbox 1903 4112 2044 4166; x_wconf 88' lang='lat' dir='ltr'>quas</span> 
     </span>
    </p>
   </div>
   <div class='ocr_carea' id='block_1_44' title="bbox 439 4184 2042 4263">
    <p class='ocr_par' dir='ltr' id='par_1_44' title="bbox 439 4184 2042 4263">
     <span class='ocr_line' id='line_1_44' title="bbox 439 4184 2042 4263; baseline -0.004 -17"><span class='ocrx_word' id='word_1_261' title='bbox 439 4190 766 4263; x_wconf 89' lang='lat' dir='ltr'>specialiter</span> <span class='ocrx_word' id='word_1_262' title='bbox 799 4185 1011 4241; x_wconf 82' lang='lat' dir='ltr'>deferri</span> <span class='ocrx_word' id='word_1_263' title='bbox 1048 4184 1312 4255; x_wconf 88' lang='lat' dir='ltr'>jussistis,</span> <span class='ocrx_word' id='word_1_264' title='bbox 1354 4201 1584 4256; x_wconf 87' lang='lat' dir='ltr'>quoque</span> <span class='ocrx_word' id='word_1_265' title='bbox 1632 4186 1891 4240; x_wconf 90' lang='lat' dir='ltr'>locorum</span> <span class='ocrx_word' id='word_1_266' title='bbox 1923 4202 2042 4256; x_wconf 64' lang='lat' dir='ltr'>prie</span> 
     </span>
    </p>
   </div>
   <div class='ocr_carea' id='block_1_45' title="bbox 440 4273 2041 4346">
    <p class='ocr_par' dir='ltr' id='par_1_45' title="bbox 440 4273 2041 4346">
     <span class='ocr_line' id='line_1_45' title="bbox 440 4273 2041 4346; baseline -0.004 -12"><span class='ocrx_word' id='word_1_267' title='bbox 440 4277 1000 4342; x_wconf 86' lang='lat' dir='ltr'>manibushabeo,ne</span> <span class='ocrx_word' id='word_1_268' title='bbox 1015 4273 2041 4346; x_wconf 67' lang='lat' dir='ltr'>decipiaraamulorumlenocinio,qui</span> 
     </span>
    </p>
   </div>
   <div class='ocr_carea' id='block_1_46' title="bbox 438 4363 2040 4436">
    <p class='ocr_par' dir='ltr' id='par_1_46' title="bbox 438 4363 2040 4436">
     <span class='ocr_line' id='line_1_46' title="bbox 438 4363 2040 4436; baseline -0.004 -14"><span class='ocrx_word' id='word_1_269' title='bbox 438 4367 604 4422; x_wconf 86' lang='lat' dir='ltr'>fratri</span> <span class='ocrx_word' id='word_1_270' title='bbox 625 4368 834 4436; x_wconf 89' lang='lat' dir='ltr'>parant</span> <span class='ocrx_word' id='word_1_271' title='bbox 861 4365 1111 4432; x_wconf 85' lang='lat' dir='ltr'>foveam,</span> <span class='ocrx_word' id='word_1_272' title='bbox 1155 4366 1211 4417; x_wconf 89' lang='lat' dir='ltr'>et</span> <span class='ocrx_word' id='word_1_273' title='bbox 1243 4363 1494 4417; x_wconf 82' lang='lat' dir='ltr'>fortassis</span> <span class='ocrx_word' id='word_1_274' title='bbox 1531 4363 1788 4417; x_wconf 86' lang='lat' dir='ltr'>incident</span> <span class='ocrx_word' id='word_1_275' title='bbox 1820 4365 1878 4418; x_wconf 93' lang='lat' dir='ltr'>in</span> <span class='ocrx_word' id='word_1_276' title='bbox 1910 4379 2040 4416; x_wconf 89' lang='lat' dir='ltr'>eam</span> 
     </span>
    </p>
   </div>
   <div class='ocr_carea' id='block_1_47' title="bbox 439 4441 2039 4525">
    <p class='ocr_par' dir='ltr' id='par_1_47' title="bbox 439 4441 2039 4525">
     <span class='ocr_line' id='line_1_47' title="bbox 439 4441 2039 4525; baseline -0.004 -15"><span class='ocrx_word' id='word_1_277' title='bbox 439 4455 638 4525; x_wconf 80' lang='lat' dir='ltr'>(Eccle.</span> <span class='ocrx_word' id='word_1_278' title='bbox 681 4472 735 4520; x_wconf 84' lang='lat' dir='ltr'>x,</span> <span class='ocrx_word' id='word_1_279' title='bbox 767 4458 839 4523; x_wconf 85' lang='lat'>8).</span> <span class='ocrx_word' id='word_1_280' title='bbox 872 4453 1060 4507; x_wconf 91' lang='lat' dir='ltr'>Unum</span> <span class='ocrx_word' id='word_1_281' title='bbox 1099 4451 1260 4525; x_wconf 90' lang='lat' dir='ltr'>quasi</span> <span class='ocrx_word' id='word_1_282' title='bbox 1285 4469 1352 4506; x_wconf 83' lang='lat' dir='ltr'>ex</span> <span class='ocrx_word' id='word_1_283' title='bbox 1381 4451 1534 4522; x_wconf 84' lang='lat' dir='ltr'>vulgi</span> <span class='ocrx_word' id='word_1_284' title='bbox 1575 4441 1855 4524; x_wconf 84' lang='lat' dir='ltr'>opinione</span> <span class='ocrx_word' id='word_1_285' title='bbox 1880 4451 2039 4505; x_wconf 86' lang='lat' dir='ltr'>addi-</span> 
     </span>
    </p>
   </div>
   <div class='ocr_carea' id='block_1_48' title="bbox 439 4539 2040 4612">
    <p class='ocr_par' dir='ltr' id='par_1_48' title="bbox 439 4539 2040 4612">
     <span class='ocr_line' id='line_1_48' title="bbox 439 4539 2040 4612; baseline -0.004 -12"><span class='ocrx_word' id='word_1_286' title='bbox 439 4543 570 4610; x_wconf 90' lang='lat' dir='ltr'>dici,</span> <span class='ocrx_word' id='word_1_287' title='bbox 602 4543 885 4598; x_wconf 92' lang='lat' dir='ltr'>domnum</span> <span class='ocrx_word' id='word_1_288' title='bbox 908 4539 2040 4612; x_wconf 84' lang='lat' dir='ltr'>videlicetAR.archiepiscopumcontra-</span> 
     </span>
    </p>
   </div>
   <div class='ocr_carea' id='block_1_49' title="bbox 2148 641 3710 716">
    <p class='ocr_par' dir='ltr' id='par_1_49' title="bbox 2148 641 3710 716">
     <span class='ocr_line' id='line_1_49' title="bbox 2148 641 3710 716; baseline 0.004 -22"><span class='ocrx_word' id='word_1_289' title='bbox 2148 641 2479 708; x_wconf 89' lang='lat' dir='ltr'>concilium,</span> <span class='ocrx_word' id='word_1_290' title='bbox 2514 643 2667 713; x_wconf 91' lang='lat' dir='ltr'>quod</span> <span class='ocrx_word' id='word_1_291' title='bbox 2691 641 3080 697; x_wconf 88' lang='lat' dir='ltr'>sanctissimus</span> <span class='ocrx_word' id='word_1_292' title='bbox 3101 660 3251 716; x_wconf 85' lang='lat' dir='ltr'>papa</span> <span class='ocrx_word' id='word_1_293' title='bbox 3269 644 3564 716; x_wconf 85' lang='lat' dir='ltr'>Gregorius</span> <span class='ocrx_word' id='word_1_294' title='bbox 3580 645 3710 702; x_wconf 83' lang='lat' dir='ltr'>itase</span> 
     </span>
    </p>
   </div>
   <div class='ocr_carea' id='block_1_50' title="bbox 2145 730 3704 805">
    <p class='ocr_par' dir='ltr' id='par_1_50' title="bbox 2145 730 3704 805">
     <span class='ocr_line' id='line_1_50' title="bbox 2145 730 3704 805; baseline 0.005 -23"><span class='ocrx_word' id='word_1_295' title='bbox 2145 730 2360 783; x_wconf 85' lang='lat' dir='ltr'>fatetur</span> <span class='ocrx_word' id='word_1_296' title='bbox 2407 731 2690 796; x_wconf 89' lang='lat' dir='ltr'>venerari,</span> <span class='ocrx_word' id='word_1_297' title='bbox 2724 748 2787 784; x_wconf 84' lang='lat' dir='ltr'>ac</span> <span class='ocrx_word' id='word_1_298' title='bbox 2835 732 2878 785; x_wconf 90' lang='lat' dir='ltr'>si</span> <span class='ocrx_word' id='word_1_299' title='bbox 2917 736 3178 787; x_wconf 91' lang='lat' dir='ltr'>sanctum</span> <span class='ocrx_word' id='word_1_300' title='bbox 3211 733 3592 805; x_wconf 83' lang='lat' dir='ltr'>Evangelium.</span> <span class='ocrx_word' id='word_1_301' title='bbox 3639 736 3704 790; x_wconf 85' lang='lat' dir='ltr'>De</span> 
     </span>
    </p>
   </div>
   <div class='ocr_carea' id='block_1_51' title="bbox 2145 817 3705 892">
    <p class='ocr_par' dir='ltr' id='par_1_51' title="bbox 2145 817 3705 892">
     <span class='ocr_line' id='line_1_51' title="bbox 2145 817 3705 892; baseline 0.005 -22"><span class='ocrx_word' id='word_1_302' title='bbox 2145 817 2453 890; x_wconf 85' lang='lat' dir='ltr'>privilegiis</span> <span class='ocrx_word' id='word_1_303' title='bbox 2499 836 2728 891; x_wconf 92' lang='lat' dir='ltr'>quoque</span> <span class='ocrx_word' id='word_1_304' title='bbox 2774 821 2930 874; x_wconf 90' lang='lat' dir='ltr'>idem</span> <span class='ocrx_word' id='word_1_305' title='bbox 2979 837 3127 892; x_wconf 88' lang='lat' dir='ltr'>papa</span> <span class='ocrx_word' id='word_1_306' title='bbox 3173 821 3511 876; x_wconf 87' lang='lat' dir='ltr'>venerabilis</span> <span class='ocrx_word' id='word_1_307' title='bbox 3565 823 3705 878; x_wconf 85' lang='lat' dir='ltr'>scribi</span> 
     </span>
    </p>
   </div>
   <div class='ocr_carea' id='block_1_52' title="bbox 2143 907 3705 980">
    <p class='ocr_par' dir='ltr' id='par_1_52' title="bbox 2143 907 3705 980">
     <span class='ocr_line' id='line_1_52' title="bbox 2143 907 3705 980; baseline 0.004 -22"><span class='ocrx_word' id='word_1_308' title='bbox 2143 907 2409 977; x_wconf 88' lang='lat' dir='ltr'>episcopo</span> <span class='ocrx_word' id='word_1_309' title='bbox 2440 908 2668 973; x_wconf 85' lang='lat' dir='ltr'>Joanni,</span> <span class='ocrx_word' id='word_1_310' title='bbox 2710 908 2977 980; x_wconf 89' lang='lat' dir='ltr'>inquiens</span> <span class='ocrx_word' id='word_1_311' title='bbox 3007 926 3018 962; x_wconf 93' lang='lat'>:</span> <span class='ocrx_word' id='word_1_312' title='bbox 3051 908 3226 962; x_wconf 77' lang='lat' dir='ltr'>Grave</span> <span class='ocrx_word' id='word_1_313' title='bbox 3269 911 3429 966; x_wconf 80' lang='lat' dir='ltr'>nimis</span> <span class='ocrx_word' id='word_1_314' title='bbox 3456 917 3505 964; x_wconf 80' lang='lat' dir='ltr'>et</span> <span class='ocrx_word' id='word_1_315' title='bbox 3549 920 3705 966; x_wconf 83' lang='lat' dir='ltr'>contra</span> 
     </span>
    </p>
   </div>
   <div class='ocr_carea' id='block_1_53' title="bbox 2141 995 3710 1071">
    <p class='ocr_par' dir='ltr' id='par_1_53' title="bbox 2141 995 3710 1071">
     <span class='ocr_line' id='line_1_53' title="bbox 2141 995 3710 1071; baseline 0.004 -24"><span class='ocrx_word' id='word_1_316' title='bbox 2141 995 2463 1048; x_wconf 82' lang='lat' dir='ltr'>sacerdotale</span> <span class='ocrx_word' id='word_1_317' title='bbox 2493 1002 2697 1051; x_wconf 77' lang='lat' dir='ltr'>constat</span> <span class='ocrx_word' id='word_1_318' title='bbox 2748 1015 2852 1050; x_wconf 84' lang='lat' dir='ltr'>esse</span> <span class='ocrx_word' id='word_1_319' title='bbox 2886 1000 3238 1068; x_wconf 81' lang='lat' dir='ltr'>propositum,</span> <span class='ocrx_word' id='word_1_320' title='bbox 3272 999 3576 1071; x_wconf 83' lang='lat' dir='ltr'>cujusquam</span> <span class='ocrx_word' id='word_1_321' title='bbox 3617 1019 3710 1055; x_wconf 90' lang='lat' dir='ltr'>mo-</span> 
     </span>
    </p>
   </div>
   <div class='ocr_carea' id='block_1_54' title="bbox 2142 1086 3711 1156">
    <p class='ocr_par' dir='ltr' id='par_1_54' title="bbox 2142 1086 3711 1156">
     <span class='ocr_line' id='line_1_54' title="bbox 2142 1086 3711 1156; baseline 0.006 -22"><span class='ocrx_word' id='word_1_322' title='bbox 2142 1086 2361 1136; x_wconf 76' lang='lat' dir='ltr'>nasterii</span> <span class='ocrx_word' id='word_1_323' title='bbox 2378 1086 2668 1156; x_wconf 76' lang='lat' dir='ltr'>privilegia</span> <span class='ocrx_word' id='word_1_324' title='bbox 2727 1087 2851 1139; x_wconf 81' lang='lat' dir='ltr'>olim</span> <span class='ocrx_word' id='word_1_325' title='bbox 2899 1087 3104 1140; x_wconf 79' lang='lat' dir='ltr'>indulta</span> <span class='ocrx_word' id='word_1_326' title='bbox 3145 1087 3482 1156; x_wconf 77' lang='lat' dir='ltr'>confundere,</span> <span class='ocrx_word' id='word_1_327' title='bbox 3513 1095 3560 1142; x_wconf 83' lang='lat' dir='ltr'>et</span> <span class='ocrx_word' id='word_1_328' title='bbox 3597 1093 3711 1144; x_wconf 86' lang='lat' dir='ltr'>arri-</span> 
     </span>
    </p>
   </div>
   <div class='ocr_carea' id='block_1_55' title="bbox 2145 1175 3712 1248">
    <p class='ocr_par' dir='ltr' id='par_1_55' title="bbox 2145 1175 3712 1248">
     <span class='ocr_line' id='line_1_55' title="bbox 2145 1175 3712 1248; baseline 0.004 -22"><span class='ocrx_word' id='word_1_329' title='bbox 2145 1180 2255 1226; x_wconf 79' lang='lat' dir='ltr'>tum</span> <span class='ocrx_word' id='word_1_330' title='bbox 2303 1175 2413 1244; x_wconf 75' lang='lat' dir='ltr'>(sic)</span> <span class='ocrx_word' id='word_1_331' title='bbox 2455 1193 2571 1246; x_wconf 69' lang='lat' dir='ltr'>quae</span> <span class='ocrx_word' id='word_1_332' title='bbox 2595 1181 2718 1229; x_wconf 84' lang='lat' dir='ltr'>sunt</span> <span class='ocrx_word' id='word_1_333' title='bbox 2741 1192 2844 1248; x_wconf 77' lang='lat' dir='ltr'>pro</span> <span class='ocrx_word' id='word_1_334' title='bbox 2868 1177 3040 1248; x_wconf 81' lang='lat' dir='ltr'>quiete</span> <span class='ocrx_word' id='word_1_335' title='bbox 3067 1177 3319 1247; x_wconf 80' lang='lat' dir='ltr'>disposita</span> <span class='ocrx_word' id='word_1_336' title='bbox 3367 1179 3471 1230; x_wconf 75' lang='grc' dir='ltr'>ιηἰεί</span> <span class='ocrx_word' id='word_1_337' title='bbox 3495 1179 3712 1233; x_wconf 77' lang='lat' dir='ltr'>deducere</span> 
     </span>
    </p>
   </div>
   <div class='ocr_carea' id='block_1_56' title="bbox 2145 1261 3714 1335">
    <p class='ocr_par' dir='ltr' id='par_1_56' title="bbox 2145 1261 3714 1335">
     <span class='ocr_line' id='line_1_56' title="bbox 2145 1261 3714 1335; baseline 0.005 -21"><span class='ocrx_word' id='word_1_338' title='bbox 2145 1261 2266 1331; x_wconf 90' lang='lat' dir='ltr'>(lib.</span> <span class='ocrx_word' id='word_1_339' title='bbox 2299 1279 2396 1329; x_wconf 83' lang='lat' dir='ltr'>vn,</span> <span class='ocrx_word' id='word_1_340' title='bbox 2420 1263 2588 1335; x_wconf 86' lang='lat' dir='ltr'>epist.</span> <span class='ocrx_word' id='word_1_341' title='bbox 2621 1265 2730 1333; x_wconf 89' lang='lat'>33).</span> <span class='ocrx_word' id='word_1_342' title='bbox 2759 1265 2826 1318; x_wconf 87' lang='lat' dir='ltr'>Et</span> <span class='ocrx_word' id='word_1_343' title='bbox 2841 1263 2994 1318; x_wconf 84' lang='lat' dir='ltr'>infra</span> <span class='ocrx_word' id='word_1_344' title='bbox 3017 1281 3028 1319; x_wconf 94' lang='lat'>:</span> <span class='ocrx_word' id='word_1_345' title='bbox 3052 1265 3301 1320; x_wconf 88' lang='lat' dir='ltr'>Proinde</span> <span class='ocrx_word' id='word_1_346' title='bbox 3318 1265 3408 1320; x_wconf 86' lang='lat' dir='ltr'>his</span> <span class='ocrx_word' id='word_1_347' title='bbox 3425 1265 3714 1322; x_wconf 84' lang='lat' dir='ltr'>fraternita-</span> 
     </span>
    </p>
   </div>
   <div class='ocr_carea' id='block_1_57' title="bbox 2145 1352 3713 1420">
    <p class='ocr_par' dir='ltr' id='par_1_57' title="bbox 2145 1352 3713 1420">
     <span class='ocr_line' id='line_1_57' title="bbox 2145 1352 3713 1420; baseline 0.003 -15"><span class='ocrx_word' id='word_1_348' title='bbox 2145 1355 2262 1405; x_wconf 91' lang='lat' dir='ltr'>tem</span> <span class='ocrx_word' id='word_1_349' title='bbox 2292 1356 2543 1406; x_wconf 87' lang='lat' dir='ltr'>vestram</span> <span class='ocrx_word' id='word_1_350' title='bbox 2575 1353 2877 1408; x_wconf 85' lang='lat' dir='ltr'>hortamur</span> <span class='ocrx_word' id='word_1_351' title='bbox 2921 1352 3208 1420; x_wconf 79' lang='lat' dir='ltr'>affatibus,</span> <span class='ocrx_word' id='word_1_352' title='bbox 3243 1357 3305 1407; x_wconf 90' lang='lat' dir='ltr'>ut</span> <span class='ocrx_word' id='word_1_353' title='bbox 3351 1371 3386 1408; x_wconf 90' lang='lat' dir='ltr'>a</span> <span class='ocrx_word' id='word_1_354' title='bbox 3415 1355 3713 1410; x_wconf 83' lang='lat' dir='ltr'>monasterii</span> 
     </span>
    </p>
   </div>
   <div class='ocr_carea' id='block_1_58' title="bbox 2145 1440 3713 1513">
    <p class='ocr_par' dir='ltr' id='par_1_58' title="bbox 2145 1440 3713 1513">
     <span class='ocr_line' id='line_1_58' title="bbox 2145 1440 3713 1513; baseline 0.004 -21"><span class='ocrx_word' id='word_1_355' title='bbox 2145 1440 2410 1494; x_wconf 81' lang='lat' dir='ltr'>molestia</span> <span class='ocrx_word' id='word_1_356' title='bbox 2459 1457 2516 1494; x_wconf 90' lang='lat' dir='ltr'>se</span> <span class='ocrx_word' id='word_1_357' title='bbox 2547 1440 2668 1495; x_wconf 89' lang='lat' dir='ltr'>sine</span> <span class='ocrx_word' id='word_1_358' title='bbox 2712 1441 2904 1513; x_wconf 88' lang='lat' dir='ltr'>aliqua</span> <span class='ocrx_word' id='word_1_359' title='bbox 2933 1441 3299 1496; x_wconf 84' lang='lat' dir='ltr'>excusatione</span> <span class='ocrx_word' id='word_1_360' title='bbox 3327 1441 3625 1510; x_wconf 87' lang='lat' dir='ltr'>contineat,</span> <span class='ocrx_word' id='word_1_361' title='bbox 3666 1447 3713 1498; x_wconf 85' lang='lat' dir='ltr'>et</span> 
     </span>
    </p>
   </div>
   <div class='ocr_carea' id='block_1_59' title="bbox 2145 1529 3712 1598">
    <p class='ocr_par' dir='ltr' id='par_1_59' title="bbox 2145 1529 3712 1598">
     <span class='ocr_line' id='line_1_59' title="bbox 2145 1529 3712 1598; baseline 0.003 -16"><span class='ocrx_word' id='word_1_362' title='bbox 2145 1545 2272 1594; x_wconf 60' lang='lat' dir='ltr'>qua“:</span> <span class='ocrx_word' id='word_1_363' title='bbox 2304 1529 2384 1583; x_wconf 90' lang='lat' dir='ltr'>eis</span> <span class='ocrx_word' id='word_1_364' title='bbox 2434 1534 2567 1584; x_wconf 91' lang='lat' dir='ltr'>sunt</span> <span class='ocrx_word' id='word_1_365' title='bbox 2597 1530 2808 1584; x_wconf 87' lang='lat' dir='ltr'>diutius</span> <span class='ocrx_word' id='word_1_366' title='bbox 2840 1529 3142 1598; x_wconf 90' lang='lat' dir='ltr'>custodita,</span> <span class='ocrx_word' id='word_1_367' title='bbox 3178 1531 3390 1585; x_wconf 89' lang='lat' dir='ltr'>nullius</span> <span class='ocrx_word' id='word_1_368' title='bbox 3439 1532 3712 1586; x_wconf 85' lang='lat' dir='ltr'>occasionis</span> 
     </span>
    </p>
   </div>
   <div class='ocr_carea' id='block_1_60' title="bbox 2146 1618 3710 1689">
    <p class='ocr_par' dir='ltr' id='par_1_60' title="bbox 2146 1618 3710 1689">
     <span class='ocr_line' id='line_1_60' title="bbox 2146 1618 3710 1689; baseline 0.003 -19"><span class='ocrx_word' id='word_1_369' title='bbox 2146 1619 2331 1671; x_wconf 88' lang='lat' dir='ltr'>tentet</span> <span class='ocrx_word' id='word_1_370' title='bbox 2365 1618 2734 1689; x_wconf 89' lang='lat' dir='ltr'>usurpatione</span> <span class='ocrx_word' id='word_1_371' title='bbox 2767 1619 3114 1686; x_wconf 84' lang='lat' dir='ltr'>convellere,</span> <span class='ocrx_word' id='word_1_372' title='bbox 3147 1619 3249 1673; x_wconf 89' lang='lat' dir='ltr'>sed</span> <span class='ocrx_word' id='word_1_373' title='bbox 3299 1623 3504 1674; x_wconf 87' lang='lat' dir='ltr'>cuncta</span> <span class='ocrx_word' id='word_1_374' title='bbox 3527 1620 3710 1675; x_wconf 70' lang='lat' dir='ltr'>illibata</span> 
     </span>
    </p>
   </div>
   <div class='ocr_carea' id='block_1_61' title="bbox 2146 1705 3711 1780">
    <p class='ocr_par' dir='ltr' id='par_1_61' title="bbox 2146 1705 3711 1780">
     <span class='ocr_line' id='line_1_61' title="bbox 2146 1705 3711 1780; baseline 0.003 -22"><span class='ocrx_word' id='word_1_375' title='bbox 2146 1708 2202 1758; x_wconf 91' lang='lat' dir='ltr'>et</span> <span class='ocrx_word' id='word_1_376' title='bbox 2231 1705 2354 1760; x_wconf 88' lang='lat' dir='ltr'>sine</span> <span class='ocrx_word' id='word_1_377' title='bbox 2385 1706 2576 1778; x_wconf 90' lang='lat' dir='ltr'>aliqua</span> <span class='ocrx_word' id='word_1_378' title='bbox 2607 1706 2834 1760; x_wconf 88' lang='lat' dir='ltr'>studeat</span> <span class='ocrx_word' id='word_1_379' title='bbox 2855 1706 3248 1778; x_wconf 88' lang='lat' dir='ltr'>refragatione</span> <span class='ocrx_word' id='word_1_380' title='bbox 3280 1724 3522 1776; x_wconf 86' lang='lat' dir='ltr'>servare;</span> <span class='ocrx_word' id='word_1_381' title='bbox 3544 1710 3711 1780; x_wconf 83' lang='lat' dir='ltr'>etplus</span> 
     </span>
    </p>
   </div>
   <div class='ocr_carea' id='block_1_62' title="bbox 2147 1793 3712 1868">
    <p class='ocr_par' dir='ltr' id='par_1_62' title="bbox 2147 1793 3712 1868">
     <span class='ocr_line' id='line_1_62' title="bbox 2147 1793 3712 1868; baseline 0.001 -20"><span class='ocrx_word' id='word_1_382' title='bbox 2147 1793 2251 1848; x_wconf 89' lang='lat' dir='ltr'>sibi</span> <span class='ocrx_word' id='word_1_383' title='bbox 2278 1793 2334 1848; x_wconf 90' lang='lat' dir='ltr'>in</span> <span class='ocrx_word' id='word_1_384' title='bbox 2367 1795 2574 1848; x_wconf 91' lang='lat' dir='ltr'>eodem</span> <span class='ocrx_word' id='word_1_385' title='bbox 2615 1795 2988 1862; x_wconf 89' lang='lat' dir='ltr'>monasterio,</span> <span class='ocrx_word' id='word_1_386' title='bbox 3032 1813 3207 1867; x_wconf 88' lang='lat' dir='ltr'>quam</span> <span class='ocrx_word' id='word_1_387' title='bbox 3233 1797 3712 1868; x_wconf 68' lang='lat' dir='ltr'>praedecessoribus</span> 
     </span>
    </p>
   </div>
   <div class='ocr_carea' id='block_1_63' title="bbox 2073 1882 3714 1956">
    <p class='ocr_par' dir='ltr' id='par_1_63' title="bbox 2073 1882 3714 1956">
     <span class='ocr_line' id='line_1_63' title="bbox 2073 1882 3714 1956; baseline 0.002 -22"><span class='ocrx_word' id='word_1_388' title='bbox 2073 1888 2125 1946; x_wconf 85' lang='grc' dir='ltr'>Β</span> <span class='ocrx_word' id='word_1_389' title='bbox 2147 1882 2262 1936; x_wconf 88' lang='lat' dir='ltr'>suis</span> <span class='ocrx_word' id='word_1_390' title='bbox 2292 1882 2702 1948; x_wconf 85' lang='lat' dir='ltr'>licuit,noverit</span> <span class='ocrx_word' id='word_1_391' title='bbox 2753 1900 2869 1938; x_wconf 91' lang='lat' dir='ltr'>non</span> <span class='ocrx_word' id='word_1_392' title='bbox 2901 1883 3096 1938; x_wconf 90' lang='lat' dir='ltr'>licere.</span> <span class='ocrx_word' id='word_1_393' title='bbox 3132 1884 3295 1938; x_wconf 81' lang='lat' dir='ltr'>Absit</span> <span class='ocrx_word' id='word_1_394' title='bbox 3341 1884 3548 1956; x_wconf 87' lang='lat' dir='ltr'>itaque,</span> <span class='ocrx_word' id='word_1_395' title='bbox 3594 1884 3714 1938; x_wconf 87' lang='lat' dir='ltr'>absit</span> 
     </span>
    </p>
   </div>
   <div class='ocr_carea' id='block_1_64' title="bbox 2148 1971 3714 2044">
    <p class='ocr_par' dir='ltr' id='par_1_64' title="bbox 2148 1971 3714 2044">
     <span class='ocr_line' id='line_1_64' title="bbox 2148 1971 3714 2044; baseline 0.001 -20"><span class='ocrx_word' id='word_1_396' title='bbox 2148 1975 2209 2024; x_wconf 91' lang='lat' dir='ltr'>ut</span> <span class='ocrx_word' id='word_1_397' title='bbox 2221 1974 2555 2026; x_wconf 86' lang='lat' dir='ltr'>sanctorum</span> <span class='ocrx_word' id='word_1_398' title='bbox 2573 1971 2847 2040; x_wconf 91' lang='lat' dir='ltr'>virorum,</span> <span class='ocrx_word' id='word_1_399' title='bbox 2867 1976 2924 2026; x_wconf 89' lang='lat' dir='ltr'>et</span> <span class='ocrx_word' id='word_1_400' title='bbox 2947 1971 3196 2026; x_wconf 81' lang='lat' dir='ltr'>maxime</span> <span class='ocrx_word' id='word_1_401' title='bbox 3221 1972 3584 2044; x_wconf 87' lang='lat' dir='ltr'>antiquorum</span> <span class='ocrx_word' id='word_1_402' title='bbox 3600 1989 3714 2044; x_wconf 87' lang='lat' dir='ltr'>pon-</span> 
     </span>
    </p>
   </div>
   <div class='ocr_carea' id='block_1_65' title="bbox 2147 2059 3714 2131">
    <p class='ocr_par' dir='ltr' id='par_1_65' title="bbox 2147 2059 3714 2131">
     <span class='ocr_line' id='line_1_65' title="bbox 2147 2059 3714 2131; baseline 0.001 -19"><span class='ocrx_word' id='word_1_403' title='bbox 2147 2060 2362 2114; x_wconf 86' lang='lat' dir='ltr'>tificum</span> <span class='ocrx_word' id='word_1_404' title='bbox 2372 2061 2766 2114; x_wconf 78' lang='lat' dir='ltr'>Romanorum</span> <span class='ocrx_word' id='word_1_405' title='bbox 2779 2059 2989 2131; x_wconf 90' lang='lat' dir='ltr'>scripta</span> <span class='ocrx_word' id='word_1_406' title='bbox 3002 2061 3423 2116; x_wconf 87' lang='lat' dir='ltr'>modernorum</span> <span class='ocrx_word' id='word_1_407' title='bbox 3436 2060 3714 2115; x_wconf 85' lang='lat' dir='ltr'>sustineant</span> 
     </span>
    </p>
   </div>
   <div class='ocr_carea' id='block_1_66' title="bbox 2149 2147 3712 2220">
    <p class='ocr_par' dir='ltr' id='par_1_66' title="bbox 2149 2147 3712 2220">
     <span class='ocr_line' id='line_1_66' title="bbox 2149 2147 3712 2220; baseline 0.001 -18"><span class='ocrx_word' id='word_1_408' title='bbox 2149 2147 2504 2220; x_wconf 80' lang='lat' dir='ltr'>praejudicia,</span> <span class='ocrx_word' id='word_1_409' title='bbox 2543 2152 2601 2202; x_wconf 91' lang='lat' dir='ltr'>et</span> <span class='ocrx_word' id='word_1_410' title='bbox 2656 2148 3082 2219; x_wconf 88' lang='lat' dir='ltr'>ﬂeccipendant</span> <span class='ocrx_word' id='word_1_411' title='bbox 3132 2149 3516 2220; x_wconf 86' lang='lat' dir='ltr'>posteriorum</span> <span class='ocrx_word' id='word_1_412' title='bbox 3557 2165 3712 2216; x_wconf 82' lang='lat' dir='ltr'>sensa,</span> 
     </span>
    </p>
   </div>
   <div class='ocr_carea' id='block_1_67' title="bbox 2149 2237 3714 2308">
    <p class='ocr_par' dir='ltr' id='par_1_67' title="bbox 2149 2237 3714 2308">
     <span class='ocr_line' id='line_1_67' title="bbox 2149 2237 3714 2308; baseline 0.002 -19"><span class='ocrx_word' id='word_1_413' title='bbox 2149 2253 2396 2307; x_wconf 90' lang='lat' dir='ltr'>quorum</span> <span class='ocrx_word' id='word_1_414' title='bbox 2429 2241 2780 2292; x_wconf 73' lang='lat' dir='ltr'>Venerantur</span> <span class='ocrx_word' id='word_1_415' title='bbox 2813 2237 3166 2292; x_wconf 84' lang='lat' dir='ltr'>memorias?</span> <span class='ocrx_word' id='word_1_416' title='bbox 3198 2237 3257 2292; x_wconf 92' lang='lat' dir='ltr'>Si</span> <span class='ocrx_word' id='word_1_417' title='bbox 3313 2237 3469 2292; x_wconf 89' lang='lat' dir='ltr'>enim</span> <span class='ocrx_word' id='word_1_418' title='bbox 3489 2237 3714 2308; x_wconf 82' lang='lat' dir='ltr'>juniores</span> 
     </span>
    </p>
   </div>
   <div class='ocr_carea' id='block_1_68' title="bbox 2151 2325 3712 2398">
    <p class='ocr_par' dir='ltr' id='par_1_68' title="bbox 2151 2325 3712 2398">
     <span class='ocr_line' id='line_1_68' title="bbox 2151 2325 3712 2398; baseline 0 -20"><span class='ocrx_word' id='word_1_419' title='bbox 2151 2327 2414 2397; x_wconf 90' lang='lat' dir='ltr'>tempore</span> <span class='ocrx_word' id='word_1_420' title='bbox 2437 2329 2696 2380; x_wconf 87' lang='lat' dir='ltr'>veterum</span> <span class='ocrx_word' id='word_1_421' title='bbox 2715 2329 3102 2397; x_wconf 86' lang='lat' dir='ltr'>aspernantur</span> <span class='ocrx_word' id='word_1_422' title='bbox 3115 2325 3324 2393; x_wconf 87' lang='lat' dir='ltr'>edicta,</span> <span class='ocrx_word' id='word_1_423' title='bbox 3341 2327 3712 2398; x_wconf 83' lang='lat' dir='ltr'>quibusassen-</span> 
     </span>
    </p>
   </div>
   <div class='ocr_carea' id='block_1_69' title="bbox 2149 2414 3712 2486">
    <p class='ocr_par' dir='ltr' id='par_1_69' title="bbox 2149 2414 3712 2486">
     <span class='ocr_line' id='line_1_69' title="bbox 2149 2414 3712 2486; baseline 0.001 -21"><span class='ocrx_word' id='word_1_424' title='bbox 2149 2428 2276 2466; x_wconf 91' lang='lat' dir='ltr'>sum</span> <span class='ocrx_word' id='word_1_425' title='bbox 2301 2414 2560 2484; x_wconf 68' lang='lat' dir='ltr'>prmbere</span> <span class='ocrx_word' id='word_1_426' title='bbox 2591 2414 2934 2480; x_wconf 86' lang='lat' dir='ltr'>debuerant,</span> <span class='ocrx_word' id='word_1_427' title='bbox 2958 2414 3095 2486; x_wconf 85' lang='lat' dir='ltr'>quid</span> <span class='ocrx_word' id='word_1_428' title='bbox 3116 2418 3319 2481; x_wconf 85' lang='lat' dir='ltr'>restat,</span> <span class='ocrx_word' id='word_1_429' title='bbox 3345 2414 3448 2469; x_wconf 89' lang='lat' dir='ltr'>n’si</span> <span class='ocrx_word' id='word_1_430' title='bbox 3476 2417 3536 2468; x_wconf 91' lang='lat' dir='ltr'>ut</span> <span class='ocrx_word' id='word_1_431' title='bbox 3553 2414 3712 2486; x_wconf 86' lang='lat' dir='ltr'>plum-</span> 
     </span>
    </p>
   </div>
   <div class='ocr_carea' id='block_1_70' title="bbox 2149 2501 3714 2574">
    <p class='ocr_par' dir='ltr' id='par_1_70' title="bbox 2149 2501 3714 2574">
     <span class='ocr_line' id='line_1_70' title="bbox 2149 2501 3714 2574; baseline 0 -20"><span class='ocrx_word' id='word_1_432' title='bbox 2149 2501 2287 2554; x_wconf 90' lang='lat' dir='ltr'>bum</span> <span class='ocrx_word' id='word_1_433' title='bbox 2329 2501 2490 2573; x_wconf 90' lang='lat' dir='ltr'>aquis</span> <span class='ocrx_word' id='word_1_434' title='bbox 2542 2505 2899 2573; x_wconf 86' lang='lat' dir='ltr'>supernatet,</span> <span class='ocrx_word' id='word_1_435' title='bbox 2949 2501 3176 2574; x_wconf 89' lang='lat' dir='ltr'>lignum</span> <span class='ocrx_word' id='word_1_436' title='bbox 3205 2518 3345 2558; x_wconf 89' lang='lat' dir='ltr'>vero</span> <span class='ocrx_word' id='word_1_437' title='bbox 3387 2502 3558 2558; x_wconf 79' lang='lat' dir='ltr'>tundo</span> <span class='ocrx_word' id='word_1_438' title='bbox 3578 2506 3714 2556; x_wconf 83' lang='lat' dir='ltr'>tenus</span> 
     </span>
    </p>
   </div>
   <div class='ocr_carea' id='block_1_71' title="bbox 2149 2589 3712 2662">
    <p class='ocr_par' dir='ltr' id='par_1_71' title="bbox 2149 2589 3712 2662">
     <span class='ocr_line' id='line_1_71' title="bbox 2149 2589 3712 2662; baseline 0 -20"><span class='ocrx_word' id='word_1_439' title='bbox 2149 2605 2404 2644; x_wconf 90' lang='lat' dir='ltr'>mersum</span> <span class='ocrx_word' id='word_1_440' title='bbox 2452 2589 2759 2645; x_wconf 82' lang='lat' dir='ltr'>dehiscat?</span> <span class='ocrx_word' id='word_1_441' title='bbox 2808 2591 3130 2662; x_wconf 74' lang='lat' dir='ltr'>prmsertim</span> <span class='ocrx_word' id='word_1_442' title='bbox 3175 2607 3311 2646; x_wconf 91' lang='lat' dir='ltr'>cum</span> <span class='ocrx_word' id='word_1_443' title='bbox 3341 2591 3602 2662; x_wconf 87' lang='lat' dir='ltr'>scriptum</span> <span class='ocrx_word' id='word_1_444' title='bbox 3620 2589 3712 2643; x_wconf 89' lang='lat' dir='ltr'>sit:</span> 
     </span>
    </p>
   </div>
   <div class='ocr_carea' id='block_1_72' title="bbox 2147 2676 3716 2751">
    <p class='ocr_par' dir='ltr' id='par_1_72' title="bbox 2147 2676 3716 2751">
     <span class='ocr_line' id='line_1_72' title="bbox 2147 2676 3716 2751; baseline 0.001 -21"><span class='ocrx_word' id='word_1_445' title='bbox 2147 2676 2233 2730; x_wconf 89' lang='lat' dir='ltr'>Ne</span> <span class='ocrx_word' id='word_1_446' title='bbox 2265 2679 2671 2747; x_wconf 77' lang='lat' dir='ltr'>transgrediaris</span> <span class='ocrx_word' id='word_1_447' title='bbox 2707 2682 2954 2734; x_wconf 76' lang='lat' dir='ltr'>terminos</span> <span class='ocrx_word' id='word_1_448' title='bbox 2980 2697 3108 2750; x_wconf 84' lang='lat' dir='ltr'>quos</span> <span class='ocrx_word' id='word_1_449' title='bbox 3128 2684 3426 2751; x_wconf 75' lang='lat' dir='ltr'>posuerunt</span> <span class='ocrx_word' id='word_1_450' title='bbox 3441 2686 3609 2750; x_wconf 82' lang='lat' dir='ltr'>patres</span> <span class='ocrx_word' id='word_1_451' title='bbox 3647 2678 3716 2732; x_wconf 72' lang='lat' dir='ltr'>tui</span> 
     </span>
    </p>
   </div>
   <div class='ocr_carea' id='block_1_73' title="bbox 2150 2767 3715 2842">
    <p class='ocr_par' dir='ltr' id='par_1_73' title="bbox 2150 2767 3715 2842">
     <span class='ocr_line' id='line_1_73' title="bbox 2150 2767 3715 2842; baseline 0.002 -22"><span class='ocrx_word' id='word_1_452' title='bbox 2150 2767 2334 2838; x_wconf 88' lang='lat' dir='ltr'>(Prov.</span> <span class='ocrx_word' id='word_1_453' title='bbox 2358 2786 2490 2835; x_wconf 85' lang='lat' dir='ltr'>xxu,</span> <span class='ocrx_word' id='word_1_454' title='bbox 2522 2769 2634 2840; x_wconf 83' lang='lat'>28).</span> <span class='ocrx_word' id='word_1_455' title='bbox 2660 2771 2776 2825; x_wconf 84' lang='lat' dir='ltr'>Hoc</span> <span class='ocrx_word' id='word_1_456' title='bbox 2805 2787 2989 2824; x_wconf 88' lang='lat' dir='ltr'>unum</span> <span class='ocrx_word' id='word_1_457' title='bbox 3019 2771 3258 2838; x_wconf 87' lang='lat' dir='ltr'>suadeo,</span> <span class='ocrx_word' id='word_1_458' title='bbox 3321 2773 3383 2824; x_wconf 90' lang='lat' dir='ltr'>ut</span> <span class='ocrx_word' id='word_1_459' title='bbox 3412 2769 3715 2842; x_wconf 79' lang='lat' dir='ltr'>perquiratis</span> 
     </span>
    </p>
   </div>
   <div class='ocr_carea' id='block_1_74' title="bbox 2149 2857 3712 2932">
    <p class='ocr_par' dir='ltr' id='par_1_74' title="bbox 2149 2857 3712 2932">
     <span class='ocr_line' id='line_1_74' title="bbox 2149 2857 3712 2932; baseline 0.001 -22"><span class='ocrx_word' id='word_1_460' title='bbox 2149 2857 2358 2911; x_wconf 90' lang='lat' dir='ltr'>merita</span> <span class='ocrx_word' id='word_1_461' title='bbox 2391 2857 2816 2912; x_wconf 85' lang='lat' dir='ltr'>Turonensium</span> <span class='ocrx_word' id='word_1_462' title='bbox 2848 2863 2906 2913; x_wconf 90' lang='lat' dir='ltr'>et</span> <span class='ocrx_word' id='word_1_463' title='bbox 2935 2859 3338 2914; x_wconf 80' lang='lat' dir='ltr'>Romanorum</span> <span class='ocrx_word' id='word_1_464' title='bbox 3392 2859 3712 2932; x_wconf 85' lang='lat' dir='ltr'>pontificum,</span> 
     </span>
    </p>
   </div>
   <div class='ocr_carea' id='block_1_75' title="bbox 2149 2947 3715 3019">
    <p class='ocr_par' dir='ltr' id='par_1_75' title="bbox 2149 2947 3715 3019">
     <span class='ocr_line' id='line_1_75' title="bbox 2149 2947 3715 3019; baseline 0 -21"><span class='ocrx_word' id='word_1_465' title='bbox 2149 2962 2396 3017; x_wconf 88' lang='lat' dir='ltr'>quorum</span> <span class='ocrx_word' id='word_1_466' title='bbox 2459 2947 2604 3000; x_wconf 88' lang='lat' dir='ltr'>alter</span> <span class='ocrx_word' id='word_1_467' title='bbox 2631 2947 2827 3014; x_wconf 83' lang='lat' dir='ltr'>edixit,</span> <span class='ocrx_word' id='word_1_468' title='bbox 2881 2947 3027 3002; x_wconf 90' lang='lat' dir='ltr'>alter</span> <span class='ocrx_word' id='word_1_469' title='bbox 3077 2947 3412 3019; x_wconf 90' lang='lat' dir='ltr'>concripsit,</span> <span class='ocrx_word' id='word_1_470' title='bbox 3444 2951 3500 3002; x_wconf 87' lang='lat' dir='ltr'>et</span> <span class='ocrx_word' id='word_1_471' title='bbox 3549 2949 3715 3018; x_wconf 87' lang='lat' dir='ltr'>postea</span> 
     </span>
    </p>
   </div>
   <div class='ocr_carea' id='block_1_76' title="bbox 2148 3026 3710 3108">
    <p class='ocr_par' dir='ltr' id='par_1_76' title="bbox 2148 3026 3710 3108">
     <span class='ocr_line' id='line_1_76' title="bbox 2148 3026 3710 3108; baseline 0.001 -22"><span class='ocrx_word' id='word_1_472' title='bbox 2148 3036 2342 3087; x_wconf 89' lang='lat' dir='ltr'>utrum</span> <span class='ocrx_word' id='word_1_473' title='bbox 2375 3033 2482 3087; x_wconf 90' lang='lat' dir='ltr'>illis</span> <span class='ocrx_word' id='word_1_474' title='bbox 2509 3051 2542 3087; x_wconf 90' lang='lat' dir='ltr'>a</span> <span class='ocrx_word' id='word_1_475' title='bbox 2571 3035 3092 3090; x_wconf 90' lang='lat' dir='ltr'>contradicentium</span> <span class='ocrx_word' id='word_1_476' title='bbox 3144 3026 3432 3091; x_wconf 69' lang='lat' dir='ltr'>industria</span> <span class='ocrx_word' id='word_1_477' title='bbox 3455 3051 3566 3108; x_wconf 72' lang='lat' dir='ltr'>prie</span> <span class='ocrx_word' id='word_1_478' title='bbox 3592 3050 3710 3106; x_wconf 87' lang='lat' dir='ltr'>pon-</span> 
     </span>
    </p>
   </div>
   <div class='ocr_carea' id='block_1_77' title="bbox 2147 3121 3177 3194">
    <p class='ocr_par' dir='ltr' id='par_1_77' title="bbox 2147 3121 3177 3194">
     <span class='ocr_line' id='line_1_77' title="bbox 2147 3121 3177 3194; baseline 0.004 -18"><span class='ocrx_word' id='word_1_479' title='bbox 2147 3122 2283 3177; x_wconf 88' lang='lat' dir='ltr'>dere</span> <span class='ocrx_word' id='word_1_480' title='bbox 2317 3121 2628 3193; x_wconf 86' lang='lat' dir='ltr'>dijudicare</span> <span class='ocrx_word' id='word_1_481' title='bbox 2655 3123 2933 3194; x_wconf 87' lang='lat' dir='ltr'>poteritis.</span> <span class='ocrx_word' id='word_1_482' title='bbox 2962 3125 3177 3180; x_wconf 83' lang='lat' dir='ltr'>Valete.</span> 
     </span>
    </p>
   </div>
   <div class='ocr_carea' id='block_1_78' title="bbox 2713 3213 3160 3294">
    <p class='ocr_par' dir='ltr' id='par_1_78' title="bbox 2713 3213 3160 3294">
     <span class='ocr_line' id='line_1_78' title="bbox 2713 3213 3160 3294; baseline 0.004 -28"><span class='ocrx_word' id='word_1_483' title='bbox 2713 3213 3045 3294; x_wconf 63' lang='lat' dir='ltr'>EPISTObA</span> <span class='ocrx_word' id='word_1_484' title='bbox 3073 3215 3160 3268; x_wconf 81' lang='lat' dir='ltr'>v1.</span> 
     </span>
    </p>
   </div>
   <div class='ocr_carea' id='block_1_79' title="bbox 2440 3317 3405 3367">
    <p class='ocr_par' dir='ltr' id='par_1_79' title="bbox 2440 3317 3405 3367">
     <span class='ocr_line' id='line_1_79' title="bbox 2440 3317 3405 3367; baseline 0.004 -13"><span class='ocrx_word' id='word_1_485' title='bbox 2440 3317 2508 3354; x_wconf 74' lang='lat' dir='ltr'><strong>AD</strong></span> <span class='ocrx_word' id='word_1_486' title='bbox 2541 3317 2826 3356; x_wconf 70' lang='lat' dir='ltr'>ROBERTL&#39;II</span> <span class='ocrx_word' id='word_1_487' title='bbox 2847 3319 3030 3356; x_wconf 64' lang='lat' dir='ltr'>REGE!</span> <span class='ocrx_word' id='word_1_488' title='bbox 3063 3319 3405 3367; x_wconf 71' lang='lat' dir='ltr'>FRANCORUM,</span> 
     </span>
    </p>
   </div>
   <div class='ocr_carea' id='block_1_80' title="bbox 2220 3388 3706 3461">
    <p class='ocr_par' dir='ltr' id='par_1_80' title="bbox 2220 3388 3706 3461">
     <span class='ocr_line' id='line_1_80' title="bbox 2220 3388 3706 3461; baseline 0 -19"><span class='ocrx_word' id='word_1_489' title='bbox 2220 3388 2505 3442; x_wconf 75' lang='lat' dir='ltr'>Rorssaro</span> <span class='ocrx_word' id='word_1_490' title='bbox 2521 3389 2648 3460; x_wconf 88' lang='lat' dir='ltr'>regi</span> <span class='ocrx_word' id='word_1_491' title='bbox 2675 3389 3026 3444; x_wconf 87' lang='lat' dir='ltr'>Francorum</span> <span class='ocrx_word' id='word_1_492' title='bbox 3049 3390 3261 3461; x_wconf 86' lang='lat' dir='ltr'>inclyte</span> <span class='ocrx_word' id='word_1_493' title='bbox 3284 3388 3706 3447; x_wconf 87' lang='lat' dir='ltr'>famulorumDei</span> 
     </span>
    </p>
   </div>
   <div class='ocr_carea' id='block_1_81' title="bbox 2146 3477 3710 3553">
    <p class='ocr_par' dir='ltr' id='par_1_81' title="bbox 2146 3477 3710 3553">
     <span class='ocr_line' id='line_1_81' title="bbox 2146 3477 3710 3553; baseline -0.001 -21"><span class='ocrx_word' id='word_1_494' title='bbox 2146 3477 2396 3532; x_wconf 85' lang='lat' dir='ltr'>famulus</span> <span class='ocrx_word' id='word_1_495' title='bbox 2418 3480 2592 3546; x_wconf 78' lang='lat' dir='ltr'>Anno,</span> <span class='ocrx_word' id='word_1_496' title='bbox 2626 3495 2856 3533; x_wconf 89' lang='lat' dir='ltr'>memor</span> <span class='ocrx_word' id='word_1_497' title='bbox 2884 3479 3016 3534; x_wconf 86' lang='lat' dir='ltr'>salis</span> <span class='ocrx_word' id='word_1_498' title='bbox 3041 3480 3198 3552; x_wconf 75' lang='lat' dir='ltr'>quod</span> <span class='ocrx_word' id='word_1_499' title='bbox 3227 3481 3536 3553; x_wconf 89' lang='lat' dir='ltr'>aliquando</span> <span class='ocrx_word' id='word_1_500' title='bbox 3553 3481 3604 3535; x_wconf 91' lang='lat' dir='ltr'>in</span> <span class='ocrx_word' id='word_1_501' title='bbox 3631 3495 3710 3550; x_wconf 84' lang='lat' dir='ltr'>pa-</span> 
     </span>
    </p>
   </div>
   <div class='ocr_carea' id='block_1_82' title="bbox 2145 3565 2556 3622">
    <p class='ocr_par' dir='ltr' id='par_1_82' title="bbox 2145 3565 2556 3622">
     <span class='ocr_line' id='line_1_82' title="bbox 2145 3565 2556 3622; baseline 0.005 -3"><span class='ocrx_word' id='word_1_502' title='bbox 2145 3565 2282 3620; x_wconf 90' lang='lat' dir='ltr'>latio</span> <span class='ocrx_word' id='word_1_503' title='bbox 2303 3567 2556 3622; x_wconf 89' lang='lat' dir='ltr'>comedi.</span> 
     </span>
    </p>
   </div>
   <div class='ocr_carea' id='block_1_83' title="bbox 2218 3653 3710 3730">
    <p class='ocr_par' dir='ltr' id='par_1_83' title="bbox 2218 3653 3710 3730">
     <span class='ocr_line' id='line_1_83' title="bbox 2218 3653 3710 3730; baseline 0.001 -23"><span class='ocrx_word' id='word_1_504' title='bbox 2218 3653 2365 3708; x_wconf 89' lang='lat' dir='ltr'>Satis</span> <span class='ocrx_word' id='word_1_505' title='bbox 2395 3655 2713 3710; x_wconf 90' lang='lat' dir='ltr'>admodum</span> <span class='ocrx_word' id='word_1_506' title='bbox 2747 3653 2928 3710; x_wconf 90' lang='lat' dir='ltr'>miror</span> <span class='ocrx_word' id='word_1_507' title='bbox 2959 3657 3113 3712; x_wconf 90' lang='lat' dir='ltr'>unde</span> <span class='ocrx_word' id='word_1_508' title='bbox 3143 3657 3202 3712; x_wconf 89' lang='lat' dir='ltr'>hi</span> <span class='ocrx_word' id='word_1_509' title='bbox 3232 3659 3382 3714; x_wconf 88' lang='lat' dir='ltr'>sales</span> <span class='ocrx_word' id='word_1_510' title='bbox 3407 3655 3710 3730; x_wconf 71' lang='lat' dir='ltr'>eloquentia</span> 
     </span>
    </p>
   </div>
   <div class='ocr_carea' id='block_1_84' title="bbox 2147 3744 3710 3816">
    <p class='ocr_par' dir='ltr' id='par_1_84' title="bbox 2147 3744 3710 3816">
     <span class='ocr_line' id='line_1_84' title="bbox 2147 3744 3710 3816; baseline 0.001 -19"><span class='ocrx_word' id='word_1_511' title='bbox 2147 3747 2564 3815; x_wconf 88' lang='lat' dir='ltr'>proruperunt,</span> <span class='ocrx_word' id='word_1_512' title='bbox 2600 3759 2847 3816; x_wconf 91' lang='lat' dir='ltr'>quorum</span> <span class='ocrx_word' id='word_1_513' title='bbox 2879 3745 3356 3814; x_wconf 88' lang='lat' dir='ltr'>amaritudinem,</span> <span class='ocrx_word' id='word_1_514' title='bbox 3407 3747 3622 3802; x_wconf 88' lang='lat' dir='ltr'>domine</span> <span class='ocrx_word' id='word_1_515' title='bbox 3648 3744 3710 3799; x_wconf 92' lang='lat' dir='ltr'>mi</span> 
     </span>
    </p>
   </div>
   <div class='ocr_carea' id='block_1_85' title="bbox 2147 3832 3710 3906">
    <p class='ocr_par' dir='ltr' id='par_1_85' title="bbox 2147 3832 3710 3906">
     <span class='ocr_line' id='line_1_85' title="bbox 2147 3832 3710 3906; baseline 0 -20"><span class='ocrx_word' id='word_1_516' title='bbox 2147 3849 2266 3900; x_wconf 88' lang='lat' dir='ltr'>rex,</span> <span class='ocrx_word' id='word_1_517' title='bbox 2290 3832 2587 3904; x_wconf 89' lang='lat' dir='ltr'>inopinato</span> <span class='ocrx_word' id='word_1_518' title='bbox 2611 3832 2907 3900; x_wconf 88' lang='lat' dir='ltr'>abhorrui,</span> <span class='ocrx_word' id='word_1_519' title='bbox 2936 3833 3296 3889; x_wconf 89' lang='lat' dir='ltr'>abbhorrens</span> <span class='ocrx_word' id='word_1_520' title='bbox 3312 3835 3532 3891; x_wconf 87' lang='lat' dir='ltr'>silentio</span> <span class='ocrx_word' id='word_1_521' title='bbox 3548 3838 3710 3906; x_wconf 82' lang='lat' dir='ltr'>tegere</span> 
     </span>
    </p>
   </div>
   <div class='ocr_carea' id='block_1_86' title="bbox 2148 3921 3706 4000">
    <p class='ocr_par' dir='ltr' id='par_1_86' title="bbox 2148 3921 3706 4000">
     <span class='ocr_line' id='line_1_86' title="bbox 2148 3921 3706 4000; baseline 0.001 -26"><span class='ocrx_word' id='word_1_522' title='bbox 2148 3921 2398 3992; x_wconf 89' lang='lat' dir='ltr'>nequivi,</span> <span class='ocrx_word' id='word_1_523' title='bbox 2415 3938 2552 3976; x_wconf 90' lang='lat' dir='ltr'>nam</span> <span class='ocrx_word' id='word_1_524' title='bbox 2572 3921 2829 3992; x_wconf 89' lang='lat' dir='ltr'>palatina</span> <span class='ocrx_word' id='word_1_525' title='bbox 2850 3921 3121 3977; x_wconf 86' lang='lat' dir='ltr'>facundia</span> <span class='ocrx_word' id='word_1_526' title='bbox 3135 3923 3428 4000; x_wconf 73' lang='lat' dir='ltr'>hactenus</span> <span class='ocrx_word' id='word_1_527' title='bbox 3448 3940 3570 3979; x_wconf 89' lang='lat' dir='ltr'>usus</span> <span class='ocrx_word' id='word_1_528' title='bbox 3586 3937 3706 3985; x_wconf 85' lang='lat' dir='ltr'>sum,</span> 
     </span>
    </p>
   </div>
   <div class='ocr_carea' id='block_1_87' title="bbox 2147 4010 3708 4080">
    <p class='ocr_par' dir='ltr' id='par_1_87' title="bbox 2147 4010 3708 4080">
     <span class='ocr_line' id='line_1_87' title="bbox 2147 4010 3708 4080; baseline 0.001 -19"><span class='ocrx_word' id='word_1_529' title='bbox 2147 4013 2202 4063; x_wconf 79' lang='lat' dir='ltr'>et</span> <span class='ocrx_word' id='word_1_530' title='bbox 2236 4011 2307 4064; x_wconf 84' lang='lat' dir='ltr'>ab</span> <span class='ocrx_word' id='word_1_531' title='bbox 2339 4010 2474 4080; x_wconf 89' lang='lat' dir='ltr'>ipsis</span> <span class='ocrx_word' id='word_1_532' title='bbox 2493 4010 2771 4065; x_wconf 89' lang='lat' dir='ltr'>cunabilis</span> <span class='ocrx_word' id='word_1_533' title='bbox 2801 4025 2949 4080; x_wconf 91' lang='lat' dir='ltr'>pene</span> <span class='ocrx_word' id='word_1_534' title='bbox 2967 4012 3027 4065; x_wconf 91' lang='lat' dir='ltr'>in</span> <span class='ocrx_word' id='word_1_535' title='bbox 3057 4013 3417 4068; x_wconf 88' lang='lat' dir='ltr'>monasterio</span> <span class='ocrx_word' id='word_1_536' title='bbox 3449 4012 3708 4068; x_wconf 86' lang='lat' dir='ltr'>veritatem</span> 
     </span>
    </p>
   </div>
   <div class='ocr_carea' id='block_1_88' title="bbox 2148 4098 3707 4170">
    <p class='ocr_par' dir='ltr' id='par_1_88' title="bbox 2148 4098 3707 4170">
     <span class='ocr_line' id='line_1_88' title="bbox 2148 4098 3707 4170; baseline -0.001 -18"><span class='ocrx_word' id='word_1_537' title='bbox 2148 4115 2290 4169; x_wconf 87' lang='lat' dir='ltr'>puer</span> <span class='ocrx_word' id='word_1_538' title='bbox 2315 4098 2507 4161; x_wconf 88' lang='lat' dir='ltr'>didici,</span> <span class='ocrx_word' id='word_1_539' title='bbox 2547 4115 2720 4170; x_wconf 89' lang='lat' dir='ltr'>quam</span> <span class='ocrx_word' id='word_1_540' title='bbox 2756 4116 2850 4154; x_wconf 89' lang='lat' dir='ltr'>me</span> <span class='ocrx_word' id='word_1_541' title='bbox 2894 4099 3150 4156; x_wconf 88' lang='lat' dir='ltr'>amisisse</span> <span class='ocrx_word' id='word_1_542' title='bbox 3178 4107 3445 4157; x_wconf 89' lang='lat' dir='ltr'>causatur</span> <span class='ocrx_word' id='word_1_543' title='bbox 3469 4101 3557 4156; x_wconf 89' lang='lat' dir='ltr'>ille</span> <span class='ocrx_word' id='word_1_544' title='bbox 3585 4116 3612 4154; x_wconf 85' lang='lat' dir='ltr'>a</span> <span class='ocrx_word' id='word_1_545' title='bbox 3640 4113 3707 4152; x_wconf 87' lang='lat' dir='ltr'>se-</span> 
     </span>
    </p>
   </div>
   <div class='ocr_carea' id='block_1_89' title="bbox 2145 4187 3706 4262">
    <p class='ocr_par' dir='ltr' id='par_1_89' title="bbox 2145 4187 3706 4262">
     <span class='ocr_line' id='line_1_89' title="bbox 2145 4187 3706 4262; baseline 0 -22"><span class='ocrx_word' id='word_1_546' title='bbox 2145 4187 2334 4241; x_wconf 90' lang='lat' dir='ltr'>cretis.</span> <span class='ocrx_word' id='word_1_547' title='bbox 2363 4189 2509 4242; x_wconf 88' lang='lat' dir='ltr'>Dum</span> <span class='ocrx_word' id='word_1_548' title='bbox 2525 4187 2649 4258; x_wconf 87' lang='lat' dir='ltr'>jam</span> <span class='ocrx_word' id='word_1_549' title='bbox 2671 4188 2826 4242; x_wconf 86' lang='lat' dir='ltr'>albet</span> <span class='ocrx_word' id='word_1_550' title='bbox 2841 4188 2934 4242; x_wconf 89' lang='lat' dir='ltr'>nix</span> <span class='ocrx_word' id='word_1_551' title='bbox 2949 4189 3173 4262; x_wconf 89' lang='lat' dir='ltr'>capitis,</span> <span class='ocrx_word' id='word_1_552' title='bbox 3191 4190 3278 4246; x_wconf 92' lang='lat' dir='ltr'>cui</span> <span class='ocrx_word' id='word_1_553' title='bbox 3305 4191 3512 4262; x_wconf 82' lang='lat' dir='ltr'>gratias</span> <span class='ocrx_word' id='word_1_554' title='bbox 3529 4189 3706 4249; x_wconf 88' lang='lat' dir='ltr'>refero,</span> 
     </span>
    </p>
   </div>
   <div class='ocr_carea' id='block_1_90' title="bbox 2145 4272 3706 4352">
    <p class='ocr_par' dir='ltr' id='par_1_90' title="bbox 2145 4272 3706 4352">
     <span class='ocr_line' id='line_1_90' title="bbox 2145 4272 3706 4352; baseline -0.002 -23"><span class='ocrx_word' id='word_1_555' title='bbox 2145 4275 2419 4347; x_wconf 89' lang='lat' dir='ltr'>quoniam</span> <span class='ocrx_word' id='word_1_556' title='bbox 2450 4292 2540 4330; x_wconf 94' lang='lat' dir='ltr'>me</span> <span class='ocrx_word' id='word_1_557' title='bbox 2572 4275 2646 4329; x_wconf 90' lang='lat' dir='ltr'>ad</span> <span class='ocrx_word' id='word_1_558' title='bbox 2675 4292 2768 4330; x_wconf 92' lang='lat' dir='ltr'>me</span> <span class='ocrx_word' id='word_1_559' title='bbox 2800 4276 3044 4345; x_wconf 88' lang='lat' dir='ltr'>reduxit,</span> <span class='ocrx_word' id='word_1_560' title='bbox 3067 4279 3532 4352; x_wconf 88' lang='lat' dir='ltr'>quandoquidem</span> <span class='ocrx_word' id='word_1_561' title='bbox 3552 4272 3706 4331; x_wconf 88' lang='lat' dir='ltr'>homi-</span> 
     </span>
    </p>
   </div>
   <div class='ocr_carea' id='block_1_91' title="bbox 2146 4363 3708 4436">
    <p class='ocr_par' dir='ltr' id='par_1_91' title="bbox 2146 4363 3708 4436">
     <span class='ocr_line' id='line_1_91' title="bbox 2146 4363 3708 4436; baseline -0.003 -18"><span class='ocrx_word' id='word_1_562' title='bbox 2146 4381 2280 4418; x_wconf 87' lang='lat' dir='ltr'>nem</span> <span class='ocrx_word' id='word_1_563' title='bbox 2300 4381 2420 4418; x_wconf 88' lang='lat' dir='ltr'>esse</span> <span class='ocrx_word' id='word_1_564' title='bbox 2439 4363 2712 4430; x_wconf 90' lang='lat' dir='ltr'>innotuit,</span> <span class='ocrx_word' id='word_1_565' title='bbox 2741 4381 2916 4436; x_wconf 85' lang='lat' dir='ltr'>quem</span> <span class='ocrx_word' id='word_1_566' title='bbox 2935 4367 3226 4422; x_wconf 85' lang='lat' dir='ltr'>mutabilis</span> <span class='ocrx_word' id='word_1_567' title='bbox 3248 4369 3494 4422; x_wconf 66' lang='lat' dir='ltr'>fortuna:</span> <span class='ocrx_word' id='word_1_568' title='bbox 3521 4363 3708 4420; x_wconf 79' lang='lat' dir='ltr'>casibus</span> 
     </span>
    </p>
   </div>
   <div class='ocr_carea' id='block_1_92' title="bbox 2144 4451 3708 4528">
    <p class='ocr_par' dir='ltr' id='par_1_92' title="bbox 2144 4451 3708 4528">
     <span class='ocr_line' id='line_1_92' title="bbox 2144 4451 3708 4528; baseline -0.001 -22"><span class='ocrx_word' id='word_1_569' title='bbox 2144 4453 2434 4510; x_wconf 89' lang='lat' dir='ltr'>subditum</span> <span class='ocrx_word' id='word_1_570' title='bbox 2467 4453 2676 4507; x_wconf 81' lang='lat' dir='ltr'>etdixit</span> <span class='ocrx_word' id='word_1_571' title='bbox 2695 4456 2752 4508; x_wconf 90' lang='lat' dir='ltr'>et</span> <span class='ocrx_word' id='word_1_572' title='bbox 2768 4454 3011 4525; x_wconf 81' lang='lat' dir='ltr'>scripsit;</span> <span class='ocrx_word' id='word_1_573' title='bbox 3041 4455 3118 4509; x_wconf 90' lang='lat' dir='ltr'>ait</span> <span class='ocrx_word' id='word_1_574' title='bbox 3143 4451 3708 4528; x_wconf 76' lang='lat' dir='ltr'>enimScriptura:0m-</span> 
     </span>
    </p>
   </div>
   <div class='ocr_carea' id='block_1_93' title="bbox 2143 4541 3704 4614">
    <p class='ocr_par' dir='ltr' id='par_1_93' title="bbox 2143 4541 3704 4614">
     <span class='ocr_line' id='line_1_93' title="bbox 2143 4541 3704 4614; baseline 0 -20"><span class='ocrx_word' id='word_1_575' title='bbox 2143 4543 2225 4594; x_wconf 84' lang='lat' dir='ltr'>nis</span> <span class='ocrx_word' id='word_1_576' title='bbox 2239 4542 2394 4594; x_wconf 79' lang='lat' dir='ltr'>homo</span> <span class='ocrx_word' id='word_1_577' title='bbox 2412 4541 2642 4595; x_wconf 64' lang='lat' dir='ltr'>mendae:</span> <span class='ocrx_word' id='word_1_578' title='bbox 2660 4541 2940 4610; x_wconf 83' lang='lat' dir='ltr'>(Ps.cxv,l</span> <span class='ocrx_word' id='word_1_579' title='bbox 2959 4545 3028 4614; x_wconf 79' lang='lat'>1);</span> <span class='ocrx_word' id='word_1_580' title='bbox 3047 4543 3147 4598; x_wconf 89' lang='lat' dir='ltr'>sed</span> <span class='ocrx_word' id='word_1_581' title='bbox 3161 4544 3418 4600; x_wconf 90' lang='lat' dir='ltr'>fortassis</span> <span class='ocrx_word' id='word_1_582' title='bbox 3443 4560 3566 4599; x_wconf 89' lang='lat' dir='ltr'>cum</span> <span class='ocrx_word' id='word_1_583' title='bbox 3595 4544 3704 4597; x_wconf 87' lang='lat' dir='ltr'>Pro-</span> 
     </span>
    </p>
   </div>
   <div class='ocr_carea' id='block_1_94' title="bbox 439 4610 3704 4706">
    <p class='ocr_par' dir='ltr' id='par_1_94' title="bbox 439 4610 3704 4706">
     <span class='ocr_line' id='line_1_94' title="bbox 439 4610 3704 4706; baseline -0.002 -19"><span class='ocrx_word' id='word_1_584' title='bbox 439 4633 628 4688; x_wconf 90' lang='lat' dir='ltr'>dicere</span> <span class='ocrx_word' id='word_1_585' title='bbox 641 4631 948 4703; x_wconf 90' lang='lat' dir='ltr'>privilegiis</span> <span class='ocrx_word' id='word_1_586' title='bbox 974 4630 1235 4684; x_wconf 88' lang='lat' dir='ltr'>sanctiM.</span> <span class='ocrx_word' id='word_1_587' title='bbox 1267 4629 1591 4684; x_wconf 84' lang='lat' dir='ltr'>communis</span> <span class='ocrx_word' id='word_1_588' title='bbox 1621 4610 2036 4699; x_wconf 78' lang='lat' dir='ltr'>patroni;quod</span> <span class='ocrx_word' id='word_1_589' title='bbox 2069 4610 2116 4667; x_wconf 82' lang='lat' dir='ltr'><strong>D</strong></span> <span class='ocrx_word' id='word_1_590' title='bbox 2144 4631 2317 4700; x_wconf 85' lang='lat' dir='ltr'>pheta</span> <span class='ocrx_word' id='word_1_591' title='bbox 2339 4629 2396 4682; x_wconf 92' lang='lat' dir='ltr'>in</span> <span class='ocrx_word' id='word_1_592' title='bbox 2420 4629 2621 4683; x_wconf 86' lang='lat' dir='ltr'>exstasi</span> <span class='ocrx_word' id='word_1_593' title='bbox 2645 4630 2750 4684; x_wconf 89' lang='lat' dir='ltr'>hoc</span> <span class='ocrx_word' id='word_1_594' title='bbox 2789 4610 3046 4702; x_wconf 90' lang='lat' dir='ltr'>protulit,</span> <span class='ocrx_word' id='word_1_595' title='bbox 3075 4633 3230 4704; x_wconf 88' lang='lat' dir='ltr'>quod</span> <span class='ocrx_word' id='word_1_596' title='bbox 3251 4649 3360 4704; x_wconf 87' lang='lat' dir='ltr'>ego</span> <span class='ocrx_word' id='word_1_597' title='bbox 3392 4647 3605 4706; x_wconf 88' lang='lat' dir='ltr'>quoque</span> <span class='ocrx_word' id='word_1_598' title='bbox 3627 4629 3704 4683; x_wconf 84' lang='lat' dir='ltr'>be-</span> 
     </span>
    </p>
   </div>
   <div class='ocr_carea' id='block_1_95' title="bbox 438 4717 2042 4796">
    <p class='ocr_par' dir='ltr' id='par_1_95' title="bbox 438 4717 2042 4796">
     <span class='ocr_line' id='line_1_95' title="bbox 438 4717 2042 4796; baseline -0.004 -19"><span class='ocrx_word' id='word_1_599' title='bbox 438 4723 535 4796; x_wconf 89' lang='lat' dir='ltr'>qui</span> <span class='ocrx_word' id='word_1_600' title='bbox 554 4722 839 4794; x_wconf 87' lang='lat' dir='ltr'>desipiens</span> <span class='ocrx_word' id='word_1_601' title='bbox 868 4721 1152 4785; x_wconf 88' lang='lat' dir='ltr'>crederet,</span> <span class='ocrx_word' id='word_1_602' title='bbox 1185 4722 1247 4773; x_wconf 89' lang='lat' dir='ltr'>ut</span> <span class='ocrx_word' id='word_1_603' title='bbox 1285 4719 1370 4773; x_wconf 89' lang='lat' dir='ltr'>vir</span> <span class='ocrx_word' id='word_1_604' title='bbox 1389 4722 1566 4772; x_wconf 71' lang='lat' dir='ltr'>tantas</span> <span class='ocrx_word' id='word_1_605' title='bbox 1593 4717 1948 4772; x_wconf 89' lang='lat' dir='ltr'>auctoritatis</span> <span class='ocrx_word' id='word_1_606' title='bbox 1985 4721 2042 4771; x_wconf 92' lang='lat' dir='ltr'>et</span> 
     </span>
    </p>
   </div>
   <div class='ocr_carea' id='block_1_96' title="bbox 436 4806 2038 4878">
    <p class='ocr_par' dir='ltr' id='par_1_96' title="bbox 436 4806 2038 4878">
     <span class='ocr_line' id='line_1_96' title="bbox 436 4806 2038 4878; baseline -0.006 -10"><span class='ocrx_word' id='word_1_607' title='bbox 436 4811 892 4868; x_wconf 89' lang='lat' dir='ltr'>mansuetudinis</span> <span class='ocrx_word' id='word_1_608' title='bbox 923 4808 1211 4864; x_wconf 88' lang='lat' dir='ltr'>contraire</span> <span class='ocrx_word' id='word_1_609' title='bbox 1242 4807 1788 4862; x_wconf 79' lang='lat' dir='ltr'>velitRomanorum</span> <span class='ocrx_word' id='word_1_610' title='bbox 1810 4806 2038 4878; x_wconf 86' lang='lat' dir='ltr'>pontifi-</span> 
     </span>
    </p>
   </div>
   <div class='ocr_carea' id='block_1_97' title="bbox 434 4895 2040 4955">
    <p class='ocr_par' dir='ltr' id='par_1_97' title="bbox 434 4895 2040 4955">
     <span class='ocr_line' id='line_1_97' title="bbox 434 4895 2040 4955; baseline -0.004 1"><span class='ocrx_word' id='word_1_611' title='bbox 434 4918 562 4955; x_wconf 90' lang='lat' dir='ltr'>cum</span> <span class='ocrx_word' id='word_1_612' title='bbox 599 4900 843 4955; x_wconf 89' lang='lat' dir='ltr'>decretis</span> <span class='ocrx_word' id='word_1_613' title='bbox 873 4901 931 4952; x_wconf 90' lang='lat' dir='ltr'>et</span> <span class='ocrx_word' id='word_1_614' title='bbox 954 4901 1284 4952; x_wconf 86' lang='lat' dir='ltr'>sanctorum</span> <span class='ocrx_word' id='word_1_615' title='bbox 1313 4913 1600 4950; x_wconf 86' lang='lat' dir='ltr'>canonum</span> <span class='ocrx_word' id='word_1_616' title='bbox 1626 4895 1930 4950; x_wconf 82' lang='lat' dir='ltr'>institutis?</span> <span class='ocrx_word' id='word_1_617' title='bbox 1960 4896 2040 4951; x_wconf 87' lang='lat' dir='ltr'>Si-</span> 
     </span>
    </p>
   </div>
   <div class='ocr_carea' id='block_1_98' title="bbox 431 4985 2039 5062">
    <p class='ocr_par' dir='ltr' id='par_1_98' title="bbox 431 4985 2039 5062">
     <span class='ocr_line' id='line_1_98' title="bbox 431 4985 2039 5062; baseline -0.002 -20"><span class='ocrx_word' id='word_1_618' title='bbox 431 4989 668 5062; x_wconf 90' lang='lat' dir='ltr'>quidem</span> <span class='ocrx_word' id='word_1_619' title='bbox 701 4989 966 5042; x_wconf 80' lang='lat' dir='ltr'>Romana</span> <span class='ocrx_word' id='word_1_620' title='bbox 993 4986 1238 5040; x_wconf 88' lang='lat' dir='ltr'>Ecclesia</span> <span class='ocrx_word' id='word_1_621' title='bbox 1265 5001 1364 5038; x_wconf 88' lang='lat' dir='ltr'>sua</span> <span class='ocrx_word' id='word_1_622' title='bbox 1391 5000 1562 5054; x_wconf 87' lang='lat' dir='ltr'>super</span> <span class='ocrx_word' id='word_1_623' title='bbox 1600 4999 1804 5037; x_wconf 89' lang='lat' dir='ltr'>omnes</span> <span class='ocrx_word' id='word_1_624' title='bbox 1853 4985 2039 5039; x_wconf 86' lang='lat' dir='ltr'>Eccle-</span> 
     </span>
    </p>
   </div>
   <div class='ocr_carea' id='block_1_99' title="bbox 433 5072 2037 5146">
    <p class='ocr_par' dir='ltr' id='par_1_99' title="bbox 433 5072 2037 5146">
     <span class='ocr_line' id='line_1_99' title="bbox 433 5072 2037 5146; baseline -0.002 -14"><span class='ocrx_word' id='word_1_625' title='bbox 433 5078 544 5133; x_wconf 88' lang='lat' dir='ltr'>sias</span> <span class='ocrx_word' id='word_1_626' title='bbox 566 5077 897 5132; x_wconf 81' lang='lat' dir='ltr'>excellentia</span> <span class='ocrx_word' id='word_1_627' title='bbox 932 5076 1041 5130; x_wconf 89' lang='lat' dir='ltr'>hoc</span> <span class='ocrx_word' id='word_1_628' title='bbox 1063 5075 1236 5128; x_wconf 85' lang='lat' dir='ltr'>habet</span> <span class='ocrx_word' id='word_1_629' title='bbox 1265 5072 1564 5146; x_wconf 88' lang='lat' dir='ltr'>privilegii,</span> <span class='ocrx_word' id='word_1_630' title='bbox 1601 5076 1680 5139; x_wconf 90' lang='lat' dir='ltr'>ut,</span> <span class='ocrx_word' id='word_1_631' title='bbox 1707 5072 1850 5126; x_wconf 90' lang='lat' dir='ltr'>sicut</span> <span class='ocrx_word' id='word_1_632' title='bbox 1871 5074 2037 5129; x_wconf 87' lang='lat' dir='ltr'>clavi-</span> 
     </span>
    </p>
   </div>
   <div class='ocr_carea' id='block_1_100' title="bbox 433 5161 2040 5236">
    <p class='ocr_par' dir='ltr' id='par_1_100' title="bbox 433 5161 2040 5236">
     <span class='ocr_line' id='line_1_100' title="bbox 433 5161 2040 5236; baseline -0.002 -16"><span class='ocrx_word' id='word_1_633' title='bbox 433 5183 537 5236; x_wconf 88' lang='lat' dir='ltr'>ger</span> <span class='ocrx_word' id='word_1_634' title='bbox 566 5165 730 5236; x_wconf 87' lang='lat' dir='ltr'>regni</span> <span class='ocrx_word' id='word_1_635' title='bbox 753 5163 996 5220; x_wconf 77' lang='lat' dir='ltr'>ccclesiis</span> <span class='ocrx_word' id='word_1_636' title='bbox 1021 5163 1248 5217; x_wconf 89' lang='lat' dir='ltr'>obtinet</span> <span class='ocrx_word' id='word_1_637' title='bbox 1294 5161 1683 5234; x_wconf 88' lang='lat' dir='ltr'>principatum</span> <span class='ocrx_word' id='word_1_638' title='bbox 1739 5161 2040 5232; x_wconf 89' lang='lat' dir='ltr'>apostolici</span> 
     </span>
    </p>
   </div>
   <div class='ocr_carea' id='block_1_101' title="bbox 434 5249 2039 5318">
    <p class='ocr_par' dir='ltr' id='par_1_101' title="bbox 434 5249 2039 5318">
     <span class='ocr_line' id='line_1_101' title="bbox 434 5249 2039 5318; baseline -0.002 -11"><span class='ocrx_word' id='word_1_639' title='bbox 434 5253 722 5318; x_wconf 90' lang='lat' dir='ltr'>culminis,</span> <span class='ocrx_word' id='word_1_640' title='bbox 747 5252 826 5305; x_wconf 89' lang='lat' dir='ltr'>ita</span> <span class='ocrx_word' id='word_1_641' title='bbox 846 5251 1052 5306; x_wconf 92' lang='lat' dir='ltr'>eadem</span> <span class='ocrx_word' id='word_1_642' title='bbox 1075 5252 1337 5305; x_wconf 78' lang='lat' dir='ltr'>Romana</span> <span class='ocrx_word' id='word_1_643' title='bbox 1365 5249 1612 5303; x_wconf 86' lang='lat' dir='ltr'>Ecclesia</span> <span class='ocrx_word' id='word_1_644' title='bbox 1639 5249 2039 5304; x_wconf 88' lang='lat' dir='ltr'>auctoritatem</span> 
     </span>
    </p>
   </div>
   <div class='ocr_carea' id='block_1_102' title="bbox 435 5335 2044 5410">
    <p class='ocr_par' dir='ltr' id='par_1_102' title="bbox 435 5335 2044 5410">
     <span class='ocr_line' id='line_1_102' title="bbox 435 5335 2044 5410; baseline -0.002 -15"><span class='ocrx_word' id='word_1_645' title='bbox 435 5341 653 5395; x_wconf 87' lang='lat' dir='ltr'>tribuat</span> <span class='ocrx_word' id='word_1_646' title='bbox 683 5338 1132 5410; x_wconf 88' lang='lat' dir='ltr'>omnibusquasi</span> <span class='ocrx_word' id='word_1_647' title='bbox 1164 5338 1276 5392; x_wconf 88' lang='lat' dir='ltr'>suis</span> <span class='ocrx_word' id='word_1_648' title='bbox 1307 5335 1607 5403; x_wconf 85' lang='lat' dir='ltr'>membris,</span> <span class='ocrx_word' id='word_1_649' title='bbox 1633 5354 1761 5408; x_wconf 73' lang='lat' dir='ltr'>qum</span> <span class='ocrx_word' id='word_1_650' title='bbox 1793 5341 1924 5391; x_wconf 87' lang='lat' dir='ltr'>sunt</span> <span class='ocrx_word' id='word_1_651' title='bbox 1941 5354 2044 5408; x_wconf 91' lang='lat' dir='ltr'>per</span> 
     </span>
    </p>
   </div>
   <div class='ocr_carea' id='block_1_103' title="bbox 437 5425 2044 5500">
    <p class='ocr_par' dir='ltr' id='par_1_103' title="bbox 437 5425 2044 5500">
     <span class='ocr_line' id='line_1_103' title="bbox 437 5425 2044 5500; baseline -0.001 -19"><span class='ocrx_word' id='word_1_652' title='bbox 437 5431 686 5500; x_wconf 87' lang='lat' dir='ltr'>quatuor</span> <span class='ocrx_word' id='word_1_653' title='bbox 730 5427 964 5481; x_wconf 90' lang='lat' dir='ltr'>climata</span> <span class='ocrx_word' id='word_1_654' title='bbox 994 5426 1169 5479; x_wconf 88' lang='lat' dir='ltr'>totius</span> <span class='ocrx_word' id='word_1_655' title='bbox 1211 5425 1385 5478; x_wconf 86' lang='lat' dir='ltr'>orbis.</span> <span class='ocrx_word' id='word_1_656' title='bbox 1441 5425 1546 5488; x_wconf 88' lang='lat' dir='ltr'>Qui</span> <span class='ocrx_word' id='word_1_657' title='bbox 1589 5441 1726 5496; x_wconf 88' lang='lat' dir='ltr'>ergo</span> <span class='ocrx_word' id='word_1_658' title='bbox 1767 5425 2044 5479; x_wconf 77' lang='lat' dir='ltr'>Romanae.</span> 
     </span>
    </p>
   </div>
   <div class='ocr_carea' id='block_1_104' title="bbox 437 5513 2024 5584">
    <p class='ocr_par' dir='ltr' id='par_1_104' title="bbox 437 5513 2024 5584">
     <span class='ocr_line' id='line_1_104' title="bbox 437 5513 2024 5584; baseline -0.001 -14"><span class='ocrx_word' id='word_1_659' title='bbox 437 5515 699 5570; x_wconf 66' lang='lat' dir='ltr'>Ecclesia:</span> <span class='ocrx_word' id='word_1_660' title='bbox 731 5513 1237 5584; x_wconf 84' lang='lat' dir='ltr'>contradicit,quid</span> <span class='ocrx_word' id='word_1_661' title='bbox 1267 5513 1418 5567; x_wconf 87' lang='lat' dir='ltr'>aliud</span> <span class='ocrx_word' id='word_1_662' title='bbox 1449 5530 1619 5583; x_wconf 87' lang='lat' dir='ltr'>quam</span> <span class='ocrx_word' id='word_1_663' title='bbox 1642 5530 1699 5566; x_wconf 90' lang='lat' dir='ltr'>se</span> <span class='ocrx_word' id='word_1_664' title='bbox 1719 5529 1748 5566; x_wconf 86' lang='lat' dir='ltr'>a</span> <span class='ocrx_word' id='word_1_665' title='bbox 1777 5513 2024 5568; x_wconf 90' lang='lat' dir='ltr'>membri</span> 
     </span>
    </p>
   </div>
   <div class='ocr_carea' id='block_1_105' title="bbox 433 5601 2034 5677">
    <p class='ocr_par' dir='ltr' id='par_1_105' title="bbox 433 5601 2034 5677">
     <span class='ocr_line' id='line_1_105' title="bbox 433 5601 2034 5677; baseline -0.001 -17"><span class='ocrx_word' id='word_1_666' title='bbox 433 5607 558 5677; x_wconf 85' lang='lat' dir='ltr'>ejus</span> <span class='ocrx_word' id='word_1_667' title='bbox 578 5602 882 5660; x_wconf 86' lang='lat' dir='ltr'>subtrahit,</span> <span class='ocrx_word' id='word_1_668' title='bbox 917 5605 976 5654; x_wconf 90' lang='lat' dir='ltr'>ut</span> <span class='ocrx_word' id='word_1_669' title='bbox 1005 5603 1101 5653; x_wconf 78' lang='lat' dir='ltr'>fiat</span> <span class='ocrx_word' id='word_1_670' title='bbox 1129 5602 1314 5670; x_wconf 83' lang='lat' dir='ltr'>portio</span> <span class='ocrx_word' id='word_1_671' title='bbox 1337 5601 2034 5658; x_wconf 68' lang='lat' dir='ltr'>adversariorumtlhristi?</span> 
     </span>
    </p>
   </div>
   <div class='ocr_carea' id='block_1_106' title="bbox 435 5689 2031 5767">
    <p class='ocr_par' dir='ltr' id='par_1_106' title="bbox 435 5689 2031 5767">
     <span class='ocr_line' id='line_1_106' title="bbox 435 5689 2031 5767; baseline -0.004 -16"><span class='ocrx_word' id='word_1_672' title='bbox 435 5695 602 5751; x_wconf 84' lang='lat' dir='ltr'>Certe</span> <span class='ocrx_word' id='word_1_673' title='bbox 635 5689 944 5761; x_wconf 86' lang='lat' dir='ltr'>unicuique</span> <span class='ocrx_word' id='word_1_674' title='bbox 974 5689 1233 5767; x_wconf 61' lang='lat' dir='ltr'>Ecclesia:</span> <span class='ocrx_word' id='word_1_675' title='bbox 1273 5705 1438 5742; x_wconf 90' lang='lat' dir='ltr'>suum</span> <span class='ocrx_word' id='word_1_676' title='bbox 1477 5689 1645 5759; x_wconf 88' lang='lat' dir='ltr'>jubet</span> <span class='ocrx_word' id='word_1_677' title='bbox 1673 5690 1885 5745; x_wconf 88' lang='lat' dir='ltr'>servari</span> <span class='ocrx_word' id='word_1_678' title='bbox 1915 5690 2031 5762; x_wconf 85' lang='lat' dir='ltr'>pri-</span> 
     </span>
    </p>
   </div>
   <div class='ocr_carea' id='block_1_107' title="bbox 2144 4717 3706 4790">
    <p class='ocr_par' dir='ltr' id='par_1_107' title="bbox 2144 4717 3706 4790">
     <span class='ocr_line' id='line_1_107' title="bbox 2144 4717 3706 4790; baseline 0.001 -20"><span class='ocrx_word' id='word_1_679' title='bbox 2144 4718 2320 4788; x_wconf 84' lang='lat' dir='ltr'>nigne</span> <span class='ocrx_word' id='word_1_680' title='bbox 2341 4717 2824 4788; x_wconf 86' lang='lat' dir='ltr'>accepissem,nisi</span> <span class='ocrx_word' id='word_1_681' title='bbox 2839 4723 2988 4774; x_wconf 88' lang='lat' dir='ltr'>esset</span> <span class='ocrx_word' id='word_1_682' title='bbox 3007 4721 3288 4790; x_wconf 89' lang='lat' dir='ltr'>scriptum</span> <span class='ocrx_word' id='word_1_683' title='bbox 3313 4739 3326 4778; x_wconf 90' lang='lat'><strong>:</strong></span> <span class='ocrx_word' id='word_1_684' title='bbox 3352 4722 3537 4777; x_wconf 77' lang='lat' dir='ltr'>Perdes</span> <span class='ocrx_word' id='word_1_685' title='bbox 3562 4730 3706 4773; x_wconf 71' lang='lat' dir='ltr'>0mm</span> 
     </span>
    </p>
   </div>
   <div class='ocr_carea' id='block_1_108' title="bbox 2140 4805 3700 4882">
    <p class='ocr_par' dir='ltr' id='par_1_108' title="bbox 2140 4805 3700 4882">
     <span class='ocr_line' id='line_1_108' title="bbox 2140 4805 3700 4882; baseline -0.001 -23"><span class='ocrx_word' id='word_1_686' title='bbox 2140 4808 2234 4878; x_wconf 86' lang='lat' dir='ltr'>qui</span> <span class='ocrx_word' id='word_1_687' title='bbox 2260 4807 2548 4878; x_wconf 81' lang='lat' dir='ltr'>loquuntur</span> <span class='ocrx_word' id='word_1_688' title='bbox 2573 4806 2912 4862; x_wconf 78' lang='lat' dir='ltr'>mendacium</span> <span class='ocrx_word' id='word_1_689' title='bbox 2939 4807 3059 4878; x_wconf 71' lang='lat' dir='ltr'>(Ps.</span> <span class='ocrx_word' id='word_1_690' title='bbox 3107 4827 3159 4876; x_wconf 93' lang='lat' dir='ltr'>v,</span> <span class='ocrx_word' id='word_1_691' title='bbox 3203 4812 3278 4880; x_wconf 87' lang='lat'>7).</span> <span class='ocrx_word' id='word_1_692' title='bbox 3311 4811 3397 4866; x_wconf 82' lang='lat' dir='ltr'>Ad</span> <span class='ocrx_word' id='word_1_693' title='bbox 3418 4809 3548 4882; x_wconf 87' lang='lat' dir='ltr'>quid</span> <span class='ocrx_word' id='word_1_694' title='bbox 3573 4805 3700 4862; x_wconf 88' lang='lat' dir='ltr'>enim</span> 
     </span>
    </p>
   </div>
   <div class='ocr_carea' id='block_1_109' title="bbox 2141 4892 3704 4964">
    <p class='ocr_par' dir='ltr' id='par_1_109' title="bbox 2141 4892 3704 4964">
     <span class='ocr_line' id='line_1_109' title="bbox 2141 4892 3704 4964; baseline -0.001 -17"><span class='ocrx_word' id='word_1_695' title='bbox 2141 4893 2296 4948; x_wconf 89' lang='lat' dir='ltr'>aliud</span> <span class='ocrx_word' id='word_1_696' title='bbox 2329 4893 2542 4947; x_wconf 90' lang='lat' dir='ltr'>amicus</span> <span class='ocrx_word' id='word_1_697' title='bbox 2571 4909 2734 4947; x_wconf 88' lang='lat' dir='ltr'>meus</span> <span class='ocrx_word' id='word_1_698' title='bbox 2761 4894 3003 4964; x_wconf 81' lang='lat' dir='ltr'>apostoli</span> <span class='ocrx_word' id='word_1_699' title='bbox 3035 4897 3206 4951; x_wconf 86' lang='lat' dir='ltr'>verba</span> <span class='ocrx_word' id='word_1_700' title='bbox 3229 4897 3302 4953; x_wconf 91' lang='lat' dir='ltr'>ad</span> <span class='ocrx_word' id='word_1_701' title='bbox 3352 4915 3445 4952; x_wconf 90' lang='lat' dir='ltr'>me</span> <span class='ocrx_word' id='word_1_702' title='bbox 3490 4892 3704 4955; x_wconf 84' lang='lat' dir='ltr'>retorsit,</span> 
     </span>
    </p>
   </div>
   <div class='ocr_carea' id='block_1_110' title="bbox 2142 4979 3707 5041">
    <p class='ocr_par' dir='ltr' id='par_1_110' title="bbox 2142 4979 3707 5041">
     <span class='ocr_line' id='line_1_110' title="bbox 2142 4979 3707 5041; baseline -0.004 -5"><span class='ocrx_word' id='word_1_703' title='bbox 2142 4983 2280 5036; x_wconf 92' lang='lat' dir='ltr'>dum</span> <span class='ocrx_word' id='word_1_704' title='bbox 2313 4982 2370 5036; x_wconf 92' lang='lat' dir='ltr'>in</span> <span class='ocrx_word' id='word_1_705' title='bbox 2417 4999 2688 5036; x_wconf 88' lang='lat' dir='ltr'>sermone</span> <span class='ocrx_word' id='word_1_706' title='bbox 2721 4999 2850 5037; x_wconf 90' lang='lat' dir='ltr'>meo</span> <span class='ocrx_word' id='word_1_707' title='bbox 2883 4991 2956 5036; x_wconf 79' lang='lat' dir='ltr'>est</span> <span class='ocrx_word' id='word_1_708' title='bbox 3009 4988 3068 5038; x_wconf 90' lang='lat' dir='ltr'>et</span> <span class='ocrx_word' id='word_1_709' title='bbox 3120 5003 3225 5040; x_wconf 87' lang='lat' dir='ltr'>non</span> <span class='ocrx_word' id='word_1_710' title='bbox 3279 5003 3400 5041; x_wconf 89' lang='lat' dir='ltr'>esse</span> <span class='ocrx_word' id='word_1_711' title='bbox 3427 4979 3707 5040; x_wconf 85' lang='lat' dir='ltr'>enuntiavit</span> 
     </span>
    </p>
   </div>
   <div class='ocr_carea' id='block_1_111' title="bbox 2142 5069 3707 5144">
    <p class='ocr_par' dir='ltr' id='par_1_111' title="bbox 2142 5069 3707 5144">
     <span class='ocr_line' id='line_1_111' title="bbox 2142 5069 3707 5144; baseline -0.001 -20"><span class='ocrx_word' id='word_1_712' title='bbox 2142 5072 2286 5144; x_wconf 81' lang='lat' dir='ltr'>(Jac.</span> <span class='ocrx_word' id='word_1_713' title='bbox 2319 5087 2370 5138; x_wconf 91' lang='lat' dir='ltr'>v,</span> <span class='ocrx_word' id='word_1_714' title='bbox 2406 5071 2519 5140; x_wconf 79' lang='lat' dir='ltr'>l2),</span> <span class='ocrx_word' id='word_1_715' title='bbox 2551 5070 2659 5124; x_wconf 88' lang='lat' dir='ltr'>nisi</span> <span class='ocrx_word' id='word_1_716' title='bbox 2713 5071 2847 5142; x_wconf 91' lang='lat' dir='ltr'>quia</span> <span class='ocrx_word' id='word_1_717' title='bbox 2879 5077 2979 5126; x_wconf 88' lang='lat' dir='ltr'>aut</span> <span class='ocrx_word' id='word_1_718' title='bbox 3008 5074 3161 5144; x_wconf 86' lang='lat' dir='ltr'>quod</span> <span class='ocrx_word' id='word_1_719' title='bbox 3191 5078 3275 5129; x_wconf 88' lang='lat' dir='ltr'>est</span> <span class='ocrx_word' id='word_1_720' title='bbox 3304 5091 3421 5130; x_wconf 90' lang='lat' dir='ltr'>non</span> <span class='ocrx_word' id='word_1_721' title='bbox 3469 5089 3601 5136; x_wconf 87' lang='lat' dir='ltr'>esse,</span> <span class='ocrx_word' id='word_1_722' title='bbox 3629 5069 3707 5122; x_wconf 87' lang='lat' dir='ltr'>aut</span> 
     </span>
    </p>
   </div>
   <div class='ocr_carea' id='block_1_112' title="bbox 2145 5153 3707 5234">
    <p class='ocr_par' dir='ltr' id='par_1_112' title="bbox 2145 5153 3707 5234">
     <span class='ocr_line' id='line_1_112' title="bbox 2145 5153 3707 5234; baseline -0.003 -21"><span class='ocrx_word' id='word_1_723' title='bbox 2145 5159 2300 5232; x_wconf 91' lang='lat' dir='ltr'>quod</span> <span class='ocrx_word' id='word_1_724' title='bbox 2332 5175 2448 5214; x_wconf 89' lang='lat' dir='ltr'>non</span> <span class='ocrx_word' id='word_1_725' title='bbox 2483 5161 2567 5212; x_wconf 89' lang='lat' dir='ltr'>est</span> <span class='ocrx_word' id='word_1_726' title='bbox 2597 5175 2718 5213; x_wconf 91' lang='lat' dir='ltr'>esse</span> <span class='ocrx_word' id='word_1_727' title='bbox 2751 5159 3030 5214; x_wconf 84' lang='lat' dir='ltr'>fatentem</span> <span class='ocrx_word' id='word_1_728' title='bbox 3057 5163 3480 5234; x_wconf 89' lang='lat' dir='ltr'>reprehendere</span> <span class='ocrx_word' id='word_1_729' title='bbox 3511 5153 3707 5215; x_wconf 79' lang='lat' dir='ltr'>voluit?</span> 
     </span>
    </p>
   </div>
   <div class='ocr_carea' id='block_1_113' title="bbox 2141 5247 3706 5318">
    <p class='ocr_par' dir='ltr' id='par_1_113' title="bbox 2141 5247 3706 5318">
     <span class='ocr_line' id='line_1_113' title="bbox 2141 5247 3706 5318; baseline -0.001 -16"><span class='ocrx_word' id='word_1_730' title='bbox 2141 5249 2300 5318; x_wconf 89' lang='lat' dir='ltr'>cujus</span> <span class='ocrx_word' id='word_1_731' title='bbox 2328 5247 2584 5301; x_wconf 75' lang='lat' dir='ltr'>criminis</span> <span class='ocrx_word' id='word_1_732' title='bbox 2607 5247 2664 5302; x_wconf 92' lang='lat' dir='ltr'>in</span> <span class='ocrx_word' id='word_1_733' title='bbox 2687 5249 2792 5301; x_wconf 91' lang='lat' dir='ltr'>hac</span> <span class='ocrx_word' id='word_1_734' title='bbox 2814 5265 2874 5302; x_wconf 91' lang='lat' dir='ltr'>re</span> <span class='ocrx_word' id='word_1_735' title='bbox 2904 5265 2997 5302; x_wconf 89' lang='lat' dir='ltr'>me</span> <span class='ocrx_word' id='word_1_736' title='bbox 3029 5251 3184 5305; x_wconf 90' lang='lat' dir='ltr'>nullo</span> <span class='ocrx_word' id='word_1_737' title='bbox 3225 5251 3399 5306; x_wconf 90' lang='lat' dir='ltr'>modo</span> <span class='ocrx_word' id='word_1_738' title='bbox 3431 5265 3583 5305; x_wconf 88' lang='lat' dir='ltr'>reum</span> <span class='ocrx_word' id='word_1_739' title='bbox 3608 5258 3706 5300; x_wconf 83' lang='lat' dir='ltr'>esse</span> 
     </span>
    </p>
   </div>
   <div class='ocr_carea' id='block_1_114' title="bbox 2145 5328 3706 5410">
    <p class='ocr_par' dir='ltr' id='par_1_114' title="bbox 2145 5328 3706 5410">
     <span class='ocr_line' id='line_1_114' title="bbox 2145 5328 3706 5410; baseline -0.006 -19"><span class='ocrx_word' id='word_1_740' title='bbox 2145 5335 2568 5406; x_wconf 84' lang='lat' dir='ltr'>sciatis,quippe</span> <span class='ocrx_word' id='word_1_741' title='bbox 2581 5340 2715 5390; x_wconf 88' lang='lat' dir='ltr'>ante</span> <span class='ocrx_word' id='word_1_742' title='bbox 2739 5337 2840 5390; x_wconf 87' lang='lat' dir='ltr'>has</span> <span class='ocrx_word' id='word_1_743' title='bbox 2865 5336 3108 5404; x_wconf 89' lang='lat' dir='ltr'>litteras,</span> <span class='ocrx_word' id='word_1_744' title='bbox 3133 5338 3193 5392; x_wconf 92' lang='lat' dir='ltr'>in</span> <span class='ocrx_word' id='word_1_745' title='bbox 3225 5339 3427 5410; x_wconf 88' lang='lat' dir='ltr'>quibus</span> <span class='ocrx_word' id='word_1_746' title='bbox 3455 5328 3706 5392; x_wconf 85' lang='lat' dir='ltr'>mendacii</span> 
     </span>
    </p>
   </div>
   <div class='ocr_carea' id='block_1_115' title="bbox 2149 5423 3705 5495">
    <p class='ocr_par' dir='ltr' id='par_1_115' title="bbox 2149 5423 3705 5495">
     <span class='ocr_line' id='line_1_115' title="bbox 2149 5423 3705 5495; baseline -0.004 -16"><span class='ocrx_word' id='word_1_747' title='bbox 2149 5423 2804 5494; x_wconf 83' lang='lat' dir='ltr'>redarguor,neminem</span> <span class='ocrx_word' id='word_1_748' title='bbox 2829 5441 2932 5494; x_wconf 90' lang='lat' dir='ltr'>pro</span> <span class='ocrx_word' id='word_1_749' title='bbox 2959 5425 3289 5495; x_wconf 88' lang='lat' dir='ltr'>hujusmodi</span> <span class='ocrx_word' id='word_1_750' title='bbox 3307 5423 3705 5481; x_wconf 87' lang='lat' dir='ltr'>causavidicum</span> 
     </span>
    </p>
   </div>
   <div class='ocr_carea' id='block_1_116' title="bbox 2149 5513 3704 5586">
    <p class='ocr_par' dir='ltr' id='par_1_116' title="bbox 2149 5513 3704 5586">
     <span class='ocr_line' id='line_1_116' title="bbox 2149 5513 3704 5586; baseline 0 -20"><span class='ocrx_word' id='word_1_751' title='bbox 2149 5531 2260 5586; x_wconf 88' lang='lat' dir='ltr'>quo</span> <span class='ocrx_word' id='word_1_752' title='bbox 2291 5518 2447 5566; x_wconf 83' lang='lat' dir='ltr'>estet</span> <span class='ocrx_word' id='word_1_753' title='bbox 2475 5530 2580 5566; x_wconf 84' lang='lat' dir='ltr'>non</span> <span class='ocrx_word' id='word_1_754' title='bbox 2612 5513 2926 5584; x_wconf 88' lang='lat' dir='ltr'>potuissem</span> <span class='ocrx_word' id='word_1_755' title='bbox 2957 5515 3350 5570; x_wconf 87' lang='lat' dir='ltr'>sermocinari.</span> <span class='ocrx_word' id='word_1_756' title='bbox 3398 5513 3556 5580; x_wconf 83' lang='lat' dir='ltr'>Quod</span> <span class='ocrx_word' id='word_1_757' title='bbox 3596 5521 3704 5561; x_wconf 83' lang='lat' dir='ltr'>vero</span> 
     </span>
    </p>
   </div>
   <div class='ocr_carea' id='block_1_117' title="bbox 2154 5597 3705 5675">
    <p class='ocr_par' dir='ltr' id='par_1_117' title="bbox 2154 5597 3705 5675">
     <span class='ocr_line' id='line_1_117' title="bbox 2154 5597 3705 5675; baseline -0.005 -18"><span class='ocrx_word' id='word_1_758' title='bbox 2154 5602 2383 5672; x_wconf 86' lang='lat' dir='ltr'>adjecit,</span> <span class='ocrx_word' id='word_1_759' title='bbox 2411 5601 2500 5654; x_wconf 81' lang='lat' dir='ltr'>sed</span> <span class='ocrx_word' id='word_1_760' title='bbox 2521 5603 2608 5668; x_wconf 81' lang='lat' dir='ltr'>sit,</span> <span class='ocrx_word' id='word_1_761' title='bbox 2642 5601 2698 5655; x_wconf 91' lang='lat' dir='ltr'>in</span> <span class='ocrx_word' id='word_1_762' title='bbox 2733 5603 2826 5656; x_wconf 91' lang='lat' dir='ltr'>illo</span> <span class='ocrx_word' id='word_1_763' title='bbox 2858 5607 2963 5670; x_wconf 88' lang='lat' dir='ltr'>est,</span> <span class='ocrx_word' id='word_1_764' title='bbox 2983 5620 3130 5657; x_wconf 62' lang='lat' dir='ltr'>mea:</span> <span class='ocrx_word' id='word_1_765' title='bbox 3153 5603 3472 5675; x_wconf 85' lang='lat' dir='ltr'>fragilitatis</span> <span class='ocrx_word' id='word_1_766' title='bbox 3499 5597 3705 5656; x_wconf 86' lang='lat' dir='ltr'>modum</span> 
     </span>
    </p>
   </div>
   <div class='ocr_carea' id='block_1_118' title="bbox 2136 5690 3705 5764">
    <p class='ocr_par' dir='ltr' id='par_1_118' title="bbox 2136 5690 3705 5764">
     <span class='ocr_line' id='line_1_118' title="bbox 2136 5690 3705 5764; baseline -0.006 -16"><span class='ocrx_word' id='word_1_767' title='bbox 2136 5690 2536 5756; x_wconf 88' lang='lat' dir='ltr'>considerans,</span> <span class='ocrx_word' id='word_1_768' title='bbox 2569 5690 2902 5744; x_wconf 61' lang='lat' dir='ltr'>luminibus</span> <span class='ocrx_word' id='word_1_769' title='bbox 2935 5708 3107 5764; x_wconf 88' lang='lat' dir='ltr'>quam</span> <span class='ocrx_word' id='word_1_770' title='bbox 3128 5693 3244 5748; x_wconf 83' lang='lat' dir='ltr'>Deo</span> <span class='ocrx_word' id='word_1_771' title='bbox 3270 5691 3466 5749; x_wconf 89' lang='lat' dir='ltr'>similis</span> <span class='ocrx_word' id='word_1_772' title='bbox 3483 5699 3705 5745; x_wconf 84' lang='lat' dir='ltr'>essema-</span> 
     </span>
    </p>
   </div>
  </div>
