3882 6222
136 466 232 529 ηε

1565 461 1941 526 EPISTOLIE.

3346 467 3455 532 426

132 592 223 659 lui,
272 586 658 647 abominatus
686 586 1021 663 superbiam
1058 584 1208 646 illius
1233 586 1330 663 qui
1345 586 1454 647 fuit
1478 586 1739 664 signacu-
1764 586 1994 662 Aapud
2035 586 2366 647 Matthmum
2417 584 2668 666 capitula
2696 603 2885 658 xxviii,
2920 585 3073 646 inter
3130 604 3259 666 que
3318 594 3454 650 sunt

133 681 244 737 lum
301 678 711 735 similitudinis
739 677 846 735 Dei
900 678 1124 749 (Ezech.
1156 695 1347 747 xxvni,
1401 677 1512 751 l2).
1561 680 1740 735 Porro

136 771 265 825 sicut
294 785 472 823 nemo
501 769 720 835 bonus,
754 768 861 822 nisi
910 770 1061 822 solus
1113 768 1263 823 Deus
1295 768 1502 839 (Mare,
1536 785 1589 834 x,
1635 772 1741 835 l8),

136 861 203 913 sic
257 858 399 913 nihil
455 861 544 912 est
587 857 647 911 in
681 873 877 912 rerum
909 857 1203 924 creaturis,
1237 856 1377 911 nihil
1406 857 1563 911 enim
1586 857 1645 911 in
1663 857 1743 912 eis

135 952 210 1003 est
239 947 397 1019 quod
444 946 729 1001 mutabile
762 962 881 1000 non
913 948 1019 1012 est,
1050 948 1107 999 et
1139 945 1184 999 si
1236 945 1427 1000 omnis
1480 950 1744 1000 creatura

135 1036 419 1092 mutabilis
451 1039 559 1101 est,
590 1034 890 1107 quomodo
909 1033 1148 1089 verbum
1171 1033 1294 1104 ejus
1322 1034 1597 1089 mutabile
1624 1051 1740 1089 non

134 1127 237 1180 est?
265 1124 424 1180 Sane
476 1124 590 1178 hoc
639 1122 745 1177 sibi
779 1122 1077 1193 proprium
1119 1123 1453 1190 reservavit,
1504 1122 1574 1177 de
1624 1138 1739 1194 quo

128 1214 338 1268 dictum
368 1215 457 1267 est
485 1212 546 1266 in
576 1211 761 1265 Veteri
792 1211 1162 1265 Testamento
1194 1227 1207 1265 :
1239 1211 1351 1278 Qui
1376 1218 1450 1264 est
1482 1213 1625 1265 misit
1656 1224 1741 1266 me

129 1303 196 1358 ad
223 1320 311 1357 eos
344 1300 571 1372 (Emi,
606 1317 687 1365 ιιι,
724 1300 830 1370 14).
866 1298 1026 1365 Ecce,
1057 1300 1401 1354 venerabilis
1432 1316 1551 1361 rex,
1578 1316 1739 1354 meus

128 1391 271 1463 apud
304 1390 678 1461 maiestatem
705 1391 953 1443 vestram
985 1404 1177 1444 sermo
1208 1387 1622 1459 apologeticus,
1655 1392 1734 1456 et,

128 1496 194 1535 ne
214 1480 456 1549 hujusce
484 1477 795 1532 locutionis
822 1477 1053 1547 ineptiis
1078 1477 1470 1549 decipiamini,
1504 1481 1737 1533 cautum

129 1584 244 1623 esse
274 1571 418 1641 opto
451 1571 510 1621 et
535 1582 767 1638 semper
799 1565 1010 1636 optavi.
1044 1565 1262 1621 Valete.

693 1644 1029 1700 EPISTOLA
1057 1646 1168 1699 Vll.

346 1735 417 1773 AD
459 1733 735 1771 ODiLONI-ZI
759 1732 1003 1771 ΛΒΒΑΤΕΜ
1044 1732 1493 1771 CLUNIAGENSEM.

192 1790 446 1845 Domino
495 1803 729 1857 semper
784 1786 1094 1841 venerabili
1143 1787 1371 1841 ODILONl
1417 1786 1735 1841 Cluniensis

124 1866 599 1940 congregationis
624 1865 1063 1936 Patri,ejusdem
1084 1865 1253 1921 officii
1277 1868 1446 1931 Aeno,
1464 1865 1735 1936 indignus

128 1947 481 2001 famulorum
497 1944 703 1999 Christi
726 1944 994 1997 famulus.

188 2026 357 2098 Saepe
385 2023 680 2095 contingit
719 2025 781 2076 ut
813 2022 1127 2094 spiritualis
1158 2021 1537 2095 philosophia:
1565 2021 1727 2093 dapi-

131 2115 216 2169 bus
247 2112 460 2169 amicis
522 2111 780 2166 convivia
826 2126 929 2182 pro
990 2110 1227 2165 modulo
1282 2114 1478 2165 nostro
1512 2126 1732 2182 prmpa-

134 2219 337 2268 remus,
372 2204 678 2273 sperantes
729 2198 835 2252 hac
877 2198 1303 2253 introductione
1354 2214 1555 2252 eorum
1588 2197 1730 2251 deli-

130 2292 213 2345 ciis
259 2288 726 2354 communicare,
780 2286 1076 2358 quoniam,
1135 2289 1194 2340 ut
1224 2286 1360 2340 dicit
1417 2285 1727 2358 Scriptura,

130 2379 451 2434 amicorum
514 2380 649 2431 sunt
719 2374 920 2430 omnia
975 2374 1341 2441 communia;
1376 2376 1730 2446 quapropter

125 2466 463 2539 quempiam
524 2466 711 2519 solum
759 2462 874 2517 suis
926 2463 1124 2518 studiis
1153 2462 1233 2517 uti
1289 2461 1532 2517 minime
1580 2462 1731 2517 dele-

121 2558 223 2610 ctat
279 2558 342 2609 et
399 2552 698 2607 charitalis
751 2552 948 2622 epulas
1024 2554 1160 2605 tunc
1232 2551 1386 2605 bona
1463 2551 1730 2604 voluntas

120 2644 366 2697 libenter
384 2640 815 2712 degustat,cum
834 2638 985 2693 inter
1005 2638 1264 2709 ejusdem
1283 2638 1532 2693 scientia:
1556 2640 1730 2691 secta-

118 2734 267 2786 tores
290 2747 418 2785 non
451 2732 537 2783 est
565 2744 767 2799 expers
790 2727 1045 2781 muneris
1062 2743 1176 2799 quo
1188 2727 1293 2782 sibi
1325 2727 1486 2782 illicit
1511 2730 1732 2781 amato-

112 2837 190 2875 res
224 2818 514 2874 veritatis.
550 2814 1084 2883 Unde,venerabilis
1115 2814 1730 2887 pater,ﬂoccipendens

110 2909 465 2963 aemulorum
479 2903 979 2970 vesaniam,instar
990 2903 1463 2957 commcntatoris
1484 2902 1729 2957 scribere

109 2996 337 3051 decrevi
389 2992 609 3064 aliquid
637 2996 867 3063 gratum
896 2991 1117 3059 amicis,
1151 2992 1285 3046 utile
1328 2990 1569 3061 posteris
1614 3007 1727 3062 quo

110 3082 617 3138 communicatum
656 3083 712 3134 te
772 3096 891 3134 esse
939 3080 1111 3145 volui,
1164 3096 1360 3151 quem,
1421 3082 1726 3150 postquam

113 3172 295 3226 semel
337 3169 608 3241 cognovi,
644 3184 877 3240 semper
917 3168 975 3222 in
1009 3168 1280 3222 omnibus
1311 3167 1404 3238 pio
1438 3183 1635 3221 amore
1672 3169 1729 3221 et
1760 3191 1806 3250 ρ

115 3260 295 3331 diligo
328 3263 390 3313 et
420 3257 611 3313 dilexi.
649 3258 760 3311 Nec
794 3257 972 3328 pudet
1000 3258 1055 3310 te
1081 3256 1295 3310 habere
1319 3255 1574 3327 judicem
1598 3272 1728 3327 pro-

117 3349 319 3418 posita:
353 3346 713 3419 quaestionis,
747 3361 919 3417 quem
940 3345 1490 3415 commendatlepor
1520 3344 1724 3399 dulcis-

120 3437 283 3491 sima:
343 3433 718 3499 aﬂ'abilitatis,
770 3438 832 3487 ut
902 3437 1041 3505 puta
1098 3434 1351 3505 antiquae
1410 3432 1727 3487 nobilitatis

123 3527 420 3595 comptum
453 3521 742 3594 prosapia,
763 3538 893 3576 cum
915 3522 1244 3594 eloquentia
1260 3536 1435 3592 quam
1464 3524 1727 3575 venustat

122 3612 393 3683 frequens
420 3616 479 3665 et
524 3610 758 3664 humilis
789 3609 1087 3681 sapientia;
1119 3610 1267 3663 hanc
1294 3608 1570 3662 nimirum
1600 3609 1726 3679 plus

125 3699 282 3754 solito
316 3702 590 3771 expertus
620 3713 749 3751 sum
781 3698 1191 3768 compendiosa
1218 3697 1584 3763 itinere,cum
1624 3712 1724 3767 pa-

125 3787 260 3841 riter
288 3802 730 3853 remorarentur
759 3788 879 3839 tam
907 3785 963 3839 in
1000 3790 1196 3841 nostro
1233 3801 1405 3856 quam
1430 3785 1489 3838 in
1533 3785 1725 3839 Sancti

126 3876 214 3929 Dei
250 3875 628 3941 monasterio,
654 3874 752 3929 ubi
798 3874 1034 3946 quidam
1061 3891 1127 3928 ex
1182 3874 1456 3928 fratribus
1505 3874 1724 3941 vestris,

126 3968 180 4017 ut
208 3964 349 4018 mihi
392 3963 574 4017 visum
618 3963 748 4025 fuit,
801 3962 941 4016 saris
994 3963 1328 4027 benevolos,
1388 3965 1640 4017 attentus
1670 3966 1727 4017 et.

129 4051 338 4119 docilis,
372 4051 667 4124 requisivit
694 4051 764 4105 de
788 4051 1131 4122 repetitione
1148 4051 1424 4105 similium
1459 4068 1725 4106 numero-

127 4157 246 4195 rum
279 4140 375 4213 qui
403 4141 693 4194 habentur
726 4138 1083 4210 frequentius
1114 4140 1172 4193 in
1212 4139 1726 4195 canonibusEvan-

129 4230 428 4298 geliorum.
459 4229 644 4292 Quam
663 4228 1042 4300 quaestionem
1061 4228 1418 4299 expediendo
1438 4228 1489 4281 ei
1521 4229 1592 4283 ad
1610 4228 1725 4299 ple-

129 4333 257 4372 num
289 4318 623 4372 satisfacere
669 4315 923 4386 nequivi,
955 4316 1168 4387 partim
1204 4317 1277 4371 ob
1326 4315 1721 4371 difficultatem

133 4404 226 4468 sui,
257 4407 468 4477 partim
501 4404 636 4476 quia
667 4418 774 4457 nec
797 4404 955 4457 locus
998 4419 1104 4458 nec
1145 4407 1374 4475 tempus
1404 4403 1727 4459 sufficiebat

134 4499 350 4561 negotio
383 4492 740 4565 hujusmodi;
763 4508 914 4545 nunc
943 4508 1099 4559 vero,
1120 4493 1481 4548 occasionem
1505 4495 1723 4561 nactus,
1753 4497 1805 4556 D

122 4583 408 4654 explicabo
421 4581 722 4653 quomodo
742 4595 800 4633 se
813 4579 1022 4635 habeat
1033 4581 1334 4653 congeries
1348 4598 1725 4636 numerorum

116 4667 173 4723 in
206 4670 494 4741 praedictis
525 4667 868 4733 canonibus,
900 4668 1157 4740 exposita
1182 4668 1338 4739 prius
1371 4667 1596 4723 ratione
1613 4686 1726 4741 qua

110 4758 174 4811 in
211 4759 448 4831 singulis
477 4755 924 4827 Evangeliorum
953 4755 1256 4810 librissunt
1275 4754 1727 4827 tripliciterpres-

108 4848 210 4899 fixi
248 4846 504 4914 numeri,
559 4860 813 4917 quorum
859 4843 953 4897 alii
1005 4844 1275 4915 capitula,
1309 4844 1402 4898 alii
1433 4860 1597 4911 aaras,
1629 4846 1724 4900 alii

116 4933 546 4991 subnotationes
570 4930 903 5001 designant,
921 4947 1048 4985 com
1060 4948 1263 4985 munes
1278 4932 1491 4986 scilicet
1516 4936 1574 4986 et
1590 4948 1722 5004 pro-

136 5022 283 5093 prias,
304 5028 362 5080 et
380 5023 635 5095 capitula
649 5019 887 5092 quidem
915 5037 1017 5075 nec
1050 5038 1167 5075 non
1185 5038 1315 5075 aera:
1343 5038 1406 5075 ex
1425 5021 1723 5076 miniolioc

136 5110 372 5169 Videntur
397 5113 660 5177 ditferre,
699 5108 855 5181 quod
887 5110 1135 5182 capitula
1178 5110 1579 5181 exprimuntur
1604 5128 1725 5167 ma-

130 5193 229 5261 jore
251 5204 895 5266 eharactere,aertevero
927 5214 1207 5269 nusquam
1248 5198 1552 5253 denarium
1566 5215 1723 5254 exce-

137 5282 274 5354 dunt,
297 5308 399 5345 nec
430 5290 586 5344 infra
609 5284 917 5340 denarium
947 5302 1012 5339 ex
1045 5286 1249 5341 ordine
1287 5303 1345 5340 se
1378 5292 1717 5358 sequuntur,

136 5372 215 5434 nisi
227 5380 550 5450 contingat.
578 5374 1031 5430 Subnotationes
1055 5390 1285 5446 quoque
1304 5391 1369 5428 ex
1391 5378 1717 5431 atramento

133 5457 178 5514 ίιι
200 5468 433 5541 singulis
459 5461 835 5534 evangelistis
853 5464 924 5516 ab
946 5479 1057 5517 uno
1077 5463 1378 5534 incipiunt,
1404 5467 1460 5517 et
1491 5464 1548 5517 in
1573 5466 1717 5518 mul-

133 5547 229 5612 l‘dm
256 5557 653 5629 pluralitatem
680 5550 880 5622 primae
901 5552 985 5605 vel
1012 5552 1144 5605 solae
1172 5550 1571 5606 ordinabiliter
1596 5553 1720 5622 lege

130 5647 333 5701 numeri
366 5642 745 5699 excrescunt:
782 5639 936 5709 quod
964 5639 1183 5694 facilius
1218 5639 1535 5693 intellectui
1570 5641 1724 5708 pate-

126 5719 265 5801 l)it,si
284 5731 442 5805 quod
467 5726 879 5784 faciendumin
907 5727 1160 5799 reliquis,
1190 5727 1356 5781 unius
1387 5725 1724 5797 evangelitaa

130 5818 411 5878 adnotatio
454 5814 749 5887 descripta
783 5830 886 5885 pro
917 5816 1179 5888 exemplo
1212 5815 1302 5870 sit.
1338 5814 1483 5870 Sunt
1534 5813 1726 5887 itaque

610 5914 844 5968 Pnaos.
881 5911 1131 5970 CXXXIX.

1842 678 2279 737 subnotationes
2303 696 2482 747 ccccv,
2510 678 2714 752 quibus
2730 677 2965 752 singulis
2993 681 3216 752 adjecta
3241 685 3325 737 est
3355 698 3457 739 sua

1842 770 1988 835 sera,
2048 786 2114 823 ex
2171 786 2285 841 qua
2330 772 2711 840 cognoscatur
2768 769 2825 823 in
2883 784 2996 841 quo
3047 786 3273 825 canone
3328 771 3452 842 ipsa

1842 857 2171 911 subnotatio
2199 857 2542 928 reperiatur.
2563 858 2632 912 Ut
2666 860 2861 912 autem
2903 857 3101 912 decem
3132 858 3245 912 sint
3275 876 3448 915 cano-

1844 962 1945 999 nes
1975 950 2033 1000 et
2068 962 2184 1000 non
2207 945 2473 1017 amplius,
2506 946 2564 1000 in
2593 946 2797 1018 quibus
2827 948 3191 1017 evangelista:
3217 948 3322 1001 sibi
3354 966 3456 1004 no-

1842 1032 1959 1086 vies
1988 1036 2217 1087 tantum
2249 1034 2652 1101 conferuntur,
2702 1034 2840 1090 illud
2888 1035 3025 1090 facit
3051 1036 3206 1107 quod
3236 1037 3453 1092 Marcus

1842 1122 1989 1175 hanc
2015 1122 2427 1193 proprietatem
2455 1124 3150 1195 servatcumloanne,qua
3165 1142 3448 1197 nusquam

1840 1210 1890 1262 ei
1921 1209 2024 1263 soli
2051 1210 2191 1263 solvi
2222 1212 2527 1266 consentit.
2564 1211 2672 1265 Nec
2715 1212 2905 1266 eidem
2950 1228 3080 1265 cum
3109 1214 3313 1279 altero,
3343 1215 3450 1269 nisi

1839 1313 1969 1351 cum
2001 1297 2300 1353 Matthmo:
2336 1316 2472 1353 nam
2504 1299 2914 1371 iuterquatuor
2940 1300 2985 1354 si
3017 1302 3325 1357 concordia
3353 1304 3447 1371 sit,

1839 1401 1983 1439 unus
2036 1386 2242 1440 modus
2295 1386 2510 1455 existit;
2562 1388 2708 1441 alter
2752 1404 2884 1441 vero
2925 1387 2970 1442 si
3019 1388 3449 1461 discrepaverit.

1838 1478 2087 1545 quatuor
2108 1475 2265 1529 modi
2285 1474 2655 1530 inveniuntur
2679 1493 2691 1531 :
2727 1477 2771 1530 si
2799 1494 2945 1532 unus
2971 1479 3452 1550 quilibetduobus

1838 1563 2191 1629 conferatur,
2225 1581 2317 1617 sex
2351 1564 2423 1618 ad
2454 1568 2778 1620 extremum
2824 1570 3017 1633 erunt,
3055 1567 3098 1621 si
3148 1568 3221 1621 ad
3252 1568 3450 1624 simili-

1836 1650 2099 1705 tudinem
2159 1653 2586 1707 monomachia)
2648 1671 2796 1708 unus
2863 1655 3095 1727 reliquis
3153 1657 3446 1726 sigillatim

1837 1739 2204 1811 respondeat.
2239 1739 2526 1795 Caeterum
2545 1742 2652 1795 hoc
2685 1741 2741 1796 in
2774 1742 2990 1797 eisdem
3022 1744 3339 1800 canonibus
3368 1749 3453 1800 est

1836 1828 2445 1895 animadvertendum,
2502 1830 2659 1900 quod
2692 1830 3316 1900 distinguunturlineis
3359 1834 3444 1889 di-

1764 1902 1813 1960 B
1837 1915 2006 1969 rectis
2036 1931 2069 1969 a
2099 1915 2330 1970 sinislra
2367 1916 2425 1970 in
2476 1916 2774 1971 dexteram
2822 1919 3082 1988 legentis,
3127 1920 3278 1974 inter
3306 1939 3447 1992 quas

1839 2020 2017 2075 usque
2073 2004 2143 2058 ad
2175 2004 2352 2059 finem
2383 2004 2637 2076 quinque
2674 2007 3117 2060 subnotationes
3170 2009 3334 2075 fiunt,
3369 2010 3439 2064 de

1838 2092 2074 2163 singulis
2109 2091 2373 2146 videlicet
2398 2092 2760 2163 evangelistis
2788 2094 2884 2165 qui
2930 2098 3065 2148 sunt
3094 2094 3352 2166 dispositi
3384 2097 3443 2151 in

1834 2182 2019 2252 capite
2049 2180 2493 2252 uniuscujusque
2524 2182 2781 2236 canonis.
2842 2184 2996 2236 Inter
3024 2182 3238 2253 primas
3277 2184 3453 2254 igitur

1832 2269 2014 2323 lineas
2041 2268 2213 2341 primi
2233 2269 2470 2324 canonis
2495 2274 2626 2324 sunt
2650 2270 3087 2325 subnotationes
3110 2288 3200 2337 xx,
3234 2289 3299 2327 ex
3320 2273 3444 2344 qui-

1831 2358 1936 2411 bus
1964 2358 2106 2412 nihil
2159 2357 2375 2429 ingerit
2404 2358 2713 2413 dubietatis
2744 2359 2837 2412 ille
2869 2358 3010 2415 ordo
3038 2360 3094 2414 in
3148 2378 3263 2432 quo
3308 2363 3443 2417 scri-

1832 2447 2047 2501 buntur
2065 2446 2216 2519 apud
2254 2447 2583 2501 Malthwum
2614 2463 2709 2513 vn,
2743 2448 2895 2517 apud
2925 2449 3175 2504 Marcum
3197 2467 3258 2515 ιι,
3285 2451 3437 2522 apud

1834 2538 2044 2592 Lucam
2078 2554 2174 2605 vn,
2208 2537 2358 2609 apud
2385 2539 2685 2592 'Joannem
2720 2556 2772 2593 Χ.
2810 2540 2888 2593 De
2921 2539 3153 2611 reliquis
3200 2542 3440 2612 quaestio

1834 2628 1941 2690 est,
1973 2640 2149 2696 quam
2182 2624 2313 2679 illuc
2344 2625 2500 2693 facit,
2547 2627 2701 2698 quod
2729 2628 2978 2681 Joannes
3020 2628 3265 2700 sparsim
3295 2630 3434 2684 scri-

1832 2713 1943 2783 psit
1970 2712 2027 2766 in
2062 2712 2293 2767 diversis
2324 2714 2461 2768 locis
2499 2731 2567 2769 ea
2607 2731 2733 2786 qua:
2766 2715 2859 2769 alii
2892 2716 3229 2787 colligentes
3258 2720 3436 2774 semel

1830 2800 2094 2855 dixerunt
2121 2800 2330 2871 singuli
2362 2800 2422 2855 in
2451 2802 2566 2856 suis
2603 2804 2907 2875 opusculis.
2959 2805 3217 2876 Exempli
3246 2807 3434 2877 gratia

1829 2889 2211 2960 disponantur
2240 2891 2723 2962 evangelistarum
2746 2894 2919 2947 verba
2945 2897 3149 2949 utsunt
3178 2894 3235 2949 in
3254 2897 3436 2962 textu,

1829 2978 2063 3051 propria
2092 2993 2226 3032 cum
2255 2980 2665 3035 subnotatione
2688 2981 2928 3037 diversa.

2060 3136 2116 3174 ³⁸
2245 3146 2362 3222 Ego
2389 3147 2624 3222 quidem
2664 3149 2889 3222 baptizo
2919 3165 3016 3203 vos
3073 3150 3133 3205 in
3181 3168 3331 3222 aqua
3374 3152 3433 3208 in

2171 3216 2706 3291 pmnitentiammui
2734 3216 2926 3274 autem
2965 3225 3093 3291 post
3110 3238 3202 3276 me
3234 3216 3437 3278 ventu-

2035 3278 2116 3316 ¹¹¹¹
2171 3278 2265 3361 rus
2306 3290 2411 3353 est,
2444 3278 2650 3343 fortior
2698 3307 2791 3344 me
2816 3294 2919 3356 est,
2957 3278 3117 3361 cujus
3148 3310 3264 3347 non
3306 3311 3433 3348 sum

2173 3356 2815 3444 digiins‘ealcea‘m.en_ta
2862 3356 3296 3444 portarehipse
3344 3381 3441 3419 vos

2081 3419 2115 3457 Χ
2168 3419 2557 3497 baptizabitin
2590 3429 2804 3500 Spiritu
2826 3419 3023 3486 sancto
3053 3419 3121 3486 et,
3142 3419 3284 3504 igiii.

2056 3559 2112 3596 Vl

2239 3659 2305 3712 Et
2338 3659 2732 3729 erathoannes
2750 3658 2981 3713 vestitus
3006 3660 3131 3729 pilis
3153 3663 3356 3717 cameli
3378 3667 3433 3718 et

2167 3745 2310 3783 zona
2355 3728 2595 3799 pellicea
2652 3729 2801 3783 circa
2838 3728 3066 3784 lumbos
3094 3731 3298 3800 ejus,et
3348 3734 3433 3788 lo-

2168 3804 2351 3853 custas
2369 3802 2425 3853 el
2457 3800 2569 3853 mel
2590 3800 2857 3922 splvestre
2874 3800 3099 3866 edebat,
3122 3805 3179 3855 et
3214 3803 3427 3872 praedi-

2168 3872 2334 3922 cabat
2350 3870 2579 3922 dicens:
2660 3870 3002 3922 enitfortior
3038 3889 3129 3922 me
3152 3877 3282 3922 nosl
3313 3891 3427 3922 me-

2166 3872 2334 3924 cabat
2350 3870 2579 3924 dicens:
2614 3870 3002 3941 Venitfortior
3038 3889 3129 3925 me
3152 3870 3282 3941 post
3313 3891 3430 3941 me,

2166 3941 2325 4011 cujus
2357 3958 2472 3996 non
2503 3958 2630 3996 sum
2663 3940 2869 4012 dignus
2899 3940 3288 4013 procumbens
3316 3940 3429 4001 solé

2168 4029 2319 4086 vere;
2347 4012 2655 4086 corrigiam
2714 4012 3249 4086 calceamentorum
3275 4016 3424 4086 ejus:

2167 4100 2275 4156 ego
2308 4083 2587 4156 baptizavi
2615 4100 2719 4156 vos
2753 4083 2811 4156 in
2841 4101 3010 4155 aqua,
3045 4083 3432 4143 ille'vero'ba-

2168 4154 2401 4227 ptizﬁabit
2422 4171 2519 4227 vos
2539 4154 2597 4209 in
2628 4154 2847 4227 Spiritui
2869 4154 3086 4227 sancto.

2084 4266 2120 4307 κ
2170 4225 2183 4227 ⁷
2242 4226 2357 4307 ligo
2389 4225 2623 4307 quidem
2657 4225 3062 4307 aquaObaptizo
3102 4244 3219 4293 vos,
3246 4229 3439 4307 veniet

2169 4300 2363 4350 autem
2395 4296 2599 4351 fertior
2620 4296 2894 4422 mecuiius
2920 4313 3036 4351 non
3063 4316 3191 4353 sum
3228 4300 3436 4370 dignus

2169 4367 2384 4421 solvere
2415 4366 2723 4422 corrigiam
2738 4384 2803 4421 ca
2827 4373 3263 4422 ceamentorum
3288 4372 3430 4422 eius-

2167 4367 2384 4447 solvere
2415 4366 2723 4448 corrigiam
2737 4366 3263 4448 calceamentorum
3288 4366 3336 4442 ὃ]
3348 4389 3430 4437 us,

2168 4436 2286 4520 ipse
2315 4454 2413 4491 vos
2443 4436 2753 4511 baptizabit
2782 4438 2840 4493 in
2900 4438 3113 4511 Spiritu
3145 4436 3340 4498 sancto
3375 4436 3436 4497 et

2030 3701 2113 3740 ιιιι

2060 3845 2115 3881 XI

2040 4127 2116 4164 Xll

1827 3068 1866 3105 τ

1828 3122 1875 3175 Μ

1830 3208 1863 3245 n

1825 3262 1874 3316 Μ

1828 3350 1863 3387 ν

1829 3404 1868 3458 L

1826 3491 1863 3529 ο

1827 3547 1847 3599 l

1828 3632 1863 3669 ιι

1826 3687 1874 3741 Μ

1825 3775 1863 3811 τ

1825 3829 1874 3883 Μ

1831 3917 1865 3952 v

1827 3970 1866 4023 L

1827 4057 1862 4096 ο

1827 4113 1846 4166 ι

1825 4200 1861 4236 v

1825 4255 1847 4307 l

1825 4341 1864 4378 τ

1824 4396 1873 4449 Μ

2064 4411 2118 4447 XI

1829 4483 1865 4519 ιι

1826 4537 1875 4591 Μ
2031 4552 2116 4591 un
2167 4523 2309 4578 Ἕω·

1827 4623 1864 4663 ο

1825 4679 1845 4730 1
1991 4694 2116 4732 xm!

1824 4766 1861 4805 ο
2234 4749 2483 4823 Joannes
2501 4751 2901 4823 testimonium
2916 4752 3181 4823 perhibet
3208 4753 3436 4823 deipso,

1825 4822 1847 4875 l
2057 4836 2115 4875 vi
2166 4822 2224 4874 et
2250 4820 2505 4892 Aclamat,
2539 4821 2735 4877 dicens
2767 4840 2779 4877 ε
2812 4820 2928 4875 llic‘
2954 4826 3077 4876 erat
3104 4838 3278 4892 quem
3312 4820 3436 4879 'dixi

1826 4907 1865 4946 τ
2166 4890 2262 4961 qui
2293 4895 2422 4961 post
2443 4909 2534 4946 me
2555 4897 2827 4948 venturus
2848 4894 2952 4959 est,
2978 4890 3229 4948 ante—me
3252 4892 3433 4948 factus

1826 4964 1873 5018 Μ
2058 4979 2114 5017 x1
2168 4965 2269 5015 est:
2302 4963 2460 5032 prior
2490 4980 2583 5019 me
2611 4969 2754 5019 erat.

1826 5052 1863 5089 ιι

1823 5107 1872 5161 Μ
2033 5119 2119 5160 nn

1823 5195 1857 5232 V

1824 5250 1863 5304 L
2086 5265 2118 5300 χ

1820 5338 1857 5411 ξ)
2240 5344 2356 5411 Ego
2386 5340 2609 5411 baptizo
2659 5340 2716 5393 in
2748 5356 2916 5410 aqua,
2970 5343 3192 5398 medius
3238 5347 3432 5400 autem

1819 5393 1859 5514 ξι.
2039 5404 2116 5442 x"
2169 5393 2417 5467 vestitum
2462 5393 2619 5464 'stetit
2640 5393 2818 5482 queui
2843 5393 2940 5464 vos
2960 5428 3077 5468 non
3111 5414 3279 5470 scitis.

1820 5532 1869 5586 Μ
2059 5544 2116 5581 x1

1830 5619 1865 5654 R
1975 5650 1981 5656 .

1823 5673 1873 5727 Μ
2032 5684 2117 5722 nu

1826 5760 1863 5797 V

1824 5814 1869 5869 L
2083 5825 2121 5863 χ

3014 5908 3077 5963 14
