3882 6222
420 420 453 484 4

459 424 523 481 '27

590 630 713 673 xu"
838 642 938 715 Hic
970 642 1145 715 estde
1167 659 1279 715 quo
1306 642 1420 698 dixi
1452 645 1644 715 :Post
1663 661 1757 699 me
1780 643 2038 699 venitvir

768 714 865 785 qui
892 717 1025 768 ante
1047 714 1228 786 factus
1254 719 1358 778 est,
1391 714 1526 786 quia
1563 714 1723 786 prior
1755 732 1848 769 me
1892 718 2035 782 erat,

767 784 825 839 et
846 801 954 856 ego
976 784 1305 839 nesciebam
1322 784 1480 852 eum,
1501 784 1601 839 sed
1620 788 1682 838 ut
1702 786 2036 856 manifeste-

768 860 862 929 tur
886 856 1077 929 Israel,
1111 858 1426 928 propterea
1471 856 1600 911 veni
1632 871 1739 927 ego
1783 855 1841 911 in
1889 873 2038 929 aqua

634 917 714 956 ¹¹¹¹
764 917 1079 999 baptisans.

657 776 713 813 Χῐ

679 1060 717 1096 Χ

842 1140 951 1213 ipsi
982 1157 1095 1213 Avos
1130 1139 1697 1213 mibirtestimonium
1730 1142 2041 1213 perhibetis

772 1200 928 1283 quod
964 1211 1246 1283 dixerim:
1281 1212 1399 1282 Ego
1451 1200 1747 1283 non'snm‘
1789 1213 2039 1271 Christus

774 1280 873 1338 s'ed
899 1281 994 1355 qui
1017 1282 1221 1337 missus
1250 1280 1375 1338 sum
1409 1286 1543 1337 ante
1572 1280 1754 1337 illum.

530 1200 718 1240 XXVIII

666 1342 721 1380 XI

638 1482 723 1524 IIII

419 562 456 605 0

419 619 461 675 L

417 707 457 745 τ

415 761 466 816 Μ

418 850 457 886 ν.

416 902 467 957 Μ

419 990 457 1027 v

423 1044 462 1098 Ι,

420 1132 458 1169 ο

420 1188 442 1240 Ι

417 1274 455 1311 v

418 1329 467 1382 lli

415 1414 455 1455 ιι

415 1470 466 1523 Μ

417 1557 456 1594 ν

420 1612 460 1669 Ισ

688 1626 723 1665 Χ

491 1790 588 1846 His
618 1789 698 1845 ita
724 1786 1057 1861 praemissis,
1104 1788 1326 1844 sobrius
1355 1791 1537 1846 lector
1591 1790 1865 1865 intelligit
1900 1792 2037 1865 quia

1456 415 1510 479 S.
1542 417 1836 479 ABBONIS
1865 420 2151 480 ABBATIS
2182 418 2674 484 FLORIACENSIS

2054 550 2109 609 Α
2131 545 2284 618 apud
2305 545 2590 604 Joannem
2613 550 2745 622 post
2776 545 3061 607 decimam
3093 546 3360 624 quartam
3413 544 3704 620 invenitur;

3614 428 3698 492 £28

2139 636 2493 707 reliquorum
2516 654 2650 693 vero
2678 638 2869 695 eidem
2894 638 3081 712 primo
3111 640 3584 696 consentientium
3601 659 3707 714 pro-

2133 728 2262 795 pter
2289 727 2662 783 concordiam
2692 727 3000 799 aliquando
3025 729 3403 799 transgressio
3427 729 3487 782 fit
3510 746 3524 797 ;
3551 730 3591 784 si
3614 749 3708 803 qua

2136 829 2272 868 sane
2303 831 2362 868 1n
2414 816 2620 871 talibus
2650 815 2935 872 dubitatio
2986 816 3208 884 incidit,
3247 820 3562 872 assumatur
3609 836 3707 890 prie

2138 903 2406 958 manibus
2436 905 2506 959 de
2531 921 2817 961 consensu
2851 905 3348 978 Evangelistarum
3380 906 3522 961 liber
3545 910 3709 979 Augu-

2138 990 2270 1047 stini
2288 992 2552 1048 omnium
2568 994 3078 1050 ecclesiasticarum
3097 993 3482 1066 quastionum
3493 995 3709 1067 singula-

2137 1078 2280 1135 riter
2290 1081 2666 1137 subtilisssimi
2679 1081 3544 1155 expositoris;postAmmonium
3555 1083 3710 1152 enim,

2141 1168 2237 1241 qui
2270 1169 2339 1225 de
2370 1173 2616 1241 quatuor
2636 1170 2956 1242 Evangeliis
2980 1171 3119 1225 fecit
3146 1187 3352 1238 unum,
3384 1171 3460 1225 ad
3483 1170 3714 1228 similitu-

2141 1256 2340 1313 dinem
2368 1258 2496 1313 libri
2546 1257 2644 1330 qui
2689 1258 2895 1314 dicitur
2949 1257 3249 1314 Concordia
3280 1259 3604 1329 regularum,
3632 1261 3708 1315 hic

2139 1346 2489 1418 Augustinus
2518 1364 2722 1403 omnes
2749 1347 3096 1403 dubitabiles
3127 1346 3712 1420 propositionesEvan-

2141 1436 2427 1507 geliorum
2459 1435 3023 1508 decerpsit,atquein
3061 1452 3177 1490 uno
3198 1435 3395 1490 codice
3430 1435 3711 1504 ordinavit,

2142 1540 2456 1597 earumque
2481 1523 2810 1580 obscuritati
2837 1524 3151 1579 maximam
3168 1524 3717 1580 luceminfudit.Post

2142 1613 2413 1668 eumdem
2445 1630 2675 1685 quoque
2704 1612 3080 1668 Ammonium
3095 1612 3367 1667 Eusebius
3390 1612 3716 1668 Caesariensis

2140 1700 2837 1772 librosEvangeliorumut
2856 1700 3089 1756 fueraht
3113 1716 3428 1755 remanere
3459 1700 3712 1771 permisit,

2139 1791 2197 1843 et
2222 1804 2425 1843 eorum
2442 1789 2813 1843 concordiam
2831 1804 3212 1843 numerorum
3227 1788 3460 1844 ratione
3475 1787 3715 1855 distinxit,

424 1879 676 1935 Joannes
696 1893 848 1932 nunc
878 1876 972 1931 hic
999 1892 1151 1932 nunc
1184 1876 1297 1933 illic
1328 1878 1518 1950 tetigit
1546 1880 1701 1952 quod
1738 1881 2036 1936 Matthmus
2059 1866 2112 1926 Β
2138 1893 2313 1948 quam
2346 1877 2787 1948 Evangeliorum
2817 1893 3067 1932 canones
3089 1876 3438 1948 appellavit;
3473 1892 3635 1948 quem
3652 1893 3720 1930 se-

421 1981 479 2022 et
508 1967 603 2022 alii
629 1967 989 2036 collegerunt
1014 1964 1071 2019 in
1114 1965 1321 2021 ordine
1356 1966 1525 2022 unius
1547 1985 1662 2023 sum
1679 1970 2032 2025 subnotatio-

420 2056 535 2112 nis:
569 2056 925 2127 quapropter
952 2052 1011 2107 in
1043 2052 1549 2124 ejusdemJoannis
1581 2057 1885 2128 Evangelio
1908 2060 2036 2130 post

422 2143 676 2216 primam
700 2140 1173 2197 subnotationem
1207 2146 1411 2215 quater
1442 2148 1529 2199 est
1561 2144 1714 2199 facta
1758 2144 2035 2200 similium

426 2247 808 2289 numerorum
845 2228 1141 2301 repetitio:
1163 2230 1448 2303 siquidem
1471 2232 1542 2287 de
1560 2233 1680 2288 viro
1708 2237 1950 2289 venturo
1976 2237 2035 2289 et

427 2322 498 2377 de
524 2320 814 2394 baptismo
843 2317 1101 2385 Joannis,
1134 2318 1231 2373 ubi
1261 2319 1353 2373 ille
1384 2320 1631 2375 alterum
1658 2321 1875 2388 retulit,
1895 2323 2035 2377 alte-

430 2426 561 2465 rum
596 2408 860 2474 reticuit;
886 2408 943 2461 et
964 2421 1157 2460 rursus
1175 2405 1309 2460 alibi
1341 2409 1651 2481 utrumque
1685 2408 1855 2464 simul
1876 2409 2036 2475 dixit;

430 2498 503 2552 ad
530 2496 802 2551 ultimum
833 2494 904 2549 de
924 2493 1199 2564 prmdicto
1213 2493 1333 2549 viro
1348 2497 1590 2551 venturo
1608 2497 2039 2569 repetiit,quem

435 2582 729 2639 Christum
752 2581 992 2636 vocavit.
1014 2580 1436 2651 Perspiciamus
1452 2582 1644 2655 itaque
1675 2584 1847 2655 primi
1874 2602 2042 2640 cano-

444 2672 534 2727 nis
565 2670 955 2741 initium.post
987 2670 1134 2724 hanc
1162 2686 1338 2724 unam
1370 2672 1732 2727 corcordiam
1771 2673 2040 2728 omnium

444 2756 954 2831 evangelistarum,
1009 2756 1265 2829 Denique
1316 2760 1446 2829 post
1474 2760 1785 2815 secundam
1828 2762 2040 2816 lineam

438 2849 689 2904 Joannes
705 2862 885 2901 unam
905 2845 1376 2901 subnotationem
1389 2846 1560 2902 tertio
1582 2848 2043 2921 repetiit,reliqui

447 2937 735 2993 secundo:
788 2937 918 3008 post
940 2932 1173 2989 tertiam
1212 2951 1442 3007 quoque
1490 2935 1702 2991 lineam
1737 2936 1893 2992 idem
1924 2936 2044 3008 ipse

434 3029 684 3083 Joannes
700 3023 1006 3097 quinqueis
1022 3022 1278 3091 variavit,
1301 3023 1456 3096 quod
1476 3024 1720 3079 alioer
1745 3026 2043 3097 unusquis-

2136 1968 2298 2019 cutus
2318 1964 2696 2036 Hieronymus
2709 1964 2914 2019 divinae
2936 1964 3375 2036 legisinterpres
3396 1969 3459 2019 et
3475 1964 3544 2020 de
3559 1980 3717 2035 graeco

2134 2052 2267 2107 fecit
2293 2069 2412 2107 esse
2428 2052 3247 2125 latinum,atque,eorumdem
3261 2069 3558 2108 canonum
3582 2052 3712 2107 ordi-

2135 2141 2292 2196 natio
2323 2141 2958 2213 qualiterintelligenda
2985 2142 3077 2209 sit,
3096 2141 3177 2196 ita
3192 2141 3425 2215 scripsit
3446 2141 3520 2195 ad
3538 2142 3720 2195 Dama-

2135 2246 2261 2283 sum
2290 2246 2302 2283 :
2341 2229 2627 2284 Sciendum
2657 2236 2750 2296 est,
2784 2229 3074 2303 inquiens,
3102 2247 3166 2283 ne
3218 2232 3335 2301 quis
3366 2232 3619 2300 ignarum
3668 2244 3718 2281 ex

2136 2317 2484 2373 similitudine
2512 2335 2856 2398 numerorum
2879 2334 3027 2372 error
3055 2317 3315 2385 involvat,
3349 2318 3520 2389 quod,
3545 2319 3667 2372 sicut
3681 2318 3725 2369 in

2139 2407 2511 2461 subnotatione
2527 2424 2791 2460 canonum
2813 2406 3269 2467 distinctorum,in
3287 2422 3500 2460 canone
3526 2404 3726 2476 quolibet

2142 2502 2243 2549 tres
2265 2495 2600 2565 evangelista.v
2629 2495 2704 2549 bis
2724 2495 2806 2549 vel
2834 2501 2931 2561 ter,
2973 2494 3059 2547 vel
3084 2501 3272 2566 quater
3295 2500 3396 2548 aut
3449 2496 3606 2549 etiam
3632 2510 3727 2546 am-

2131 2583 2280 2655 plius
2305 2583 2545 2638 eumdem
2565 2599 2844 2637 numerum
2861 2598 2966 2654 per
2986 2581 3229 2637 ordinem
3249 2583 3561 2638 habuerunt
3588 2581 3729 2634 adno-

2143 2679 2331 2739 tatum,
2379 2676 2426 2726 et
2455 2678 2681 2743 quartus
2718 2689 2744 2725 e
2795 2674 3064 2725 contrario
3117 2671 3498 2742 discrepantes,
3532 2669 3661 2742 quod
3685 2667 3730 2724 id

2141 2759 2283 2832 quod
2312 2766 2417 2815 tres
2448 2759 2530 2813 illi
2553 2761 2610 2814 in
2638 2777 2696 2814 eo
2726 2760 2834 2813 loco
2858 2761 3019 2813 semel
3044 2760 3298 2825 dixerint,
3329 2766 3567 2831 quartus
3596 2760 3724 2812 toties

2143 2848 2205 2902 in
2248 2864 2462 2919 corpore
2493 2847 2775 2904 voluminis
2802 2849 2888 2902 sui
2917 2853 3109 2919 ponat,
3160 2848 3364 2919 quoties
3426 2847 3617 2901 diversi
3651 2862 3733 2899 nu-

2144 2937 2278 2989 meri
2306 2938 2361 2990 in
2390 2937 2501 3005 ejus
2530 2953 2727 2990 canone
2775 2937 2937 3006 positi
2961 2942 3107 3003 sunt,
3139 2942 3326 2990 contra
3364 2936 3734 3006 pradictorum

2146 3041 2486 3078 numerorum
2516 3026 2856 3078 continuatus
2882 3024 3279 3079 similitudines.
3321 3022 3470 3078 Item
3500 3025 3549 3077 si
3574 3025 3626 3076 in
3645 3037 3727 3075 una

441 3131 553 3188 que
585 3113 766 3168 semel
790 3128 892 3167 suo
930 3112 1054 3167 loco
1077 3110 1354 3182 exposuit.
1394 3112 1522 3166 Haec
1542 3112 1690 3168 ratio
1712 3113 2046 3168 observatur
2070 3144 2119 3205 Ο
2145 3112 2369 3185 quolibet
2399 3129 2581 3167 eorum
2611 3118 2708 3167 aut
2749 3114 2912 3166 etiam
2940 3112 3164 3178 duobus,
3222 3112 3425 3166 ibidem
3472 3113 3530 3165 in
3559 3125 3733 3164 canone

440 3202 499 3258 in
524 3202 669 3271 aliis,
698 3199 795 3272 qui
824 3203 956 3254 sunt
981 3199 1038 3254 in
1060 3200 1388 3269 collatione,
1426 3200 1761 3255 canonibus.
1793 3202 1906 3256 Nec
1936 3202 2046 3257 hoc

439 3290 724 3346 silendum
751 3290 836 3343 est
861 3286 1016 3360 quod
1037 3302 1153 3341 una
1172 3290 1230 3341 et
1245 3287 1481 3360 aequalis
1494 3288 1819 3361 progressio
1838 3290 1904 3343 fit
1920 3291 2048 3345 sub-

440 3377 831 3434 notationum:
846 3375 1016 3431 sedin
1034 3374 1349 3431 canonibus
1364 3393 1612 3431 numero
1633 3378 1950 3450 aliquando
1967 3379 2051 3432 in-

441 3466 727 3533 termisso,
758 3466 819 3519 in
851 3464 1091 3537 singulis
1114 3464 1432 3536 Evangeliis
1450 3483 1831 3521 numerorum
1847 3467 2050 3522 ordine

443 3559 591 3619 rato;
625 3553 880 3609 cavenda
896 3556 1093 3608 tamen
1117 3556 1202 3608 est
1234 3553 1294 3607 in
1326 3553 1414 3607 his
1443 3553 1728 3609 discordia
1758 3555 1816 3609 in
1848 3555 2052 3626 quibus

445 3645 605 3701 nulla
643 3660 764 3700 esse
810 3643 982 3698 debet
1035 3643 1279 3698 omnino
1334 3643 1649 3710 diversitas;
1682 3660 1820 3698 nam
1862 3647 1924 3698 ut
1981 3645 2053 3699 de

445 3734 709 3791 Matthmo
726 3733 951 3804 loquar,
984 3731 1081 3803 qui
1104 3730 1498 3803 principatum
1524 3731 1749 3786 obtinet
1767 3731 1825 3785 in
1852 3732 2057 3803 praedi-

448 3820 899 3888 ctiscanonibus,
929 3818 1182 3890 exceptis
1204 3817 1759 3889 duobusaprincipio
1792 3818 1921 3873 libri
1936 3820 2056 3888 ejus

455 3927 633 3983 usque
659 3908 728 3963 ad
762 3908 942 3962 tinem
972 3906 1165 3977 prima
1189 3920 1308 3959 aera
1343 3904 1518 3975 primi
1550 3906 1788 3960 canonis
1829 3907 2059 3962 ordinat

453 3994 1011 4063 tenorem;similiter
1026 3992 1280 4046 secunda
1299 3992 1555 4059 secundi,
1586 3993 1758 4048 tertia
1785 3995 1959 4063 tertii,
1982 3996 2060 4051 sic

458 4086 530 4141 de
560 4082 817 4154 reliquis;
843 4081 998 4134 unde
1026 4080 1168 4134 falso
1191 4079 1552 4134 existimatur
1583 4081 1795 4152 scripta
1824 4100 1943 4138 esse
1967 4084 2065 4138 illa

461 4168 813 4236 subnotatio,
846 4184 975 4240 qua:
996 4166 1056 4221 in
1087 4170 1243 4221 textu
1272 4167 1522 4222 Matthasi
1551 4170 1638 4223 est
1666 4186 1900 4237 Lxxxw,
1934 4186 2065 4226 cum

465 4276 584 4315 aera
609 4256 822 4329 prima.
878 4256 1094 4311 Idcirco
1135 4255 1291 4327 quia,
1339 4256 1577 4311 evolutis
1629 4258 2069 4329 quamplurimis

468 4344 913 4418 Evangeliorum
958 4343 1365 4412 voluminibus,
1404 4361 1690 4417 nusquam
1720 4345 1871 4400 inter
1890 4363 2001 4401 Lxx
2015 4349 2073 4401 et

2146 3218 2395 3255 numerus
2441 3200 2536 3260 bis.
2568 3207 2645 3254 ter
2664 3206 2759 3255 aut
2788 3215 2847 3255 co
2893 3200 3124 3271 amplius
3155 3202 3463 3271 reperiatur
3488 3202 3544 3253 in
3586 3197 3739 3251 ordine

2147 3288 2454 3356 collocatus,
2488 3296 2538 3343 et
2584 3288 2771 3360 dispar
2802 3291 2844 3343 is
2872 3291 3177 3343 inveniatur
3208 3291 3263 3342 in
3292 3288 3733 3354 caeteris,dubium

2150 3395 2256 3432 non
2278 3380 2396 3445 erit,
2424 3377 2564 3449 quod
2589 3377 2643 3430 id
2661 3377 2804 3448 quod
2819 3377 2960 3431 illius
2978 3377 3256 3431 illorumve
3284 3393 3521 3431 canones
3540 3375 3740 3428 numeris

2152 3466 2227 3520 bis
2260 3465 2343 3520 vel
2371 3473 2447 3520 ter
2487 3467 2716 3536 repetitis
2741 3464 2805 3519 ab
2845 3466 2926 3519 liis
2958 3467 3015 3519 in
3045 3464 3324 3520 volumine
3361 3465 3530 3519 semel
3567 3464 3742 3518 dictum

2150 3556 2218 3609 sit
2266 3554 2421 3609 alteri
2448 3571 2566 3608 vero
2591 3571 2773 3607 eorum
2813 3556 2960 3608 toties
2989 3556 3045 3608 in
3082 3571 3187 3608 uno
3218 3560 3384 3625 atque
3421 3555 3601 3608 eodem
3622 3564 3743 3605 sensu

2155 3642 2456 3713 loquantur,
2496 3645 2693 3713 quoties
2722 3642 3056 3712 praetulerint
3110 3643 3166 3695 in
3211 3659 3570 3696 numerorum
3611 3639 3747 3693 adno-

2158 3732 2356 3783 tatione
2379 3730 2715 3785 distantiam.
2732 3730 2856 3784 Hoc
2883 3736 2931 3783 et
2957 3732 3016 3784 in
3032 3732 3276 3784 omnium
3296 3748 3495 3786 novem
3510 3743 3743 3785 canonum

2156 3817 2430 3872 collatione
2464 3818 2784 3873 servabitur.
2836 3817 3126 3885 Caeterum,
3177 3820 3243 3874 in
3273 3819 3484 3874 decim
3525 3818 3747 3890 quoniam

2150 3908 2370 3976 propria
2422 3906 2753 3974 singulorum
2810 3905 3172 3961 tantummodo
3231 3909 3582 3961 continentur
3604 3946 3618 3971 ,
3664 3918 3746 3955 non

2151 4000 2322 4065 potest
2373 3999 2555 4049 contra
2606 3993 2662 4047 id
2708 3998 3033 4064 comparatio
3083 4011 3209 4061 esse,
3265 3994 3416 4066 quod
3468 3995 3635 4049 solum
3676 3996 3750 4045 est.

2161 4082 2418 4136 Tandem
2466 4082 2620 4153 quia,
2656 4083 2998 4137 venerabilis
3056 4083 3248 4148 Pater,
3283 4099 3353 4137 ex
3406 4082 3644 4155 pradieti
3672 4076 3752 4131 viri

2166 4170 2600 4224 commentariis
2621 4170 2727 4224 ista
2752 4171 3061 4226 enodando
3084 4172 3565 4244 transtuli,atque
3583 4186 3647 4224 ea
3660 4181 3752 4221 non

2168 4258 2485 4331 prtejudicii
2541 4260 2641 4313 sed
2678 4259 2881 4329 judicii
2927 4276 3183 4314 censura:
3243 4260 3585 4333 direxi,qui,
3637 4257 3756 4311 illius

2172 4346 2439 4401 benovoli
2476 4346 2671 4401 fratris
2712 4346 3010 4418 sagacitati
3037 4348 3380 4403 satisfacere
3439 4350 3653 4411 volens,
3684 4358 3756 4396 me

470 4451 644 4493 chw
695 4433 1190 4501 subnotationem,
1244 4434 1361 4487 ulla
1391 4432 1449 4487 in
1504 4450 1726 4490 canone
1764 4413 2150 4507 reperitur,D
2175 4437 2330 4507 apud
2349 4453 2446 4491 vos
2466 4436 2638 4491 fuisse
2663 4437 2968 4491 verbosum
3000 4440 3099 4491 aut
3121 4438 3300 4493 nimis
3330 4441 3633 4511 garrulum
3658 4449 3761 4506 per-

471 4526 825 4598 quapropter
836 4521 1351 4578 eumdemMatthmi
1369 4538 1575 4577 LXXXVI
1589 4522 1800 4578 scilicet
1810 4525 2079 4579 subnota-

472 4613 719 4678 tionem,
747 4609 805 4665 in
847 4613 1003 4665 sexto
1028 4613 1256 4664 tantum
1300 4626 1522 4665 canone
1552 4611 1705 4683 apud
1748 4611 2078 4667 Mattheeum

474 4699 732 4774 reperire
746 4698 980 4771 poteris,
1014 4702 1072 4753 et
1092 4714 1378 4770 nusquam
1401 4698 1558 4765 alibi,
1580 4699 1825 4771 ideoque
1842 4716 1959 4754 nou
1981 4699 2080 4755 ibi-

474 4794 611 4849 dem
628 4787 931 4844 scribenda
951 4791 1037 4842 est
1055 4804 1172 4841 tera
1204 4787 1520 4859 prima,sed
1535 4787 1726 4859 potius
1755 4805 1872 4842 tera
1900 4792 2077 4856 sexta,

475 4881 623 4936 sicut
645 4877 812 4933 unius
833 4875 1057 4947 antiqui
1078 4874 1387 4929 voluminis
1403 4874 1578 4929 series
1606 4876 1890 4931 recensita
1912 4876 2080 4931 inno-

477 4970 607 5025 tuit.
636 4967 781 5021 Nam
826 4965 981 5037 quod
1028 4963 1133 5017 sub
1169 4963 1278 5017 hac
1328 4962 1565 5034 digessit
1611 4963 1924 5032 Matthaeus,
1965 4965 2083 5035 ipse

480 5054 877 5113 ducentesima
904 5050 1351 5124 quadragesima
1381 5056 1588 5121 quarta
1612 5051 1717 5105 sub
1748 5050 1936 5123 prima
1968 5068 2085 5107 aera

478 5142 730 5216 repetiit,
761 5157 828 5195 ac
878 5139 1091 5194 idcirco
1118 5137 1415 5208 reciproca
1460 5137 1844 5193 vicissitudine
1893 5138 2084 5194 eidem

482 5228 839 5287 concordant
860 5226 1086 5298 reliqui,
1120 5226 1202 5291 in,
1236 5242 1349 5296 qua
1376 5225 1593 5279 Marcus
1630 5241 1907 5280 cxxxvnn
1937 5242 2085 5297 pene

483 5317 696 5373 similia
709 5317 793 5369 est
806 5312 1567 5385 prosecutus.Repetendum
1580 5312 1755 5383 igitur
1771 5313 1924 5384 quod
1938 5313 2087 5368 illius

482 5401 852 5472 evangelistm
878 5401 976 5472 qui
995 5400 1216 5471 primus
1236 5399 1548 5455 habeturin
1573 5399 2083 5471 quolibetcanone,

485 5491 617 5544 licet
632 5487 1259 5554 intermisso,ordinato
1275 5490 1467 5541 tamen
1483 5490 1798 5558 augmento
1814 5487 2086 5542 subnota-

484 5578 708 5632 tionum
735 5575 1059 5647 progressio
1085 5574 1344 5629 sitzverbi
1359 5574 1563 5644 gratia,
1593 5574 2085 5645 apudMatthmum

482 5670 615 5741 post
661 5662 1141 5719 subnotationem
1173 5663 1439 5715 octavam
1472 5661 1783 5719 undecima
1811 5664 2104 5740 sequitur;

2175 4523 2632 4591 timui,timendo
2646 4525 2811 4596 plura
2832 4525 3022 4579 dicere
3039 4527 3573 4597 supersedi.Restat
3599 4529 3760 4578 tamen

2179 4611 2253 4679 ei,
2286 4612 2419 4684 quia
2447 4612 2702 4667 fortassis
2728 4630 2846 4668 non
2882 4613 3102 4680 didicit,
3143 4614 3287 4685 quid
3313 4616 3394 4669 sit
3426 4631 3547 4670 aera
3569 4608 3764 4686 proprie

2181 4717 2490 4773 exponere.
2513 4717 2581 4755 eo
2612 4702 2767 4772 quod
2799 4701 3064 4769 Isidorus,
3098 4719 3279 4774 quem
3302 4721 3436 4758 sum
3459 4707 3692 4763 secutus,
3715 4712 3765 4749 ea

2183 4789 2256 4844 sit
2283 4806 2413 4842 usus
2454 4805 2629 4860 quam
2685 4790 3018 4861 frequenter
3058 4790 3116 4844 in
3150 4792 3507 4847 canonibus.
3542 4790 3670 4845 Era
3706 4786 3769 4839 est

2182 4877 2539 4947 singulorum
2562 4894 2851 4933 annorum
2863 4879 3216 4950 supputatio,
3238 4881 3401 4935 dicta
3420 4881 3494 4935 ab
3512 4870 3772 4947 iere,qu0d

2184 4964 2422 5035 singulis
2451 4965 2618 5018 annis
2649 4966 3000 5022 reddebatur
3014 4967 3300 5022 Romamn
3315 4961 3777 5041 reipublicaﬁdeo

2185 5068 2296 5123 que
2309 5052 2687 5122 Hispanorum
2704 5054 3118 5108 consuetudine
3132 5070 3240 5125 pro
3255 5056 3587 5111 centesimo
3602 5052 3680 5106 vel
3693 5047 3778 5102 alio

2185 5140 2444 5211 quolibet
2472 5157 2626 5195 anno
2653 5141 2971 5196 centesima
3000 5144 3089 5197 vel
3123 5143 3239 5198 alia
3269 5146 3557 5216 quaslibet
3576 5140 3778 5214 ponitur

2185 5245 2320 5284 tera.
2357 5229 2677 5299 Cognoscat
2706 5230 2900 5301 itaque
2932 5230 3026 5284 ille
3057 5248 3227 5286 meus
3250 5232 3565 5288 familiaris
3585 5231 3782 5286 exactor

2186 5333 2281 5371 me
2311 5319 2598 5370 attentum
2631 5316 2710 5370 illi
2738 5333 2981 5388 operam
3023 5318 3417 5390 impendisse,
3443 5322 3494 5375 ei
3529 5319 3781 5374 ferculum

2187 5405 2258 5459 de
2286 5402 2457 5474 lignis
2493 5403 2690 5457 Libani
2730 5405 3110 5460 construxisse
3159 5423 3231 5461 ea
3280 5409 3571 5463 charitate
3602 5403 3781 5460 media.

2188 5508 2301 5564 qua
2329 5492 2631 5562 Apostolus
2670 5494 2874 5562 optat:
2920 5493 3068 5546 Deus
3106 5497 3403 5564 patientia
3447 5502 3497 5549 et
3526 5494 3700 5549 solatii
3720 5489 3783 5541 det

2185 5580 2326 5634 vobis
2373 5578 2599 5648 idipsum
2628 5596 2807 5650 sapere
2841 5582 2899 5633 in
2928 5580 3258 5637 alterutrum
3283 5584 3585 5638 secundum
3633 5583 3785 5635 Jesun

2189 5666 2467 5725 Christum
2488 5665 2667 5735 (Rom.
2702 5684 2799 5734 xv,
2824 5667 2900 5739 ὃ).
2937 5668 3244 5742 Siquidem
3276 5688 3381 5728 vos
3410 5672 3643 5745 utrique
3674 5664 3781 5723 mihi
