3882 6222
1552 362 1931 429 EPISTOLIE.

3347 381 3455 447 430

198 508 370 569 solatio
413 507 560 579 estis,
591 525 733 585 quos
763 506 1011 581 idipsum
1044 519 1244 579 sapere
1294 499 1555 559 desidero
1599 500 2380 583 quodApersuadeo,quem
2403 500 2716 585 plurimum
2734 507 3023 583 diligo,ne
3042 511 3449 573 credassubor-

201 600 473 656 secundum
493 601 652 657 illum
684 599 971 655 Christum
1003 593 1185 667 sapio,
1235 596 1518 667 quatenus
1547 591 1751 648 unani-

200 708 299 747 mes
315 706 414 745 uno
433 706 528 745 ore
544 689 759 762 pariter
778 686 1163 760 glorificemus
1192 683 1296 738 sub
1311 681 1602 738 catholica:
1622 681 1754 737 ﬁdei

198 780 508 853 integritate.
535 779 749 835 Valete.
835 784 872 805 κ

719 865 1051 922 EPISTULA
1070 865 1205 919 VIII.

614 974 685 1012 Αι)
719 973 848 1015 0....
877 970 1170 1010 ΑΒΒΛΤΕΜ.

250 1047 475 1104 Domino
504 1046 565 1102 in
610 1046 832 1101 Christo
880 1042 1248 1100 dilectissimo
1294 1040 1457 1096 fratri
1491 1038 1754 1094 coabbati

193 1137 241 1191 ϐ.
259 1136 469 1191 humilis
495 1134 940 1190 Floriacensium
965 1135 1156 1188 rector
1181 1133 1361 1186 Aeno.

250 1223 501 1279 Desiderii
552 1223 668 1278 mei
698 1223 885 1278 fuerat
928 1223 1216 1277 bonorum
1260 1220 1516 1274 virorum
1565 1216 1754 1271 studia

194 1328 460 1383 moresque
484 1313 804 1382 explorare,
836 1309 1186 1383 explorando
1216 1307 1452 1373 imitari,
1474 1305 1752 1360 imitando

194 1400 515 1467 describere;
551 1416 670 1454 non
696 1414 1005 1470 pravorum
1035 1397 1334 1452 hominum
1368 1393 1754 1467 plenamvitiis

191 1492 337 1544 vitam
368 1488 1133 1561 investigare,investigatam
1158 1485 1349 1541 multis
1378 1483 1753 1556 lacrymisde-

194 1577 439 1649 plorando
471 1575 955 1648 exponere.Quod
988 1578 1050 1628 ut
1076 1574 1327 1629 facerem
1355 1573 1451 1627 illa
1476 1589 1567 1626 res
1596 1587 1754 1626 com-

192 1665 313 1735 pulit
338 1682 444 1736 qua
474 1663 977 1736 ingemisco,quod
1009 1662 1437 1717 subnovissima
1457 1662 1599 1715 hora
1616 1660 1760 1713 mul-

188 1756 349 1807 torum
374 1752 617 1807 cbaritas
650 1751 995 1822 refrigescit,
1032 1767 1234 1805 eorum
1267 1748 1519 1803 maxime
1566 1748 1662 1820 qui
1699 1747 1755 1800 in

1861 595 2009 651 natis
2039 598 2296 667 testibus,
2330 617 2402 655 ne
2432 600 2630 656 credas
2661 600 2973 674 derepente
3022 602 3176 657 falsis
3213 604 3453 667 fortasse

1855 686 2374 756 criminationibus,
2408 690 2542 762 quia
2573 694 2630 744 et
2676 690 2955 757 diabolus,
2990 697 3050 746 ut
3080 693 3263 748 bonos
3298 694 3455 749 deci—

1856 774 1998 847 piat,
2026 777 2337 849 aliquando
2357 779 2415 834 in
2440 782 2710 850 angelum
2742 780 2881 833 lueis
2902 799 2960 835 se
2976 782 3345 853 transfigurat
3372 783 3455 856 (II

1858 862 1989 918 Cor.
2020 882 2096 933 vi,
2136 869 2238 931 14).
2288 869 2608 924 Recordare
2638 869 2954 924 testimonii
2986 872 3457 943 presbyterorum

1858 968 2001 1023 quos
2031 954 2273 1009 convicit
2297 956 2438 1011 falsa
2469 956 2693 1020 dixisse,
2725 962 3070 1029 argumento
3094 977 3243 1027 usus,
3275 964 3456 1017 semel

1859 1044 2155 1114 patratum
2189 1046 2369 1100 scelus
2385 1063 2501 1101 non
2524 1049 2772 1118 potuisse
2800 1048 2923 1101 fieri
2942 1050 3044 1103 sub
3076 1050 3331 1105 locorum
3367 1052 3455 1106 di-

1855 1130 2149 1198 versitate;
2183 1133 2623 1206 hinesumptum
2658 1140 2741 1190 est
2772 1137 2927 1207 quod
2947 1137 3453 1195 babeturincano-

1857 1219 2044 1287 nibus,
2075 1225 2139 1275 ut
2164 1221 2223 1276 in
2247 1224 2634 1293 appellatione
2652 1225 2904 1279 virorum
2937 1228 3081 1281 sacri
3113 1228 3330 1283 ordinis
3360 1230 3456 1284 alii

1856 1314 2230 1378 accusatores,
2260 1312 2354 1366 alii
2380 1315 2548 1367 testes
2577 1313 2957 1384 sint,aliijudi
2979 1332 3091 1381 ces,
3124 1317 3461 1388 etsingulo-

1855 1414 1983 1452 rum
2016 1400 2130 1454 vita
2159 1399 2511 1467 discutiatur,
2546 1418 2615 1455 ne
2649 1401 2957 1457 vindictam
2988 1405 3361 1472 meditentur,
3389 1425 3461 1461 ne

1857 1487 2035 1542 velint
2084 1504 2347 1543 exercere
2376 1488 2431 1543 in
2474 1488 2847 1544 innocentem
2899 1509 3012 1546 sua:
3047 1494 3461 1565 indignationis

1859 1577 2268 1631 achimoeniam
2312 1577 2553 1631 rabiem.
2590 1578 2831 1649 Quippe,
2857 1580 3021 1649 juxta
3053 1582 3190 1637 illud
3210 1584 3459 1638 Sallustii

1862 1662 2038 1733 (Orat.
2074 1661 2211 1719 Ca's.
2238 1666 2292 1716 in
2317 1665 2563 1730 Senatu),
2597 1682 2825 1719 necesse
2843 1671 3006 1721 estut
3034 1686 3238 1724 omnes
3260 1671 3457 1725 sintal)

1861 1752 1965 1816 ira,
1995 1752 2150 1817 odio,
2177 1752 2364 1822 gratia
2389 1754 2446 1805 et
2474 1752 2867 1808 misericordia
2887 1756 3079 1810 alieni.
3118 1758 3457 1831 Dic,quzeso,

189 1841 359 1895 habitu
384 1840 700 1913 pmferuut
740 1840 894 1911 quod
924 1839 1006 1893 eis
1044 1838 1293 1892 mundus
1342 1836 1642 1891 crucifixus
1689 1836 1758 1888 sit
1789 1822 1835 1882 Β
1862 1842 1956 1896 ubi
1991 1843 2200 1895 lectum
2232 1844 2316 1894 est
2342 1857 2474 1894 oves
2505 1845 2793 1911 pastorem
2820 1843 3158 1912 judicavisse
3188 1848 3216 1901 ?
3245 1822 3330 1902 Ᾰιι
3366 1822 3461 1903 ubi

188 1928 335 2001 (Gut,
369 1947 443 1995 Iv,
477 1929 587 1999 t-i),
621 1927 1096 2000 quandoquidem
1126 1943 1239 1981 non
1275 1928 1498 1980 tantum
1534 1924 1762 1978 simula-

187 2017 318 2072 tione
342 2034 535 2072 verum
569 2018 750 2071 etiam
784 2015 1236 2069 dissimulatione
1270 2016 1582 2087 provocant
1614 2012 1761 2067 iram

186 2107 287 2174 Dei;
316 2123 554 2178 quorum
587 2104 1132 2172 dolos,vcnerabilis
1148 2106 1334 2168 Pater,
1361 2119 1580 2167 caveas,
1604 2102 1759 2156 frau-

188 2196 392 2251 dulenta
420 2196 598 2251 verba
629 2211 706 2248 ne
731 2194 928 2249 audias
952 2210 965 2247 :
1001 2193 1278 2265 quoniam
1306 2194 1631 2264 sepulcrum
1658 2208 1759 2262 pa-

186 2289 293 2339 tens
318 2288 396 2339 est
450 2287 652 2355 guttur
704 2298 906 2337 eorum
940 2281 1112 2353 (Psal.
1148 2298 1200 2348 v,
1254 2282 1339 2353 tt)
1392 2281 1489 2353 qui
1531 2280 1761 2334 turbare

182 2372 570 2446 rempublicam
602 2371 928 2425 maximum
958 2372 1179 2425 lucrum
1206 2373 1429 2441 putant.
1458 2369 1573 2423 Sub
1595 2368 1763 2423 ovina

186 2464 310 2532 pelle
337 2463 447 2535 lupi
491 2462 566 2517 ad
598 2459 941 2515 monasterii
972 2460 1192 2531 asylum
1233 2458 1596 2527 confugiunt,
1629 2457 1761 2511 sub-

185 2551 331 2604 selliis
358 2569 413 2605 se
440 2567 547 2622 pro
573 2548 834 2604 latibulis
860 2548 1242 2613 abscondunt,
1299 2551 1376 2613 et,
1405 2546 1502 2600 ubi
1536 2550 1764 2618 tempus

186 2641 312 2693 male
337 2639 580 2693 faciendi
608 2636 960 2702 invenerint,
978 2636 1373 2704 malefaciunt,
1393 2634 1767 2706 simpliciores

186 2727 363 2781 fratres
377 2727 528 2781 falsis
539 2724 1133 2781 circumventionibus
1145 2721 1766 2789 sollieitant,tenocinio

184 2815 390 2870 blanda:
414 2812 1038 2887 perditionisincautos
1049 2812 1363 2884 decipiunt,
1384 2814 1441 2865 et
1463 2814 1767 2881 corruptos

190 2920 384 2959 veneno
411 2921 513 2958 sua
539 2902 861 2975 iniquitatis
883 2901 1243 2973 prascipitant
1275 2901 1332 2955 in
1369 2900 1767 2971 labyrinthum

185 2992 254 3046 sui
275 2993 510 3059 erroris;
550 2990 897 3046 melioribus
924 3007 983 3044 se
1017 2990 1349 3056 detrahunt,
1378 2988 1625 3045 crimina
1666 3004 1765 3042 au-

1860 1930 2032 1984 Judas
2064 1928 2393 2000 Magistrum
2422 1928 2721 2000 prodidit?
2754 1931 2852 1984 sed
2886 1930 3002 2001 ipse
3036 1950 3138 1987 nec
3160 1937 3461 2003 accusavit,

1863 2036 1968 2073 nec
2002 2016 2300 2088 judicavit.
2344 2017 2542 2082 David,
2578 2017 2633 2070 in
2670 2017 3103 2074 circumcisione
3136 2023 3371 2094 positus,
3406 2025 3462 2080 in

1864 2107 1996 2161 Saul
2028 2103 2331 2159 dominum
2374 2121 2540 2158 suum
2602 2122 2808 2158 manus
2840 2108 3068 2163 mittere
3128 2111 3327 2166 uoluit.
3365 2114 3465 2168 Cui

1866 2199 2062 2249 tamen
2094 2209 2257 2247 oram
2289 2193 2608 2263 chlamydis
2642 2195 2930 2264 prmscidit
2958 2196 3019 2262 (I
3046 2197 3178 2267 Reg.
3205 2216 3358 2264 χειν,
3390 2204 3465 2271 ii),

1865 2283 2078 2337 docens
2095 2282 2288 2353 procul
2325 2282 2497 2336 dubio
2529 2282 2813 2353 subjectos
2842 2286 3213 2355 prtelatorum
3246 2288 3470 2345 vitiaita

1869 2388 2045 2425 manu
2062 2370 2409 2424 humillimae
2424 2371 2892 2443 reprehensionis
2911 2376 3167 2446 tangere,
3184 2380 3245 2431 ut
3267 2395 3469 2434 eorum

1868 2475 2086 2515 nomen
2116 2459 2303 2513 nolint
2354 2460 2752 2530 exstinguere;
2790 2480 2903 2516 non
2936 2463 3090 2519 enim
3120 2468 3205 2518 est
3224 2470 3474 2536 potestas

1872 2548 1976 2602 nisi
2007 2564 2039 2601 a
2068 2549 2296 2614 Deo;et
2327 2547 2423 2618 qui
2456 2549 2726 2618 potestati
2759 2550 3103 2617 resistit,Dei
3124 2554 3474 2611 ordinationi

1868 2636 2079 2690 resistit
2133 2636 2333 2703 (Rom,
2378 2654 2496 2703 χιιι,
2546 2640 2593 2691 1.
2629 2638 2702 2707 2).
2736 2639 2980 2694 Videant
3008 2640 3182 2711 igitur
3209 2644 3477 2699 monachi

1869 2725 2201 2795 Majoriana:
2234 2726 2703 2796 congregationis
2734 2728 2871 2798 quid
2908 2729 2966 2783 in
3000 2730 3268 2787 abbatem
3315 2751 3474 2789 com-

1874 2814 2161 2879 miserint,
2195 2830 2441 2885 quorum
2463 2813 2776 2885 fuitregula
2796 2816 3020 2873 silentio
3047 2818 3221 2873 vitam
3242 2820 3475 2891 (legere,

1874 2902 2016 2956 nulli
2050 2902 2376 2970 detrahere,
2424 2904 2644 2956 nullum
2686 2903 2895 2966 odisse,
2930 2906 3329 2963 obmutescere
3364 2928 3478 2964 non

1875 2993 2062 3046 solum
2095 3008 2128 3045 a
2158 2991 2325 3045 malis
2348 3007 2547 3045 verum
2581 2991 2755 3045 etiam
2789 3010 2823 3045 a
2849 2993 3037 3057 bonis,
3068 2997 3479 3051 maledicentes

190 3080 600 3136 dituhorribilia
621 3080 1264 3150 cnnfingunt;quorum
1288 3081 1435 3133 Deus
1450 3080 1649 3133 venter
1665 3080 1769 3144 est,
1796 3105 1844 3165 ο
1879 3098 1995 3135 non
2028 3079 2462 3146 remaledicere,
2497 3080 2595 3133 sed
2615 3080 2801 3151 magis
2822 3081 3185 3140 benedicere.
3215 3086 3352 3149 Quis
3382 3103 3481 3140 eos

192 3173 239 3222 et
260 3170 433 3241 gloria
454 3171 515 3224 in
550 3168 897 3224 confusione
930 3168 1121 3239 (Phil.,
1150 3185 1230 3233 ιιι,
1268 3167 1352 3237 t9)
1388 3184 1400 3221 :
1433 3166 1571 3239 quia
1600 3165 1776 3221 nimi-

188 3273 321 3321 rum,
349 3263 583 3313 terrena
607 3256 1041 3327 sapientes,uon
1069 3259 1627 3327 gustaveruntquam
1648 3272 1776 3309 sua-

185 3344 254 3399 vis
279 3360 355 3400 est
386 3346 675 3402 Dominus
703 3348 761 3398 et
790 3344 1042 3399 Christus
1064 3344 1205 3414 ejus,
1233 3344 1335 3398 sub
1362 3361 1475 3416 quo
1512 3343 1774 3411 vivimus,

186 3450 463 3489 movemur
509 3438 570 3489 et
626 3449 823 3487 sumus
845 3433 1014 3498 (Act,
1060 3451 1201 3499 xvu,
1236 3434 1349 3493 28).
1394 3434 1522 3487 Haec
1567 3433 1776 3488 idcirco

187 3523 278 3576 tua:
309 3522 596 3577 sanctitati
626 3521 836 3586 scribo,
892 3520 1174 3576 similibus
1203 3521 1411 3576 similia
1451 3521 1776 3587 conferens,

183 3610 297 3680 quia
330 3612 384 3665 in
406 3611 595 3666 sancti
634 3609 859 3663 Martini
889 3609 1083 3680 Majori
1116 3609 1466 3664 monasterio
1500 3609 1597 3663 tibi
1645 3609 1779 3663 satis

186 3698 480 3753 admodum
500 3698 699 3752 vicino
717 3697 1226 3751 taliafactarumor
1243 3696 1650 3769 innotuit,qua3
1670 3697 1780 3751 tuis

183 3787 485 3843 rationibus
528 3786 1095 3860 possuntimputari,
1140 3802 1257 3840 non
1299 3787 1454 3857 quod
1486 3786 1778 3841 malevolis

183 3891 458 3930 assensum
484 3873 826 3947 praebueris,
848 3874 948 3928 sed
969 3874 1126 3945 quod
1152 3873 1478 3929 inauditum
1506 3874 1665 3929 nefas
1683 3877 1779 3929 tua

184 3963 557 4036 irrefragabili
582 3961 925 4017 auctoritate
938 3962 1230 4033 corrigere
1250 3962 1567 4035 neglexisti;
1601 3963 1775 4035 siqui-

185 4052 324 4120 dem,
353 4050 1051 4123 percurrentibuslegatis
1074 4068 1104 4105 e
1137 4051 1368 4105 diversis
1382 4052 1580 4107 mundi
1600 4051 1776 4125 parti-

184 4141 295 4207 bus,
326 4145 629 4196 amatores
666 4155 839 4192 sacrm
878 4139 1174 4211 religionis
1205 4139 1427 4209 judices
1471 4140 1777 4195 convenire

185 4230 442 4298 oportuit,
476 4244 688 4283 eorum
716 4228 1004 4282 sententia
1020 4228 1409 4282 determinare
1426 4229 1778 4300 objectiones

184 4316 449 4381 criminis,
474 4320 536 4371 et
562 4319 758 4369 utrum
782 4316 998 4384 judicio
1017 4316 1172 4387 justo
1186 4318 1473 4388 repulsam
1504 4317 1781 4372 meruerit

1876 3186 1911 3222 a
1942 3169 2086 3240 jugo
2118 3169 2331 3239 regulm
2377 3167 2638 3235 absolvit,
2669 3172 2730 3222 ut
2772 3168 2964 3222 buccis
2992 3173 3358 3243 crepantibus
3389 3192 3485 3246 pa-

1878 3274 2005 3311 cem
2048 3256 2385 3327 praedicent,
2431 3258 2488 3309 et
2538 3255 2805 3309 dentibus
2838 3258 3166 3326 mordeant,
3192 3261 3354 3316 liberi
3381 3280 3484 3335 per

1880 3347 2098 3416 plateas
2117 3343 2459 3409 discurrant,
2478 3343 2750 3397 delationi
2765 3343 3097 3413 inserviant,
3119 3365 3251 3403 cum
3268 3350 3483 3406 delato-

1880 3450 1971 3488 res
1992 3434 2179 3487 morte
2210 3431 2583 3496 mulctentur,
2613 3435 2711 3484 aut
2740 3431 3050 3485 humanius
3083 3436 3156 3487 ad
3186 3436 3358 3491 vitam
3392 3457 3484 3493 rc-

1880 3520 2086 3575 servati
2112 3518 2413 3590 seplennio
2445 3518 2799 3589 poenitentiae
2818 3520 3076 3574 remedio
3101 3523 3483 3592 castigentur“!

1881 3609 2017 3674 Quis
2042 3606 2503 3677 contemplativae
2523 3606 2648 3659 vita:
2668 3610 2999 3674 sectatores,
3023 3610 3116 3680 qui
3140 3611 3313 3680 pedes
3335 3612 3483 3667 illius

1879 3714 2008 3751 cum
2028 3696 2202 3752 Maria
2224 3694 2491 3766 laerymis
2508 3694 2696 3764 rigare
2723 3695 3061 3762 debuerant,
3084 3697 3138 3750 in
3161 3698 3483 3772 infrascpta

1879 3787 1961 3841 sui
1994 3784 2223 3839 claustri
2259 3784 2506 3838 tribunal
2538 3782 2904 3837 conscientiae
2935 3787 3338 3854 conscendere,
3380 3806 3482 3844 sua

1879 3878 1936 3928 et
1961 3874 2150 3928 aliena
2182 3875 2418 3945 peccata
2443 3888 2561 3926 non
2606 3871 2876 3942 detegere
2899 3874 2982 3927 vel
3014 3875 3327 3946 publicare,
3361 3877 3479 3932 imo

1877 3962 2065 4034 potius
2087 3962 2320 4027 deflere;
2356 3960 2500 4028 quis,
2542 3959 2802 4032 inquam,
2832 3961 3025 4016 docuit
3049 3964 3312 4020 homines
3342 3983 3479 4037 pro-

1877 4050 2154 4106 scribere?
2186 4049 2243 4103 in
2287 4049 2424 4103 foris
2452 4066 2584 4104 reos
2621 4049 2901 4103 damnare
2923 4050 2950 4104 ?
2979 4052 3116 4107 Ecce
3144 4053 3299 4109 fama
3344 4056 3480 4111 exiit

1878 4140 2032 4213 quod
2060 4142 2261 4194 contra
2283 4136 2500 4192 divinas
2516 4138 2909 4211 humanasque
2927 4141 3082 4211 leges
3100 4143 3277 4198 abbas
3296 4144 3475 4215 ignito

1878 4232 2031 4285 ferro
2058 4245 2116 4281 se
2144 4243 2392 4297 purgare
2438 4227 2634 4292 voluit,
2691 4227 2779 4281 cui
2810 4228 3101 4284 audientia
3131 4231 3474 4301 denegatur,

1878 4313 2464 4391 prmrogativajudicii
2490 4314 2829 4381 excluditur,
2852 4318 3043 4386 palam
3076 4320 3475 4390 prmjudieium

186 4405 271 4473 qui
289 4405 496 4459 dicitur
511 4420 647 4458 reus
666 4407 799 4457 ante
825 4408 1194 4475 conspectum
1215 4404 1417 4459 divina:
1444 4406 1777 4476 majestatis.
1803 4401 1854 4461 D
1883 4422 2077 4478 passus
2106 4405 2453 4474 asportatur,
2487 4419 2729 4457 examen
2765 4404 2919 4459 laicis
2954 4406 3141 4472 datur,
3178 4410 3477 4462 monachis

184 4490 295 4546 Non
326 4493 485 4547 enim
523 4493 617 4546 ille
650 4491 1038 4563 sanctissimus
1058 4496 1115 4547 et
1146 4510 1391 4565 magnus
1409 4511 1557 4567 papa
1574 4496 1782 4567 Grego-

188 4579 294 4633 rius
313 4581 392 4635 ita
422 4582 667 4635 abbates
691 4596 793 4650 pro
826 4597 1028 4636 recens
1047 4581 1185 4635 ortis
1202 4583 1531 4637 rumoribus
1549 4582 1780 4638 tractari

185 4668 478 4740 voluit,qui
515 4669 675 4739 Lupo
706 4669 1041 4741 presbytero
1078 4672 1135 4723 et
1159 4670 1352 4725 abbati
1388 4674 1625 4744 propter
1660 4672 1780 4727 Sia-

185 4755 962 4827 griumAugustodunensem
994 4757 1319 4829 episcopum
1352 4759 1506 4813 inter
1530 4759 1784 4814 aliascri-

186 4842 675 4917 bit,przeceipiens
700 4861 771 4898 ne
797 4846 950 4901 solus
977 4846 1275 4918 episcopus
1307 4846 1549 4902 civitatis
1569 4865 1781 4919 praesu-

188 4933 585 5002 matjudicare
604 4948 800 4985 causas
813 4934 1057 4987 accusati
1078 4934 1299 4988 abbatis
1323 4952 1336 5001 ;
1364 4935 1486 4999 sed,
1518 4936 1785 4991 adhibitis

188 5020 635 5092 quampluribus
665 5020 1035 5093 coepiscopis,
1077 5022 1131 5075 in
1159 5023 1397 5077 concilio
1428 5024 1785 5080 audientiam

191 5106 430 5174 deferat,
460 5110 526 5161 ut
553 5108 809 5161 omnium
843 5109 1137 5163 communi
1169 5112 1406 5183 parique
1433 5113 1662 5169 decreto
1692 5117 1790 5168 aut

190 5194 468 5251 innocens
484 5196 815 5250 absolvatur
830 5202 925 5251 aut
940 5216 1068 5251 reus
1089 5199 1510 5255 condemnetur
1537 5202 1786 5274 Idipsum

190 5283 359 5338 etiam
397 5287 605 5338 nostro
624 5284 915 5357 privilegio
933 5286 1299 5341 inserendum
1325 5289 1709 5361 credidiquod
1723 5292 1792 5344 de

194 5370 397 5425 sanctis
430 5371 705 5430 manibus
727 5373 923 5427 domui
951 5376 1206 5447 Gregorii
1229 5380 1421 5431 nostra
1451 5381 1793 5451 agtatepapa:

198 5458 554 5513 sanctissimi
586 5459 689 5513 sub
734 5463 1071 5517 auctoritate
1102 5463 1281 5518 sancti
1315 5464 1465 5518 Petri
1488 5467 1797 5536 suscipere,

199 5547 460 5616 quamvis
491 5546 778 5617 indignus,
801 5552 1025 5605 emerui
1051 5553 1804 5623 :quaprOpter,venerabilis

201 5634 259 5688 in
291 5635 674 5702 Cbristo,non
695 5635 1098 5697 declamatorie
1118 5639 1218 5694 sed
1249 5639 1666 5712 dispensatorie
1702 5642 1807 5699 tibi

1880 4491 2234 4550 subtrahitur
2259 4490 2287 4544 ?
2317 4490 2522 4562 quibus
2552 4490 2744 4545 sanior
2767 4509 2932 4549 mens
2956 4495 3261 4568 saniusque
3293 4498 3477 4551 consi-

1882 4583 2044 4645 lium,
2077 4597 2142 4633 ac
2170 4578 2323 4634 inter
2346 4579 2691 4645 malesanos,
2750 4580 2917 4635 unius
2947 4583 3107 4637 lustri
3142 4584 3349 4656 spatio,
3389 4601 3480 4639 re-

1883 4669 2098 4743 gularis
2127 4668 2268 4723 ordo
2297 4667 2688 4722 confunditur.
2725 4668 2835 4723 Sed
2870 4673 2991 4723 esto
3020 4687 3031 4724 :
3080 4672 3338 4727 conscius
3368 4672 3479 4725 cri-

1883 4758 2059 4814 minis
2086 4758 2353 4828 przrlatus
2384 4756 2528 4819 [edit
2562 4756 2909 4827 praelibatus]
2938 4758 3298 4824 obtunditur,
3322 4759 3483 4814 furca

1886 4847 2091 4919 dignus
2122 4848 2291 4916 atque
2311 4844 3003 4899 cruciatibus‘miserabilis
3027 4845 3486 4900 obruiturNum-

1886 4935 2025 5002 quid
2054 4932 2413 4988 subditorum
2446 4932 2661 4986 catenis
2699 4933 2844 4985 colla
2886 4930 3260 4987 committet?
3313 4951 3483 4987 num-

1888 5022 2025 5095 quid
2046 5038 2283 5075 suorum
2314 5021 2579 5075 manibus
2598 5018 3247 5075 dilaniandusdeﬁciet?
3276 5023 3347 5074 At
3368 5020 3484 5075 for-

1892 5111 2053 5166 tassis
2111 5111 2203 5163 ille
2236 5110 2531 5181 quondam
2593 5109 2788 5161 noster
2840 5106 3170 5161 Fredcrieus
3200 5109 3487 5164 bonorum

1892 5200 2131 5254 aemulus
2160 5199 2429 5265 fratrum,
2459 5196 2759 5252 insidiator
2814 5194 3113 5266 pessimus,
3160 5197 3493 5266 huiusmodi

1894 5287 2045 5359 apud
2078 5303 2173 5339 vos
2202 5287 2421 5339 scholas
2440 5286 2680 5339 instituit
2703 5304 2716 5352 ;
2743 5288 3045 5356 quatenus,
3068 5284 3210 5338 sicut
3237 5286 3309 5338 ab
3336 5287 3495 5353 Ario,
3514 5338 3529 5345 ,

1897 5371 2123 5437 Ariani;
2179 5390 2212 5425 a
2236 5374 2517 5437 Guatonc,
2551 5374 2851 5427 Gnatonici
2882 5391 2895 5440 ;
2932 5372 3011 5426 ita
3052 5373 3144 5427 sui
3177 5373 3434 5443 discipuli
3468 5395 3501 5429 a

1900 5459 2226 5526 Frederico,
2254 5458 2638 5512 Fredcriciani
2673 5459 2684 5511 !
2719 5461 2905 5526 Certe,
2940 5461 3280 5516 venerabilis
3309 5464 3500 5529 Pater,

1906 5547 2157 5605 cavenda
2186 5551 2271 5599 est
2292 5545 2490 5600 talium
2523 5562 2662 5597 ansa
2697 5548 3024 5615 calumniae,
3053 5550 3307 5605 cavenda
3340 5568 3505 5606 men-

1912 5635 2209 5694 daciorum
2264 5633 2572 5689 frabateria
2617 5632 2935 5705 impunitiae
2969 5638 3261 5710 nequitim,
3296 5656 3368 5694 ne
3398 5656 3496 5695 vos
