3882 6222
357 458 455 522 431

1396 458 1455 524 S.
1491 462 1792 524 ABBONIS
1819 463 2100 522 ABBATIS
2130 459 2622 523 FLORIACENSIS

3564 460 3660 522 432

357 593 657 668 decipiant
675 594 790 652 ullo
822 592 1130 670 modo,qui
1159 595 1434 653 hactenus
1453 596 1637 652 bonus
1663 568 1810 652 odor
1830 595 1963 651 estis
1985 597 2040 658 Α
2065 598 2122 651 et
2152 597 2343 668 palam
2392 610 2522 649 reus
2567 595 2652 648 est
2677 589 2948 646 intentati
3010 587 3291 653 criminis,
3325 591 3381 645 et
3410 605 3530 645 non
3585 593 3662 647 est

355 688 475 742 Deo
497 685 557 739 in
597 684 754 738 omni
780 686 902 740 loco
927 702 942 738 :
973 702 1109 740 nam
1137 702 1242 756 ego
1272 687 1342 740 ab
1369 687 1450 740 eis
1474 686 1625 740 inter
1651 684 1962 740 deteriores

358 773 702 830 deterrimus
723 773 1038 844 adjudicor,
1073 774 1356 844 parricida
1380 775 1658 846 appellor,
1692 774 1896 846 quibus
1915 772 1959 826 si

356 861 887 935 placeremﬁbristi
920 879 1112 916 servus
1133 879 1248 918 non
1271 862 1628 932 essem(Gal.
1667 861 1826 932 1,10);
1861 877 1957 916 vo-

355 953 442 1006 bis
467 954 660 1005 autem
683 951 894 1020 gratias
922 951 1132 1017 refero,
1166 952 1262 1023 qui
1289 968 1419 1006 mea
1446 951 1564 1005 vice
1597 949 1874 1016 doluistis,
1903 953 1961 1003 et

359 1042 428 1095 de
458 1057 564 1106 me,
585 1039 717 1094 licet
747 1039 992 1093 minimo
1034 1040 1209 1094 fratre
1241 1043 1449 1106 vestro,
1495 1040 1802 1094 maledicta
1831 1054 1958 1110 per-

358 1129 476 1202 peti
508 1145 625 1183 non
667 1127 962 1198 potuistis;
997 1128 1068 1182 de
1095 1131 1303 1182 caetero
1346 1129 1546 1182 vestris
1575 1127 1780 1182 litteris
1819 1126 1960 1180 scire

359 1218 528 1272 velim
559 1219 752 1271 utrum
782 1215 1575 1288 repudiatusabbaslibellum
1597 1215 1817 1288 repudii
1848 1215 1965 1269 fra-

359 1307 542 1361 tribus
571 1305 684 1360 suis
717 1304 957 1370 miserit,
979 1320 1049 1358 an
1068 1303 1475 1376 prmjudicatus
1496 1304 1832 1358 violentiam
1844 1321 1962 1357 sus-

358 1394 598 1449 tinuerit
625 1410 636 1448 :
664 1392 940 1465 quoniam
973 1409 1201 1447 mecum
1232 1393 1324 1446 ille
1356 1393 1528 1448 totius
1569 1391 1862 1464 religionis
1890 1391 1962 1446 si-

360 1483 551 1553 gnifer
581 1482 745 1537 0dilo
776 1481 1186 1547 contemnitur,
1207 1482 1478 1536 etfratres
1503 1480 1820 1536 Cluniensis
1853 1497 1962 1535 coe-

361 1571 538 1637 nobii,
570 1573 632 1625 ut
663 1571 830 1624 nobis
849 1571 1098 1624 relatum
1127 1571 1345 1637 est,-de
1369 1571 1580 1640 Majore
1609 1568 1964 1624 monasterio

363 1677 491 1713 cum
521 1659 802 1713 dedecore
833 1661 966 1712 sunt
995 1658 1208 1729 expulsi
1233 1675 1245 1725 ;
1273 1661 1330 1712 et
1361 1657 1418 1712 id
1451 1657 1594 1711 duos
1625 1660 1852 1712 tantum
1882 1657 1967 1710 fa-

369 1747 575 1802 ctionis
603 1745 890 1818 principes
935 1747 1117 1818 egisse
1163 1746 1566 1817 comperimus,
1600 1761 1845 1818 quorum
1881 1747 1964 1798 te-

367 1835 602 1890 meritas
623 1851 690 1888 eo
721 1833 1047 1904 promptior
1074 1834 1147 1888 ad
1167 1833 1498 1888 audendum
1523 1850 1698 1888 omne
1725 1833 1964 1898 facinus,

2061 684 2332 756 indignus
2358 681 2546 737 ofﬁcio
2579 681 2817 734 indultae
2847 679 3230 750 paternitatis.
3268 680 3446 734 Porro
3479 679 3554 734 ad
3591 681 3662 734 ul-

2059 773 2268 826 timum
2319 789 2499 826 unum
2545 769 2884 842 persuadeo,
2937 785 3010 822 ne
3065 767 3375 822 laxioribus
3429 767 3662 822 habenis

2058 877 2257 932 parcas
2307 861 2387 914 illi
2438 862 2634 914 nostro
2680 858 2808 929 jam
2888 855 3140 910 secundo
3190 855 3471 910 fraterna:
3513 856 3659 910 necis

2059 951 2300 1015 aemulo;
2333 949 2468 1020 quia
2491 945 2768 1001 nimirum
2800 945 2884 999 vir
2917 945 3234 1016 linguosus,
3271 947 3332 998 ut
3353 945 3412 998 in
3445 943 3562 998 suis
3590 945 3663 998 in-

2060 1038 2223 1093 sulsis
2247 1037 2448 1091 litteris
2461 1033 2795 1106 agnovi,aut
2806 1033 2974 1088 bonis
2985 1031 3258 1099 detrahit,
3279 1035 3378 1087 aut
3406 1032 3664 1088 manibus

2063 1130 2120 1182 et
2150 1126 2390 1199 pedibus
2419 1125 2491 1179 ad
2522 1124 2740 1179 malum
2767 1122 2930 1196 quasi
2961 1137 3196 1194 serpens
3224 1121 3397 1192 repit.
3449 1121 3662 1177 Valete.

2664 1228 3000 1284 EPISTOLA
3027 1231 3112 1284 IX.

2454 1337 2529 1373 AD
2562 1335 2899 1374 BERNERIUM
2932 1335 3227 1374 ABBA'I‘EM.

2137 1409 2364 1464 Utinam
2395 1408 2587 1463 abbati
2623 1409 2686 1460 Β.
2739 1407 3048 1462 auctoritas
3091 1406 3475 1462 ecclesiastica
3537 1405 3667 1461 nihil

2064 1497 2443 1552 indiscussum
2472 1495 2746 1569 prreterit,
2767 1495 2906 1568 quin
2925 1499 3196 1567 patenter
3209 1496 3412 1552 doceat
3435 1493 3672 1566 qualiter

2064 1586 2370 1641 vivendum
2403 1602 2501 1639 seu
2523 1583 2978 1638 eonvcrsandum
3011 1585 3083 1638 sit
3109 1583 3360 1656 praelatis
3380 1599 3514 1636 cum
3553 1582 3671 1636 sub-

2067 1675 2216 1742 ditis,
2247 1675 2606 1746 qualiterque
2638 1673 2710 1726 de
2739 1672 2854 1726 suis
2883 1671 3202 1727 commissis
3232 1671 3537 1742 judicandi
3571 1671 3675 1724 sint

2068 1764 2289 1837 praelati
2316 1767 2373 1817 et
2404 1763 2636 1828 subditi,
2663 1763 2816 1833 quod
2860 1767 2913 1816 te
2952 1763 3224 1833 ignorare
3257 1777 3372 1816 non
3405 1759 3671 1825 arbitror,

2068 1853 2166 1924 qui
2198 1854 2272 1907 ab
2294 1851 2427 1923 ipsis
2458 1850 2757 1906 cunabulis
2789 1851 3064 1904 educatus
3092 1867 3152 1904 es
3182 1850 3336 1904 inter
3366 1848 3670 1920 magistros

365 1940 478 1996 ‘1“0
495 1922 735 1978 faventis
751 1921 1114 2010 φοηείιίξιῦιιιί
1135 1921 1322 1993 major
1337 1925 1422 1976 εει
1439 1923 1968 1993 Imm““mm-833pe
1992 1939 2042 1997 Β
2069 1921 2243 1996 sacrae
2267 1921 2580 2010 religionis,
2598 1956 2702 1992 nec
2725 1935 3368 2009 subterfugitjudicium
3387 1953 3506 2008 quo
3529 1937 3678 1990 dam-

366 2027 640 2082 namque,
673 2012 734 2064 ut
764 2009 1095 2064 inductione
1131 2011 1524 2081 cognovimus,
1559 2011 1791 2065 easdem
1820 2011 1970 2065 vires

365 2099 730 2154 taciturnitas
760 2101 1104 2170 argumento
1163 2097 1400 2166 invehit,
1445 2115 1585 2171 quas
1615 2099 1968 2171 eloquentia,

367 2185 778 2260 qtueillationis
795 2185 1196 2242 necessitatem
1227 2187 1462 2258 colligit.
1491 2187 1972 2259 Quandoquidem

367 2281 424 2330 et
449 2275 694 2330 dicenda
718 2279 910 2329 tacere
943 2276 1166 2329 malum
1197 2277 1302 2340 est,
1351 2276 1600 2330 tacenda
1631 2275 1822 2330 dicere
1853 2293 1976 2346 pes-

368 2365 602 2419 simum.
632 2362 1015 2434 Quapropter,
1051 2361 1314 2416 omnium
1355 2363 1752 2418 amantissime
1799 2380 1974 2434 quam

369 2451 650 2524 plurimos
661 2451 921 2522 ejusdem
935 2451 1596 2522 congregationisbonos
1622 2453 1826 2506 fratres
1846 2453 1976 2506 utin

373 2541 580 2596 melius
593 2539 902 2612 proﬁciant
930 2539 1203 2594 admone.
1227 2540 1674 2594 Murmuratores
1703 2545 1894 2595 autem
1914 2557 1979 2595 ac

373 2629 684 2700 bilingues,
714 2629 776 2680 ut
806 2643 839 2682 a
871 2627 1222 2699 nequissimo
1251 2627 1388 2682 vitio
1409 2627 1697 2695 desinant,
1721 2628 1967 2700 corrige.

375 2715 674 2787 Proposito
705 2715 970 2785 exemplo
993 2714 1063 2768 de
1095 2715 1272 2770 veteri
1305 2715 1431 2786 lege
1462 2733 1474 2770 :
1509 2739 1535 2766 ‹‹
1566 2717 1690 2783 Vas,
1733 2738 1760 2766 ››
1793 2717 1980 2789 inquit

371 2804 802 2877 Moyses,«quod
817 2805 1220 2876 eooperculum
1249 2822 1366 2859 non
1398 2805 1592 2874 habet,
1610 2805 1978 2860 immundum

377 2898 464 2950 est
484 2895 762 2966 (Levit.xi,
785 2895 892 2963 53f,
913 2911 944 2945 ι
959 2893 1092 2965 quia
1109 2893 1249 2948 illud
1263 2911 1325 2949 os
1338 2893 1596 2950 animam
1615 2895 1976 2967 coinquinat,

375 2983 532 3056 quod
561 2983 776 3054 absque
831 2981 1246 3037 moderationis
1280 2983 1573 3038 obstaculo
1620 2984 1694 3038 ad
1742 3000 1979 3039 omnem

374 3070 793 3144 turpitudinem
811 3069 1222 3142 proferendam
1239 3073 1416 3142 patet.
1443 3072 1840 3126 Recordentur
1864 3089 1979 3128 suae

377 3159 770 3232 professionis,
805 3162 862 3213 et
893 3157 1116 3213 discant
1169 3159 1384 3213 subditi
1423 3160 1678 3232 praelatis
1718 3161 1976 3229 obedire,

375 3266 496 3304 non
523 3248 833 3318 imperare;
857 3263 988 3300 cum
1011 3247 1352 3302 humilitatis
1366 3248 1722 3319 subjectione
1739 3267 1772 3304 a
1785 3249 1978 3322 priore

373 3335 655 3408 quidlibet
683 3335 998 3407 requirere,
1031 3351 1147 3390 non
1168 3335 1554 3406 superbiendo
1575 3337 1700 3408 ejus
1729 3337 1978 3410 imperiis

373 3423 800 3480 contradicere:
832 3423 929 3496 qui
966 3423 1123 3478 enim
1157 3425 1418 3479 nituntur
1466 3427 1679 3481 collum
1713 3429 1978 3481 excutere

372 3514 442 3568 de
473 3513 576 3568 sub
596 3512 738 3584 jugo
770 3513 1005 3584 regulre,
1029 3511 1322 3568 seniorem
1349 3518 1638 3569 conantur
1665 3531 1785 3569 non
1819 3515 1980 3570 obse-

371 3617 550 3670 crare,
605 3601 705 3656 sed
732 3601 1054 3672 increpare,
1107 3602 1444 3656 scandalum
1499 3602 1573 3670 ei,
1609 3620 1726 3658 non
1772 3620 1978 3674 pacem

371 3707 666 3762 quaerere;
701 3690 1114 3761 conspirationi
1157 3707 1259 3745 seu
1291 3691 1686 3760 conjurationi
1748 3708 1978 3762 semper

371 3782 642 3850 satagunt
691 3779 1000 3846 inservire;
1050 3796 1156 3833 nec
1206 3782 1476 3833 metuunt
1524 3795 1724 3850 pcenas
1775 3781 1978 3852 conju-

370 3869 630 3924 rantibus
652 3867 994 3939 propositas,
1009 3883 1152 3938 quas
1173 3867 1472 3936 patiuntur
1485 3867 1808 3922 desertores
1825 3869 1978 3924 mili-

369 3956 464 4010 tia:
499 3958 586 4012 vel
636 3956 720 4011 rei
775 3955 1095 4026 majestatis
1147 3953 1582 4026 imperatoriae:
1617 3973 1723 4011 nec
1754 3957 1826 4012 ad
1868 3958 1976 4012 hoc

370 4047 570 4099 nostra
610 4043 872 4114 procedit
921 4042 1126 4110 oratio,
1163 4059 1278 4114 quo
1337 4045 1667 4098 sanctorum
1722 4045 1976 4101 virorum

371 4137 544 4204 atque
569 4133 886 4186 electorum
911 4130 1174 4202 judicum
1217 4132 1303 4186 vel
1359 4131 1693 4189 subtrahere
1725 4135 1976 4190 examini

374 4225 601 4290 patrem
631 4221 726 4290 qui
754 4217 964 4272 dicitur
991 4219 1236 4273 incestus
1257 4220 1341 4274 vel
1373 4219 1804 4294 sacrilegus,sed
1831 4223 1974 4278 filio-

373 4323 503 4360 rum
535 4307 735 4379 pietati
763 4323 826 4361 ac
845 4307 1198 4362 miserationi
1230 4309 1488 4376 consulo,
1515 4327 1587 4364 ne
1603 4312 1774 4366 veluti
1796 4312 1977 4366 Cham

373 4394 698 4450 nuditatem
748 4395 926 4466 patris
977 4394 1294 4468 detegant,
1357 4397 1474 4452 imo
1527 4399 1718 4470 potius
1769 4400 1978 4455 aversis

2071 2032 2283 2085 nantur
2308 2029 2394 2082 vel
2425 2027 2800 2082 absolvuntur
2838 2025 3174 2080 criminibus
3223 2024 3502 2098 appetiti;
3540 2023 3675 2078 nosti

2072 2119 2245 2174 etiam
2272 2117 2429 2189 quod
2449 2117 2598 2170 Deus
2624 2132 2900 2187 personas
2929 2131 3048 2170 non
3081 2113 3550 2186 accipit(neut.x.
3583 2114 3677 2184 ιη,

2073 2211 2130 2262 et
2159 2206 2294 2278 quia
2315 2205 2669 2259 monachalis
2683 2203 2957 2274 professio
2985 2204 3220 2256 inventa
3237 2199 3546 2274 culpabilis
3567 2217 3678 2255 ma-

2075 2295 2160 2368 gis
2191 2295 2428 2349 damnat
2447 2309 2620 2364 quam
2648 2291 3032 2346 liberetreum
3049 2291 3119 2345 ab
3143 2289 3522 2361 objectis,nec
3543 2289 3682 2343 valet

2076 2383 2148 2438 ad
2180 2381 2578 2437 defensionem
2629 2381 2905 2434 criminis.
2954 2379 3168 2434 Idcirco
3197 2377 3335 2451 quid
3361 2380 3461 2432 tua
3508 2378 3682 2432 refert

2077 2472 2368 2526 bonorum
2416 2469 2667 2524 virorum
2719 2471 3021 2538 expectare
3081 2465 3457 2529 sententiam,
3513 2481 3680 2537 quem

2077 2559 2314 2632 propria
2360 2558 2712 2612 conscientia
2746 2561 2992 2618 accusat,
3045 2555 3390 2628 turpissima:
3443 2555 3684 2609 actionis

2079 2648 2274 2720 opinio
2303 2647 2588 2702 infamat?
2623 2646 2766 2700 adeo
2793 2647 2871 2710 ut,
2897 2645 3039 2698 sicut
3085 2645 3270 2698 relatu
3299 2643 3682 2698 veridieorum

2079 2735 2274 2804 didici,
2292 2739 2520 2806 partem
2543 2733 2992 2788 abominationis
3009 2732 3300 2787 confessus
3318 2731 3686 2802 detegas,par

2080 2829 2196 2879 tem
2223 2825 2325 2879 sub
2349 2823 2586 2879 nomine
2607 2822 2903 2893 cujusdam
2923 2821 3056 2876 facti
3079 2819 3382 2886 mirabilis,
3407 2819 3686 2874 discretor

2078 2909 2832 2979 vitiorum,abscondas.Sed
2845 2909 2980 2982 quid
3001 2909 3232 2979 prodest
3247 2911 3440 2962 utrum
3461 2911 3685 2980 partem

2078 3001 2236 3067 facti,
2267 3018 2338 3056 an
2362 3001 2581 3054 factum
2611 2999 2844 3064 habeas,
2877 3015 3009 3052 eum
3041 2997 3202 3052 illum
3233 2996 3606 3051 versiculum:

2361 3087 2634 3137 Dimidium
2655 3088 2772 3136 facti
2797 3102 2880 3151 qui
2915 3089 3080 3148 coepit,
3114 3087 3367 3151 habet...

2911 3145 3100 3209 (llo-an
3129 3185 3141 3206 ,
3169 3146 3262 3211 Ep.
3291 3146 3395 3205 1,2,
3422 3145 3486 3195 40
3510 3148 3550 3208 ).

2079 3267 2282 3307 omnes
2303 3250 2556 3316 laudent,
2577 3264 2782 3304 omnes
2797 3247 3086 3318 sapienter
3099 3247 3312 3300 dictum
3334 3246 3497 3300 existi
3509 3247 3683 3300 ment.

2079 3341 2188 3394 Nec
2219 3342 2272 3393 te
2298 3339 2462 3410 juvat
2486 3338 2583 3392 illa
2612 3355 2737 3408 quae
2769 3341 2855 3390 est
2901 3335 3053 3408 apud
3089 3335 3352 3389 rhetores
3387 3335 3683 3388 translatio

2077 3427 2356 3492 criminis,
2399 3431 2497 3482 aut
2527 3428 2983 3480 transmutatum
3017 3441 3234 3478 nomen
3263 3422 3421 3489 facti,
3455 3422 3682 3494 quando

2078 3517 2262 3570 scelus
2321 3515 2474 3587 quod
2507 3515 2560 3568 in
2615 3514 2930 3585 prostibulo
2985 3514 3385 3585 perpetratum
3426 3515 3516 3565 est
3560 3527 3682 3565 cum

2079 3621 2261 3658 uxore
2290 3604 2525 3674 alicujus
2554 3603 2720 3656 aliter
2749 3602 2852 3669 vir,
2883 3601 3050 3656 aliter
3080 3617 3211 3654 reus
3245 3598 3685 3667 nominat;alter

2069 3693 2238 3752 Enim
2273 3693 2342 3748 de
2373 3691 2654 3748 adulterio
2687 3691 2966 3763 queritur,
2987 3691 3136 3744 alter
3167 3705 3284 3744 non
3307 3689 3682 3752 adulterium,

2077 3781 2177 3835 sed
2196 3780 2351 3852 quod
2381 3780 2518 3835 fecit
2538 3779 2595 3833 in
2645 3779 2986 3850 prostibulo,
3015 3778 3242 3832 licuisse
3263 3777 3503 3831 fatetur.
3541 3776 3682 3830 Neu-

2077 3873 2230 3922 trum
2271 3871 2469 3923 tamen
2524 3869 2722 3923 firmas
2765 3867 2914 3922 vires
2975 3864 3328 3921 defensionis
3383 3864 3682 3936 suggerit,

2077 3957 2327 4012 maxime
2352 3957 2454 4011 tibi
2476 3957 2571 4030 qui
2595 3957 2863 4010 incentor
2886 3955 3069 4010 factus
3089 3971 3150 4008 es
3179 3952 3560 4015 vitiorum,ad
3583 3953 3684 4006 hoc

2076 4047 2288 4100 electus
2309 4049 2371 4099 ut
2389 4045 2558 4100 fieres
2575 4043 2847 4116 magister
2876 4043 3176 4097 virtutum.
3207 4043 3501 4096 Plurimos
3528 4056 3681 4095 com-

2077 4133 2230 4187 missi
2259 4131 2449 4204 gregis
2477 4136 2574 4187 tuo
2603 4131 2810 4186 morbo
2835 4129 3260 4184 contaminasse
3295 4129 3683 4201 diceris,lepra

2075 4221 2403 4275 foedissimas
2429 4219 2789 4291 contagionis
2811 4217 3124 4290 perdidisse
3154 4215 3684 4284 convinceris,nihil

2077 4309 2231 4363 aliud
2255 4309 2448 4364 dicens
2494 4307 2598 4362 nisi
2633 4308 2768 4379 quia
2798 4306 3002 4373 fecisti,
3037 4305 3136 4360 sed
3173 4322 3290 4360 non
3345 4303 3637 4377 pcrfecisti
3667 4321 3680 4358 :

2077 4397 2228 4452 ferro
2257 4397 2496 4464 socium,
2529 4395 2646 4450 imo
2675 4395 2882 4460 filium,
2934 4397 2991 4448 et
3023 4411 3156 4449 eum
3189 4393 3286 4466 qui
3322 4395 3380 4448 te
3411 4411 3524 4448 suae
3556 4393 3680 4447 vitae

371 4483 618 4537 vultibus
643 4483 1000 4538 abscondant
1035 4484 1214 4555 (Gem,
1246 4503 1306 4552 ιι,
1343 4489 1410 4541 ‘22
1431 4489 1489 4540 et
1514 4489 1626 4555 23).
1661 4487 1796 4552 Quis
1817 4488 1974 4544 enim
1998 4500 2050 4558 D
2080 4489 2324 4542 tutorem
2343 4483 3164 4556 elegerat,transtixisti;vcnen
3179 4499 3271 4537 um
3291 4480 3680 4556 ciporrexisti;

373 4572 607 4642 ignorat
628 4570 887 4644 quodille
905 4573 1274 4646 postmodum
1301 4578 1604 4646 paternam
1627 4576 1978 4632 maledictio-

371 4677 510 4715 ncm
537 4661 597 4714 in
631 4659 873 4734 posteris
904 4661 1192 4729 sustinuit,
1237 4665 1294 4717 et
1329 4681 1446 4718 non
1479 4664 1726 4719 fratrum
1756 4682 1976 4720 servus-

371 4751 472 4806 scd
523 4766 718 4806 servus
763 4766 1062 4806 servorum
1107 4751 1496 4806 fuit.Tandem
1530 4753 1616 4807 his
1668 4755 1978 4826 praelibatis

369 4857 548 4895 unam
580 4839 650 4894 de
677 4839 883 4894 eadem
930 4857 990 4892 re
1017 4839 1490 4895 conditionaliter
1521 4842 1975 4914 propositionem

368 4929 666 4996 subuexui,
700 4946 765 4984 ex
798 4945 911 5000 qua
928 4926 1531 4999 oriuntursyllogismi
1565 4947 1707 5002 quos
1737 4931 1808 4986 ab
1840 4936 1974 4986 ante

366 5019 718 5084 cedentibus,
735 5016 1224 5087 consequontilms
1249 5033 1314 5070 ac
1345 5019 1821 5088 repugnantibus,
1847 5023 1904 5074 et
1926 5021 1972 5074 si

363 5110 461 5160 tua
491 5105 739 5160 cliaritas
770 5121 887 5158 non
920 5104 1134 5172 elicuit,
1162 5107 1362 5158 tamen
1395 5107 1705 5161 auctoritas
1741 5107 1852 5161 vim
1883 5125 1980 5163 ne-

363 5193 622 5248 cessaria:
648 5193 1031 5247 conclusionis
1057 5209 1372 5262 suggerere
1398 5193 1604 5264 quibit.
1640 5197 1786 5250 Dum
1819 5197 1975 5251 enim

361 5299 535 5353 super
575 5299 745 5336 causa
773 5280 1028 5335 Bernerii
1061 5281 1218 5352 quod
1269 5297 1469 5335 verum
1521 5285 1606 5336 est
1639 5285 1972 5354 assupseris,

363 5370 499 5441 quid
530 5369 898 5423 inferendum
925 5369 996 5422 sit
1013 5369 1226 5440 absque
1244 5368 1412 5422 ullius
1436 5371 1972 5442 scrupuliainbiguo

364 5457 759 5511 manifestabis
786 5458 935 5524 Hunc
971 5460 1163 5510 autem
1189 5457 1260 5510 sit
1289 5474 1301 5510 :
1333 5457 1510 5512 abbas
1541 5458 1587 5511 si
1629 5459 1824 5528 palam
1843 5477 1974 5514 rcus

362 5551 445 5600 cst
475 5547 740 5601 intentati
769 5545 1046 5612 criminis,
1083 5545 1359 5615 indignus
1390 5551 1474 5601 est
1505 5547 1696 5602 officio
1730 5547 1968 5605 indulta:

362 5635 741 5708 paternitutis.
779 5635 928 5688 Sane
962 5634 1038 5687 sic
1072 5635 1318 5688 alterum
1335 5637 1543 5700 existit,
1575 5641 1634 5692 ut
1669 5637 1722 5691 in
1758 5639 1966 5695 abbate

367 5729 462 5782 aut
493 5726 600 5780 hoc
641 5726 739 5778 aut
783 5721 921 5776 illud
945 5738 1058 5776 non
1092 5738 1211 5776 esse
1245 5741 1474 5779 necesse
1505 5725 1612 5781 sit:
1649 5743 1764 5781 non
1811 5728 1970 5785 enim

2077 4575 2276 4646 ignem
2305 4574 2476 4628 sacris
2515 4573 2730 4628 aedibus
2760 4571 3003 4643 injecisti
3041 4588 3052 4625 :
3085 4571 3128 4624 si
3182 4570 3339 4625 ferro
3383 4570 3684 4625 transfixus

2077 4661 2276 4730 evasit,
2313 4662 2358 4716 si
2381 4679 2667 4717 venenum
2700 4664 2966 4733 potatum
3017 4677 3134 4714 non
3168 4657 3683 4728 exstinxit,siignis

2078 4769 2195 4806 non
2234 4751 2540 4816 convaluit,
2575 4754 2630 4804 te
2661 4766 2922 4820 peccasse
2950 4765 3148 4818 negas,
3199 4751 3257 4800 et
3286 4747 3434 4802 nihil
3469 4751 3562 4801 tua
3594 4746 3682 4798 in-

2079 4844 2288 4896 teresse
2331 4839 2608 4894 afﬁrmas.
2645 4838 2949 4910 Resipisco,
2996 4835 3286 4908 resipisee,
3321 4835 3598 4908 inquam,
3629 4838 3684 4887 et

2079 4929 2149 4984 ad
2185 4933 2237 4982 te
2264 4928 2408 4997 redi;
2442 4927 2692 4999 atque,si
2751 4927 3110 4996 objectorum
3152 4924 3414 4978 conscius
3454 4941 3528 4990 es,
3568 4921 3682 4977 noli

2080 5017 2318 5072 abbates
2353 5021 2410 5072 et
2443 5016 2962 5070 inonarhostecum
2997 5014 3300 5080 infamare,
3327 5011 3686 5084 quandoqui-

2081 5106 2214 5160 dem
2239 5123 2356 5160 non
2389 5110 2452 5160 tu
2491 5107 2646 5160 solus
2670 5105 2771 5159 sed
2795 5119 3000 5158 omnes
3029 5103 3106 5157 tui
3139 5102 3358 5158 ordinis
3395 5103 3534 5156 tales
3565 5116 3686 5154 esse

2079 5195 2413 5262 creduntur,
2437 5196 2552 5266 Ego
2577 5197 2770 5248 autem
2795 5193 2852 5246 in
2873 5192 3094 5248 Christo
3118 5207 3317 5246 verum
3349 5191 3530 5244 fateor
3551 5187 3688 5258 quia

2078 5300 2282 5340 omnes
2320 5284 2416 5356 qui
2446 5286 2588 5338 tales
2618 5285 2752 5336 sunt
2781 5281 2962 5354 qualis
3002 5278 3226 5344 diceris,
3260 5281 3336 5344 et,
3367 5282 3429 5332 ut
3473 5275 3683 5342 audivi,

2076 5373 2386 5429 confiteris.
2421 5373 2556 5445 quia
2577 5371 2931 5425 delatoribus
2953 5385 3068 5422 non
3085 5367 3684 5432 contradicis;omnes,

2074 5463 2334 5534 inquam,
2370 5467 2426 5516 et
2461 5459 2802 5515 monachico
2827 5457 3029 5538 habitu
3056 5459 3112 5510 et
3143 5453 3368 5510 abbatis
3399 5453 3584 5509 officio
3609 5452 3688 5507 in-

2074 5549 2234 5622 digni
2262 5554 2416 5604 sunt.
2453 5549 2661 5602 Verum
2695 5551 2891 5600 tamen
2915 5546 3022 5600 hoc
3044 5543 3196 5598 absit
3217 5559 3249 5596 a
3276 5545 3333 5595 te
3369 5540 3380 5594 !
3411 5540 3569 5610 cujus
3594 5540 3686 5595 de-

2070 5638 2420 5700 fensionem,
2472 5637 2512 5690 si
2549 5635 2670 5690 fieri
2713 5639 2918 5705 potest,
2958 5637 3018 5688 ut
3065 5634 3322 5686 nostram
3347 5628 3682 5702 quau-imus,

2075 5745 2188 5801 quo
2217 5731 2496 5782 moerentc
2526 5725 2920 5792 niu:rebimus,
2951 5740 3064 5794 quo
3095 5719 3385 5792 gaudente
3411 5716 3685 5790 gaudebi-
