  <div class='ocr_page' id='page_1' title='image "/cluster/home/n/w/nwhite01/storage/ocr_20150623/139/uva.x000829787/220.png"; bbox 0 0 3882 6222; ppageno 0'>
   <div class='ocr_carea' id='block_1_1' title="bbox 208 448 309 504">
    <p class='ocr_par' dir='ltr' id='par_1_1' title="bbox 208 448 309 504">
     <span class='ocr_line' id='line_1_1' title="bbox 208 448 309 504; baseline 0 0"><span class='ocrx_word' id='word_1_1' title='bbox 208 448 309 504; x_wconf 73' lang='grc'>433</span> 
     </span>
    </p>
   </div>
   <div class='ocr_carea' id='block_1_2' title="bbox 1658 452 2038 511">
    <p class='ocr_par' dir='ltr' id='par_1_2' title="bbox 1658 452 2038 511">
     <span class='ocr_line' id='line_1_2' title="bbox 1658 452 2038 511; baseline 0 -2"><span class='ocrx_word' id='word_1_2' title='bbox 1658 452 2038 511; x_wconf 73' lang='lat' dir='ltr'>EPISTOL/E.</span> 
     </span>
    </p>
   </div>
   <div class='ocr_carea' id='block_1_3' title="bbox 3429 463 3534 519">
    <p class='ocr_par' dir='ltr' id='par_1_3' title="bbox 3429 463 3534 519">
     <span class='ocr_line' id='line_1_3' title="bbox 3429 463 3534 519; baseline -0.01 0"><span class='ocrx_word' id='word_1_3' title='bbox 3429 463 3534 519; x_wconf 60' lang='lat'>431</span> 
     </span>
    </p>
   </div>
   <div class='ocr_carea' id='block_1_4' title="bbox 208 572 3528 658">
    <p class='ocr_par' dir='ltr' id='par_1_4' title="bbox 208 572 3528 658">
     <span class='ocr_line' id='line_1_4' title="bbox 208 572 3528 658; baseline 0.005 -32"><span class='ocrx_word' id='word_1_4' title='bbox 208 588 350 625; x_wconf 88' lang='lat' dir='ltr'>mus:</span> <span class='ocrx_word' id='word_1_5' title='bbox 383 588 488 627; x_wconf 90' lang='lat' dir='ltr'>nec</span> <span class='ocrx_word' id='word_1_6' title='bbox 520 572 763 656; x_wconf 68' lang='lat' dir='ltr'>differas</span> <span class='ocrx_word' id='word_1_7' title='bbox 812 572 1187 642; x_wconf 77' lang='lat' dir='ltr'>audientiam,</span> <span class='ocrx_word' id='word_1_8' title='bbox 1220 592 1434 647; x_wconf 68' lang='lat' dir='ltr'>quaeso,</span> <span class='ocrx_word' id='word_1_9' title='bbox 1476 576 1519 631; x_wconf 91' lang='lat' dir='ltr'>si</span> <span class='ocrx_word' id='word_1_10' title='bbox 1550 576 1823 633; x_wconf 90' lang='lat' dir='ltr'>innocen-</span> <span class='ocrx_word' id='word_1_11' title='bbox 1844 583 1899 641; x_wconf 82' lang='grc' dir='ltr'><strong>Α</strong></span> <span class='ocrx_word' id='word_1_12' title='bbox 1923 578 2866 654; x_wconf 72' lang='lat' dir='ltr'>prOpitiationemnominiipsailla</span> <span class='ocrx_word' id='word_1_13' title='bbox 2886 583 3094 637; x_wconf 87' lang='lat' dir='ltr'>mulier</span> <span class='ocrx_word' id='word_1_14' title='bbox 3112 587 3528 658; x_wconf 69' lang='lat' dir='ltr'>meretur,quze</span> 
     </span>
    </p>
   </div>
   <div class='ocr_carea' id='block_1_5' title="bbox 208 660 1815 731">
    <p class='ocr_par' dir='ltr' id='par_1_5' title="bbox 208 660 1815 731">
     <span class='ocr_line' id='line_1_5' title="bbox 208 660 1815 731; baseline 0.004 -18"><span class='ocrx_word' id='word_1_15' title='bbox 208 661 344 714; x_wconf 87' lang='lat' dir='ltr'>tiam</span> <span class='ocrx_word' id='word_1_16' title='bbox 370 660 663 717; x_wconf 80' lang='lat' dir='ltr'>defendis.</span> <span class='ocrx_word' id='word_1_17' title='bbox 698 661 803 717; x_wconf 87' lang='lat' dir='ltr'>Sin</span> <span class='ocrx_word' id='word_1_18' title='bbox 839 663 1023 731; x_wconf 77' lang='lat' dir='ltr'>aliter,</span> <span class='ocrx_word' id='word_1_19' title='bbox 1057 662 1326 718; x_wconf 78' lang='lat' dir='ltr'>fratribus</span> <span class='ocrx_word' id='word_1_20' title='bbox 1357 664 1583 719; x_wconf 79' lang='lat' dir='ltr'>satisfac</span> <span class='ocrx_word' id='word_1_21' title='bbox 1643 667 1815 719; x_wconf 85' lang='lat' dir='ltr'>misso</span> 
     </span>
    </p>
   </div>
   <div class='ocr_carea' id='block_1_6' title="bbox 209 749 1823 827">
    <p class='ocr_par' dir='ltr' id='par_1_6' title="bbox 209 749 1823 827">
     <span class='ocr_line' id='line_1_6' title="bbox 209 749 1823 827; baseline 0.004 -26"><span class='ocrx_word' id='word_1_22' title='bbox 209 749 395 803; x_wconf 88' lang='lat' dir='ltr'>libello</span> <span class='ocrx_word' id='word_1_23' title='bbox 426 750 684 819; x_wconf 86' lang='lat' dir='ltr'>repudii,</span> <span class='ocrx_word' id='word_1_24' title='bbox 720 767 785 805; x_wconf 90' lang='lat' dir='ltr'>ac</span> <span class='ocrx_word' id='word_1_25' title='bbox 816 751 1043 805; x_wconf 88' lang='lat' dir='ltr'>reddita</span> <span class='ocrx_word' id='word_1_26' title='bbox 1061 752 1326 823; x_wconf 84' lang='lat' dir='ltr'>episcopo</span> <span class='ocrx_word' id='word_1_27' title='bbox 1357 771 1491 809; x_wconf 89' lang='lat' dir='ltr'>cura</span> <span class='ocrx_word' id='word_1_28' title='bbox 1519 754 1823 827; x_wconf 83' lang='lat' dir='ltr'>pastoralis</span> 
     </span>
    </p>
   </div>
   <div class='ocr_carea' id='block_1_7' title="bbox 206 836 1825 912">
    <p class='ocr_par' dir='ltr' id='par_1_7' title="bbox 206 836 1825 912">
     <span class='ocr_line' id='line_1_7' title="bbox 206 836 1825 912; baseline 0.005 -23"><span class='ocrx_word' id='word_1_29' title='bbox 206 836 532 907; x_wconf 88' lang='lat' dir='ltr'>regiminis,</span> <span class='ocrx_word' id='word_1_30' title='bbox 560 840 628 891; x_wconf 90' lang='lat' dir='ltr'>ut</span> <span class='ocrx_word' id='word_1_31' title='bbox 657 839 806 893; x_wconf 81' lang='lat' dir='ltr'>alter</span> <span class='ocrx_word' id='word_1_32' title='bbox 835 838 932 911; x_wconf 92' lang='lat' dir='ltr'>qui</span> <span class='ocrx_word' id='word_1_33' title='bbox 953 839 1159 911; x_wconf 87' lang='lat' dir='ltr'>dignus</span> <span class='ocrx_word' id='word_1_34' title='bbox 1185 845 1270 895; x_wconf 88' lang='lat' dir='ltr'>est</span> <span class='ocrx_word' id='word_1_35' title='bbox 1285 844 1825 912; x_wconf 89' lang='lat' dir='ltr'>quantociussucce-</span> 
     </span>
    </p>
   </div>
   <div class='ocr_carea' id='block_1_8' title="bbox 209 924 827 996">
    <p class='ocr_par' dir='ltr' id='par_1_8' title="bbox 209 924 827 996">
     <span class='ocr_line' id='line_1_8' title="bbox 209 924 827 996; baseline 0.003 -18"><span class='ocrx_word' id='word_1_36' title='bbox 209 924 342 979; x_wconf 88' lang='lat' dir='ltr'>dere</span> <span class='ocrx_word' id='word_1_37' title='bbox 365 925 571 996; x_wconf 89' lang='lat' dir='ltr'>possit.</span> <span class='ocrx_word' id='word_1_38' title='bbox 604 926 827 980; x_wconf 82' lang='lat' dir='ltr'>Valete.</span> 
     </span>
    </p>
   </div>
   <div class='ocr_carea' id='block_1_9' title="bbox 806 1015 1231 1071">
    <p class='ocr_par' dir='ltr' id='par_1_9' title="bbox 806 1015 1231 1071">
     <span class='ocr_line' id='line_1_9' title="bbox 806 1015 1231 1071; baseline 0.005 -3"><span class='ocrx_word' id='word_1_39' title='bbox 806 1015 1141 1071; x_wconf 77' lang='lat' dir='ltr'>EPISTULA</span> <span class='ocrx_word' id='word_1_40' title='bbox 1169 1016 1231 1070; x_wconf 88' lang='grc' dir='ltr'><strong>Χ.</strong></span> 
     </span>
    </p>
   </div>
   <div class='ocr_carea' id='block_1_10' title="bbox 748 1120 1317 1159">
    <p class='ocr_par' dir='ltr' id='par_1_10' title="bbox 748 1120 1317 1159">
     <span class='ocr_line' id='line_1_10' title="bbox 748 1120 1317 1159; baseline 0.002 -2"><span class='ocrx_word' id='word_1_41' title='bbox 748 1120 842 1158; x_wconf 84' lang='grc' dir='ltr'>ΑΙ).</span> <span class='ocrx_word' id='word_1_42' title='bbox 859 1144 920 1157; x_wconf 87' lang='grc'><strong>...</strong></span> <span class='ocrx_word' id='word_1_43' title='bbox 971 1120 1317 1159; x_wconf 79' lang='lat' dir='ltr'>EPISCOPUM.</span> 
     </span>
    </p>
   </div>
   <div class='ocr_carea' id='block_1_11' title="bbox 278 1184 1822 1262">
    <p class='ocr_par' dir='ltr' id='par_1_11' title="bbox 278 1184 1822 1262">
     <span class='ocr_line' id='line_1_11' title="bbox 278 1184 1822 1262; baseline 0.003 -18"><span class='ocrx_word' id='word_1_44' title='bbox 453 1191 730 1262; x_wconf 87' lang='lat' dir='ltr'>episcopo</span> <span class='ocrx_word' id='word_1_45' title='bbox 761 1184 1092 1246; x_wconf 76' lang='lat' dir='ltr'>amatorum</span> <span class='ocrx_word' id='word_1_46' title='bbox 1125 1192 1331 1247; x_wconf 85' lang='lat' dir='ltr'>Christi</span> <span class='ocrx_word' id='word_1_47' title='bbox 1366 1197 1595 1249; x_wconf 82' lang='lat' dir='ltr'>amator</span> <span class='ocrx_word' id='word_1_48' title='bbox 1647 1196 1822 1250; x_wconf 81' lang='lat' dir='ltr'>Aeao.</span> 
     </span>
    </p>
   </div>
   <div class='ocr_carea' id='block_1_12' title="bbox 279 1279 1831 1352">
    <p class='ocr_par' dir='ltr' id='par_1_12' title="bbox 279 1279 1831 1352">
     <span class='ocr_line' id='line_1_12' title="bbox 279 1279 1831 1352; baseline 0.003 -20"><span class='ocrx_word' id='word_1_49' title='bbox 279 1279 430 1343; x_wconf 87' lang='lat' dir='ltr'>Quid</span> <span class='ocrx_word' id='word_1_50' title='bbox 450 1280 639 1350; x_wconf 84' lang='lat' dir='ltr'>prosit</span> <span class='ocrx_word' id='word_1_51' title='bbox 655 1279 895 1333; x_wconf 89' lang='lat' dir='ltr'>scientia</span> <span class='ocrx_word' id='word_1_52' title='bbox 938 1280 1260 1334; x_wconf 91' lang='lat' dir='ltr'>litterarum</span> <span class='ocrx_word' id='word_1_53' title='bbox 1300 1282 1628 1352; x_wconf 83' lang='lat' dir='ltr'>agnoscitur</span> <span class='ocrx_word' id='word_1_54' title='bbox 1649 1299 1711 1336; x_wconf 84' lang='lat' dir='ltr'>ex</span> <span class='ocrx_word' id='word_1_55' title='bbox 1726 1283 1831 1338; x_wconf 84' lang='lat' dir='ltr'>dif-</span> 
     </span>
    </p>
   </div>
   <div class='ocr_carea' id='block_1_13' title="bbox 202 1368 1827 1440">
    <p class='ocr_par' dir='ltr' id='par_1_13' title="bbox 202 1368 1827 1440">
     <span class='ocr_line' id='line_1_13' title="bbox 202 1368 1827 1440; baseline 0.002 -20"><span class='ocrx_word' id='word_1_56' title='bbox 202 1368 460 1421; x_wconf 84' lang='lat' dir='ltr'>ﬁcultate</span> <span class='ocrx_word' id='word_1_57' title='bbox 490 1368 906 1439; x_wconf 65' lang='lat' dir='ltr'>quaestionum,</span> <span class='ocrx_word' id='word_1_58' title='bbox 925 1384 1065 1438; x_wconf 87' lang='lat' dir='ltr'>quas</span> <span class='ocrx_word' id='word_1_59' title='bbox 1084 1432 1088 1436; x_wconf 89' lang='lat'><strong><em>_</em></strong></span> <span class='ocrx_word' id='word_1_60' title='bbox 1107 1368 1243 1421; x_wconf 91' lang='lat' dir='ltr'>dum</span> <span class='ocrx_word' id='word_1_61' title='bbox 1260 1369 1516 1423; x_wconf 86' lang='lat' dir='ltr'>enodare</span> <span class='ocrx_word' id='word_1_62' title='bbox 1537 1369 1827 1440; x_wconf 82' lang='lat' dir='ltr'>imperitia</span> 
     </span>
    </p>
   </div>
   <div class='ocr_carea' id='block_1_14' title="bbox 208 1456 1828 1528">
    <p class='ocr_par' dir='ltr' id='par_1_14' title="bbox 208 1456 1828 1528">
     <span class='ocr_line' id='line_1_14' title="bbox 208 1456 1828 1528; baseline 0.004 -20"><span class='ocrx_word' id='word_1_63' title='bbox 208 1456 361 1526; x_wconf 87' lang='lat' dir='ltr'>vulgi</span> <span class='ocrx_word' id='word_1_64' title='bbox 392 1457 601 1522; x_wconf 87' lang='lat' dir='ltr'>nescit,</span> <span class='ocrx_word' id='word_1_65' title='bbox 632 1473 665 1509; x_wconf 92' lang='lat' dir='ltr'>a</span> <span class='ocrx_word' id='word_1_66' title='bbox 692 1456 862 1510; x_wconf 94' lang='lat' dir='ltr'>docto</span> <span class='ocrx_word' id='word_1_67' title='bbox 894 1472 1091 1509; x_wconf 90' lang='lat' dir='ltr'>carum</span> <span class='ocrx_word' id='word_1_68' title='bbox 1105 1456 1456 1511; x_wconf 89' lang='lat' dir='ltr'>sententiam</span> <span class='ocrx_word' id='word_1_69' title='bbox 1484 1457 1828 1528; x_wconf 84' lang='lat' dir='ltr'>investigare</span> 
     </span>
    </p>
   </div>
   <div class='ocr_carea' id='block_1_15' title="bbox 206 1543 1829 1615">
    <p class='ocr_par' dir='ltr' id='par_1_15' title="bbox 206 1543 1829 1615">
     <span class='ocr_line' id='line_1_15' title="bbox 206 1543 1829 1615; baseline 0.002 -18"><span class='ocrx_word' id='word_1_70' title='bbox 206 1545 538 1611; x_wconf 89' lang='lat' dir='ltr'>contendit;</span> <span class='ocrx_word' id='word_1_71' title='bbox 566 1543 613 1598; x_wconf 88' lang='lat' dir='ltr'>si</span> <span class='ocrx_word' id='word_1_72' title='bbox 665 1548 855 1598; x_wconf 91' lang='lat' dir='ltr'>tamen</span> <span class='ocrx_word' id='word_1_73' title='bbox 885 1543 1181 1613; x_wconf 89' lang='lat' dir='ltr'>imperitos</span> <span class='ocrx_word' id='word_1_74' title='bbox 1221 1544 1412 1615; x_wconf 87' lang='lat' dir='ltr'>aliqua</span> <span class='ocrx_word' id='word_1_75' title='bbox 1445 1545 1515 1599; x_wconf 91' lang='lat' dir='ltr'>de</span> <span class='ocrx_word' id='word_1_76' title='bbox 1560 1545 1829 1601; x_wconf 89' lang='lat' dir='ltr'>inauditis</span> 
     </span>
    </p>
   </div>
   <div class='ocr_carea' id='block_1_16' title="bbox 206 1631 1829 1702">
    <p class='ocr_par' dir='ltr' id='par_1_16' title="bbox 206 1631 1829 1702">
     <span class='ocr_line' id='line_1_16' title="bbox 206 1631 1829 1702; baseline 0.002 -17"><span class='ocrx_word' id='word_1_77' title='bbox 206 1632 383 1685; x_wconf 88' lang='lat' dir='ltr'>rebus</span> <span class='ocrx_word' id='word_1_78' title='bbox 403 1631 694 1685; x_wconf 89' lang='lat' dir='ltr'>dubitatio</span> <span class='ocrx_word' id='word_1_79' title='bbox 728 1631 936 1702; x_wconf 84' lang='lat' dir='ltr'>attigit.</span> <span class='ocrx_word' id='word_1_80' title='bbox 968 1632 1117 1685; x_wconf 90' lang='lat' dir='ltr'>Dum</span> <span class='ocrx_word' id='word_1_81' title='bbox 1141 1632 1300 1685; x_wconf 89' lang='lat' dir='ltr'>enim</span> <span class='ocrx_word' id='word_1_82' title='bbox 1328 1632 1384 1685; x_wconf 92' lang='lat' dir='ltr'>in</span> <span class='ocrx_word' id='word_1_83' title='bbox 1413 1649 1608 1687; x_wconf 90' lang='lat' dir='ltr'>rerum</span> <span class='ocrx_word' id='word_1_84' title='bbox 1622 1636 1829 1689; x_wconf 87' lang='lat' dir='ltr'>natura</span> 
     </span>
    </p>
   </div>
   <div class='ocr_carea' id='block_1_17' title="bbox 207 1718 1825 1792">
    <p class='ocr_par' dir='ltr' id='par_1_17' title="bbox 207 1718 1825 1792">
     <span class='ocr_line' id='line_1_17' title="bbox 207 1718 1825 1792; baseline 0.001 -19"><span class='ocrx_word' id='word_1_85' title='bbox 207 1718 497 1791; x_wconf 86' lang='lat' dir='ltr'>quidquid</span> <span class='ocrx_word' id='word_1_86' title='bbox 525 1718 667 1772; x_wconf 88' lang='lat' dir='ltr'>illud</span> <span class='ocrx_word' id='word_1_87' title='bbox 698 1721 782 1772; x_wconf 90' lang='lat' dir='ltr'>est</span> <span class='ocrx_word' id='word_1_88' title='bbox 810 1719 1086 1789; x_wconf 63' lang='lat' dir='ltr'>quaeritur</span> <span class='ocrx_word' id='word_1_89' title='bbox 1116 1736 1187 1773; x_wconf 90' lang='lat' dir='ltr'>an</span> <span class='ocrx_word' id='word_1_90' title='bbox 1212 1720 1301 1786; x_wconf 90' lang='lat' dir='ltr'>sit,</span> <span class='ocrx_word' id='word_1_91' title='bbox 1335 1720 1471 1792; x_wconf 91' lang='lat' dir='ltr'>quid</span> <span class='ocrx_word' id='word_1_92' title='bbox 1493 1720 1585 1782; x_wconf 87' lang='lat' dir='ltr'>sit,</span> <span class='ocrx_word' id='word_1_93' title='bbox 1606 1736 1707 1774; x_wconf 90' lang='lat' dir='ltr'>cur</span> <span class='ocrx_word' id='word_1_94' title='bbox 1734 1720 1825 1786; x_wconf 90' lang='lat' dir='ltr'>sit,</span> 
     </span>
    </p>
   </div>
   <div class='ocr_carea' id='block_1_18' title="bbox 206 1807 1827 1881">
    <p class='ocr_par' dir='ltr' id='par_1_18' title="bbox 206 1807 1827 1881">
     <span class='ocr_line' id='line_1_18' title="bbox 206 1807 1827 1881; baseline 0.002 -20"><span class='ocrx_word' id='word_1_95' title='bbox 206 1812 261 1862; x_wconf 90' lang='lat' dir='ltr'>et</span> <span class='ocrx_word' id='word_1_96' title='bbox 278 1807 586 1880; x_wconf 88' lang='lat' dir='ltr'>quomodo</span> <span class='ocrx_word' id='word_1_97' title='bbox 600 1807 804 1873; x_wconf 90' lang='lat' dir='ltr'>sit,nec</span> <span class='ocrx_word' id='word_1_98' title='bbox 832 1808 933 1861; x_wconf 89' lang='lat' dir='ltr'>has</span> <span class='ocrx_word' id='word_1_99' title='bbox 945 1808 1288 1878; x_wconf 65' lang='lat' dir='ltr'>quaestiones</span> <span class='ocrx_word' id='word_1_100' title='bbox 1306 1810 1479 1863; x_wconf 89' lang='lat' dir='ltr'>etiam</span> <span class='ocrx_word' id='word_1_101' title='bbox 1494 1809 1827 1881; x_wconf 90' lang='lat' dir='ltr'>imperitum</span> 
     </span>
    </p>
   </div>
   <div class='ocr_carea' id='block_1_19' title="bbox 1925 668 3528 741">
    <p class='ocr_par' dir='ltr' id='par_1_19' title="bbox 1925 668 3528 741">
     <span class='ocr_line' id='line_1_19' title="bbox 1925 668 3528 741; baseline 0.004 -20"><span class='ocrx_word' id='word_1_102' title='bbox 1925 668 2159 740; x_wconf 86' lang='lat' dir='ltr'>perjurii</span> <span class='ocrx_word' id='word_1_103' title='bbox 2192 685 2401 723; x_wconf 78' lang='lat' dir='ltr'>noxam</span> <span class='ocrx_word' id='word_1_104' title='bbox 2432 669 2733 735; x_wconf 64' lang='lat' dir='ltr'>incurrisse</span> <span class='ocrx_word' id='word_1_105' title='bbox 2766 672 3105 741; x_wconf 81' lang='lat' dir='ltr'>putabatur;</span> <span class='ocrx_word' id='word_1_106' title='bbox 3141 672 3240 725; x_wconf 87' lang='lat' dir='ltr'>sed</span> <span class='ocrx_word' id='word_1_107' title='bbox 3261 674 3528 727; x_wconf 78' lang='lat' dir='ltr'>etobste-</span> 
     </span>
    </p>
   </div>
   <div class='ocr_carea' id='block_1_20' title="bbox 1920 756 3521 833">
    <p class='ocr_par' dir='ltr' id='par_1_20' title="bbox 1920 756 3521 833">
     <span class='ocr_line' id='line_1_20' title="bbox 1920 756 3521 833; baseline 0.003 -25"><span class='ocrx_word' id='word_1_108' title='bbox 1920 756 2155 809; x_wconf 81' lang='lat' dir='ltr'>trieibus</span> <span class='ocrx_word' id='word_1_109' title='bbox 2187 758 2555 814; x_wconf 71' lang='lat' dir='ltr'>Hebraeorum</span> <span class='ocrx_word' id='word_1_110' title='bbox 2611 760 2759 812; x_wconf 66' lang='lat' dir='ltr'>Deus</span> <span class='ocrx_word' id='word_1_111' title='bbox 2790 760 2937 814; x_wconf 87' lang='lat' dir='ltr'>bene</span> <span class='ocrx_word' id='word_1_112' title='bbox 2974 759 3169 814; x_wconf 71' lang='lat' dir='ltr'>fecisse</span> <span class='ocrx_word' id='word_1_113' title='bbox 3211 760 3349 829; x_wconf 81' lang='lat' dir='ltr'>legit</span> <span class='ocrx_word' id='word_1_114' title='bbox 3392 779 3521 833; x_wconf 73' lang='lat' dir='ltr'>qum</span> 
     </span>
    </p>
   </div>
   <div class='ocr_carea' id='block_1_21' title="bbox 1926 844 3531 919">
    <p class='ocr_par' dir='ltr' id='par_1_21' title="bbox 1926 844 3531 919">
     <span class='ocr_line' id='line_1_21' title="bbox 1926 844 3531 919; baseline 0.003 -23"><span class='ocrx_word' id='word_1_115' title='bbox 1926 844 2229 899; x_wconf 89' lang='lat' dir='ltr'>mendacio</span> <span class='ocrx_word' id='word_1_116' title='bbox 2276 863 2375 899; x_wconf 91' lang='lat' dir='ltr'>suo</span> <span class='ocrx_word' id='word_1_117' title='bbox 2432 847 2721 901; x_wconf 86' lang='lat' dir='ltr'>necandos</span> <span class='ocrx_word' id='word_1_118' title='bbox 2754 846 3001 901; x_wconf 80' lang='lat' dir='ltr'>ﬁliorum</span> <span class='ocrx_word' id='word_1_119' title='bbox 3060 848 3228 901; x_wconf 81' lang='lat' dir='ltr'>Israel</span> <span class='ocrx_word' id='word_1_120' title='bbox 3260 865 3466 919; x_wconf 87' lang='lat' dir='ltr'>pueros</span> <span class='ocrx_word' id='word_1_121' title='bbox 3498 866 3531 901; x_wconf 89' lang='lat' dir='ltr'>a</span> 
     </span>
    </p>
   </div>
   <div class='ocr_carea' id='block_1_22' title="bbox 1926 934 3531 1005">
    <p class='ocr_par' dir='ltr' id='par_1_22' title="bbox 1926 934 3531 1005">
     <span class='ocr_line' id='line_1_22' title="bbox 1926 934 3531 1005; baseline 0.003 -21"><span class='ocrx_word' id='word_1_122' title='bbox 1926 935 2113 985; x_wconf 88' lang='lat' dir='ltr'>morte</span> <span class='ocrx_word' id='word_1_123' title='bbox 2143 950 2389 988; x_wconf 78' lang='lat' dir='ltr'>servasse</span> <span class='ocrx_word' id='word_1_124' title='bbox 2416 934 2578 987; x_wconf 61' lang='lat' dir='ltr'>dictae</span> <span class='ocrx_word' id='word_1_125' title='bbox 2606 938 2737 988; x_wconf 86' lang='lat' dir='ltr'>sunt</span> <span class='ocrx_word' id='word_1_126' title='bbox 2768 934 2967 1005; x_wconf 71' lang='lat' dir='ltr'>(Erorl.</span> <span class='ocrx_word' id='word_1_127' title='bbox 3003 952 3040 999; x_wconf 86' lang='grc' dir='ltr'>ῐ,</span> <span class='ocrx_word' id='word_1_128' title='bbox 3094 938 3202 1003; x_wconf 72' lang='grc'><strong>20).</strong></span> <span class='ocrx_word' id='word_1_129' title='bbox 3249 936 3531 990; x_wconf 85' lang='lat' dir='ltr'>Mendacii</span> 
     </span>
    </p>
   </div>
   <div class='ocr_carea' id='block_1_23' title="bbox 1927 1019 3526 1096">
    <p class='ocr_par' dir='ltr' id='par_1_23' title="bbox 1927 1019 3526 1096">
     <span class='ocr_line' id='line_1_23' title="bbox 1927 1019 3526 1096; baseline 0.004 -23"><span class='ocrx_word' id='word_1_130' title='bbox 1927 1019 2101 1090; x_wconf 84' lang='lat' dir='ltr'>igitur</span> <span class='ocrx_word' id='word_1_131' title='bbox 2118 1025 2173 1074; x_wconf 91' lang='lat' dir='ltr'>et</span> <span class='ocrx_word' id='word_1_132' title='bbox 2192 1021 2427 1092; x_wconf 87' lang='lat' dir='ltr'>perjurii</span> <span class='ocrx_word' id='word_1_133' title='bbox 2448 1040 2616 1077; x_wconf 78' lang='lat' dir='ltr'>causa</span> <span class='ocrx_word' id='word_1_134' title='bbox 2638 1024 2933 1096; x_wconf 83' lang='lat' dir='ltr'>pensanda</span> <span class='ocrx_word' id='word_1_135' title='bbox 2956 1028 3058 1091; x_wconf 86' lang='lat' dir='ltr'>est,</span> <span class='ocrx_word' id='word_1_136' title='bbox 3083 1041 3195 1096; x_wconf 89' lang='lat' dir='ltr'>qua</span> <span class='ocrx_word' id='word_1_137' title='bbox 3215 1024 3526 1096; x_wconf 85' lang='lat' dir='ltr'>aliquando</span> 
     </span>
    </p>
   </div>
   <div class='ocr_carea' id='block_1_24' title="bbox 1925 1108 3522 1182">
    <p class='ocr_par' dir='ltr' id='par_1_24' title="bbox 1925 1108 3522 1182">
     <span class='ocr_line' id='line_1_24' title="bbox 1925 1108 3522 1182; baseline 0.003 -20"><span class='ocrx_word' id='word_1_138' title='bbox 1925 1108 2120 1175; x_wconf 80' lang='lat' dir='ltr'>levius,</span> <span class='ocrx_word' id='word_1_139' title='bbox 2149 1109 2458 1180; x_wconf 78' lang='lat' dir='ltr'>aliquando</span> <span class='ocrx_word' id='word_1_140' title='bbox 2490 1111 2715 1182; x_wconf 84' lang='lat' dir='ltr'>gravius</span> <span class='ocrx_word' id='word_1_141' title='bbox 2748 1116 3044 1182; x_wconf 86' lang='lat' dir='ltr'>peccatum</span> <span class='ocrx_word' id='word_1_142' title='bbox 3073 1113 3522 1177; x_wconf 86' lang='lat' dir='ltr'>committimus,</span> 
     </span>
    </p>
   </div>
   <div class='ocr_carea' id='block_1_25' title="bbox 1929 1199 3527 1273">
    <p class='ocr_par' dir='ltr' id='par_1_25' title="bbox 1929 1199 3527 1273">
     <span class='ocr_line' id='line_1_25' title="bbox 1929 1199 3527 1273; baseline 0.003 -23"><span class='ocrx_word' id='word_1_143' title='bbox 1929 1213 2032 1250; x_wconf 88' lang='lat' dir='ltr'>nec</span> <span class='ocrx_word' id='word_1_144' title='bbox 2050 1214 2303 1268; x_wconf 85' lang='lat' dir='ltr'>unquam</span> <span class='ocrx_word' id='word_1_145' title='bbox 2322 1199 2536 1269; x_wconf 87' lang='lat' dir='ltr'>absque</span> <span class='ocrx_word' id='word_1_146' title='bbox 2556 1203 2787 1271; x_wconf 88' lang='lat' dir='ltr'>peccato</span> <span class='ocrx_word' id='word_1_147' title='bbox 2806 1200 3121 1254; x_wconf 89' lang='lat' dir='ltr'>mentimur</span> <span class='ocrx_word' id='word_1_148' title='bbox 3143 1201 3527 1273; x_wconf 87' lang='lat' dir='ltr'>;quandoqui-</span> 
     </span>
    </p>
   </div>
   <div class='ocr_carea' id='block_1_26' title="bbox 1927 1283 3525 1357">
    <p class='ocr_par' dir='ltr' id='par_1_26' title="bbox 1927 1283 3525 1357">
     <span class='ocr_line' id='line_1_26' title="bbox 1927 1283 3525 1357; baseline 0.003 -21"><span class='ocrx_word' id='word_1_149' title='bbox 1927 1283 2059 1337; x_wconf 90' lang='lat' dir='ltr'>dem</span> <span class='ocrx_word' id='word_1_150' title='bbox 2092 1302 2267 1339; x_wconf 89' lang='lat' dir='ltr'>omne</span> <span class='ocrx_word' id='word_1_151' title='bbox 2289 1290 2587 1355; x_wconf 81' lang='lat' dir='ltr'>peccatum</span> <span class='ocrx_word' id='word_1_152' title='bbox 2608 1304 2673 1341; x_wconf 78' lang='lat' dir='ltr'>e\&#39;</span> <span class='ocrx_word' id='word_1_153' title='bbox 2701 1288 2929 1341; x_wconf 78' lang='lat' dir='ltr'>diabolo</span> <span class='ocrx_word' id='word_1_154' title='bbox 2957 1305 3077 1341; x_wconf 70' lang='lat' dir='ltr'>esse</span> <span class='ocrx_word' id='word_1_155' title='bbox 3098 1288 3436 1357; x_wconf 84' lang='lat' dir='ltr'>perhibetur</span> <span class='ocrx_word' id='word_1_156' title='bbox 3467 1286 3525 1353; x_wconf 89' lang='grc' dir='ltr'>(Ι</span> 
     </span>
    </p>
   </div>
   <div class='ocr_carea' id='block_1_27' title="bbox 1925 1371 3529 1447">
    <p class='ocr_par' dir='ltr' id='par_1_27' title="bbox 1925 1371 3529 1447">
     <span class='ocr_line' id='line_1_27' title="bbox 1925 1371 3529 1447; baseline 0.003 -23"><span class='ocrx_word' id='word_1_157' title='bbox 1925 1371 2113 1438; x_wconf 81' lang='lat' dir='ltr'>Joan.,</span> <span class='ocrx_word' id='word_1_158' title='bbox 2132 1389 2213 1433; x_wconf 85' lang='lat' dir='ltr'>Ill,</span> <span class='ocrx_word' id='word_1_159' title='bbox 2232 1372 2306 1443; x_wconf 89' lang='grc'>8).</span> <span class='ocrx_word' id='word_1_160' title='bbox 2323 1374 2469 1427; x_wconf 78' lang='lat' dir='ltr'>Alibi</span> <span class='ocrx_word' id='word_1_161' title='bbox 2492 1392 2719 1447; x_wconf 83' lang='lat' dir='ltr'>quoque</span> <span class='ocrx_word' id='word_1_162' title='bbox 2743 1376 3019 1430; x_wconf 80' lang='lat' dir='ltr'>Dominus</span> <span class='ocrx_word' id='word_1_163' title='bbox 3054 1392 3157 1446; x_wconf 86' lang='lat' dir='ltr'>per</span> <span class='ocrx_word' id='word_1_164' title='bbox 3178 1377 3529 1447; x_wconf 81' lang='lat' dir='ltr'>PrOphetam</span> 
     </span>
    </p>
   </div>
   <div class='ocr_carea' id='block_1_28' title="bbox 1927 1460 3534 1535">
    <p class='ocr_par' dir='ltr' id='par_1_28' title="bbox 1927 1460 3534 1535">
     <span class='ocr_line' id='line_1_28' title="bbox 1927 1460 3534 1535; baseline 0.003 -23"><span class='ocrx_word' id='word_1_165' title='bbox 1927 1460 2205 1531; x_wconf 73' lang='lat' dir='ltr'>prmcipit,</span> <span class='ocrx_word' id='word_1_166' title='bbox 2244 1463 2617 1532; x_wconf 72' lang='lat' dir='ltr'>juramcntmn</span> <span class='ocrx_word' id='word_1_167' title='bbox 2662 1463 2888 1517; x_wconf 69' lang='lat' dir='ltr'>mendax</span> <span class='ocrx_word' id='word_1_168' title='bbox 2943 1481 3007 1517; x_wconf 79' lang='lat' dir='ltr'>ne</span> <span class='ocrx_word' id='word_1_169' title='bbox 3056 1464 3290 1533; x_wconf 58' lang='lat' dir='ltr'>diligatis</span> <span class='ocrx_word' id='word_1_170' title='bbox 3331 1464 3534 1535; x_wconf 72' lang='lat' dir='ltr'>(Zac/c.</span> 
     </span>
    </p>
   </div>
   <div class='ocr_carea' id='block_1_29' title="bbox 1928 1550 3529 1624">
    <p class='ocr_par' dir='ltr' id='par_1_29' title="bbox 1928 1550 3529 1624">
     <span class='ocr_line' id='line_1_29' title="bbox 1928 1550 3529 1624; baseline 0.002 -23"><span class='ocrx_word' id='word_1_171' title='bbox 1928 1564 2042 1609; x_wconf 85' lang='lat' dir='ltr'>vm,</span> <span class='ocrx_word' id='word_1_172' title='bbox 2073 1550 2156 1617; x_wconf 81' lang='lat' dir='ltr'>l7)</span> <span class='ocrx_word' id='word_1_173' title='bbox 2188 1566 2199 1602; x_wconf 92' lang='lat'><strong>:</strong></span> <span class='ocrx_word' id='word_1_174' title='bbox 2233 1553 2291 1603; x_wconf 90' lang='lat' dir='ltr'>et</span> <span class='ocrx_word' id='word_1_175' title='bbox 2321 1550 2457 1621; x_wconf 85' lang='lat' dir='ltr'>quid</span> <span class='ocrx_word' id='word_1_176' title='bbox 2488 1554 2571 1604; x_wconf 89' lang='lat' dir='ltr'>est</span> <span class='ocrx_word' id='word_1_177' title='bbox 2612 1552 2966 1605; x_wconf 89' lang='lat' dir='ltr'>mendaciter</span> <span class='ocrx_word' id='word_1_178' title='bbox 2989 1552 3206 1622; x_wconf 88' lang='lat' dir='ltr'>jurare,</span> <span class='ocrx_word' id='word_1_179' title='bbox 3238 1552 3345 1607; x_wconf 88' lang='lat' dir='ltr'>nisi</span> <span class='ocrx_word' id='word_1_180' title='bbox 3372 1552 3529 1624; x_wconf 83' lang='lat' dir='ltr'>pejo-</span> 
     </span>
    </p>
   </div>
   <div class='ocr_carea' id='block_1_30' title="bbox 1927 1635 3519 1708">
    <p class='ocr_par' dir='ltr' id='par_1_30' title="bbox 1927 1635 3519 1708">
     <span class='ocr_line' id='line_1_30' title="bbox 1927 1635 3519 1708; baseline 0.004 -20"><span class='ocrx_word' id='word_1_181' title='bbox 1927 1635 2098 1689; x_wconf 84' lang='lat' dir='ltr'>rare‘?</span> <span class='ocrx_word' id='word_1_182' title='bbox 2122 1637 2233 1690; x_wconf 84' lang='lat' dir='ltr'>Hoc</span> <span class='ocrx_word' id='word_1_183' title='bbox 2265 1640 2457 1692; x_wconf 89' lang='lat' dir='ltr'>autem</span> <span class='ocrx_word' id='word_1_184' title='bbox 2487 1642 2639 1692; x_wconf 88' lang='lat' dir='ltr'>vetat</span> <span class='ocrx_word' id='word_1_185' title='bbox 2669 1639 2932 1708; x_wconf 75' lang='lat' dir='ltr'>diligere,</span> <span class='ocrx_word' id='word_1_186' title='bbox 2967 1656 3032 1693; x_wconf 88' lang='lat' dir='ltr'>ac</span> <span class='ocrx_word' id='word_1_187' title='bbox 3063 1640 3106 1693; x_wconf 92' lang='lat' dir='ltr'>si</span> <span class='ocrx_word' id='word_1_188' title='bbox 3134 1639 3519 1694; x_wconf 87' lang='lat' dir='ltr'>concedatin-</span> 
     </span>
    </p>
   </div>
   <div class='ocr_carea' id='block_1_31' title="bbox 1928 1723 3527 1801">
    <p class='ocr_par' dir='ltr' id='par_1_31' title="bbox 1928 1723 3527 1801">
     <span class='ocr_line' id='line_1_31' title="bbox 1928 1723 3527 1801; baseline 0.001 -25"><span class='ocrx_word' id='word_1_189' title='bbox 1928 1723 2107 1777; x_wconf 92' lang='lat' dir='ltr'>vitum</span> <span class='ocrx_word' id='word_1_190' title='bbox 2134 1726 2413 1795; x_wconf 85' lang='lat' dir='ltr'>pejorare,</span> <span class='ocrx_word' id='word_1_191' title='bbox 2432 1726 2595 1796; x_wconf 84' lang='lat' dir='ltr'>juxta</span> <span class='ocrx_word' id='word_1_192' title='bbox 2613 1728 2747 1783; x_wconf 89' lang='lat' dir='ltr'>illud</span> <span class='ocrx_word' id='word_1_193' title='bbox 2772 1728 3063 1799; x_wconf 71' lang='lat' dir='ltr'>Apostoli:</span> <span class='ocrx_word' id='word_1_194' title='bbox 3093 1728 3219 1783; x_wconf 77' lang='lat' dir='ltr'>Non</span> <span class='ocrx_word' id='word_1_195' title='bbox 3240 1728 3381 1801; x_wconf 79' lang='lat' dir='ltr'>quod</span> <span class='ocrx_word' id='word_1_196' title='bbox 3411 1729 3527 1782; x_wconf 79' lang='lat' dir='ltr'>volo</span> 
     </span>
    </p>
   </div>
   <div class='ocr_carea' id='block_1_32' title="bbox 1932 1812 3524 1887">
    <p class='ocr_par' dir='ltr' id='par_1_32' title="bbox 1932 1812 3524 1887">
     <span class='ocr_line' id='line_1_32' title="bbox 1932 1812 3524 1887; baseline 0.006 -23"><span class='ocrx_word' id='word_1_197' title='bbox 1932 1812 2142 1879; x_wconf 86' lang='lat' dir='ltr'>bonum,</span> <span class='ocrx_word' id='word_1_198' title='bbox 2172 1814 2266 1867; x_wconf 79' lang='lat' dir='ltr'>hoc</span> <span class='ocrx_word' id='word_1_199' title='bbox 2297 1831 2417 1883; x_wconf 78' lang='lat' dir='ltr'>ago,</span> <span class='ocrx_word' id='word_1_200' title='bbox 2452 1815 2542 1868; x_wconf 83' lang='lat' dir='ltr'>sed</span> <span class='ocrx_word' id='word_1_201' title='bbox 2582 1816 2722 1887; x_wconf 82' lang='lat' dir='ltr'>quod</span> <span class='ocrx_word' id='word_1_202' title='bbox 2774 1818 2893 1870; x_wconf 86' lang='lat' dir='ltr'>nolo</span> <span class='ocrx_word' id='word_1_203' title='bbox 2943 1816 3169 1883; x_wconf 82' lang='lat' dir='ltr'>malum,</span> <span class='ocrx_word' id='word_1_204' title='bbox 3203 1817 3342 1872; x_wconf 78' lang='lat' dir='ltr'>illud</span> <span class='ocrx_word' id='word_1_205' title='bbox 3359 1818 3524 1887; x_wconf 82' lang='lat' dir='ltr'>facio.</span> 
     </span>
    </p>
   </div>
   <div class='ocr_carea' id='block_1_33' title="bbox 205 1888 3530 1976">
    <p class='ocr_par' dir='ltr' id='par_1_33' title="bbox 205 1888 3530 1976">
     <span class='ocr_line' id='line_1_33' title="bbox 205 1888 3530 1976; baseline 0.002 -27"><span class='ocrx_word' id='word_1_206' title='bbox 205 1897 414 1967; x_wconf 87' lang='lat' dir='ltr'>vulgus</span> <span class='ocrx_word' id='word_1_207' title='bbox 432 1895 719 1968; x_wconf 58' lang='lat' dir='ltr'>praeterit,</span> <span class='ocrx_word' id='word_1_208' title='bbox 737 1898 958 1949; x_wconf 89' lang='lat' dir='ltr'>certum</span> <span class='ocrx_word' id='word_1_209' title='bbox 975 1900 1060 1950; x_wconf 90' lang='lat' dir='ltr'>est</span> <span class='ocrx_word' id='word_1_210' title='bbox 1077 1896 1232 1966; x_wconf 86' lang='lat' dir='ltr'>quod</span> <span class='ocrx_word' id='word_1_211' title='bbox 1262 1896 1332 1951; x_wconf 91' lang='lat' dir='ltr'>de</span> <span class='ocrx_word' id='word_1_212' title='bbox 1360 1896 1572 1967; x_wconf 87' lang='lat' dir='ltr'>ignotis</span> <span class='ocrx_word' id='word_1_213' title='bbox 1589 1897 1827 1951; x_wconf 91' lang='lat' dir='ltr'>omnino</span> <span class='ocrx_word' id='word_1_214' title='bbox 1859 1888 1908 1947; x_wconf 91' lang='grc' dir='ltr'>Β</span> <span class='ocrx_word' id='word_1_215' title='bbox 1929 1899 1999 1954; x_wconf 78' lang='lat' dir='ltr'>Si</span> <span class='ocrx_word' id='word_1_216' title='bbox 2030 1906 2207 1954; x_wconf 81' lang='lat' dir='ltr'>autem</span> <span class='ocrx_word' id='word_1_217' title='bbox 2245 1901 2386 1973; x_wconf 73' lang='lat' dir='ltr'>quod</span> <span class='ocrx_word' id='word_1_218' title='bbox 2424 1903 2543 1956; x_wconf 81' lang='lat' dir='ltr'>nolo</span> <span class='ocrx_word' id='word_1_219' title='bbox 2590 1904 2811 1970; x_wconf 80' lang='lat' dir='ltr'>malum,</span> <span class='ocrx_word' id='word_1_220' title='bbox 2836 1905 2930 1957; x_wconf 80' lang='lat' dir='ltr'>hoc</span> <span class='ocrx_word' id='word_1_221' title='bbox 2957 1922 3077 1973; x_wconf 80' lang='lat' dir='ltr'>ago,</span> <span class='ocrx_word' id='word_1_222' title='bbox 3101 1922 3205 1957; x_wconf 77' lang='lat' dir='ltr'>non</span> <span class='ocrx_word' id='word_1_223' title='bbox 3234 1923 3326 1975; x_wconf 77' lang='lat' dir='ltr'>ego</span> <span class='ocrx_word' id='word_1_224' title='bbox 3346 1923 3530 1976; x_wconf 80' lang='lat' dir='ltr'>operor</span> 
     </span>
    </p>
   </div>
   <div class='ocr_carea' id='block_1_34' title="bbox 206 1984 1833 2056">
    <p class='ocr_par' dir='ltr' id='par_1_34' title="bbox 206 1984 1833 2056">
     <span class='ocr_line' id='line_1_34' title="bbox 206 1984 1833 2056; baseline 0 -17"><span class='ocrx_word' id='word_1_225' title='bbox 206 1986 383 2039; x_wconf 85' lang='lat' dir='ltr'>rebus</span> <span class='ocrx_word' id='word_1_226' title='bbox 416 1984 563 2038; x_wconf 88' lang='lat' dir='ltr'>nihil</span> <span class='ocrx_word' id='word_1_227' title='bbox 597 1985 826 2056; x_wconf 68' lang='lat' dir='ltr'>quierit.</span> <span class='ocrx_word' id='word_1_228' title='bbox 854 1985 996 2038; x_wconf 89' lang='lat' dir='ltr'>Nam</span> <span class='ocrx_word' id='word_1_229' title='bbox 1026 1985 1389 2056; x_wconf 88' lang='lat' dir='ltr'>philosophia</span> <span class='ocrx_word' id='word_1_230' title='bbox 1418 1985 1477 2039; x_wconf 91' lang='lat' dir='ltr'>in</span> <span class='ocrx_word' id='word_1_231' title='bbox 1504 1985 1591 2039; x_wconf 89' lang='lat' dir='ltr'>his</span> <span class='ocrx_word' id='word_1_232' title='bbox 1607 1989 1833 2040; x_wconf 80' lang='lat' dir='ltr'>exercet</span> 
     </span>
    </p>
   </div>
   <div class='ocr_carea' id='block_1_35' title="bbox 205 2073 1827 2144">
    <p class='ocr_par' dir='ltr' id='par_1_35' title="bbox 205 2073 1827 2144">
     <span class='ocr_line' id='line_1_35' title="bbox 205 2073 1827 2144; baseline 0.001 -17"><span class='ocrx_word' id='word_1_233' title='bbox 205 2090 372 2127; x_wconf 88' lang='lat' dir='ltr'>suam</span> <span class='ocrx_word' id='word_1_234' title='bbox 407 2089 657 2144; x_wconf 89' lang='lat' dir='ltr'>operam</span> <span class='ocrx_word' id='word_1_235' title='bbox 680 2073 856 2127; x_wconf 73' lang='lat' dir='ltr'>etiam</span> <span class='ocrx_word' id='word_1_236' title='bbox 875 2089 1001 2144; x_wconf 73' lang='lat' dir='ltr'>quas</span> <span class='ocrx_word' id='word_1_237' title='bbox 1022 2077 1304 2140; x_wconf 90' lang='lat' dir='ltr'>nonsunt,</span> <span class='ocrx_word' id='word_1_238' title='bbox 1323 2077 1383 2128; x_wconf 92' lang='lat' dir='ltr'>ut</span> <span class='ocrx_word' id='word_1_239' title='bbox 1414 2073 1553 2128; x_wconf 88' lang='lat' dir='ltr'>nihil</span> <span class='ocrx_word' id='word_1_240' title='bbox 1586 2078 1827 2140; x_wconf 64' lang='lat' dir='ltr'>naturae,</span> 
     </span>
    </p>
   </div>
   <div class='ocr_carea' id='block_1_36' title="bbox 206 2162 1832 2234">
    <p class='ocr_par' dir='ltr' id='par_1_36' title="bbox 206 2162 1832 2234">
     <span class='ocr_line' id='line_1_36' title="bbox 206 2162 1832 2234; baseline 0 -17"><span class='ocrx_word' id='word_1_241' title='bbox 206 2164 350 2217; x_wconf 85' lang='lat' dir='ltr'>nihil</span> <span class='ocrx_word' id='word_1_242' title='bbox 382 2162 739 2217; x_wconf 86' lang='lat' dir='ltr'>moralitatis</span> <span class='ocrx_word' id='word_1_243' title='bbox 768 2179 900 2217; x_wconf 90' lang='lat' dir='ltr'>eam</span> <span class='ocrx_word' id='word_1_244' title='bbox 928 2162 1183 2233; x_wconf 73' lang='lat' dir='ltr'>effugiat,</span> <span class='ocrx_word' id='word_1_245' title='bbox 1214 2163 1283 2217; x_wconf 90' lang='lat' dir='ltr'>de</span> <span class='ocrx_word' id='word_1_246' title='bbox 1311 2163 1515 2234; x_wconf 89' lang='lat' dir='ltr'>quibus</span> <span class='ocrx_word' id='word_1_247' title='bbox 1551 2163 1832 2217; x_wconf 88' lang='lat' dir='ltr'>subtiliter</span> 
     </span>
    </p>
   </div>
   <div class='ocr_carea' id='block_1_37' title="bbox 203 2249 1831 2322">
    <p class='ocr_par' dir='ltr' id='par_1_37' title="bbox 203 2249 1831 2322">
     <span class='ocr_line' id='line_1_37' title="bbox 203 2249 1831 2322; baseline 0 -18"><span class='ocrx_word' id='word_1_248' title='bbox 203 2251 541 2321; x_wconf 82' lang='lat' dir='ltr'>investigat.</span> <span class='ocrx_word' id='word_1_249' title='bbox 573 2249 934 2322; x_wconf 84' lang='lat' dir='ltr'>QuaprOpter</span> <span class='ocrx_word' id='word_1_250' title='bbox 980 2250 1049 2304; x_wconf 92' lang='lat' dir='ltr'>de</span> <span class='ocrx_word' id='word_1_251' title='bbox 1092 2250 1412 2321; x_wconf 88' lang='lat' dir='ltr'>juramenti</span> <span class='ocrx_word' id='word_1_252' title='bbox 1433 2251 1831 2305; x_wconf 87' lang='lat' dir='ltr'>observatione</span> 
     </span>
    </p>
   </div>
   <div class='ocr_carea' id='block_1_38' title="bbox 203 2339 1829 2413">
    <p class='ocr_par' dir='ltr' id='par_1_38' title="bbox 203 2339 1829 2413">
     <span class='ocr_line' id='line_1_38' title="bbox 203 2339 1829 2413; baseline -0.001 -19"><span class='ocrx_word' id='word_1_253' title='bbox 203 2340 587 2413; x_wconf 82' lang='lat' dir='ltr'>proponitur,</span> <span class='ocrx_word' id='word_1_254' title='bbox 622 2356 727 2394; x_wconf 90' lang='lat' dir='ltr'>nec</span> <span class='ocrx_word' id='word_1_255' title='bbox 756 2339 956 2411; x_wconf 88' lang='lat' dir='ltr'>ignota</span> <span class='ocrx_word' id='word_1_256' title='bbox 981 2339 1275 2410; x_wconf 61' lang='lat' dir='ltr'>quierendi</span> <span class='ocrx_word' id='word_1_257' title='bbox 1300 2339 1389 2394; x_wconf 86' lang='lat' dir='ltr'>via</span> <span class='ocrx_word' id='word_1_258' title='bbox 1420 2344 1525 2405; x_wconf 90' lang='lat' dir='ltr'>est,</span> <span class='ocrx_word' id='word_1_259' title='bbox 1544 2339 1634 2394; x_wconf 92' lang='lat' dir='ltr'>cui</span> <span class='ocrx_word' id='word_1_260' title='bbox 1659 2356 1829 2410; x_wconf 85' lang='lat' dir='ltr'>argu-</span> 
     </span>
    </p>
   </div>
   <div class='ocr_carea' id='block_1_39' title="bbox 204 2428 1831 2500">
    <p class='ocr_par' dir='ltr' id='par_1_39' title="bbox 204 2428 1831 2500">
     <span class='ocr_line' id='line_1_39' title="bbox 204 2428 1831 2500; baseline 0 -18"><span class='ocrx_word' id='word_1_261' title='bbox 204 2428 519 2482; x_wconf 86' lang='lat' dir='ltr'>mentandi</span> <span class='ocrx_word' id='word_1_262' title='bbox 551 2428 719 2500; x_wconf 89' lang='lat' dir='ltr'>copia</span> <span class='ocrx_word' id='word_1_263' title='bbox 744 2429 954 2498; x_wconf 64' lang='lat' dir='ltr'>priesto</span> <span class='ocrx_word' id='word_1_264' title='bbox 974 2431 1058 2482; x_wconf 88' lang='lat' dir='ltr'>est</span> <span class='ocrx_word' id='word_1_265' title='bbox 1087 2444 1098 2481; x_wconf 92' lang='lat'>:</span> <span class='ocrx_word' id='word_1_266' title='bbox 1129 2445 1257 2482; x_wconf 91' lang='lat' dir='ltr'>cum</span> <span class='ocrx_word' id='word_1_267' title='bbox 1277 2429 1473 2499; x_wconf 88' lang='lat' dir='ltr'>jurare</span> <span class='ocrx_word' id='word_1_268' title='bbox 1503 2428 1644 2482; x_wconf 86' lang='lat' dir='ltr'>nihil</span> <span class='ocrx_word' id='word_1_269' title='bbox 1676 2428 1831 2482; x_wconf 87' lang='lat' dir='ltr'>aliud</span> 
     </span>
    </p>
   </div>
   <div class='ocr_carea' id='block_1_40' title="bbox 202 2514 1829 2587">
    <p class='ocr_par' dir='ltr' id='par_1_40' title="bbox 202 2514 1829 2587">
     <span class='ocr_line' id='line_1_40' title="bbox 202 2514 1829 2587; baseline -0.001 -17"><span class='ocrx_word' id='word_1_270' title='bbox 202 2517 277 2570; x_wconf 90' lang='lat' dir='ltr'>sit</span> <span class='ocrx_word' id='word_1_271' title='bbox 312 2533 498 2587; x_wconf 89' lang='lat' dir='ltr'>quam</span> <span class='ocrx_word' id='word_1_272' title='bbox 524 2516 660 2587; x_wconf 88' lang='lat' dir='ltr'>jure</span> <span class='ocrx_word' id='word_1_273' title='bbox 685 2532 873 2569; x_wconf 89' lang='lat' dir='ltr'>orare.</span> <span class='ocrx_word' id='word_1_274' title='bbox 908 2514 1013 2578; x_wconf 86' lang='lat' dir='ltr'>Qui</span> <span class='ocrx_word' id='word_1_275' title='bbox 1045 2516 1205 2569; x_wconf 89' lang='lat' dir='ltr'>enim</span> <span class='ocrx_word' id='word_1_276' title='bbox 1255 2517 1403 2582; x_wconf 88' lang='lat' dir='ltr'>orat,</span> <span class='ocrx_word' id='word_1_277' title='bbox 1438 2519 1720 2587; x_wconf 90' lang='lat' dir='ltr'>quantum</span> <span class='ocrx_word' id='word_1_278' title='bbox 1755 2515 1829 2569; x_wconf 89' lang='lat' dir='ltr'>ad</span> 
     </span>
    </p>
   </div>
   <div class='ocr_carea' id='block_1_41' title="bbox 211 2604 1832 2676">
    <p class='ocr_par' dir='ltr' id='par_1_41' title="bbox 211 2604 1832 2676">
     <span class='ocr_line' id='line_1_41' title="bbox 211 2604 1832 2676; baseline 0 -19"><span class='ocrx_word' id='word_1_279' title='bbox 211 2605 329 2658; x_wconf 89' lang='lat' dir='ltr'>veri</span> <span class='ocrx_word' id='word_1_280' title='bbox 344 2604 599 2676; x_wconf 81' lang='lat' dir='ltr'>falsique</span> <span class='ocrx_word' id='word_1_281' title='bbox 615 2604 973 2675; x_wconf 89' lang='lat' dir='ltr'>opinionem,</span> <span class='ocrx_word' id='word_1_282' title='bbox 995 2620 1171 2658; x_wconf 86' lang='lat' dir='ltr'>unam</span> <span class='ocrx_word' id='word_1_283' title='bbox 1195 2604 1604 2659; x_wconf 86' lang='lat' dir='ltr'>tantummodo</span> <span class='ocrx_word' id='word_1_284' title='bbox 1625 2606 1832 2658; x_wconf 87' lang='lat' dir='ltr'>tractat</span> 
     </span>
    </p>
   </div>
   <div class='ocr_carea' id='block_1_42' title="bbox 206 2692 1828 2764">
    <p class='ocr_par' dir='ltr' id='par_1_42' title="bbox 206 2692 1828 2764">
     <span class='ocr_line' id='line_1_42' title="bbox 206 2692 1828 2764; baseline 0 -17"><span class='ocrx_word' id='word_1_285' title='bbox 206 2694 499 2748; x_wconf 87' lang='lat' dir='ltr'>orationis</span> <span class='ocrx_word' id='word_1_286' title='bbox 529 2692 808 2764; x_wconf 80' lang='lat' dir='ltr'>speciem,</span> <span class='ocrx_word' id='word_1_287' title='bbox 842 2692 1068 2746; x_wconf 87' lang='lat' dir='ltr'>etiamsi</span> <span class='ocrx_word' id='word_1_288' title='bbox 1119 2709 1348 2747; x_wconf 88' lang='lat' dir='ltr'>necesse</span> <span class='ocrx_word' id='word_1_289' title='bbox 1380 2695 1465 2746; x_wconf 89' lang='lat' dir='ltr'>est</span> <span class='ocrx_word' id='word_1_290' title='bbox 1490 2693 1828 2764; x_wconf 89' lang='lat' dir='ltr'>juramento</span> 
     </span>
    </p>
   </div>
   <div class='ocr_carea' id='block_1_43' title="bbox 205 2781 1832 2837">
    <p class='ocr_par' dir='ltr' id='par_1_43' title="bbox 205 2781 1832 2837">
     <span class='ocr_line' id='line_1_43' title="bbox 205 2781 1832 2837; baseline -0.001 -1"><span class='ocrx_word' id='word_1_291' title='bbox 205 2782 553 2837; x_wconf 81' lang='lat' dir='ltr'>obnoxiam.</span> <span class='ocrx_word' id='word_1_292' title='bbox 586 2781 741 2835; x_wconf 88' lang='lat' dir='ltr'>Hanc</span> <span class='ocrx_word' id='word_1_293' title='bbox 775 2784 969 2835; x_wconf 88' lang='lat' dir='ltr'>autem</span> <span class='ocrx_word' id='word_1_294' title='bbox 999 2781 1323 2836; x_wconf 90' lang='lat' dir='ltr'>orationem</span> <span class='ocrx_word' id='word_1_295' title='bbox 1343 2781 1622 2836; x_wconf 90' lang='lat' dir='ltr'>dialectici</span> <span class='ocrx_word' id='word_1_296' title='bbox 1653 2799 1832 2836; x_wconf 84' lang='lat' dir='ltr'>enun-</span> 
     </span>
    </p>
   </div>
   <div class='ocr_carea' id='block_1_44' title="bbox 205 2870 1830 2942">
    <p class='ocr_par' dir='ltr' id='par_1_44' title="bbox 205 2870 1830 2942">
     <span class='ocr_line' id='line_1_44' title="bbox 205 2870 1830 2942; baseline 0 -19"><span class='ocrx_word' id='word_1_297' title='bbox 205 2870 468 2924; x_wconf 87' lang='lat' dir='ltr'>tiativam</span> <span class='ocrx_word' id='word_1_298' title='bbox 501 2871 864 2939; x_wconf 81' lang='lat' dir='ltr'>nuncupant,</span> <span class='ocrx_word' id='word_1_299' title='bbox 907 2886 1055 2939; x_wconf 79' lang='lat' dir='ltr'>quae,</span> <span class='ocrx_word' id='word_1_300' title='bbox 1088 2870 1356 2939; x_wconf 63' lang='lat' dir='ltr'>priesenti</span> <span class='ocrx_word' id='word_1_301' title='bbox 1389 2873 1653 2942; x_wconf 89' lang='lat' dir='ltr'>tempore</span> <span class='ocrx_word' id='word_1_302' title='bbox 1693 2887 1830 2924; x_wconf 89' lang='lat' dir='ltr'>con-</span> 
     </span>
    </p>
   </div>
   <div class='ocr_carea' id='block_1_45' title="bbox 205 2958 1830 3030">
    <p class='ocr_par' dir='ltr' id='par_1_45' title="bbox 205 2958 1830 3030">
     <span class='ocr_line' id='line_1_45' title="bbox 205 2958 1830 3030; baseline 0 -17"><span class='ocrx_word' id='word_1_303' title='bbox 205 2964 389 3025; x_wconf 85' lang='lat' dir='ltr'>tenta,</span> <span class='ocrx_word' id='word_1_304' title='bbox 424 2959 792 3030; x_wconf 70' lang='lat' dir='ltr'>praeteritum</span> <span class='ocrx_word' id='word_1_305' title='bbox 816 2958 1125 3029; x_wconf 84' lang='lat' dir='ltr'>respicitex</span> <span class='ocrx_word' id='word_1_306' title='bbox 1156 2959 1289 3013; x_wconf 83' lang='lat' dir='ltr'>facti</span> <span class='ocrx_word' id='word_1_307' title='bbox 1317 2959 1830 3027; x_wconf 84' lang='lat' dir='ltr'>actione;futurum</span> 
     </span>
    </p>
   </div>
   <div class='ocr_carea' id='block_1_46' title="bbox 207 3046 1831 3119">
    <p class='ocr_par' dir='ltr' id='par_1_46' title="bbox 207 3046 1831 3119">
     <span class='ocr_line' id='line_1_46' title="bbox 207 3046 1831 3119; baseline 0.001 -18"><span class='ocrx_word' id='word_1_308' title='bbox 207 3065 341 3102; x_wconf 84' lang='lat' dir='ltr'>vero</span> <span class='ocrx_word' id='word_1_309' title='bbox 373 3066 444 3102; x_wconf 85' lang='lat' dir='ltr'>ex</span> <span class='ocrx_word' id='word_1_310' title='bbox 476 3047 615 3101; x_wconf 84' lang='lat' dir='ltr'>facti</span> <span class='ocrx_word' id='word_1_311' title='bbox 640 3046 1175 3119; x_wconf 89' lang='lat' dir='ltr'>promissione.Sed</span> <span class='ocrx_word' id='word_1_312' title='bbox 1204 3048 1336 3101; x_wconf 83' lang='lat' dir='ltr'>facti</span> <span class='ocrx_word' id='word_1_313' title='bbox 1359 3048 1505 3102; x_wconf 89' lang='lat' dir='ltr'>actio</span> <span class='ocrx_word' id='word_1_314' title='bbox 1538 3047 1831 3102; x_wconf 88' lang='lat' dir='ltr'>enuntiari</span> 
     </span>
    </p>
   </div>
   <div class='ocr_carea' id='block_1_47' title="bbox 197 3135 1832 3207">
    <p class='ocr_par' dir='ltr' id='par_1_47' title="bbox 197 3135 1832 3207">
     <span class='ocr_line' id='line_1_47' title="bbox 197 3135 1832 3207; baseline 0.001 -18"><span class='ocrx_word' id='word_1_315' title='bbox 197 3136 595 3207; x_wconf 87' lang='lat' dir='ltr'>jurejurando</span> <span class='ocrx_word' id='word_1_316' title='bbox 650 3138 859 3206; x_wconf 84' lang='lat' dir='ltr'>potest,</span> <span class='ocrx_word' id='word_1_317' title='bbox 920 3139 981 3188; x_wconf 90' lang='lat' dir='ltr'>ut</span> <span class='ocrx_word' id='word_1_318' title='bbox 1015 3135 1249 3189; x_wconf 83' lang='lat' dir='ltr'>definite</span> <span class='ocrx_word' id='word_1_319' title='bbox 1280 3152 1414 3189; x_wconf 87' lang='lat' dir='ltr'>vera</span> <span class='ocrx_word' id='word_1_320' title='bbox 1470 3137 1554 3190; x_wconf 91' lang='lat' dir='ltr'>vel</span> <span class='ocrx_word' id='word_1_321' title='bbox 1590 3136 1731 3191; x_wconf 85' lang='lat' dir='ltr'>falsa</span> <span class='ocrx_word' id='word_1_322' title='bbox 1761 3136 1832 3190; x_wconf 91' lang='lat' dir='ltr'>sit</span> 
     </span>
    </p>
   </div>
   <div class='ocr_carea' id='block_1_48' title="bbox 209 3222 1826 3296">
    <p class='ocr_par' dir='ltr' id='par_1_48' title="bbox 209 3222 1826 3296">
     <span class='ocr_line' id='line_1_48' title="bbox 209 3222 1826 3296; baseline 0.001 -18"><span class='ocrx_word' id='word_1_323' title='bbox 209 3227 361 3296; x_wconf 88' lang='lat' dir='ltr'>apud</span> <span class='ocrx_word' id='word_1_324' title='bbox 394 3242 531 3278; x_wconf 90' lang='lat' dir='ltr'>eum</span> <span class='ocrx_word' id='word_1_325' title='bbox 566 3223 663 3293; x_wconf 83' lang='lat' dir='ltr'>qui</span> <span class='ocrx_word' id='word_1_326' title='bbox 694 3240 821 3277; x_wconf 89' lang='lat' dir='ltr'>rem</span> <span class='ocrx_word' id='word_1_327' title='bbox 849 3222 1083 3277; x_wconf 83' lang='lat' dir='ltr'>definite</span> <span class='ocrx_word' id='word_1_328' title='bbox 1111 3224 1265 3278; x_wconf 90' lang='lat' dir='ltr'>novit</span> <span class='ocrx_word' id='word_1_329' title='bbox 1294 3241 1307 3291; x_wconf 90' lang='lat'>;</span> <span class='ocrx_word' id='word_1_330' title='bbox 1358 3224 1661 3296; x_wconf 87' lang='lat' dir='ltr'>promissio</span> <span class='ocrx_word' id='word_1_331' title='bbox 1693 3242 1826 3280; x_wconf 89' lang='lat' dir='ltr'>vero</span> 
     </span>
    </p>
   </div>
   <div class='ocr_carea' id='block_1_49' title="bbox 208 3310 1829 3381">
    <p class='ocr_par' dir='ltr' id='par_1_49' title="bbox 208 3310 1829 3381">
     <span class='ocr_line' id='line_1_49' title="bbox 208 3310 1829 3381; baseline 0.001 -15"><span class='ocrx_word' id='word_1_332' title='bbox 208 3314 418 3367; x_wconf 76' lang='lat' dir='ltr'>futurae</span> <span class='ocrx_word' id='word_1_333' title='bbox 442 3311 689 3366; x_wconf 86' lang='lat' dir='ltr'>actionis</span> <span class='ocrx_word' id='word_1_334' title='bbox 708 3312 852 3366; x_wconf 89' lang='lat' dir='ltr'>sicut</span> <span class='ocrx_word' id='word_1_335' title='bbox 874 3310 1109 3365; x_wconf 83' lang='lat' dir='ltr'>deﬁnite</span> <span class='ocrx_word' id='word_1_336' title='bbox 1141 3312 1241 3366; x_wconf 90' lang='lat' dir='ltr'>sub</span> <span class='ocrx_word' id='word_1_337' title='bbox 1264 3312 1501 3367; x_wconf 89' lang='lat' dir='ltr'>scientia</span> <span class='ocrx_word' id='word_1_338' title='bbox 1523 3330 1638 3367; x_wconf 92' lang='lat' dir='ltr'>non</span> <span class='ocrx_word' id='word_1_339' title='bbox 1656 3313 1829 3381; x_wconf 89' lang='lat' dir='ltr'>cadit,</span> 
     </span>
    </p>
   </div>
   <div class='ocr_carea' id='block_1_50' title="bbox 208 3399 1831 3473">
    <p class='ocr_par' dir='ltr' id='par_1_50' title="bbox 208 3399 1831 3473">
     <span class='ocr_line' id='line_1_50' title="bbox 208 3399 1831 3473; baseline 0 -18"><span class='ocrx_word' id='word_1_340' title='bbox 208 3401 711 3471; x_wconf 86' lang='lat' dir='ltr'>itajuramentum</span> <span class='ocrx_word' id='word_1_341' title='bbox 732 3400 802 3454; x_wconf 91' lang='lat' dir='ltr'>de</span> <span class='ocrx_word' id='word_1_342' title='bbox 823 3399 1118 3470; x_wconf 88' lang='lat' dir='ltr'>promissis</span> <span class='ocrx_word' id='word_1_343' title='bbox 1129 3401 1296 3455; x_wconf 85' lang='lat' dir='ltr'>rebus</span> <span class='ocrx_word' id='word_1_344' title='bbox 1317 3401 1615 3473; x_wconf 87' lang='lat' dir='ltr'>ignoratur</span> <span class='ocrx_word' id='word_1_345' title='bbox 1632 3418 1831 3455; x_wconf 92' lang='lat' dir='ltr'>verum</span> 
     </span>
    </p>
   </div>
   <div class='ocr_carea' id='block_1_51' title="bbox 208 3488 1832 3562">
    <p class='ocr_par' dir='ltr' id='par_1_51' title="bbox 208 3488 1832 3562">
     <span class='ocr_line' id='line_1_51' title="bbox 208 3488 1832 3562; baseline 0.001 -18"><span class='ocrx_word' id='word_1_346' title='bbox 208 3491 418 3544; x_wconf 85' lang='lat' dir='ltr'>falsum</span> <span class='ocrx_word' id='word_1_347' title='bbox 453 3506 527 3544; x_wconf 90' lang='lat' dir='ltr'>ne</span> <span class='ocrx_word' id='word_1_348' title='bbox 571 3488 864 3542; x_wconf 74' lang='lat' dir='ltr'>definitive</span> <span class='ocrx_word' id='word_1_349' title='bbox 895 3488 986 3555; x_wconf 89' lang='lat' dir='ltr'>sit,</span> <span class='ocrx_word' id='word_1_350' title='bbox 1016 3489 1122 3543; x_wconf 92' lang='lat' dir='ltr'>nisi</span> <span class='ocrx_word' id='word_1_351' title='bbox 1152 3489 1222 3543; x_wconf 92' lang='lat' dir='ltr'>de</span> <span class='ocrx_word' id='word_1_352' title='bbox 1246 3489 1335 3543; x_wconf 89' lang='lat' dir='ltr'>his</span> <span class='ocrx_word' id='word_1_353' title='bbox 1360 3507 1485 3562; x_wconf 66' lang='lat' dir='ltr'>qua}</span> <span class='ocrx_word' id='word_1_354' title='bbox 1528 3490 1832 3545; x_wconf 85' lang='lat' dir='ltr'>necessitas</span> 
     </span>
    </p>
   </div>
   <div class='ocr_carea' id='block_1_52' title="bbox 208 3577 1830 3644">
    <p class='ocr_par' dir='ltr' id='par_1_52' title="bbox 208 3577 1830 3644">
     <span class='ocr_line' id='line_1_52' title="bbox 208 3577 1830 3644; baseline 0.001 -13"><span class='ocrx_word' id='word_1_355' title='bbox 208 3582 433 3632; x_wconf 73' lang='lat' dir='ltr'>natura:</span> <span class='ocrx_word' id='word_1_356' title='bbox 452 3577 903 3644; x_wconf 87' lang='lat' dir='ltr'>trahit,utDeum</span> <span class='ocrx_word' id='word_1_357' title='bbox 917 3577 1311 3632; x_wconf 88' lang='lat' dir='ltr'>immortalem</span> <span class='ocrx_word' id='word_1_358' title='bbox 1326 3595 1446 3632; x_wconf 91' lang='lat' dir='ltr'>esse</span> <span class='ocrx_word' id='word_1_359' title='bbox 1461 3578 1830 3633; x_wconf 89' lang='lat' dir='ltr'>ethominem</span> 
     </span>
    </p>
   </div>
   <div class='ocr_carea' id='block_1_53' title="bbox 210 3666 1832 3739">
    <p class='ocr_par' dir='ltr' id='par_1_53' title="bbox 210 3666 1832 3739">
     <span class='ocr_line' id='line_1_53' title="bbox 210 3666 1832 3739; baseline 0 -17"><span class='ocrx_word' id='word_1_360' title='bbox 210 3668 385 3734; x_wconf 88' lang='lat' dir='ltr'>mori;</span> <span class='ocrx_word' id='word_1_361' title='bbox 429 3667 474 3721; x_wconf 88' lang='lat' dir='ltr'>si</span> <span class='ocrx_word' id='word_1_362' title='bbox 494 3666 735 3738; x_wconf 89' lang='lat' dir='ltr'>quidem</span> <span class='ocrx_word' id='word_1_363' title='bbox 757 3666 994 3721; x_wconf 86' lang='lat' dir='ltr'>definite</span> <span class='ocrx_word' id='word_1_364' title='bbox 1019 3684 1217 3721; x_wconf 87' lang='lat' dir='ltr'>verum</span> <span class='ocrx_word' id='word_1_365' title='bbox 1250 3671 1334 3721; x_wconf 86' lang='lat' dir='ltr'>est</span> <span class='ocrx_word' id='word_1_366' title='bbox 1364 3667 1518 3739; x_wconf 90' lang='lat' dir='ltr'>quod</span> <span class='ocrx_word' id='word_1_367' title='bbox 1546 3684 1719 3722; x_wconf 91' lang='lat' dir='ltr'>omne</span> <span class='ocrx_word' id='word_1_368' title='bbox 1738 3685 1832 3722; x_wconf 92' lang='lat' dir='ltr'>or-</span> 
     </span>
    </p>
   </div>
   <div class='ocr_carea' id='block_1_54' title="bbox 207 3754 1829 3828">
    <p class='ocr_par' dir='ltr' id='par_1_54' title="bbox 207 3754 1829 3828">
     <span class='ocr_line' id='line_1_54' title="bbox 207 3754 1829 3828; baseline 0.001 -20"><span class='ocrx_word' id='word_1_369' title='bbox 207 3758 334 3809; x_wconf 89' lang='lat' dir='ltr'>tum</span> <span class='ocrx_word' id='word_1_370' title='bbox 366 3755 611 3810; x_wconf 89' lang='lat' dir='ltr'>occidet.</span> <span class='ocrx_word' id='word_1_371' title='bbox 647 3754 789 3809; x_wconf 92' lang='lat' dir='ltr'>lllud</span> <span class='ocrx_word' id='word_1_372' title='bbox 820 3758 1011 3809; x_wconf 86' lang='lat' dir='ltr'>autem</span> <span class='ocrx_word' id='word_1_373' title='bbox 1063 3755 1218 3827; x_wconf 87' lang='lat' dir='ltr'>quod</span> <span class='ocrx_word' id='word_1_374' title='bbox 1239 3755 1829 3828; x_wconf 87' lang='lat' dir='ltr'>contingit,quoniam</span> 
     </span>
    </p>
   </div>
   <div class='ocr_carea' id='block_1_55' title="bbox 208 3842 1824 3915">
    <p class='ocr_par' dir='ltr' id='par_1_55' title="bbox 208 3842 1824 3915">
     <span class='ocr_line' id='line_1_55' title="bbox 208 3842 1824 3915; baseline 0 -17"><span class='ocrx_word' id='word_1_375' title='bbox 208 3862 326 3899; x_wconf 90' lang='lat' dir='ltr'>non</span> <span class='ocrx_word' id='word_1_376' title='bbox 350 3860 585 3898; x_wconf 88' lang='lat' dir='ltr'>necesse</span> <span class='ocrx_word' id='word_1_377' title='bbox 617 3846 703 3897; x_wconf 90' lang='lat' dir='ltr'>est</span> <span class='ocrx_word' id='word_1_378' title='bbox 723 3842 873 3911; x_wconf 76' lang='lat' dir='ltr'>ﬁeri,</span> <span class='ocrx_word' id='word_1_379' title='bbox 894 3847 951 3897; x_wconf 89' lang='lat' dir='ltr'>et</span> <span class='ocrx_word' id='word_1_380' title='bbox 971 3843 1259 3915; x_wconf 89' lang='lat' dir='ltr'>opinabile</span> <span class='ocrx_word' id='word_1_381' title='bbox 1282 3844 1593 3914; x_wconf 89' lang='lat' dir='ltr'>plurimum</span> <span class='ocrx_word' id='word_1_382' title='bbox 1617 3844 1824 3912; x_wconf 82' lang='lat' dir='ltr'>existit,</span> 
     </span>
    </p>
   </div>
   <div class='ocr_carea' id='block_1_56' title="bbox 205 3931 1830 4003">
    <p class='ocr_par' dir='ltr' id='par_1_56' title="bbox 205 3931 1830 4003">
     <span class='ocr_line' id='line_1_56' title="bbox 205 3931 1830 4003; baseline 0.001 -18"><span class='ocrx_word' id='word_1_383' title='bbox 205 3932 251 3985; x_wconf 87' lang='lat' dir='ltr'>si</span> <span class='ocrx_word' id='word_1_384' title='bbox 303 3932 433 4003; x_wconf 88' lang='lat' dir='ltr'>quis</span> <span class='ocrx_word' id='word_1_385' title='bbox 449 3931 835 4002; x_wconf 84' lang='lat' dir='ltr'>jurejurando</span> <span class='ocrx_word' id='word_1_386' title='bbox 886 3931 1178 3985; x_wconf 78' lang='lat' dir='ltr'>affirmare</span> <span class='ocrx_word' id='word_1_387' title='bbox 1207 3933 1293 3985; x_wconf 84' lang='lat' dir='ltr'>vel</span> <span class='ocrx_word' id='word_1_388' title='bbox 1341 3948 1554 4003; x_wconf 88' lang='lat' dir='ltr'>negare</span> <span class='ocrx_word' id='word_1_389' title='bbox 1586 3932 1830 3987; x_wconf 89' lang='lat' dir='ltr'>voluerit</span> 
     </span>
    </p>
   </div>
   <div class='ocr_carea' id='block_1_57' title="bbox 204 4019 1826 4092">
    <p class='ocr_par' dir='ltr' id='par_1_57' title="bbox 204 4019 1826 4092">
     <span class='ocr_line' id='line_1_57' title="bbox 204 4019 1826 4092; baseline 0.001 -18"><span class='ocrx_word' id='word_1_390' title='bbox 204 4020 473 4087; x_wconf 78' lang='lat' dir='ltr'>definite,</span> <span class='ocrx_word' id='word_1_391' title='bbox 529 4020 586 4073; x_wconf 91' lang='lat' dir='ltr'>id</span> <span class='ocrx_word' id='word_1_392' title='bbox 616 4020 761 4074; x_wconf 87' lang='lat' dir='ltr'>ratio</span> <span class='ocrx_word' id='word_1_393' title='bbox 792 4019 983 4075; x_wconf 80' lang='lat' dir='ltr'>facere</span> <span class='ocrx_word' id='word_1_394' title='bbox 1010 4037 1126 4075; x_wconf 90' lang='lat' dir='ltr'>non</span> <span class='ocrx_word' id='word_1_395' title='bbox 1158 4019 1446 4092; x_wconf 91' lang='lat' dir='ltr'>permittit</span> <span class='ocrx_word' id='word_1_396' title='bbox 1479 4037 1492 4087; x_wconf 95' lang='lat'>;</span> <span class='ocrx_word' id='word_1_397' title='bbox 1546 4020 1826 4091; x_wconf 89' lang='lat' dir='ltr'>quoniam</span> 
     </span>
    </p>
   </div>
   <div class='ocr_carea' id='block_1_58' title="bbox 205 4108 1825 4180">
    <p class='ocr_par' dir='ltr' id='par_1_58' title="bbox 205 4108 1825 4180">
     <span class='ocr_line' id='line_1_58' title="bbox 205 4108 1825 4180; baseline 0.001 -17"><span class='ocrx_word' id='word_1_398' title='bbox 205 4108 277 4163; x_wconf 90' lang='lat' dir='ltr'>de</span> <span class='ocrx_word' id='word_1_399' title='bbox 312 4108 793 4179; x_wconf 87' lang='lat' dir='ltr'>contingentibus</span> <span class='ocrx_word' id='word_1_400' title='bbox 825 4108 1006 4163; x_wconf 85' lang='lat' dir='ltr'>causis</span> <span class='ocrx_word' id='word_1_401' title='bbox 1035 4108 1406 4179; x_wconf 80' lang='lat' dir='ltr'>promissivus</span> <span class='ocrx_word' id='word_1_402' title='bbox 1434 4109 1644 4163; x_wconf 91' lang='lat' dir='ltr'>modus</span> <span class='ocrx_word' id='word_1_403' title='bbox 1672 4126 1825 4180; x_wconf 59' lang='lat' dir='ltr'>saepe</span> 
     </span>
    </p>
   </div>
   <div class='ocr_carea' id='block_1_59' title="bbox 204 4197 1828 4269">
    <p class='ocr_par' dir='ltr' id='par_1_59' title="bbox 204 4197 1828 4269">
     <span class='ocr_line' id='line_1_59' title="bbox 204 4197 1828 4269; baseline 0 -18"><span class='ocrx_word' id='word_1_404' title='bbox 204 4215 314 4251; x_wconf 89' lang='lat' dir='ltr'>nos</span> <span class='ocrx_word' id='word_1_405' title='bbox 342 4198 518 4263; x_wconf 84' lang='lat' dir='ltr'>fallit,</span> <span class='ocrx_word' id='word_1_406' title='bbox 546 4199 605 4251; x_wconf 91' lang='lat' dir='ltr'>et</span> <span class='ocrx_word' id='word_1_407' title='bbox 644 4197 812 4251; x_wconf 90' lang='lat' dir='ltr'>aliter</span> <span class='ocrx_word' id='word_1_408' title='bbox 841 4213 1016 4267; x_wconf 89' lang='lat' dir='ltr'>quam</span> <span class='ocrx_word' id='word_1_409' title='bbox 1045 4200 1314 4269; x_wconf 90' lang='lat' dir='ltr'>putamus</span> <span class='ocrx_word' id='word_1_410' title='bbox 1344 4212 1433 4251; x_wconf 90' lang='lat' dir='ltr'>res</span> <span class='ocrx_word' id='word_1_411' title='bbox 1455 4213 1587 4251; x_wconf 90' lang='lat' dir='ltr'>casu</span> <span class='ocrx_word' id='word_1_412' title='bbox 1614 4198 1700 4251; x_wconf 87' lang='lat' dir='ltr'>vel</span> <span class='ocrx_word' id='word_1_413' title='bbox 1730 4213 1828 4252; x_wconf 90' lang='lat' dir='ltr'>ne-</span> 
     </span>
    </p>
   </div>
   <div class='ocr_carea' id='block_1_60' title="bbox 203 4284 1822 4357">
    <p class='ocr_par' dir='ltr' id='par_1_60' title="bbox 203 4284 1822 4357">
     <span class='ocr_line' id='line_1_60' title="bbox 203 4284 1822 4357; baseline 0 -17"><span class='ocrx_word' id='word_1_414' title='bbox 203 4286 474 4341; x_wconf 84' lang='lat' dir='ltr'>cessitate</span> <span class='ocrx_word' id='word_1_415' title='bbox 506 4284 755 4357; x_wconf 87' lang='lat' dir='ltr'>impulsa</span> <span class='ocrx_word' id='word_1_416' title='bbox 784 4285 1053 4339; x_wconf 84' lang='lat' dir='ltr'>succedit.</span> <span class='ocrx_word' id='word_1_417' title='bbox 1085 4285 1190 4349; x_wconf 85' lang='lat' dir='ltr'>Qui</span> <span class='ocrx_word' id='word_1_418' title='bbox 1223 4302 1361 4356; x_wconf 91' lang='lat' dir='ltr'>ergo</span> <span class='ocrx_word' id='word_1_419' title='bbox 1385 4285 1565 4356; x_wconf 89' lang='lat' dir='ltr'>jurat,</span> <span class='ocrx_word' id='word_1_420' title='bbox 1592 4302 1665 4340; x_wconf 89' lang='lat' dir='ltr'>an</span> <span class='ocrx_word' id='word_1_421' title='bbox 1696 4286 1822 4357; x_wconf 90' lang='lat' dir='ltr'>jure</span> 
     </span>
    </p>
   </div>
   <div class='ocr_carea' id='block_1_61' title="bbox 202 4373 1820 4446">
    <p class='ocr_par' dir='ltr' id='par_1_61' title="bbox 202 4373 1820 4446">
     <span class='ocr_line' id='line_1_61' title="bbox 202 4373 1820 4446; baseline -0.001 -17"><span class='ocrx_word' id='word_1_422' title='bbox 202 4378 352 4441; x_wconf 90' lang='lat' dir='ltr'>oret,</span> <span class='ocrx_word' id='word_1_423' title='bbox 401 4373 701 4446; x_wconf 69' lang='lat' dir='ltr'>qumritur,</span> <span class='ocrx_word' id='word_1_424' title='bbox 749 4376 807 4428; x_wconf 91' lang='lat' dir='ltr'>et</span> <span class='ocrx_word' id='word_1_425' title='bbox 837 4390 965 4445; x_wconf 70' lang='lat' dir='ltr'>quas</span> <span class='ocrx_word' id='word_1_426' title='bbox 1007 4373 1329 4445; x_wconf 88' lang='lat' dir='ltr'>juramenti</span> <span class='ocrx_word' id='word_1_427' title='bbox 1373 4373 1820 4429; x_wconf 64' lang='lat' dir='ltr'>circumstantia:</span> 
     </span>
    </p>
   </div>
   <div class='ocr_carea' id='block_1_62' title="bbox 201 4462 1820 4535">
    <p class='ocr_par' dir='ltr' id='par_1_62' title="bbox 201 4462 1820 4535">
     <span class='ocr_line' id='line_1_62' title="bbox 201 4462 1820 4535; baseline 0.001 -17"><span class='ocrx_word' id='word_1_428' title='bbox 201 4465 342 4519; x_wconf 89' lang='lat' dir='ltr'>sint.</span> <span class='ocrx_word' id='word_1_429' title='bbox 370 4463 605 4518; x_wconf 89' lang='lat' dir='ltr'>Scilicet</span> <span class='ocrx_word' id='word_1_430' title='bbox 632 4464 1048 4533; x_wconf 90' lang='lat' dir='ltr'>locus,tempus</span> <span class='ocrx_word' id='word_1_431' title='bbox 1084 4466 1141 4517; x_wconf 86' lang='lat' dir='ltr'>et</span> <span class='ocrx_word' id='word_1_432' title='bbox 1170 4479 1418 4535; x_wconf 87' lang='lat' dir='ltr'>persona</span> <span class='ocrx_word' id='word_1_433' title='bbox 1454 4462 1820 4519; x_wconf 85' lang='lat' dir='ltr'>consideran-</span> 
     </span>
    </p>
   </div>
   <div class='ocr_carea' id='block_1_63' title="bbox 201 4552 1821 4625">
    <p class='ocr_par' dir='ltr' id='par_1_63' title="bbox 201 4552 1821 4625">
     <span class='ocr_line' id='line_1_63' title="bbox 201 4552 1821 4625; baseline -0.001 -17"><span class='ocrx_word' id='word_1_434' title='bbox 201 4557 317 4621; x_wconf 89' lang='lat' dir='ltr'>tur,</span> <span class='ocrx_word' id='word_1_435' title='bbox 340 4553 559 4625; x_wconf 87' lang='lat' dir='ltr'>quippe</span> <span class='ocrx_word' id='word_1_436' title='bbox 574 4552 618 4606; x_wconf 93' lang='lat' dir='ltr'>si</span> <span class='ocrx_word' id='word_1_437' title='bbox 640 4553 766 4606; x_wconf 93' lang='lat' dir='ltr'>loco</span> <span class='ocrx_word' id='word_1_438' title='bbox 783 4552 868 4606; x_wconf 87' lang='lat' dir='ltr'>vel</span> <span class='ocrx_word' id='word_1_439' title='bbox 895 4555 1158 4622; x_wconf 89' lang='lat' dir='ltr'>tempore</span> <span class='ocrx_word' id='word_1_440' title='bbox 1175 4568 1271 4606; x_wconf 92' lang='lat' dir='ltr'>seu</span> <span class='ocrx_word' id='word_1_441' title='bbox 1287 4567 1534 4621; x_wconf 89' lang='lat' dir='ltr'>persona</span> <span class='ocrx_word' id='word_1_442' title='bbox 1560 4552 1821 4623; x_wconf 90' lang='lat' dir='ltr'>legitima</span> 
     </span>
    </p>
   </div>
   <div class='ocr_carea' id='block_1_64' title="bbox 201 4640 1823 4713">
    <p class='ocr_par' dir='ltr' id='par_1_64' title="bbox 201 4640 1823 4713">
     <span class='ocr_line' id='line_1_64' title="bbox 201 4640 1823 4713; baseline -0.001 -15"><span class='ocrx_word' id='word_1_443' title='bbox 201 4643 477 4708; x_wconf 87' lang='lat' dir='ltr'>caruerit,</span> <span class='ocrx_word' id='word_1_444' title='bbox 505 4642 848 4713; x_wconf 89' lang='lat' dir='ltr'>juramento</span> <span class='ocrx_word' id='word_1_445' title='bbox 899 4658 1029 4695; x_wconf 89' lang='lat' dir='ltr'>reus</span> <span class='ocrx_word' id='word_1_446' title='bbox 1053 4658 1168 4695; x_wconf 91' lang='lat' dir='ltr'>non</span> <span class='ocrx_word' id='word_1_447' title='bbox 1185 4641 1329 4696; x_wconf 90' lang='lat' dir='ltr'>erit:</span> <span class='ocrx_word' id='word_1_448' title='bbox 1372 4640 1524 4695; x_wconf 90' lang='lat' dir='ltr'>unde</span> <span class='ocrx_word' id='word_1_449' title='bbox 1549 4641 1823 4696; x_wconf 89' lang='lat' dir='ltr'>Dominus</span> 
     </span>
    </p>
   </div>
   <div class='ocr_carea' id='block_1_65' title="bbox 200 4729 1824 4803">
    <p class='ocr_par' dir='ltr' id='par_1_65' title="bbox 200 4729 1824 4803">
     <span class='ocr_line' id='line_1_65' title="bbox 200 4729 1824 4803; baseline -0.001 -16"><span class='ocrx_word' id='word_1_450' title='bbox 200 4734 260 4787; x_wconf 90' lang='lat' dir='ltr'>in</span> <span class='ocrx_word' id='word_1_451' title='bbox 290 4732 486 4787; x_wconf 82' lang='lat' dir='ltr'>Veteri</span> <span class='ocrx_word' id='word_1_452' title='bbox 504 4731 874 4785; x_wconf 82' lang='lat' dir='ltr'>Testamento</span> <span class='ocrx_word' id='word_1_453' title='bbox 902 4746 1006 4800; x_wconf 88' lang='lat' dir='ltr'>per</span> <span class='ocrx_word' id='word_1_454' title='bbox 1032 4730 1256 4800; x_wconf 83' lang='lat' dir='ltr'>Moysen</span> <span class='ocrx_word' id='word_1_455' title='bbox 1274 4729 1535 4801; x_wconf 74' lang='lat' dir='ltr'>praecipit</span> <span class='ocrx_word' id='word_1_456' title='bbox 1552 4734 1614 4784; x_wconf 90' lang='lat' dir='ltr'>ut</span> <span class='ocrx_word' id='word_1_457' title='bbox 1632 4731 1824 4803; x_wconf 90' lang='lat' dir='ltr'>puella</span> 
     </span>
    </p>
   </div>
   <div class='ocr_carea' id='block_1_66' title="bbox 201 4818 1823 4893">
    <p class='ocr_par' dir='ltr' id='par_1_66' title="bbox 201 4818 1823 4893">
     <span class='ocr_line' id='line_1_66' title="bbox 201 4818 1823 4893; baseline 0 -18"><span class='ocrx_word' id='word_1_458' title='bbox 201 4839 330 4893; x_wconf 74' lang='lat' dir='ltr'>quae</span> <span class='ocrx_word' id='word_1_459' title='bbox 364 4821 637 4877; x_wconf 88' lang='lat' dir='ltr'>adhucin</span> <span class='ocrx_word' id='word_1_460' title='bbox 673 4819 851 4874; x_wconf 89' lang='lat' dir='ltr'>domo</span> <span class='ocrx_word' id='word_1_461' title='bbox 875 4818 1054 4890; x_wconf 89' lang='lat' dir='ltr'>patris</span> <span class='ocrx_word' id='word_1_462' title='bbox 1071 4822 1174 4886; x_wconf 86' lang='lat' dir='ltr'>est,</span> <span class='ocrx_word' id='word_1_463' title='bbox 1208 4819 1251 4873; x_wconf 91' lang='lat' dir='ltr'>si</span> <span class='ocrx_word' id='word_1_464' title='bbox 1266 4822 1464 4874; x_wconf 91' lang='lat' dir='ltr'>votum</span> <span class='ocrx_word' id='word_1_465' title='bbox 1495 4819 1823 4875; x_wconf 88' lang='lat' dir='ltr'>voveritseu</span> 
     </span>
    </p>
   </div>
   <div class='ocr_carea' id='block_1_67' title="bbox 196 4908 1824 4981">
    <p class='ocr_par' dir='ltr' id='par_1_67' title="bbox 196 4908 1824 4981">
     <span class='ocr_line' id='line_1_67' title="bbox 196 4908 1824 4981; baseline -0.001 -17"><span class='ocrx_word' id='word_1_466' title='bbox 196 4910 606 4981; x_wconf 78' lang='lat' dir='ltr'>jusjurandum</span> <span class='ocrx_word' id='word_1_467' title='bbox 630 4909 935 4975; x_wconf 86' lang='lat' dir='ltr'>fecerit,ne</span> <span class='ocrx_word' id='word_1_468' title='bbox 961 4911 1090 4962; x_wconf 92' lang='lat' dir='ltr'>voto</span> <span class='ocrx_word' id='word_1_469' title='bbox 1107 4908 1541 4979; x_wconf 87' lang='lat' dir='ltr'>veljuramento</span> <span class='ocrx_word' id='word_1_470' title='bbox 1569 4908 1824 4980; x_wconf 87' lang='lat' dir='ltr'>obligata</span> 
     </span>
    </p>
   </div>
   <div class='ocr_carea' id='block_1_68' title="bbox 204 4995 1824 5067">
    <p class='ocr_par' dir='ltr' id='par_1_68' title="bbox 204 4995 1824 5067">
     <span class='ocr_line' id='line_1_68' title="bbox 204 4995 1824 5067; baseline 0 -16"><span class='ocrx_word' id='word_1_471' title='bbox 204 5003 487 5065; x_wconf 81' lang='lat' dir='ltr'>teneatur,</span> <span class='ocrx_word' id='word_1_472' title='bbox 521 4998 587 5066; x_wconf 91' lang='lat' dir='ltr'>si,</span> <span class='ocrx_word' id='word_1_473' title='bbox 620 5013 756 5051; x_wconf 85' lang='lat' dir='ltr'>mox</span> <span class='ocrx_word' id='word_1_474' title='bbox 794 4998 857 5049; x_wconf 88' lang='lat' dir='ltr'>ut</span> <span class='ocrx_word' id='word_1_475' title='bbox 879 4996 952 5049; x_wconf 88' lang='lat' dir='ltr'>ad</span> <span class='ocrx_word' id='word_1_476' title='bbox 986 4995 1251 5050; x_wconf 89' lang='lat' dir='ltr'>notitiam</span> <span class='ocrx_word' id='word_1_477' title='bbox 1280 4997 1824 5067; x_wconf 88' lang='lat' dir='ltr'>parentispervene-</span> 
     </span>
    </p>
   </div>
   <div class='ocr_carea' id='block_1_69' title="bbox 204 5083 1819 5162">
    <p class='ocr_par' dir='ltr' id='par_1_69' title="bbox 204 5083 1819 5162">
     <span class='ocr_line' id='line_1_69' title="bbox 204 5083 1819 5162; baseline -0.002 -19"><span class='ocrx_word' id='word_1_478' title='bbox 204 5089 292 5152; x_wconf 90' lang='lat' dir='ltr'>rit,</span> <span class='ocrx_word' id='word_1_479' title='bbox 311 5093 569 5162; x_wconf 63' lang='lat' dir='ltr'>paternae</span> <span class='ocrx_word' id='word_1_480' title='bbox 593 5083 957 5141; x_wconf 86' lang='lat' dir='ltr'>auctoritatis</span> <span class='ocrx_word' id='word_1_481' title='bbox 973 5085 1293 5139; x_wconf 86' lang='lat' dir='ltr'>invectione</span> <span class='ocrx_word' id='word_1_482' title='bbox 1319 5086 1609 5155; x_wconf 87' lang='lat' dir='ltr'>prohibita</span> <span class='ocrx_word' id='word_1_483' title='bbox 1628 5086 1819 5140; x_wconf 84' lang='lat' dir='ltr'>fuerit.</span> 
     </span>
    </p>
   </div>
   <div class='ocr_carea' id='block_1_70' title="bbox 204 5173 1823 5245">
    <p class='ocr_par' dir='ltr' id='par_1_70' title="bbox 204 5173 1823 5245">
     <span class='ocr_line' id='line_1_70' title="bbox 204 5173 1823 5245; baseline -0.001 -14"><span class='ocrx_word' id='word_1_484' title='bbox 204 5177 439 5234; x_wconf 75' lang='lat' dir='ltr'>Mulieris</span> <span class='ocrx_word' id='word_1_485' title='bbox 467 5174 877 5240; x_wconf 87' lang='lat' dir='ltr'>nihilominus,</span> <span class='ocrx_word' id='word_1_486' title='bbox 905 5190 1031 5243; x_wconf 66' lang='lat' dir='ltr'>qua:</span> <span class='ocrx_word' id='word_1_487' title='bbox 1065 5173 1168 5227; x_wconf 88' lang='lat' dir='ltr'>sub</span> <span class='ocrx_word' id='word_1_488' title='bbox 1216 5173 1337 5228; x_wconf 86' lang='lat' dir='ltr'>viro</span> <span class='ocrx_word' id='word_1_489' title='bbox 1391 5174 1600 5245; x_wconf 88' lang='lat' dir='ltr'>agitur,</span> <span class='ocrx_word' id='word_1_490' title='bbox 1626 5176 1823 5229; x_wconf 87' lang='lat' dir='ltr'>votum</span> 
     </span>
    </p>
   </div>
   <div class='ocr_carea' id='block_1_71' title="bbox 206 5260 1826 5340">
    <p class='ocr_par' dir='ltr' id='par_1_71' title="bbox 206 5260 1826 5340">
     <span class='ocr_line' id='line_1_71' title="bbox 206 5260 1826 5340; baseline -0.001 -20"><span class='ocrx_word' id='word_1_491' title='bbox 206 5269 283 5322; x_wconf 88' lang='lat' dir='ltr'>vel</span> <span class='ocrx_word' id='word_1_492' title='bbox 325 5267 747 5340; x_wconf 88' lang='lat' dir='ltr'>juramentum</span> <span class='ocrx_word' id='word_1_493' title='bbox 780 5260 1008 5315; x_wconf 89' lang='lat' dir='ltr'>irritum</span> <span class='ocrx_word' id='word_1_494' title='bbox 1039 5261 1156 5327; x_wconf 81' lang='lat' dir='ltr'>fiat,</span> <span class='ocrx_word' id='word_1_495' title='bbox 1189 5261 1232 5315; x_wconf 91' lang='lat' dir='ltr'>si</span> <span class='ocrx_word' id='word_1_496' title='bbox 1264 5261 1437 5315; x_wconf 85' lang='lat' dir='ltr'>virilis</span> <span class='ocrx_word' id='word_1_497' title='bbox 1468 5265 1826 5319; x_wconf 87' lang='lat' dir='ltr'>auctoritatis</span> 
     </span>
    </p>
   </div>
   <div class='ocr_carea' id='block_1_72' title="bbox 205 5351 1827 5431">
    <p class='ocr_par' dir='ltr' id='par_1_72' title="bbox 205 5351 1827 5431">
     <span class='ocr_line' id='line_1_72' title="bbox 205 5351 1827 5431; baseline -0.002 -18"><span class='ocrx_word' id='word_1_498' title='bbox 205 5359 791 5431; x_wconf 78' lang='lat' dir='ltr'>majestasassensum</span> <span class='ocrx_word' id='word_1_499' title='bbox 820 5351 1083 5421; x_wconf 65' lang='lat' dir='ltr'>praebere</span> <span class='ocrx_word' id='word_1_500' title='bbox 1107 5351 1377 5419; x_wconf 87' lang='lat' dir='ltr'>noluerit,</span> <span class='ocrx_word' id='word_1_501' title='bbox 1398 5352 1516 5407; x_wconf 90' lang='lat' dir='ltr'>imo</span> <span class='ocrx_word' id='word_1_502' title='bbox 1541 5355 1827 5424; x_wconf 89' lang='lat' dir='ltr'>potius,ea</span> 
     </span>
    </p>
   </div>
   <div class='ocr_carea' id='block_1_73' title="bbox 206 5439 1823 5521">
    <p class='ocr_par' dir='ltr' id='par_1_73' title="bbox 206 5439 1823 5521">
     <span class='ocr_line' id='line_1_73' title="bbox 206 5439 1823 5521; baseline -0.004 -18"><span class='ocrx_word' id='word_1_503' title='bbox 206 5447 285 5504; x_wconf 86' lang='lat' dir='ltr'>die</span> <span class='ocrx_word' id='word_1_504' title='bbox 312 5467 427 5521; x_wconf 88' lang='lat' dir='ltr'>qua</span> <span class='ocrx_word' id='word_1_505' title='bbox 459 5447 592 5518; x_wconf 90' lang='lat' dir='ltr'>ejus</span> <span class='ocrx_word' id='word_1_506' title='bbox 641 5439 951 5496; x_wconf 89' lang='lat' dir='ltr'>stultitiam</span> <span class='ocrx_word' id='word_1_507' title='bbox 984 5439 1356 5510; x_wconf 87' lang='lat' dir='ltr'>compererit,</span> <span class='ocrx_word' id='word_1_508' title='bbox 1391 5440 1823 5497; x_wconf 85' lang='lat' dir='ltr'>districtissima</span> 
     </span>
    </p>
   </div>
   <div class='ocr_carea' id='block_1_74' title="bbox 202 5528 1827 5600">
    <p class='ocr_par' dir='ltr' id='par_1_74' title="bbox 202 5528 1827 5600">
     <span class='ocr_line' id='line_1_74' title="bbox 202 5528 1827 5600; baseline -0.007 -5"><span class='ocrx_word' id='word_1_509' title='bbox 202 5539 554 5595; x_wconf 87' lang='lat' dir='ltr'>correctione</span> <span class='ocrx_word' id='word_1_510' title='bbox 610 5528 936 5586; x_wconf 87' lang='lat' dir='ltr'>inhibuerit</span> <span class='ocrx_word' id='word_1_511' title='bbox 980 5528 1173 5593; x_wconf 85' lang='lat' dir='ltr'>(Num.</span> <span class='ocrx_word' id='word_1_512' title='bbox 1199 5544 1336 5589; x_wconf 83' lang='lat' dir='ltr'>xxx,</span> <span class='ocrx_word' id='word_1_513' title='bbox 1368 5531 1451 5583; x_wconf 64' lang='lat' dir='ltr'>lict</span> <span class='ocrx_word' id='word_1_514' title='bbox 1479 5528 1637 5600; x_wconf 54' lang='grc' dir='ltr'>δρψ).</span> <span class='ocrx_word' id='word_1_515' title='bbox 1686 5530 1827 5584; x_wconf 87' lang='lat' dir='ltr'>Vota</span> 
     </span>
    </p>
   </div>
   <div class='ocr_carea' id='block_1_75' title="bbox 196 5616 1822 5687">
    <p class='ocr_par' dir='ltr' id='par_1_75' title="bbox 196 5616 1822 5687">
     <span class='ocr_line' id='line_1_75' title="bbox 196 5616 1822 5687; baseline -0.01 0"><span class='ocrx_word' id='word_1_516' title='bbox 196 5630 335 5687; x_wconf 87' lang='lat' dir='ltr'>enim</span> <span class='ocrx_word' id='word_1_517' title='bbox 368 5627 730 5683; x_wconf 86' lang='lat' dir='ltr'>stultorum,</span> <span class='ocrx_word' id='word_1_518' title='bbox 766 5620 829 5671; x_wconf 85' lang='lat' dir='ltr'>ut</span> <span class='ocrx_word' id='word_1_519' title='bbox 858 5616 938 5670; x_wconf 89' lang='lat' dir='ltr'>ait</span> <span class='ocrx_word' id='word_1_520' title='bbox 974 5616 1274 5683; x_wconf 86' lang='lat' dir='ltr'>Salomon,</span> <span class='ocrx_word' id='word_1_521' title='bbox 1320 5616 1647 5687; x_wconf 81' lang='lat' dir='ltr'>frangenda</span> <span class='ocrx_word' id='word_1_522' title='bbox 1688 5621 1822 5671; x_wconf 89' lang='lat' dir='ltr'>sunt</span> 
     </span>
    </p>
   </div>
   <div class='ocr_carea' id='block_1_76' title="bbox 193 5704 1825 5797">
    <p class='ocr_par' dir='ltr' id='par_1_76' title="bbox 193 5704 1825 5797">
     <span class='ocr_line' id='line_1_76' title="bbox 193 5704 1825 5797; baseline -0.011 -19"><span class='ocrx_word' id='word_1_523' title='bbox 193 5721 415 5797; x_wconf 83' lang='lat' dir='ltr'>(Eccl.v,</span> <span class='ocrx_word' id='word_1_524' title='bbox 451 5716 538 5789; x_wconf 90' lang='lat'>3).</span> <span class='ocrx_word' id='word_1_525' title='bbox 561 5708 793 5768; x_wconf 90' lang='lat' dir='ltr'>Idcirco</span> <span class='ocrx_word' id='word_1_526' title='bbox 813 5704 1027 5762; x_wconf 89' lang='lat' dir='ltr'>ibidem</span> <span class='ocrx_word' id='word_1_527' title='bbox 1045 5706 1647 5782; x_wconf 74' lang='lat' dir='ltr'>Moyses&#39;prosequitur</span> <span class='ocrx_word' id='word_1_528' title='bbox 1668 5705 1825 5779; x_wconf 89' lang='lat' dir='ltr'>quod</span> 
     </span>
    </p>
   </div>
   <div class='ocr_carea' id='block_1_77' title="bbox 1930 1988 3522 2064">
    <p class='ocr_par' dir='ltr' id='par_1_77' title="bbox 1930 1988 3522 2064">
     <span class='ocr_line' id='line_1_77' title="bbox 1930 1988 3522 2064; baseline 0.001 -23"><span class='ocrx_word' id='word_1_529' title='bbox 1930 1988 2081 2050; x_wconf 81' lang='lat' dir='ltr'>illud,</span> <span class='ocrx_word' id='word_1_530' title='bbox 2100 1988 2189 2041; x_wconf 79' lang='lat' dir='ltr'>sed</span> <span class='ocrx_word' id='word_1_531' title='bbox 2202 1990 2342 2060; x_wconf 78' lang='lat' dir='ltr'>quod</span> <span class='ocrx_word' id='word_1_532' title='bbox 2360 1990 2640 2045; x_wconf 72' lang='grc' dir='ltr'>Ιιαὺίίαιιή</span> <span class='ocrx_word' id='word_1_533' title='bbox 2672 2008 2752 2046; x_wconf 79' lang='lat' dir='ltr'>me</span> <span class='ocrx_word' id='word_1_534' title='bbox 2786 2000 3065 2062; x_wconf 78' lang='lat' dir='ltr'>peccatum</span> <span class='ocrx_word' id='word_1_535' title='bbox 3102 1993 3304 2064; x_wconf 55' lang='lat' dir='ltr'>(Rana,</span> <span class='ocrx_word' id='word_1_536' title='bbox 3328 2010 3422 2056; x_wconf 85' lang='lat' dir='ltr'>vn,</span> <span class='ocrx_word' id='word_1_537' title='bbox 3460 1996 3522 2046; x_wconf 69' lang='lat' dir='ltr'>l9</span> 
     </span>
    </p>
   </div>
   <div class='ocr_carea' id='block_1_78' title="bbox 1931 2077 3520 2150">
    <p class='ocr_par' dir='ltr' id='par_1_78' title="bbox 1931 2077 3520 2150">
     <span class='ocr_line' id='line_1_78' title="bbox 1931 2077 3520 2150; baseline 0.001 -21"><span class='ocrx_word' id='word_1_538' title='bbox 1931 2082 1980 2129; x_wconf 79' lang='lat' dir='ltr'>et</span> <span class='ocrx_word' id='word_1_539' title='bbox 2030 2078 2184 2148; x_wconf 82' lang='lat' dir='ltr'>seq.).</span> <span class='ocrx_word' id='word_1_540' title='bbox 2246 2077 2460 2132; x_wconf 86' lang='lat' dir='ltr'>Idcirco</span> <span class='ocrx_word' id='word_1_541' title='bbox 2516 2078 2741 2149; x_wconf 87' lang='lat' dir='ltr'>cogitur</span> <span class='ocrx_word' id='word_1_542' title='bbox 2771 2081 3141 2134; x_wconf 79' lang='lat' dir='ltr'>exclamare:</span> <span class='ocrx_word' id='word_1_543' title='bbox 3200 2079 3400 2150; x_wconf 72' lang='lat' dir='ltr'>Infelix</span> <span class='ocrx_word' id='word_1_544' title='bbox 3428 2097 3520 2149; x_wconf 64' lang='lat' dir='ltr'>eg;</span> 
     </span>
    </p>
   </div>
   <div class='ocr_carea' id='block_1_79' title="bbox 1931 2166 3531 2239">
    <p class='ocr_par' dir='ltr' id='par_1_79' title="bbox 1931 2166 3531 2239">
     <span class='ocr_line' id='line_1_79' title="bbox 1931 2166 3531 2239; baseline 0.004 -22"><span class='ocrx_word' id='word_1_545' title='bbox 1931 2167 2104 2226; x_wconf 80' lang='lat' dir='ltr'>homo,</span> <span class='ocrx_word' id='word_1_546' title='bbox 2152 2167 2268 2237; x_wconf 71' lang='lat' dir='ltr'>quis</span> <span class='ocrx_word' id='word_1_547' title='bbox 2316 2184 2398 2219; x_wconf 80' lang='lat' dir='ltr'>me</span> <span class='ocrx_word' id='word_1_548' title='bbox 2428 2166 2666 2221; x_wconf 63' lang='lat' dir='ltr'>libciabil</span> <span class='ocrx_word' id='word_1_549' title='bbox 2714 2167 2778 2220; x_wconf 76' lang='lat' dir='ltr'>de</span> <span class='ocrx_word' id='word_1_550' title='bbox 2817 2185 3031 2239; x_wconf 83' lang='lat' dir='ltr'>corpore</span> <span class='ocrx_word' id='word_1_551' title='bbox 3076 2174 3259 2221; x_wconf 74' lang='lat' dir='ltr'>mortis</span> <span class='ocrx_word' id='word_1_552' title='bbox 3311 2169 3472 2239; x_wconf 79' lang='lat' dir='ltr'>hujus</span> <span class='ocrx_word' id='word_1_553' title='bbox 3503 2170 3531 2223; x_wconf 78' lang='lat'>.’</span> 
     </span>
    </p>
   </div>
   <div class='ocr_carea' id='block_1_80' title="bbox 1933 2252 3525 2325">
    <p class='ocr_par' dir='ltr' id='par_1_80' title="bbox 1933 2252 3525 2325">
     <span class='ocr_line' id='line_1_80' title="bbox 1933 2252 3525 2325; baseline 0.002 -18"><span class='ocrx_word' id='word_1_554' title='bbox 1933 2252 2125 2307; x_wconf 81' lang='lat' dir='ltr'>Gratia</span> <span class='ocrx_word' id='word_1_555' title='bbox 2156 2255 2263 2309; x_wconf 75' lang='lat' dir='ltr'>Del</span> <span class='ocrx_word' id='word_1_556' title='bbox 2304 2272 2405 2325; x_wconf 81' lang='lat' dir='ltr'>per</span> <span class='ocrx_word' id='word_1_557' title='bbox 2431 2255 2613 2308; x_wconf 75' lang='lat' dir='ltr'>Jesum</span> <span class='ocrx_word' id='word_1_558' title='bbox 2648 2254 2928 2312; x_wconf 68' lang='lat' dir='ltr'>Christum</span> <span class='ocrx_word' id='word_1_559' title='bbox 2956 2258 3254 2312; x_wconf 76' lang='lat' dir='ltr'>Domimmi</span> <span class='ocrx_word' id='word_1_560' title='bbox 3284 2264 3525 2310; x_wconf 80' lang='lat' dir='ltr'>nostrum</span> 
     </span>
    </p>
   </div>
   <div class='ocr_carea' id='block_1_81' title="bbox 1935 2340 3530 2412">
    <p class='ocr_par' dir='ltr' id='par_1_81' title="bbox 1935 2340 3530 2412">
     <span class='ocr_line' id='line_1_81' title="bbox 1935 2340 3530 2412; baseline 0.005 -20"><span class='ocrx_word' id='word_1_561' title='bbox 1935 2340 2037 2412; x_wconf 85' lang='lat' dir='ltr'>(Id.</span> <span class='ocrx_word' id='word_1_562' title='bbox 2073 2342 2168 2409; x_wconf 63' lang='lat'>£12.,</span> <span class='ocrx_word' id='word_1_563' title='bbox 2198 2344 2307 2409; x_wconf 55' lang='grc' dir='ltr'>ἓξ).</span> <span class='ocrx_word' id='word_1_564' title='bbox 2333 2343 2468 2397; x_wconf 84' lang='lat' dir='ltr'>Huic</span> <span class='ocrx_word' id='word_1_565' title='bbox 2491 2345 2790 2398; x_wconf 60' lang='lat' dir='ltr'>sententia:</span> <span class='ocrx_word' id='word_1_566' title='bbox 2812 2346 3122 2399; x_wconf 90' lang='lat' dir='ltr'>concordat</span> <span class='ocrx_word' id='word_1_567' title='bbox 3149 2344 3289 2399; x_wconf 90' lang='lat' dir='ltr'>illud</span> <span class='ocrx_word' id='word_1_568' title='bbox 3315 2346 3530 2410; x_wconf 69' lang='lat' dir='ltr'>Tobiu&#39;,</span> 
     </span>
    </p>
   </div>
   <div class='ocr_carea' id='block_1_82' title="bbox 1933 2430 3531 2501">
    <p class='ocr_par' dir='ltr' id='par_1_82' title="bbox 1933 2430 3531 2501">
     <span class='ocr_line' id='line_1_82' title="bbox 1933 2430 3531 2501; baseline 0.003 -18"><span class='ocrx_word' id='word_1_569' title='bbox 1933 2430 2031 2501; x_wconf 87' lang='lat' dir='ltr'>qui</span> <span class='ocrx_word' id='word_1_570' title='bbox 2063 2431 2230 2485; x_wconf 84' lang='lat' dir='ltr'>bonis</span> <span class='ocrx_word' id='word_1_571' title='bbox 2260 2431 2599 2485; x_wconf 87' lang='lat' dir='ltr'>naturaliter</span> <span class='ocrx_word' id='word_1_572' title='bbox 2643 2432 2900 2487; x_wconf 89' lang='lat' dir='ltr'>moribus</span> <span class='ocrx_word' id='word_1_573' title='bbox 2952 2432 3255 2487; x_wconf 90' lang='lat' dir='ltr'>instituens</span> <span class='ocrx_word' id='word_1_574' title='bbox 3304 2434 3486 2488; x_wconf 81' lang='lat' dir='ltr'>filium</span> <span class='ocrx_word' id='word_1_575' title='bbox 3518 2452 3531 2488; x_wconf 88' lang='lat'><strong>:</strong></span> 
     </span>
    </p>
   </div>
   <div class='ocr_carea' id='block_1_83' title="bbox 1938 2518 3514 2595">
    <p class='ocr_par' dir='ltr' id='par_1_83' title="bbox 1938 2518 3514 2595">
     <span class='ocr_line' id='line_1_83' title="bbox 1938 2518 3514 2595; baseline 0.004 -24"><span class='ocrx_word' id='word_1_576' title='bbox 1938 2541 1964 2568; x_wconf 87' lang='grc'>‹‹</span> <span class='ocrx_word' id='word_1_577' title='bbox 1998 2519 2121 2572; x_wconf 87' lang='lat' dir='ltr'>Noli</span> <span class='ocrx_word' id='word_1_578' title='bbox 2154 2518 2340 2591; x_wconf 90' lang='lat' dir='ltr'>inquit</span> <span class='ocrx_word' id='word_1_579' title='bbox 2366 2520 2601 2574; x_wconf 88' lang='lat' dir='ltr'>mentiri</span> <span class='ocrx_word' id='word_1_580' title='bbox 2631 2537 2805 2575; x_wconf 90' lang='lat' dir='ltr'>omne</span> <span class='ocrx_word' id='word_1_581' title='bbox 2840 2521 3227 2576; x_wconf 91' lang='lat' dir='ltr'>mendacium.</span> <span class='ocrx_word' id='word_1_582' title='bbox 3260 2544 3285 2570; x_wconf 85' lang='grc'><strong>››</strong></span> <span class='ocrx_word' id='word_1_583' title='bbox 3313 2523 3376 2577; x_wconf 83' lang='lat' dir='ltr'>Id</span> <span class='ocrx_word' id='word_1_584' title='bbox 3398 2540 3514 2595; x_wconf 63' lang='lat' dir='ltr'>pra‘</span> 
     </span>
    </p>
   </div>
   <div class='ocr_carea' id='block_1_84' title="bbox 1934 2608 3530 2677">
    <p class='ocr_par' dir='ltr' id='par_1_84' title="bbox 1934 2608 3530 2677">
     <span class='ocr_line' id='line_1_84' title="bbox 1934 2608 3530 2677; baseline 0.002 -17"><span class='ocrx_word' id='word_1_585' title='bbox 1934 2610 2166 2677; x_wconf 90' lang='lat' dir='ltr'>ceptum</span> <span class='ocrx_word' id='word_1_586' title='bbox 2194 2608 2302 2661; x_wconf 88' lang='lat' dir='ltr'>hoc</span> <span class='ocrx_word' id='word_1_587' title='bbox 2328 2608 2622 2663; x_wconf 87' lang='lat' dir='ltr'>continet:</span> <span class='ocrx_word' id='word_1_588' title='bbox 2673 2609 2794 2664; x_wconf 88' lang='lat' dir='ltr'>Non</span> <span class='ocrx_word' id='word_1_589' title='bbox 2844 2609 3004 2663; x_wconf 89' lang='lat' dir='ltr'>enim</span> <span class='ocrx_word' id='word_1_590' title='bbox 3034 2609 3337 2664; x_wconf 89' lang='lat' dir='ltr'>mendacio</span> <span class='ocrx_word' id='word_1_591' title='bbox 3370 2613 3530 2664; x_wconf 87' lang='lat' dir='ltr'>uten-</span> 
     </span>
    </p>
   </div>
   <div class='ocr_carea' id='block_1_85' title="bbox 1933 2696 3539 2769">
    <p class='ocr_par' dir='ltr' id='par_1_85' title="bbox 1933 2696 3539 2769">
     <span class='ocr_line' id='line_1_85' title="bbox 1933 2696 3539 2769; baseline 0.002 -21"><span class='ocrx_word' id='word_1_592' title='bbox 1933 2696 2073 2749; x_wconf 91' lang='lat' dir='ltr'>dum</span> <span class='ocrx_word' id='word_1_593' title='bbox 2105 2699 2208 2763; x_wconf 87' lang='lat' dir='ltr'>est,</span> <span class='ocrx_word' id='word_1_594' title='bbox 2241 2696 2348 2750; x_wconf 84' lang='lat' dir='ltr'>hoc</span> <span class='ocrx_word' id='word_1_595' title='bbox 2380 2700 2485 2763; x_wconf 87' lang='lat' dir='ltr'>est,</span> <span class='ocrx_word' id='word_1_596' title='bbox 2506 2697 2757 2769; x_wconf 87' lang='lat' dir='ltr'>quodam</span> <span class='ocrx_word' id='word_1_597' title='bbox 2792 2697 3092 2753; x_wconf 89' lang='lat' dir='ltr'>mendacio</span> <span class='ocrx_word' id='word_1_598' title='bbox 3121 2698 3400 2753; x_wconf 87' lang='lat' dir='ltr'>utendum</span> <span class='ocrx_word' id='word_1_599' title='bbox 3424 2715 3539 2753; x_wconf 92' lang='lat' dir='ltr'>non</span> 
     </span>
    </p>
   </div>
   <div class='ocr_carea' id='block_1_86' title="bbox 1934 2784 3539 2858">
    <p class='ocr_par' dir='ltr' id='par_1_86' title="bbox 1934 2784 3539 2858">
     <span class='ocr_line' id='line_1_86' title="bbox 1934 2784 3539 2858; baseline 0.002 -21"><span class='ocrx_word' id='word_1_600' title='bbox 1934 2787 2037 2840; x_wconf 89' lang='lat' dir='ltr'>est.</span> <span class='ocrx_word' id='word_1_601' title='bbox 2069 2784 2482 2839; x_wconf 86' lang='lat' dir='ltr'>Verumtamen</span> <span class='ocrx_word' id='word_1_602' title='bbox 2516 2785 2723 2840; x_wconf 86' lang='lat' dir='ltr'>veritas</span> <span class='ocrx_word' id='word_1_603' title='bbox 2744 2786 3033 2858; x_wconf 88' lang='lat' dir='ltr'>Evangelii</span> <span class='ocrx_word' id='word_1_604' title='bbox 3063 2803 3181 2841; x_wconf 90' lang='lat' dir='ltr'>non</span> <span class='ocrx_word' id='word_1_605' title='bbox 3212 2788 3397 2841; x_wconf 90' lang='lat' dir='ltr'>solum</span> <span class='ocrx_word' id='word_1_606' title='bbox 3426 2803 3539 2840; x_wconf 90' lang='lat' dir='ltr'>non</span> 
     </span>
    </p>
   </div>
   <div class='ocr_carea' id='block_1_87' title="bbox 1934 2871 3529 2939">
    <p class='ocr_par' dir='ltr' id='par_1_87' title="bbox 1934 2871 3529 2939">
     <span class='ocr_line' id='line_1_87' title="bbox 1934 2871 3529 2939; baseline 0.003 -14"><span class='ocrx_word' id='word_1_607' title='bbox 1934 2871 2116 2939; x_wconf 91' lang='lat' dir='ltr'>omni,</span> <span class='ocrx_word' id='word_1_608' title='bbox 2149 2873 2249 2927; x_wconf 85' lang='lat' dir='ltr'>sed</span> <span class='ocrx_word' id='word_1_609' title='bbox 2281 2890 2385 2928; x_wconf 87' lang='lat' dir='ltr'>nec</span> <span class='ocrx_word' id='word_1_610' title='bbox 2418 2875 2533 2929; x_wconf 91' lang='lat' dir='ltr'>ullo</span> <span class='ocrx_word' id='word_1_611' title='bbox 2563 2874 2868 2930; x_wconf 89' lang='lat' dir='ltr'>mendacio</span> <span class='ocrx_word' id='word_1_612' title='bbox 2904 2875 3182 2929; x_wconf 90' lang='lat' dir='ltr'>utendum</span> <span class='ocrx_word' id='word_1_613' title='bbox 3216 2892 3335 2929; x_wconf 90' lang='lat' dir='ltr'>esse</span> <span class='ocrx_word' id='word_1_614' title='bbox 3362 2874 3529 2930; x_wconf 90' lang='lat' dir='ltr'>inno-</span> 
     </span>
    </p>
   </div>
   <div class='ocr_carea' id='block_1_88' title="bbox 1934 2960 3538 3036">
    <p class='ocr_par' dir='ltr' id='par_1_88' title="bbox 1934 2960 3538 3036">
     <span class='ocr_line' id='line_1_88' title="bbox 1934 2960 3538 3036; baseline 0.004 -23"><span class='ocrx_word' id='word_1_615' title='bbox 1934 2960 2164 3029; x_wconf 88' lang='lat' dir='ltr'>tuit,ubi</span> <span class='ocrx_word' id='word_1_616' title='bbox 2179 2978 2352 3016; x_wconf 92' lang='lat' dir='ltr'>omne</span> <span class='ocrx_word' id='word_1_617' title='bbox 2372 2963 2741 3017; x_wconf 89' lang='lat' dir='ltr'>mendacium</span> <span class='ocrx_word' id='word_1_618' title='bbox 2760 2980 2826 3018; x_wconf 80' lang='lat' dir='ltr'>ex</span> <span class='ocrx_word' id='word_1_619' title='bbox 2842 2964 3069 3019; x_wconf 91' lang='lat' dir='ltr'>diabolo</span> <span class='ocrx_word' id='word_1_620' title='bbox 3084 2981 3203 3018; x_wconf 89' lang='lat' dir='ltr'>esse</span> <span class='ocrx_word' id='word_1_621' title='bbox 3219 2964 3538 3036; x_wconf 85' lang='lat' dir='ltr'>proposuit.</span> 
     </span>
    </p>
   </div>
   <div class='ocr_carea' id='block_1_89' title="bbox 1934 3048 3541 3121">
    <p class='ocr_par' dir='ltr' id='par_1_89' title="bbox 1934 3048 3541 3121">
     <span class='ocr_line' id='line_1_89' title="bbox 1934 3048 3541 3121; baseline 0.002 -19"><span class='ocrx_word' id='word_1_622' title='bbox 1934 3048 2220 3121; x_wconf 85' lang='lat' dir='ltr'>Quidquid</span> <span class='ocrx_word' id='word_1_623' title='bbox 2244 3050 2400 3104; x_wconf 91' lang='lat' dir='ltr'>enim</span> <span class='ocrx_word' id='word_1_624' title='bbox 2433 3068 2499 3105; x_wconf 83' lang='lat' dir='ltr'>ex</span> <span class='ocrx_word' id='word_1_625' title='bbox 2531 3051 2761 3107; x_wconf 87' lang='lat' dir='ltr'>diabolo</span> <span class='ocrx_word' id='word_1_626' title='bbox 2806 3055 2911 3119; x_wconf 89' lang='lat' dir='ltr'>est,</span> <span class='ocrx_word' id='word_1_627' title='bbox 2972 3053 3189 3107; x_wconf 91' lang='lat' dir='ltr'>malum</span> <span class='ocrx_word' id='word_1_628' title='bbox 3240 3056 3351 3106; x_wconf 91' lang='lat' dir='ltr'>est:</span> <span class='ocrx_word' id='word_1_629' title='bbox 3384 3053 3541 3107; x_wconf 89' lang='lat' dir='ltr'>nullo</span> 
     </span>
    </p>
   </div>
   <div class='ocr_carea' id='block_1_90' title="bbox 1865 3139 3540 3230">
    <p class='ocr_par' dir='ltr' id='par_1_90' title="bbox 1865 3139 3540 3230">
     <span class='ocr_line' id='line_1_90' title="bbox 1865 3139 3540 3230; baseline 0.002 -39"><span class='ocrx_word' id='word_1_630' title='bbox 1865 3171 1911 3230; x_wconf 68' lang='grc' dir='ltr'>Ο</span> <span class='ocrx_word' id='word_1_631' title='bbox 1935 3141 2128 3230; x_wconf 80' lang='lat' dir='ltr'>autem</span> <span class='ocrx_word' id='word_1_632' title='bbox 2170 3139 2322 3193; x_wconf 88' lang='lat' dir='ltr'>malo</span> <span class='ocrx_word' id='word_1_633' title='bbox 2356 3140 2635 3230; x_wconf 81' lang='lat' dir='ltr'>utendum</span> <span class='ocrx_word' id='word_1_634' title='bbox 2668 3143 2785 3207; x_wconf 90' lang='lat' dir='ltr'>est,</span> <span class='ocrx_word' id='word_1_635' title='bbox 2848 3142 3003 3196; x_wconf 90' lang='lat' dir='ltr'>nullo</span> <span class='ocrx_word' id='word_1_636' title='bbox 3066 3141 3240 3212; x_wconf 86' lang='lat' dir='ltr'>igitur</span> <span class='ocrx_word' id='word_1_637' title='bbox 3289 3141 3444 3230; x_wconf 85' lang='lat' dir='ltr'>quod</span> <span class='ocrx_word' id='word_1_638' title='bbox 3476 3158 3540 3195; x_wconf 84' lang='lat' dir='ltr'>ex</span> 
     </span>
    </p>
   </div>
   <div class='ocr_carea' id='block_1_91' title="bbox 1934 3225 3542 3293">
    <p class='ocr_par' dir='ltr' id='par_1_91' title="bbox 1934 3225 3542 3293">
     <span class='ocr_line' id='line_1_91' title="bbox 1934 3225 3542 3293; baseline 0.002 -15"><span class='ocrx_word' id='word_1_639' title='bbox 1934 3225 2164 3280; x_wconf 88' lang='lat' dir='ltr'>diabolo</span> <span class='ocrx_word' id='word_1_640' title='bbox 2187 3230 2292 3293; x_wconf 86' lang='lat' dir='ltr'>est,</span> <span class='ocrx_word' id='word_1_641' title='bbox 2334 3228 2613 3282; x_wconf 89' lang='lat' dir='ltr'>utendum</span> <span class='ocrx_word' id='word_1_642' title='bbox 2642 3232 2746 3282; x_wconf 91' lang='lat' dir='ltr'>est.</span> <span class='ocrx_word' id='word_1_643' title='bbox 2775 3230 2844 3282; x_wconf 90' lang='lat' dir='ltr'>Et</span> <span class='ocrx_word' id='word_1_644' title='bbox 2877 3246 3051 3283; x_wconf 90' lang='lat' dir='ltr'>omne</span> <span class='ocrx_word' id='word_1_645' title='bbox 3078 3229 3446 3284; x_wconf 90' lang='lat' dir='ltr'>mendacium</span> <span class='ocrx_word' id='word_1_646' title='bbox 3474 3246 3542 3283; x_wconf 83' lang='lat' dir='ltr'>ex</span> 
     </span>
    </p>
   </div>
   <div class='ocr_carea' id='block_1_92' title="bbox 1935 3313 3536 3384">
    <p class='ocr_par' dir='ltr' id='par_1_92' title="bbox 1935 3313 3536 3384">
     <span class='ocr_line' id='line_1_92' title="bbox 1935 3313 3536 3384; baseline 0.002 -17"><span class='ocrx_word' id='word_1_647' title='bbox 1935 3313 2164 3367; x_wconf 90' lang='lat' dir='ltr'>diabolo</span> <span class='ocrx_word' id='word_1_648' title='bbox 2197 3317 2298 3368; x_wconf 89' lang='lat' dir='ltr'>est:</span> <span class='ocrx_word' id='word_1_649' title='bbox 2320 3316 2541 3369; x_wconf 90' lang='lat' dir='ltr'>nullum</span> <span class='ocrx_word' id='word_1_650' title='bbox 2572 3319 2767 3371; x_wconf 91' lang='lat' dir='ltr'>autem</span> <span class='ocrx_word' id='word_1_651' title='bbox 2784 3317 3151 3371; x_wconf 90' lang='lat' dir='ltr'>mendacium</span> <span class='ocrx_word' id='word_1_652' title='bbox 3174 3318 3392 3372; x_wconf 90' lang='lat' dir='ltr'>bonum</span> <span class='ocrx_word' id='word_1_653' title='bbox 3411 3320 3497 3370; x_wconf 88' lang='lat' dir='ltr'>est</span> <span class='ocrx_word' id='word_1_654' title='bbox 3524 3335 3536 3384; x_wconf 87' lang='lat'>;</span> 
     </span>
    </p>
   </div>
   <div class='ocr_carea' id='block_1_93' title="bbox 1933 3401 3536 3474">
    <p class='ocr_par' dir='ltr' id='par_1_93' title="bbox 1933 3401 3536 3474">
     <span class='ocr_line' id='line_1_93' title="bbox 1933 3401 3536 3474; baseline 0.002 -19"><span class='ocrx_word' id='word_1_655' title='bbox 1933 3402 2154 3455; x_wconf 89' lang='lat' dir='ltr'>nullum</span> <span class='ocrx_word' id='word_1_656' title='bbox 2183 3401 2357 3471; x_wconf 87' lang='lat' dir='ltr'>igitur</span> <span class='ocrx_word' id='word_1_657' title='bbox 2371 3403 2527 3474; x_wconf 92' lang='lat' dir='ltr'>quod</span> <span class='ocrx_word' id='word_1_658' title='bbox 2548 3420 2612 3457; x_wconf 88' lang='lat' dir='ltr'>ex</span> <span class='ocrx_word' id='word_1_659' title='bbox 2631 3404 2860 3458; x_wconf 89' lang='lat' dir='ltr'>diabolo</span> <span class='ocrx_word' id='word_1_660' title='bbox 2883 3405 3214 3467; x_wconf 88' lang='lat' dir='ltr'>cst,bonum</span> <span class='ocrx_word' id='word_1_661' title='bbox 3236 3408 3340 3459; x_wconf 90' lang='lat' dir='ltr'>est.</span> <span class='ocrx_word' id='word_1_662' title='bbox 3359 3407 3536 3460; x_wconf 88' lang='lat' dir='ltr'>Porro</span> 
     </span>
    </p>
   </div>
   <div class='ocr_carea' id='block_1_94' title="bbox 1934 3488 3536 3563">
    <p class='ocr_par' dir='ltr' id='par_1_94' title="bbox 1934 3488 3536 3563">
     <span class='ocr_line' id='line_1_94' title="bbox 1934 3488 3536 3563; baseline 0.002 -20"><span class='ocrx_word' id='word_1_663' title='bbox 1934 3488 2230 3561; x_wconf 90' lang='lat' dir='ltr'>Scriptura</span> <span class='ocrx_word' id='word_1_664' title='bbox 2254 3491 2423 3545; x_wconf 89' lang='lat' dir='ltr'>dicit:</span> <span class='ocrx_word' id='word_1_665' title='bbox 2460 3492 2647 3545; x_wconf 80' lang='lat' dir='ltr'>Omnis</span> <span class='ocrx_word' id='word_1_666' title='bbox 2670 3494 2822 3546; x_wconf 80' lang='lat' dir='ltr'>homo</span> <span class='ocrx_word' id='word_1_667' title='bbox 2856 3494 3082 3547; x_wconf 78' lang='lat' dir='ltr'>mendax</span> <span class='ocrx_word' id='word_1_668' title='bbox 3128 3493 3297 3563; x_wconf 83' lang='lat' dir='ltr'>(Psal.</span> <span class='ocrx_word' id='word_1_669' title='bbox 3324 3498 3536 3559; x_wconf 79' lang='lat' dir='ltr'>cxv,tl)</span> 
     </span>
    </p>
   </div>
   <div class='ocr_carea' id='block_1_95' title="bbox 1934 3578 3537 3650">
    <p class='ocr_par' dir='ltr' id='par_1_95' title="bbox 1934 3578 3537 3650">
     <span class='ocr_line' id='line_1_95' title="bbox 1934 3578 3537 3650; baseline 0.002 -19"><span class='ocrx_word' id='word_1_670' title='bbox 1934 3581 2038 3644; x_wconf 91' lang='lat' dir='ltr'>est,</span> <span class='ocrx_word' id='word_1_671' title='bbox 2063 3578 2344 3650; x_wconf 88' lang='lat' dir='ltr'>siquidem</span> <span class='ocrx_word' id='word_1_672' title='bbox 2372 3596 2439 3633; x_wconf 90' lang='lat' dir='ltr'>eo</span> <span class='ocrx_word' id='word_1_673' title='bbox 2464 3579 2597 3633; x_wconf 91' lang='lat' dir='ltr'>vitio</span> <span class='ocrx_word' id='word_1_674' title='bbox 2627 3580 2945 3635; x_wconf 86' lang='lat' dir='ltr'>humanam</span> <span class='ocrx_word' id='word_1_675' title='bbox 2978 3584 3248 3635; x_wconf 87' lang='lat' dir='ltr'>naturam</span> <span class='ocrx_word' id='word_1_676' title='bbox 3275 3581 3537 3635; x_wconf 88' lang='lat' dir='ltr'>diabolus</span> 
     </span>
    </p>
   </div>
   <div class='ocr_carea' id='block_1_96' title="bbox 1932 3667 3537 3739">
    <p class='ocr_par' dir='ltr' id='par_1_96' title="bbox 1932 3667 3537 3739">
     <span class='ocr_line' id='line_1_96' title="bbox 1932 3667 3537 3739; baseline 0.002 -19"><span class='ocrx_word' id='word_1_677' title='bbox 1932 3667 2187 3739; x_wconf 90' lang='lat' dir='ltr'>corrupit</span> <span class='ocrx_word' id='word_1_678' title='bbox 2212 3686 2225 3735; x_wconf 92' lang='lat'>;</span> <span class='ocrx_word' id='word_1_679' title='bbox 2257 3671 2312 3721; x_wconf 91' lang='lat' dir='ltr'>ut</span> <span class='ocrx_word' id='word_1_680' title='bbox 2336 3671 2391 3721; x_wconf 91' lang='lat' dir='ltr'>et</span> <span class='ocrx_word' id='word_1_681' title='bbox 2419 3668 2677 3722; x_wconf 90' lang='lat' dir='ltr'>mortalis</span> <span class='ocrx_word' id='word_1_682' title='bbox 2707 3672 2764 3722; x_wconf 90' lang='lat' dir='ltr'>et</span> <span class='ocrx_word' id='word_1_683' title='bbox 2786 3669 3036 3723; x_wconf 81' lang='lat' dir='ltr'>mendax</span> <span class='ocrx_word' id='word_1_684' title='bbox 3063 3669 3266 3736; x_wconf 93' lang='lat' dir='ltr'>sit,nec</span> <span class='ocrx_word' id='word_1_685' title='bbox 3288 3669 3537 3724; x_wconf 80' lang='lat' dir='ltr'>mendax</span> 
     </span>
    </p>
   </div>
   <div class='ocr_carea' id='block_1_97' title="bbox 1932 3754 3535 3825">
    <p class='ocr_par' dir='ltr' id='par_1_97' title="bbox 1932 3754 3535 3825">
     <span class='ocr_line' id='line_1_97' title="bbox 1932 3754 3535 3825; baseline 0.002 -16"><span class='ocrx_word' id='word_1_686' title='bbox 1932 3754 2039 3809; x_wconf 89' lang='lat' dir='ltr'>nisi</span> <span class='ocrx_word' id='word_1_687' title='bbox 2074 3756 2229 3811; x_wconf 91' lang='lat' dir='ltr'>unde</span> <span class='ocrx_word' id='word_1_688' title='bbox 2258 3757 2541 3825; x_wconf 86' lang='lat' dir='ltr'>mortalis,</span> <span class='ocrx_word' id='word_1_689' title='bbox 2570 3773 2675 3811; x_wconf 90' lang='lat' dir='ltr'>nec</span> <span class='ocrx_word' id='word_1_690' title='bbox 2700 3757 2961 3812; x_wconf 89' lang='lat' dir='ltr'>mortalis</span> <span class='ocrx_word' id='word_1_691' title='bbox 2987 3757 3092 3810; x_wconf 91' lang='lat' dir='ltr'>nisi</span> <span class='ocrx_word' id='word_1_692' title='bbox 3119 3758 3269 3812; x_wconf 72' lang='lat' dir='ltr'>unde</span> <span class='ocrx_word' id='word_1_693' title='bbox 3286 3756 3535 3812; x_wconf 76' lang='lat' dir='ltr'>mendax</span> 
     </span>
    </p>
   </div>
   <div class='ocr_carea' id='block_1_98' title="bbox 1930 3843 3532 3918">
    <p class='ocr_par' dir='ltr' id='par_1_98' title="bbox 1930 3843 3532 3918">
     <span class='ocr_line' id='line_1_98' title="bbox 1930 3843 3532 3918; baseline 0.001 -21"><span class='ocrx_word' id='word_1_694' title='bbox 1930 3843 2136 3898; x_wconf 84' lang='lat' dir='ltr'>existit.</span> <span class='ocrx_word' id='word_1_695' title='bbox 2160 3847 2223 3899; x_wconf 92' lang='lat' dir='ltr'>In</span> <span class='ocrx_word' id='word_1_696' title='bbox 2256 3846 2510 3916; x_wconf 90' lang='lat' dir='ltr'>perjurio</span> <span class='ocrx_word' id='word_1_697' title='bbox 2562 3846 2759 3918; x_wconf 89' lang='lat' dir='ltr'>igitur,</span> <span class='ocrx_word' id='word_1_698' title='bbox 2789 3847 2897 3901; x_wconf 90' lang='lat' dir='ltr'>hoc</span> <span class='ocrx_word' id='word_1_699' title='bbox 2957 3850 3043 3900; x_wconf 88' lang='lat' dir='ltr'>est</span> <span class='ocrx_word' id='word_1_700' title='bbox 3096 3846 3154 3900; x_wconf 92' lang='lat' dir='ltr'>in</span> <span class='ocrx_word' id='word_1_701' title='bbox 3190 3847 3532 3917; x_wconf 88' lang='lat' dir='ltr'>juramento</span> 
     </span>
    </p>
   </div>
   <div class='ocr_carea' id='block_1_99' title="bbox 1929 3933 3534 4001">
    <p class='ocr_par' dir='ltr' id='par_1_99' title="bbox 1929 3933 3534 4001">
     <span class='ocr_line' id='line_1_99' title="bbox 1929 3933 3534 4001; baseline 0.001 -14"><span class='ocrx_word' id='word_1_702' title='bbox 1929 3934 2195 3988; x_wconf 88' lang='lat' dir='ltr'>mendaci</span> <span class='ocrx_word' id='word_1_703' title='bbox 2229 3934 2712 3990; x_wconf 81' lang='lat' dir='ltr'>considerandum</span> <span class='ocrx_word' id='word_1_704' title='bbox 2746 3939 2832 3990; x_wconf 82' lang='lat' dir='ltr'>est</span> <span class='ocrx_word' id='word_1_705' title='bbox 2879 3935 3080 3990; x_wconf 87' lang='lat' dir='ltr'>vitium</span> <span class='ocrx_word' id='word_1_706' title='bbox 3135 3933 3443 4001; x_wconf 87' lang='lat' dir='ltr'>mendacii,</span> <span class='ocrx_word' id='word_1_707' title='bbox 3477 3938 3534 3989; x_wconf 87' lang='lat' dir='ltr'>et</span> 
     </span>
    </p>
   </div>
   <div class='ocr_carea' id='block_1_100' title="bbox 1930 4021 3530 4097">
    <p class='ocr_par' dir='ltr' id='par_1_100' title="bbox 1930 4021 3530 4097">
     <span class='ocr_line' id='line_1_100' title="bbox 1930 4021 3530 4097; baseline 0.003 -22"><span class='ocrx_word' id='word_1_708' title='bbox 1930 4021 1985 4075; x_wconf 90' lang='lat' dir='ltr'>in</span> <span class='ocrx_word' id='word_1_709' title='bbox 2027 4039 2239 4078; x_wconf 89' lang='lat' dir='ltr'>vanum</span> <span class='ocrx_word' id='word_1_710' title='bbox 2268 4028 2626 4097; x_wconf 86' lang='lat' dir='ltr'>assumptum</span> <span class='ocrx_word' id='word_1_711' title='bbox 2653 4041 2867 4079; x_wconf 90' lang='lat' dir='ltr'>nomen</span> <span class='ocrx_word' id='word_1_712' title='bbox 2904 4024 3443 4097; x_wconf 89' lang='lat' dir='ltr'>Domini,quouiam</span> <span class='ocrx_word' id='word_1_713' title='bbox 3464 4024 3530 4079; x_wconf 81' lang='lat' dir='ltr'>il-</span> 
     </span>
    </p>
   </div>
   <div class='ocr_carea' id='block_1_101' title="bbox 1927 4111 3531 4186">
    <p class='ocr_par' dir='ltr' id='par_1_101' title="bbox 1927 4111 3531 4186">
     <span class='ocr_line' id='line_1_101' title="bbox 1927 4111 3531 4186; baseline 0.001 -21"><span class='ocrx_word' id='word_1_714' title='bbox 1927 4111 2026 4165; x_wconf 90' lang='lat' dir='ltr'>lud</span> <span class='ocrx_word' id='word_1_715' title='bbox 2057 4114 2244 4167; x_wconf 90' lang='lat' dir='ltr'>solum</span> <span class='ocrx_word' id='word_1_716' title='bbox 2270 4112 2341 4166; x_wconf 91' lang='lat' dir='ltr'>ad</span> <span class='ocrx_word' id='word_1_717' title='bbox 2367 4116 2616 4167; x_wconf 90' lang='lat' dir='ltr'>mortem</span> <span class='ocrx_word' id='word_1_718' title='bbox 2632 4113 2860 4180; x_wconf 82' lang='lat' dir='ltr'>sufﬁcit,</span> <span class='ocrx_word' id='word_1_719' title='bbox 2885 4113 3050 4184; x_wconf 87' lang='lat' dir='ltr'>juxta</span> <span class='ocrx_word' id='word_1_720' title='bbox 3078 4114 3230 4186; x_wconf 89' lang='lat' dir='ltr'>quod</span> <span class='ocrx_word' id='word_1_721' title='bbox 3253 4113 3531 4185; x_wconf 89' lang='lat' dir='ltr'>scriptum</span> 
     </span>
    </p>
   </div>
   <div class='ocr_carea' id='block_1_102' title="bbox 1928 4200 3527 4274">
    <p class='ocr_par' dir='ltr' id='par_1_102' title="bbox 1928 4200 3527 4274">
     <span class='ocr_line' id='line_1_102' title="bbox 1928 4200 3527 4274; baseline 0.001 -20"><span class='ocrx_word' id='word_1_722' title='bbox 1928 4203 2048 4255; x_wconf 84' lang='lat' dir='ltr'>est:</span> <span class='ocrx_word' id='word_1_723' title='bbox 2085 4200 2156 4255; x_wconf 76' lang='lat'><em>03</em></span> <span class='ocrx_word' id='word_1_724' title='bbox 2184 4201 2323 4272; x_wconf 84' lang='lat' dir='ltr'>quod</span> <span class='ocrx_word' id='word_1_725' title='bbox 2349 4204 2624 4269; x_wconf 75' lang='lat' dir='ltr'>mentitur,</span> <span class='ocrx_word' id='word_1_726' title='bbox 2645 4202 2837 4256; x_wconf 71' lang='lat' dir='ltr'>occidit</span> <span class='ocrx_word' id='word_1_727' title='bbox 2865 4206 3099 4257; x_wconf 74' lang='lat' dir='ltr'>animam</span> <span class='ocrx_word' id='word_1_728' title='bbox 3122 4202 3302 4274; x_wconf 59' lang='grc' dir='ltr'>(δίψη</span> <span class='ocrx_word' id='word_1_729' title='bbox 3331 4220 3370 4269; x_wconf 88' lang='grc' dir='ltr'>ι,</span> <span class='ocrx_word' id='word_1_730' title='bbox 3396 4204 3483 4273; x_wconf 82' lang='grc' dir='ltr'>Η)</span> <span class='ocrx_word' id='word_1_731' title='bbox 3515 4223 3527 4271; x_wconf 94' lang='grc'>;</span> 
     </span>
    </p>
   </div>
   <div class='ocr_carea' id='block_1_103' title="bbox 1927 4289 3528 4363">
    <p class='ocr_par' dir='ltr' id='par_1_103' title="bbox 1927 4289 3528 4363">
     <span class='ocr_line' id='line_1_103' title="bbox 1927 4289 3528 4363; baseline 0.001 -20"><span class='ocrx_word' id='word_1_732' title='bbox 1927 4289 2015 4343; x_wconf 90' lang='lat' dir='ltr'>cui</span> <span class='ocrx_word' id='word_1_733' title='bbox 2055 4289 2192 4343; x_wconf 91' lang='lat' dir='ltr'>dum</span> <span class='ocrx_word' id='word_1_734' title='bbox 2224 4290 2379 4344; x_wconf 89' lang='lat' dir='ltr'>aliud</span> <span class='ocrx_word' id='word_1_735' title='bbox 2415 4291 2633 4344; x_wconf 89' lang='lat' dir='ltr'>malum</span> <span class='ocrx_word' id='word_1_736' title='bbox 2691 4292 3039 4363; x_wconf 88' lang='lat' dir='ltr'>supervenit,</span> <span class='ocrx_word' id='word_1_737' title='bbox 3074 4292 3300 4363; x_wconf 87' lang='lat' dir='ltr'>gravius</span> <span class='ocrx_word' id='word_1_738' title='bbox 3327 4308 3528 4363; x_wconf 88' lang='lat' dir='ltr'>pecca-</span> 
     </span>
    </p>
   </div>
   <div class='ocr_carea' id='block_1_104' title="bbox 1925 4377 3531 4449">
    <p class='ocr_par' dir='ltr' id='par_1_104' title="bbox 1925 4377 3531 4449">
     <span class='ocr_line' id='line_1_104' title="bbox 1925 4377 3531 4449; baseline 0.001 -18"><span class='ocrx_word' id='word_1_739' title='bbox 1925 4379 2050 4431; x_wconf 89' lang='lat' dir='ltr'>tum</span> <span class='ocrx_word' id='word_1_740' title='bbox 2084 4377 2270 4448; x_wconf 87' lang='lat' dir='ltr'>gignit</span> <span class='ocrx_word' id='word_1_741' title='bbox 2296 4379 2481 4449; x_wconf 90' lang='lat' dir='ltr'>;quod</span> <span class='ocrx_word' id='word_1_742' title='bbox 2521 4396 2672 4433; x_wconf 89' lang='lat' dir='ltr'>nunc</span> <span class='ocrx_word' id='word_1_743' title='bbox 2726 4383 2885 4433; x_wconf 89' lang='lat' dir='ltr'>metu</span> <span class='ocrx_word' id='word_1_744' title='bbox 2918 4381 3121 4434; x_wconf 91' lang='lat' dir='ltr'>mortis</span> <span class='ocrx_word' id='word_1_745' title='bbox 3146 4380 3531 4435; x_wconf 89' lang='lat' dir='ltr'>committitur</span> 
     </span>
    </p>
   </div>
   <div class='ocr_carea' id='block_1_105' title="bbox 1849 4450 3532 4540">
    <p class='ocr_par' dir='ltr' id='par_1_105' title="bbox 1849 4450 3532 4540">
     <span class='ocr_line' id='line_1_105' title="bbox 1849 4450 3532 4540; baseline 0.002 -23"><span class='ocrx_word' id='word_1_746' title='bbox 1849 4450 1901 4509; x_wconf 84' lang='lat' dir='ltr'><strong>D</strong></span> <span class='ocrx_word' id='word_1_747' title='bbox 1925 4480 2030 4536; x_wconf 90' lang='lat' dir='ltr'>pro</span> <span class='ocrx_word' id='word_1_748' title='bbox 2062 4464 2277 4519; x_wconf 88' lang='lat' dir='ltr'>tuenda</span> <span class='ocrx_word' id='word_1_749' title='bbox 2303 4465 2558 4535; x_wconf 87' lang='lat' dir='ltr'>corporis</span> <span class='ocrx_word' id='word_1_750' title='bbox 2580 4468 2781 4534; x_wconf 90' lang='lat' dir='ltr'>salute,</span> <span class='ocrx_word' id='word_1_751' title='bbox 2814 4484 2967 4522; x_wconf 91' lang='lat' dir='ltr'>nunc</span> <span class='ocrx_word' id='word_1_752' title='bbox 2992 4485 3089 4540; x_wconf 89' lang='lat' dir='ltr'>spe</span> <span class='ocrx_word' id='word_1_753' title='bbox 3121 4467 3261 4523; x_wconf 91' lang='lat' dir='ltr'>lucri</span> <span class='ocrx_word' id='word_1_754' title='bbox 3291 4484 3394 4539; x_wconf 88' lang='lat' dir='ltr'>pro</span> <span class='ocrx_word' id='word_1_755' title='bbox 3414 4468 3532 4522; x_wconf 90' lang='lat' dir='ltr'>adi-</span> 
     </span>
    </p>
   </div>
   <div class='ocr_carea' id='block_1_106' title="bbox 1923 4551 3529 4628">
    <p class='ocr_par' dir='ltr' id='par_1_106' title="bbox 1923 4551 3529 4628">
     <span class='ocr_line' id='line_1_106' title="bbox 1923 4551 3529 4628; baseline 0.002 -23"><span class='ocrx_word' id='word_1_756' title='bbox 1923 4551 2206 4624; x_wconf 87' lang='lat' dir='ltr'>piscendis</span> <span class='ocrx_word' id='word_1_757' title='bbox 2239 4553 2407 4607; x_wconf 88' lang='lat' dir='ltr'>rebus</span> <span class='ocrx_word' id='word_1_758' title='bbox 2430 4554 2708 4623; x_wconf 85' lang='lat' dir='ltr'>terrenis;</span> <span class='ocrx_word' id='word_1_759' title='bbox 2737 4559 2796 4609; x_wconf 90' lang='lat' dir='ltr'>et</span> <span class='ocrx_word' id='word_1_760' title='bbox 2822 4555 2931 4610; x_wconf 86' lang='lat' dir='ltr'>hoc</span> <span class='ocrx_word' id='word_1_761' title='bbox 2963 4556 3283 4628; x_wconf 88' lang='lat' dir='ltr'>perjurium</span> <span class='ocrx_word' id='word_1_762' title='bbox 3338 4556 3529 4611; x_wconf 87' lang='lat' dir='ltr'>vocari</span> 
     </span>
    </p>
   </div>
   <div class='ocr_carea' id='block_1_107' title="bbox 1923 4639 3526 4717">
    <p class='ocr_par' dir='ltr' id='par_1_107' title="bbox 1923 4639 3526 4717">
     <span class='ocr_line' id='line_1_107' title="bbox 1923 4639 3526 4717; baseline 0.005 -24"><span class='ocrx_word' id='word_1_763' title='bbox 1923 4641 2156 4711; x_wconf 89' lang='lat' dir='ltr'>placuit.</span> <span class='ocrx_word' id='word_1_764' title='bbox 2208 4639 2320 4695; x_wconf 89' lang='lat' dir='ltr'>Sed</span> <span class='ocrx_word' id='word_1_765' title='bbox 2351 4657 2455 4713; x_wconf 92' lang='lat' dir='ltr'>pro</span> <span class='ocrx_word' id='word_1_766' title='bbox 2477 4644 2694 4698; x_wconf 90' lang='lat' dir='ltr'>tuenda</span> <span class='ocrx_word' id='word_1_767' title='bbox 2731 4646 2911 4699; x_wconf 88' lang='lat' dir='ltr'>salute</span> <span class='ocrx_word' id='word_1_768' title='bbox 2935 4645 3192 4717; x_wconf 90' lang='lat' dir='ltr'>corporis</span> <span class='ocrx_word' id='word_1_769' title='bbox 3229 4648 3526 4717; x_wconf 84' lang='lat' dir='ltr'>peccatum</span> 
     </span>
    </p>
   </div>
   <div class='ocr_carea' id='block_1_108' title="bbox 1926 4729 3527 4804">
    <p class='ocr_par' dir='ltr' id='par_1_108' title="bbox 1926 4729 3527 4804">
     <span class='ocr_line' id='line_1_108' title="bbox 1926 4729 3527 4804; baseline 0.002 -22"><span class='ocrx_word' id='word_1_770' title='bbox 1926 4729 2296 4784; x_wconf 89' lang='lat' dir='ltr'>commissum</span> <span class='ocrx_word' id='word_1_771' title='bbox 2341 4748 2458 4785; x_wconf 90' lang='lat' dir='ltr'>non</span> <span class='ocrx_word' id='word_1_772' title='bbox 2514 4732 2853 4804; x_wconf 87' lang='lat' dir='ltr'>magnifacit</span> <span class='ocrx_word' id='word_1_773' title='bbox 2911 4734 3205 4789; x_wconf 82' lang='lat' dir='ltr'>miseratio</span> <span class='ocrx_word' id='word_1_774' title='bbox 3255 4734 3527 4787; x_wconf 63' lang='lat' dir='ltr'>humana).</span> 
     </span>
    </p>
   </div>
   <div class='ocr_carea' id='block_1_109' title="bbox 1926 4818 3000 4890">
    <p class='ocr_par' dir='ltr' id='par_1_109' title="bbox 1926 4818 3000 4890">
     <span class='ocr_line' id='line_1_109' title="bbox 1926 4818 3000 4890; baseline 0.003 -18"><span class='ocrx_word' id='word_1_775' title='bbox 1926 4818 2359 4890; x_wconf 86' lang='lat' dir='ltr'>compassionis,</span> <span class='ocrx_word' id='word_1_776' title='bbox 2387 4819 2551 4889; x_wconf 86' lang='lat' dir='ltr'>juxta</span> <span class='ocrx_word' id='word_1_777' title='bbox 2579 4820 2717 4876; x_wconf 89' lang='lat' dir='ltr'>illud</span> <span class='ocrx_word' id='word_1_778' title='bbox 2751 4821 2955 4876; x_wconf 82' lang='lat' dir='ltr'>comici</span> <span class='ocrx_word' id='word_1_779' title='bbox 2988 4839 3000 4875; x_wconf 88' lang='lat'><strong>:</strong></span> 
     </span>
    </p>
   </div>
   <div class='ocr_carea' id='block_1_110' title="bbox 1992 4909 3458 4973">
    <p class='ocr_par' dir='ltr' id='par_1_110' title="bbox 1992 4909 3458 4973">
     <span class='ocr_line' id='line_1_110' title="bbox 1992 4909 3458 4973; baseline 0.003 -19"><span class='ocrx_word' id='word_1_780' title='bbox 1992 4909 2084 4955; x_wconf 84' lang='lat' dir='ltr'>Pro</span> <span class='ocrx_word' id='word_1_781' title='bbox 2108 4921 2287 4970; x_wconf 83' lang='lat' dir='ltr'>magno</span> <span class='ocrx_word' id='word_1_782' title='bbox 2309 4915 2514 4971; x_wconf 85' lang='lat' dir='ltr'>peccato</span> <span class='ocrx_word' id='word_1_783' title='bbox 2541 4909 2795 4972; x_wconf 88' lang='lat' dir='ltr'>paululum</span> <span class='ocrx_word' id='word_1_784' title='bbox 2823 4910 3056 4972; x_wconf 78' lang='lat' dir='ltr'>supplicii</span> <span class='ocrx_word' id='word_1_785' title='bbox 3082 4911 3209 4958; x_wconf 80' lang='lat' dir='ltr'>satis</span> <span class='ocrx_word' id='word_1_786' title='bbox 3234 4916 3311 4958; x_wconf 90' lang='lat' dir='ltr'>est</span> <span class='ocrx_word' id='word_1_787' title='bbox 3334 4910 3458 4973; x_wconf 80' lang='lat' dir='ltr'>pati;</span> 
     </span>
    </p>
   </div>
   <div class='ocr_carea' id='block_1_111' title="bbox 2449 4989 3515 5058">
    <p class='ocr_par' dir='ltr' id='par_1_111' title="bbox 2449 4989 3515 5058">
     <span class='ocr_line' id='line_1_111' title="bbox 2449 4989 3515 5058; baseline 0.002 -15"><span class='ocrx_word' id='word_1_788' title='bbox 2449 4990 2699 5058; x_wconf 72' lang='lat' dir='ltr'>(Panem,</span> <span class='ocrx_word' id='word_1_789' title='bbox 2724 4994 2780 5042; x_wconf 80' lang='lat' dir='ltr'>z&#39;n</span> <span class='ocrx_word' id='word_1_790' title='bbox 2798 4989 2931 5042; x_wconf 84' lang='lat' dir='ltr'>And</span> <span class='ocrx_word' id='word_1_791' title='bbox 2962 5031 2976 5056; x_wconf 97' lang='lat'>,</span> <span class='ocrx_word' id='word_1_792' title='bbox 3011 4993 3120 5043; x_wconf 84' lang='lat' dir='ltr'>aet.</span> <span class='ocrx_word' id='word_1_793' title='bbox 3165 4990 3227 5042; x_wconf 86' lang='lat' dir='ltr'>V.</span> <span class='ocrx_word' id='word_1_794' title='bbox 3260 5007 3400 5045; x_wconf 85' lang='lat' dir='ltr'>scen.</span> <span class='ocrx_word' id='word_1_795' title='bbox 3430 5007 3515 5045; x_wconf 86' lang='grc' dir='ltr'>ιιι.</span> 
     </span>
    </p>
   </div>
   <div class='ocr_carea' id='block_1_112' title="bbox 1926 5084 3524 5157">
    <p class='ocr_par' dir='ltr' id='par_1_112' title="bbox 1926 5084 3524 5157">
     <span class='ocr_line' id='line_1_112' title="bbox 1926 5084 3524 5157; baseline 0.001 -18"><span class='ocrx_word' id='word_1_796' title='bbox 1926 5088 2115 5140; x_wconf 89' lang='lat' dir='ltr'>metus</span> <span class='ocrx_word' id='word_1_797' title='bbox 2144 5086 2302 5139; x_wconf 89' lang='lat' dir='ltr'>enim</span> <span class='ocrx_word' id='word_1_798' title='bbox 2335 5089 2393 5139; x_wconf 91' lang='lat' dir='ltr'>et</span> <span class='ocrx_word' id='word_1_799' title='bbox 2431 5085 2615 5156; x_wconf 87' lang='lat' dir='ltr'>pietas</span> <span class='ocrx_word' id='word_1_800' title='bbox 2643 5084 2943 5157; x_wconf 68' lang='lat' dir='ltr'>mqualiter</span> <span class='ocrx_word' id='word_1_801' title='bbox 2993 5086 3232 5139; x_wconf 79' lang='lat' dir='ltr'>flectunt</span> <span class='ocrx_word' id='word_1_802' title='bbox 3261 5086 3524 5140; x_wconf 90' lang='lat' dir='ltr'>animum</span> 
     </span>
    </p>
   </div>
   <div class='ocr_carea' id='block_1_113' title="bbox 1920 5172 3531 5246">
    <p class='ocr_par' dir='ltr' id='par_1_113' title="bbox 1920 5172 3531 5246">
     <span class='ocr_line' id='line_1_113' title="bbox 1920 5172 3531 5246; baseline 0 -18"><span class='ocrx_word' id='word_1_803' title='bbox 1920 5174 2131 5246; x_wconf 87' lang='lat' dir='ltr'>judicis</span> <span class='ocrx_word' id='word_1_804' title='bbox 2148 5174 2220 5228; x_wconf 91' lang='lat' dir='ltr'>ad</span> <span class='ocrx_word' id='word_1_805' title='bbox 2234 5172 2821 5242; x_wconf 90' lang='lat' dir='ltr'>misericordiam,qui</span> <span class='ocrx_word' id='word_1_806' title='bbox 2855 5172 3226 5243; x_wconf 88' lang='lat' dir='ltr'>trutinajusti</span> <span class='ocrx_word' id='word_1_807' title='bbox 3250 5173 3531 5228; x_wconf 85' lang='lat' dir='ltr'>examinis</span> 
     </span>
    </p>
   </div>
   <div class='ocr_carea' id='block_1_114' title="bbox 1928 5260 3530 5334">
    <p class='ocr_par' dir='ltr' id='par_1_114' title="bbox 1928 5260 3530 5334">
     <span class='ocr_line' id='line_1_114' title="bbox 1928 5260 3530 5334; baseline -0.001 -16"><span class='ocrx_word' id='word_1_808' title='bbox 1928 5264 2244 5334; x_wconf 86' lang='lat' dir='ltr'>distinguat</span> <span class='ocrx_word' id='word_1_809' title='bbox 2274 5262 2515 5317; x_wconf 93' lang='lat' dir='ltr'>modum</span> <span class='ocrx_word' id='word_1_810' title='bbox 2548 5262 2729 5332; x_wconf 82' lang='lat' dir='ltr'>culpae</span> <span class='ocrx_word' id='word_1_811' title='bbox 2763 5261 2990 5316; x_wconf 88' lang='lat' dir='ltr'>levioris</span> <span class='ocrx_word' id='word_1_812' title='bbox 3022 5265 3079 5314; x_wconf 90' lang='lat' dir='ltr'>et</span> <span class='ocrx_word' id='word_1_813' title='bbox 3107 5260 3420 5331; x_wconf 87' lang='lat' dir='ltr'>gravioris;</span> <span class='ocrx_word' id='word_1_814' title='bbox 3457 5264 3530 5317; x_wconf 86' lang='lat' dir='ltr'>si-</span> 
     </span>
    </p>
   </div>
   <div class='ocr_carea' id='block_1_115' title="bbox 1929 5347 3528 5423">
    <p class='ocr_par' dir='ltr' id='par_1_115' title="bbox 1929 5347 3528 5423">
     <span class='ocr_line' id='line_1_115' title="bbox 1929 5347 3528 5423; baseline -0.001 -17"><span class='ocrx_word' id='word_1_815' title='bbox 1929 5353 2163 5423; x_wconf 79' lang='lat' dir='ltr'>quidem</span> <span class='ocrx_word' id='word_1_816' title='bbox 2191 5351 2449 5420; x_wconf 89' lang='lat' dir='ltr'>ejusdem</span> <span class='ocrx_word' id='word_1_817' title='bbox 2470 5349 2612 5420; x_wconf 89' lang='lat' dir='ltr'>legis</span> <span class='ocrx_word' id='word_1_818' title='bbox 2635 5348 3176 5421; x_wconf 85' lang='lat' dir='ltr'>capitula,quamvis</span> <span class='ocrx_word' id='word_1_819' title='bbox 3197 5347 3302 5402; x_wconf 91' lang='lat' dir='ltr'>sibi</span> <span class='ocrx_word' id='word_1_820' title='bbox 3321 5348 3528 5404; x_wconf 90' lang='lat' dir='ltr'>videan</span> 
     </span>
    </p>
   </div>
   <div class='ocr_carea' id='block_1_116' title="bbox 1928 5437 3532 5510">
    <p class='ocr_par' dir='ltr' id='par_1_116' title="bbox 1928 5437 3532 5510">
     <span class='ocr_line' id='line_1_116' title="bbox 1928 5437 3532 5510; baseline -0.001 -16"><span class='ocrx_word' id='word_1_821' title='bbox 1928 5444 2023 5494; x_wconf 87' lang='lat' dir='ltr'>tur</span> <span class='ocrx_word' id='word_1_822' title='bbox 2051 5439 2555 5504; x_wconf 87' lang='lat' dir='ltr'>contraria,nullus</span> <span class='ocrx_word' id='word_1_823' title='bbox 2570 5438 2943 5507; x_wconf 64' lang='lat' dir='ltr'>praeteritnisi</span> <span class='ocrx_word' id='word_1_824' title='bbox 2967 5442 3354 5510; x_wconf 88' lang='lat' dir='ltr'>transgressor</span> <span class='ocrx_word' id='word_1_825' title='bbox 3370 5437 3532 5510; x_wconf 88' lang='lat' dir='ltr'>legis,</span> 
     </span>
    </p>
   </div>
   <div class='ocr_carea' id='block_1_117' title="bbox 1930 5525 3531 5599">
    <p class='ocr_par' dir='ltr' id='par_1_117' title="bbox 1930 5525 3531 5599">
     <span class='ocr_line' id='line_1_117' title="bbox 1930 5525 3531 5599; baseline 0.001 -18"><span class='ocrx_word' id='word_1_826' title='bbox 1930 5544 2104 5599; x_wconf 90' lang='lat' dir='ltr'>quem</span> <span class='ocrx_word' id='word_1_827' title='bbox 2137 5531 2333 5579; x_wconf 90' lang='lat' dir='ltr'>tamen</span> <span class='ocrx_word' id='word_1_828' title='bbox 2376 5525 2687 5596; x_wconf 87' lang='lat' dir='ltr'>aliquando</span> <span class='ocrx_word' id='word_1_829' title='bbox 2725 5532 2915 5583; x_wconf 88' lang='lat' dir='ltr'>metus</span> <span class='ocrx_word' id='word_1_830' title='bbox 2958 5529 3041 5583; x_wconf 90' lang='lat' dir='ltr'>vel</span> <span class='ocrx_word' id='word_1_831' title='bbox 3071 5528 3253 5599; x_wconf 86' lang='lat' dir='ltr'>pietas</span> <span class='ocrx_word' id='word_1_832' title='bbox 3274 5527 3531 5582; x_wconf 84' lang='lat' dir='ltr'>absolvit.</span> 
     </span>
    </p>
   </div>
   <div class='ocr_carea' id='block_1_118' title="bbox 1927 5613 3538 5690">
    <p class='ocr_par' dir='ltr' id='par_1_118' title="bbox 1927 5613 3538 5690">
     <span class='ocr_line' id='line_1_118' title="bbox 1927 5613 3538 5690; baseline 0.001 -22"><span class='ocrx_word' id='word_1_833' title='bbox 1927 5616 2185 5685; x_wconf 89' lang='lat' dir='ltr'>Denique</span> <span class='ocrx_word' id='word_1_834' title='bbox 2206 5615 2293 5666; x_wconf 85' lang='lat' dir='ltr'>lex</span> <span class='ocrx_word' id='word_1_835' title='bbox 2310 5613 2482 5684; x_wconf 89' lang='lat' dir='ltr'>jussit</span> <span class='ocrx_word' id='word_1_836' title='bbox 2504 5616 2857 5671; x_wconf 89' lang='lat' dir='ltr'>utmasculus</span> <span class='ocrx_word' id='word_1_837' title='bbox 2872 5617 2968 5690; x_wconf 87' lang='lat' dir='ltr'>qui</span> <span class='ocrx_word' id='word_1_838' title='bbox 2992 5618 3236 5672; x_wconf 89' lang='lat' dir='ltr'>intraret</span> <span class='ocrx_word' id='word_1_839' title='bbox 3252 5617 3538 5688; x_wconf 88' lang='lat' dir='ltr'>templum</span> 
     </span>
    </p>
   </div>
   <div class='ocr_carea' id='block_1_119' title="bbox 1930 5703 3539 5782">
    <p class='ocr_par' dir='ltr' id='par_1_119' title="bbox 1930 5703 3539 5782">
     <span class='ocr_line' id='line_1_119' title="bbox 1930 5703 3539 5782; baseline 0.002 -25"><span class='ocrx_word' id='word_1_840' title='bbox 1930 5703 2182 5771; x_wconf 85' lang='lat' dir='ltr'>Veneris,</span> <span class='ocrx_word' id='word_1_841' title='bbox 2214 5703 2400 5777; x_wconf 87' lang='lat' dir='ltr'>capite</span> <span class='ocrx_word' id='word_1_842' title='bbox 2430 5704 2772 5779; x_wconf 87' lang='lat' dir='ltr'>puniretur;</span> <span class='ocrx_word' id='word_1_843' title='bbox 2813 5707 3099 5782; x_wconf 89' lang='lat' dir='ltr'>siquidem</span> <span class='ocrx_word' id='word_1_844' title='bbox 3141 5707 3313 5781; x_wconf 88' lang='lat' dir='ltr'>jussit</span> <span class='ocrx_word' id='word_1_845' title='bbox 3346 5709 3409 5761; x_wconf 86' lang='lat' dir='ltr'>ut</span> <span class='ocrx_word' id='word_1_846' title='bbox 3440 5706 3539 5780; x_wconf 89' lang='lat' dir='ltr'>qui</span> 
     </span>
    </p>
   </div>
  </div>
