3882 6222
370 498 475 555 43ὕ

1442 497 1497 552 S.
1531 495 1824 554 ABBONIS
1858 494 2145 553 ABBATIS
2194 493 2686 553 FL'ORlACENSlS

3580 498 3689 555 436

365 626 614 679 matrem
650 620 788 677 exedi
822 620 1059 690 videret,
1097 622 1199 677 nisi
1229 640 1355 679 eam
1378 623 1852 697 eriperet,capite
1881 641 1979 695 pu-
1999 628 2052 687 Α
2074 625 2483 695 argumentum
2515 640 2547 677 a
2580 627 2718 678 nota
2744 622 3017 678 facillime
3039 621 3314 690 dissolvit,
3335 622 3690 695 dumjurare

366 713 587 767 niretnr
617 728 628 765 :
655 711 893 782 quidam
928 710 1119 783 itaque
1139 712 1366 783 juvenis
1398 712 1455 766 in
1489 714 1705 784 templo
1734 713 1972 767 Veneris

363 804 611 853 matrem
635 799 775 852 cedi
798 799 953 865 vidit,
976 805 1053 865 et,
1080 800 1366 871 ingressus
1385 802 1688 871 templum,
1724 804 1973 854 matrem

363 887 592 959 eripuit.
636 888 921 950 Qumritnr
967 888 1104 958 quid
1141 889 1326 959 magis
1351 889 1653 943 observare
1683 888 1971 954 debuerit,

363 976 501 1029 dum
538 979 781 1029 matrem
812 975 1257 1039 credividit;seu
1278 977 1431 1030 enim
1463 976 1969 1042 intraret,seunon

361 1065 624 1130 intraret,
649 1064 833 1135 capite
876 1065 1197 1135 puniendus
1229 1070 1387 1119 erat:
1434 1066 1531 1119 sed
1556 1065 1969 1135 pietaspraﬁu-

361 1153 530 1217 dicat,
565 1170 691 1223 qnze
744 1169 844 1221 pro
873 1153 1070 1206 nutris
1096 1153 1301 1207 affectu
1331 1170 1463 1207 cum
1498 1154 1741 1207 utilitate
1765 1157 1823 1207 et
1852 1154 1963 1207 il.)-

369 1245 588 1294 nestate
624 1246 951 1295 accusatum
994 1247 1219 1313 purgat.
1246 1242 1459 1296 Similis
1485 1245 1568 1296 est
1593 1244 1677 1296 lex
1703 1243 1869 1313 Moysi
1904 1244 1973 1297 de

370 1328 800 1383 circumcisione
822 1329 1004 1400 pueri,
1033 1330 1075 1383 si
1100 1331 1220 1401 ejus
1248 1334 1447 1385 octava
1463 1331 1583 1384 dies
1613 1348 1646 1383 a
1679 1331 1973 1385 nativitate

374 1418 880 1487 contigeritthm.
916 1436 1043 1486 xvn,
1084 1424 1184 1489 12).
1229 1422 1289 1473 In
1333 1421 1486 1473 Novo
1516 1436 1745 1490 quoque
1779 1421 1972 1473 Testa-

373 1510 570 1560 mento
616 1507 747 1560 alibi
798 1524 940 1561 uxor
985 1509 1300 1579 diligenda,
1344 1509 1478 1563 alibi
1519 1508 1650 1562 odio
1706 1508 1974 1562 habenda

374 1593 528 1659 (Luc.
564 1611 672 1660 xiv,
701 1598 794 1660 26)
832 1595 1183 1666 praecipitur,
1222 1614 1348 1667 quae
1385 1597 1583 1651 omnia
1616 1596 1976 1650 discretionis

370 1681 461 1734 ille
494 1683 716 1751 gladius
746 1688 995 1753 separat,
1022 1701 1192 1754 quem
1224 1685 1640 1755 ignoraverunt
1669 1684 1975 1755 Judaei,qui

372 1769 441 1822 ad
470 1770 986 1840 interrogationem
1017 1774 1147 1825 Jesu
1197 1773 1266 1825 de
1307 1773 1592 1843 baptismo
1634 1773 1871 1826 Joannis
1905 1772 1973 1826 ti-

374 1862 596 1911 mentes
620 1858 887 1928 utrinque
917 1860 1093 1925 feriri,
1130 1860 1363 1913 hebetes
1394 1865 1527 1914 sunt
1561 1861 1693 1914 facti
1726 1861 1973 1931 (Mutila,

377 1962 485 2009 χχι,
521 1949 606 2011 215,
635 1946 743 2016 ‘26).

440 2034 725 2087 (jaiternm
754 2034 888 2104 quia
903 2052 1007 2089 nos
1029 2037 1446 2107 dejuramento
1463 2038 1757 2109 ccepimus,
1784 2037 1975 2091 dicen-

379 2121 517 2174 dum
544 2125 627 2175 est
657 2122 811 2192 quod
842 2129 1069 2178 remota
1100 2126 1412 2195 cupiditate
1449 2127 1745 2180 neminem
1775 2130 1978 2196 sponte

377 2208 619 2262 delectet
639 2210 871 2279 jurarc;
898 2213 996 2266 sed
1027 2214 1277 2284 sacpiusa
1295 2216 1447 2268 malo
1474 2218 1559 2269 est
1580 2215 1977 2284 juramentum

376 2300 437 2349 ut
462 2297 542 2350 ait
568 2298 937 2368 Evangelium
973 2298 1197 2371 (Matth.
1228 2320 1279 2368 v,
1314 2305 1420 2372 31-).
1457 2303 1597 2355 Nam
1630 2301 1980 2356 malnsdives

384 2385 1018 2457 opprimitpaupcrem,
1051 2390 1234 2443 malus
1258 2392 1400 2445 latro
1434 2391 1638 2461 spoliat
1668 2391 1975 2457 viatorem,

378 2475 562 2527 malus
588 2476 969 2530 calumniator
982 2477 1130 2531 disce
1138 2482 1259 2547 ptat
1272 2482 1471 2532 contra
1487 2479 1879 2545 innocentem;
1897 2481 1978 2531 at-

383 2578 488 2630 que
519 2562 596 2613 ita
626 2563 823 2633 nequit
846 2563 1291 2635 miscrefl'ugere
1315 2565 1980 2637 laqueosinimici,quem

382 2650 509 2717 plus
539 2665 702 2719 atquo
735 2652 949 2719 patitur
985 2652 1267 2723 ignobilis.
1302 2654 1449 2706 Dum
1500 2653 1677 2720 enim,
1713 2653 1982 2707 violentia

389 2736 671 2790 exactoris
697 2754 870 2809 quem
904 2739 1084 2793 vitare
1114 2741 1438 2811 nequimus,
1466 2741 1662 2811 jurare
1697 2741 1978 2812 cogimur,

384 2824 769 2895 aliquandoin
801 2828 1121 2898 perjurium
1145 2829 1397 2882 labimur
1428 2830 1767 2884 necessitate
1800 2829 1978 2884 coacti

382 2915 481 2965 aut
515 2914 900 2983 quorumdam
924 2917 1229 2971 malesarta
1254 2917 1439 2988 gratia
1470 2918 1666 2983 illecti;
1699 2917 1982 2989 siquidem

387 3001 632 3067 adulter,
662 3002 937 3073 fugiendo
982 3009 1230 3059 mortem
1284 3006 1689 3076 temporalem,
1747 3006 1985 3061 absolvit

386 3105 446 3142 se
495 3095 859 3145 sacramento
905 3109 1021 3147 non
1055 3110 1173 3147 csse
1206 3110 1366 3147 reum
1401 3094 1687 3160 adulterii,
1736 3099 1793 3149 et
1816 3094 1895 3149 ita
1925 3112 1984 3149 se

389 3180 622 3231 internae
654 3179 827 3233 morti
860 3179 1095 3235 addixit.
1126 3181 1369 3245 Quidam
1402 3183 1577 3236 etiam
1630 3182 1689 3236 in
1735 3185 1984 3239 tumultu

385 3283 485 3320 seu
513 3267 941 3337 conspiratione
973 3268 1205 3323 militari
1230 3270 1445 3340 juravit
1495 3274 1745 3325 mortem
1780 3273 1985 3345 optimi

395 3356 781 3426 imperatoris.
814 3358 883 3412 Et
912 3359 1048 3430 quid
1072 3359 1259 3413 dicam
1281 3360 1308 3413 ἶ)
1349 3361 1443 3413 llle
1454 3360 1576 3430 jam
1601 3361 1807 3415 occidit
1826 3379 1987 3417 suam

390 3446 670 3513 animam,
695 3446 825 3501 licet
862 3448 1081 3502 Veritas
1130 3449 1318 3503 dicat:
1358 3450 1546 3505 Nolite
1572 3454 1753 3505 timere
1782 3469 1866 3506 eos
1895 3456 1992 3523 qui

388 3535 633 3588 occidunt
662 3552 865 3605 corpus,
899 3539 1134 3590 animam
1158 3546 1333 3591 autem
1361 3556 1464 3593 non
1474 3548 1699 3610 possunt
1722 3541 1989 3595 occidere?

388 3622 611 3693 (Mallia.
644 3642 696 3692 x,
732 3626 843 3687 28.)
862 3626 969 3680 Iste
996 3643 1129 3680 vero
1163 3627 1219 3680 in
1243 3627 1546 3682 affectione
1574 3629 1988 3700 peccatiadbue

387 3712 704 3781 deliberat;
734 3717 906 3785 atque
939 3714 1041 3768 sub
1075 3715 1333 3784 partibus
1364 3715 1795 3771 deliberationis
1849 3717 1985 3788 quid

385 3799 459 3853 sit
502 3800 690 3855 utilius
745 3804 829 3856 vel
870 3802 1163 3855 honestius
1206 3803 1480 3867 consulit;
1537 3803 1626 3856 cui
1666 3805 1982 3860 consulenti

386 3889 651 3959 exemplo
683 3890 755 3943 sit
777 3889 990 3943 faclum
1024 3889 1173 3942 illius
1216 3906 1395 3943 manu
1446 3890 1631 3957 fortis,
1679 3892 1797 3963 qui,
1829 3898 1983 3964 post-

386 3993 561 4047 quam
587 3978 801 4046 juravit
828 3977 1293 4031 interfectionem
1344 3978 1516 4032 Nabal
1574 3980 1677 4033 viri
1723 3982 1879 4036 stulti
1929 3986 1987 4037 et

385 4064 571 4137 impii,
596 4067 924 4121 interventu
952 4067 1218 4136 Abigahil
1259 4068 1559 4139 prudentis
1589 4069 1818 4126 femina:
1860 4089 1983 4127 ma-

386 4153 493 4206 luit
518 4154 836 4223 perjurium
870 4154 1204 4224 pmnitendo
1237 4157 1450 4225 delere,
1483 4175 1657 4229 quam
1694 4165 1985 4233 perpetra-

385 4240 779 4311 tqbomicidio
804 4242 937 4296 mali
963 4242 1074 4297 voti
1096 4259 1331 4316 compos
1353 4246 1591 4302 existere
1606 4247 1657 4320 (1
1679 4248 1788 4320 Reg
1821 4257 1981 4317 ,xxv).

387 4327 753 4398 Quapropter
783 4330 825 4383 si
858 4348 1028 4401 quem
1079 4332 1314 4402 jurandi
1345 4338 1698 4393 consuetudo
1730 4339 1801 4393 ad
1833 4341 1985 4394 hunc

386 4416 601 4471 exitum
628 4418 814 4490 vergit
838 4437 951 4492 quo
983 4421 1286 4494 plerosque
1314 4425 1496 4479 Deum
1530 4425 1832 4482 offendisse
1866 4446 1983 4485 non

2077 712 2296 783 sitjure
2349 728 2561 766 orare:
2597 710 2693 783 qui
2743 711 2899 765 enim
2950 712 3094 766 falso
3144 710 3490 766 veraciterve
3538 714 3691 771 orat.

2069 816 2200 869 jure
2223 804 2321 853 aut
2352 816 2465 854 non
2484 799 2615 869 jure
2648 799 3171 871 pronuntiat;jure
3194 801 3386 853 autem
3426 801 3557 853 orat
3584 799 3686 870 qui

2077 906 2109 942 a
2144 889 2381 942 veritate
2414 904 2531 941 non
2568 888 2840 954 declinat,
2890 905 3005 943 non
3056 888 3189 958 jure
3220 903 3355 942 vero
3406 887 3504 959 qui
3539 886 3695 958 cogit

2076 975 2371 1030 veritatem
2410 976 2697 1030 involvere
2744 976 3077 1044 mendacio;
3129 993 3235 1030 nec
3274 976 3405 1047 jure
3439 975 3697 1047 raptoris

2074 1062 2409 1117 violentiam
2441 1063 2704 1130 sustinet,
2742 1063 2837 1135 qui
2862 1064 3018 1134 juste
3046 1063 3266 1133 accepit
3295 1063 3451 1134 quod
3487 1063 3691 1117 habet.

2075 1151 2257 1206 Debet
2287 1150 2462 1221 igitur
2476 1155 2740 1221 repetere
2766 1152 3047 1223 quidquid
3067 1151 3223 1221 juste
3249 1149 3695 1221 habuit,injuste

2074 1238 2347 1308 perdidit.
2383 1241 2657 1293 Attamen
2679 1239 2914 1309 juravit,
2944 1238 3265 1311 aitaliquis,
3290 1239 3423 1292 licet
3452 1237 3695 1292 defendi

2075 1328 2250 1397 possit
2264 1327 2610 1397 nonjurasse
2625 1326 2721 1398 qui
2736 1344 2851 1381 non
2866 1324 3693 1398 oravitjure,quandoquidem

2074 1415 2145 1468 ad
2178 1415 2261 1468 sui
2294 1414 2689 1469 defensionem
2717 1419 2889 1486 atque
2921 1415 2993 1469 ad
3012 1414 3299 1470 abluenda
3331 1413 3695 1468 crimiuadat

2075 1503 2945 1572 locumjuridicialisclemenlia
2971 1504 3132 1558 etlex
3167 1503 3378 1557 divina.
3401 1503 3459 1557 Si
3491 1505 3694 1555 autem

2080 1590 2375 1645 audientia
2421 1592 2801 1658 subtrahitur,
2837 1610 2955 1646 non
3004 1592 3135 1662 jure
3195 1591 3295 1645 sed
3343 1590 3695 1646 crudelitate

2080 1679 2334 1733 exhibita
2362 1679 2699 1734 innocentia
2730 1681 3044 1734 damnatur
3078 1697 3091 1735 :
3127 1696 3286 1747 nam,
3326 1680 3471 1733 sicut
3505 1679 3697 1749 majus

2080 1770 2377 1837 peceatum
2413 1768 2698 1823 fuitJudae
2750 1768 3030 1823 tradentis
3055 1785 3232 1840 quam
3265 1767 3429 1822 Pilati
3461 1767 3698 1821 crucifi-

2078 1856 2288 1925 gentis,
2323 1856 2401 1910 ita
2444 1858 2631 1926 majus
2663 1860 2961 1927 peccatum
2996 1860 3080 1910 est
3129 1856 3388 1927 pejerare
3430 1855 3698 1925 cogentis

2001 1937 2053 1996 B
2082 1960 2254 2014 quam
2294 1944 2415 2014 ejus
2449 1945 2547 2015 qui
2608 1944 2884 1999 innocens
2935 1944 3159 2014 pejerat
3200 1944 3410 1998 timore
3460 1944 3695 2010 mortis;

2083 2032 2556 2104 quandoquidem
2614 2034 2835 2101 Petrus,
2870 2034 3006 2087 dum
3047 2031 3196 2087 mori
3240 2032 3452 2097 timuit,
3500 2032 3696 2086 Vitam

2082 2120 2331 2190 negavit.
2361 2121 2796 2189 Verumtamen,
2822 2122 3095 2175 humanae
3126 2119 3428 2192 fragilitati
3456 2136 3700 2190 compa-

2080 2209 2248 2277 tiens,
2290 2209 2539 2281 respexit
2576 2211 2852 2264 Dominus
2888 2212 3121 2264 Petrum
3167 2212 3224 2264 et
3253 2209 3374 2280 ejus
3404 2210 3699 2280 lacrymas

2081 2298 2286 2369 quibus
2317 2298 2469 2352 flevit
2492 2315 2710 2366 amare,
2745 2302 2799 2353 et
2825 2315 2943 2351 non
2998 2297 3209 2368 legitur
3240 2314 3339 2351 eos
3374 2297 3698 2369 respexisse

2082 2404 2325 2458 quorum
2350 2390 2570 2442 terrore
2598 2387 2810 2442 defecit
2827 2404 2860 2441 a
2881 2387 3087 2442 Christi
3110 2386 3490 2455 confessione;
3514 2386 3698 2457 siqui-

2082 2474 2213 2528 dem
2248 2475 2485 2529 incurrit
2502 2492 2618 2529 non
2635 2475 2986 2529 dissimiliter
3003 2475 3222 2547 peccati
3247 2476 3474 2529 foveam
3500 2474 3701 2544 hujus-

2081 2564 2240 2618 modi
2259 2567 2502 2633 negator
2517 2567 2574 2617 et
2594 2564 3015 2633 pejerans,cnm
3039 2564 3205 2618 etille
3223 2579 3439 2617 nomen
3462 2561 3697 2617 Domini

2081 2652 2345 2707 confiteri
2377 2652 2745 2719 erubescit,et
2775 2651 2879 2705 istc
2911 2652 2968 2706 in
3002 2669 3211 2706 vanum
3239 2652 3497 2719 assumit,
3532 2650 3697 2705 vide-

2083 2739 2234 2810 licet,
2262 2743 2543 2812 quantum
2572 2743 2655 2794 est
2682 2740 2739 2794 in
2775 2757 2857 2808 se,
2885 2744 2984 2795 aut
3010 2740 3215 2795 timore
3245 2743 3344 2795 aut
3372 2739 3699 2810 cupiditate

2082 2826 2162 2900 (et
2186 2828 2499 2899 cupiditate
2520 2828 2756 2900 quidem
2786 2828 2929 2882 sicut
2967 2828 3314 2899 negotiator,
3352 2828 3566 2883 timore
3595 2846 3696 2882 au-

2083 2921 2199 2971 tem
2239 2917 2381 2971 sicut
2412 2917 2544 2972 fidei
2574 2916 2783 2971 invitus
2816 2917 3095 2988 proditor)
3123 2935 3136 2986 ;
3185 2917 3336 2972 unde
3382 2917 3693 2989 Scriptura

2083 3004 2491 3077 divinajurare
2518 3006 2808 3076 prohibet,
2842 3010 2900 3061 et
2943 3006 3176 3062 additur
3201 3005 3422 3077 quare?
3471 3006 3699 3060 scilicet

2084 3110 2155 3146 ne
2169 3093 2315 3148 forte
2338 3094 2456 3165 perj
2469 3097 2621 3163 uret;
2647 3093 2781 3165 quia
2804 3095 3122 3165 perjurare,
3140 3094 3699 3165 nonjurare,pecca-

2083 3186 2206 3236 tum
2229 3187 2331 3237 est.
2365 3182 2506 3238 Alibi
2534 3200 2764 3254 quoque
2785 3183 3062 3253 scripturn
3094 3188 3180 3237 est
3204 3200 3216 3237 :
3249 3184 3473 3239 Juraoil
3497 3183 3694 3237 Domi-

2087 3288 2206 3339 nus,
2234 3280 2284 3325 et
2324 3289 2429 3325 non
2453 3272 2728 3342 paenitebit
2759 3288 2879 3325 eum
2933 3270 3112 3341 (Psal.
3144 3288 3263 3339 c1x,
3295 3273 3373 3340 4),
3407 3270 3694 3343 quoniam

2085 3359 2503 3431 iui-amentum,
2537 3359 2636 3413 sed
2666 3360 2913 3415 mendax
2936 3363 3185 3427 tantum,
3213 3359 3470 3432 sequitur
3505 3360 3693 3432 poeni-

2089 3449 2281 3503 lentiae
2292 3447 2772 3502 remediumleec
2784 3449 2853 3502 de
2861 3448 3213 3519 juramentis
3224 3451 3430 3519 sponte
3452 3447 3697 3517 prolatis

2087 3539 2145 3590 et
2175 3536 2456 3592 violenter
2504 3536 2737 3591 extortis
2779 3539 2891 3591 tuae
2922 3535 3272 3591 fraternitati
3314 3534 3577 3589 scribens
3609 3535 3692 3589 dio

2092 3624 2278 3692 stinxi,
2308 3628 2365 3679 et
2392 3641 2594 3679 eorum
2615 3624 2972 3680 differentias
3000 3624 3230 3695 collegi,
3264 3626 3347 3693 ut,
3379 3626 3695 3694 postquam

2087 3713 2157 3766 ad
2178 3717 2290 3768 tua:
2321 3713 2542 3785 peritia
2573 3713 2882 3767 sacrarium
2906 3712 3296 3785 pervenerint,
3321 3714 3539 3783 tuoque
3570 3728 3696 3766 exa-

2086 3801 2242 3856 mine
2275 3802 2595 3873 quibusque
2618 3801 2888 3855 fratribus
2910 3800 3250 3872 placuerint,
3277 3800 3470 3872 palam
3501 3799 3692 3856 omni-

2084 3891 2188 3945 bus
2202 3890 2427 3945 recitari
2440 3895 2678 3963 possmt.
2694 3893 2804 3945 Nec
2821 3890 3013 3945 differt
3042 3889 3089 3943 is
3111 3889 3206 3961 qui
3227 3889 3428 3960 jurare
3441 3890 3695 3962 compel-

2082 3979 2218 4034 litur
2237 3980 2308 4034 ab
2340 3996 2407 4034 eo
2434 3979 2533 4050 qui
2556 3979 2840 4033 violenter
2868 3979 3212 4049 baptizatur,
3245 3978 3291 4032 si
3322 3980 3569 4050 uterque
3598 3995 3693 4032 sa-

2083 4068 2366 4123 cramenti
2406 4069 2650 4124 violator
2676 4068 2991 4135 habeatur;
3040 4066 3342 4139 quoniam,
3373 4070 3440 4121 ut
3470 4067 3553 4121 ait
3578 4068 3690 4119 Αιιτ

2083 4158 2363 4230 gustinus,
2374 4180 2400 4208 ‹‹
2415 4157 2488 4213 ad
2502 4158 2808 4215 Ecclesium
2821 4159 3009 4228 potest
3024 4156 3173 4210 trahi
3186 4156 3688 4223 nolens,accedere

2085 4248 2157 4303 ad
2188 4249 2367 4302 altare
2396 4251 2585 4320 potest
2618 4245 3106 4317 nolens,accipere
3137 4248 3328 4316 potest
3356 4261 3686 4301 sacramen-

2082 4342 2208 4393 tum
2238 4339 2463 4405 nolens,
2495 4337 2731 4393 credere
2753 4353 2871 4391 non
2904 4339 3096 4407 potest
3133 4336 3240 4391 nisi
3272 4337 3493 4403 volens,
3513 4336 3684 4390 ﬁdem

2084 4428 2141 4482 in
2175 4429 2346 4484 corde
2360 4446 2475 4483 non
2501 4431 2688 4501 potest
2706 4444 2933 4482 servare
2956 4426 3065 4481 nisi
3089 4426 3303 4480 volens.
3322 4425 3686 4499 Quapropter

390 4505 589 4572 nescit,
646 4508 953 4563 suademus
1011 4510 1280 4566 aliorsum
1336 4513 1544 4584 pedem
1576 4515 1778 4571 leviter
1807 4519 1984 4589 figere
2005 4495 2059 4555 D
2083 4520 2279 4573 caveat
2309 4517 2433 4588 quis
2458 4516 2531 4571 ad
2554 4519 2917 4571 sacramenta
2942 4514 3078 4569 fidei
3108 4514 3405 4568 nolentem
3438 4514 3685 4586 compel-

382 4595 573 4667 potius
598 4613 772 4667 quam
804 4599 914 4653 tale
944 4601 1323 4671 przecipitium
1340 4608 1634 4674 appetere,
1654 4623 1767 4677 quo
1783 4606 1985 4663 diffici-

377 4684 488 4739 lior
514 4687 850 4757 resurgendi
878 4705 1004 4761 spes
1034 4690 1211 4760 possit
1235 4691 1437 4750 inesse.
1455 4691 1546 4746 Sic
1574 4693 1645 4749 de
1677 4695 1978 4768 naufragio

378 4773 621 4829 obsessa}
652 4775 892 4832 civitatis
923 4778 1166 4833 evadere
1210 4780 1530 4851 cupientes,
1562 4780 1721 4837 illam
1751 4791 1976 4855 partem

375 4862 525 4917 muri
559 4866 833 4935 expetunt
854 4882 1028 4937 quam
1056 4866 1380 4923 breviorem
1415 4873 1718 4939 noverunt;
1748 4889 1978 4946 semper

372 4951 528 5033 enim
562 4952 809 5008 hostium
844 4954 1037 5009 cuneis
1066 4954 1421 5011 circumsessi
1453 4975 1623 5030 grave
1655 4961 1974 5032 periculum

369 5042 631 5111 vitamus,
649 5043 785 5097 dum
821 5043 1082 5098 evadenti
1107 5045 1324 5099 aditum
1348 5049 1971 5122 qumrimus;siquidem

368 5131 532 5185 mulli
565 5132 894 5203 labyrintho
912 5133 1123 5187 erroris
1137 5135 1456 5205 perjurium
1485 5137 1661 5193 vitare
1677 5147 1975 5211 nequeunt

368 5219 505 5273 dum
540 5219 785 5290 idipsum
838 5223 993 5294 quod
1026 5223 1566 5296 alterjurisjurandi
1610 5234 1970 5285 sacramento

367 5309 589 5375 astruit,
624 5309 768 5362 alter
798 5329 991 5365 rursus
1040 5313 1371 5381 iuramento
1406 5333 1618 5387 negare
1650 5320 1969 5388 contendit,

370 5400 426 5450 et
451 5396 507 5450 id
540 5412 644 5466 pro
679 5396 828 5452 dicto
852 5402 1089 5472 uterque
1117 5402 1353 5472 accipit;
1377 5407 1773 5460 verumtamen
1792 5409 1971 5462 altera

382 5501 514 5557 pars
542 5485 1010 5542 contradictionis
1060 5490 1274 5560 absque
1307 5492 1419 5545 ullo
1450 5495 1714 5565 scrupulo
1743 5511 1973 5567 semper

372 5573 515 5627 falsa
544 5572 750 5628 existit.
789 5576 1074 5638 Quaeritur
1123 5594 1350 5648 quoque
1399 5580 1441 5635 si
1492 5599 1618 5637 rem
1664 5600 1826 5638 suam
1866 5587 1971 5641 sibi

362 5662 573 5731 injuste
605 5662 858 5717 ablatam
887 5663 1055 5717 debet
1084 5667 1344 5735 repetere
1372 5668 1466 5736 qui
1492 5688 1562 5724 ne
1593 5675 1820 5742 repetat
1853 5676 1971 5729 tor-

355 5750 568 5808 mentis
597 5752 927 5826 compulsus
956 5756 1041 5808 est
1064 5754 1293 5829 jurare.
1348 5753 1531 5819 Quam
1589 5760 1970 5833 qumstionem

2081 4607 2220 4674 lere,
2253 4622 2324 4659 ne
2372 4604 2758 4659 damnationis
2800 4602 3082 4675 compede
3129 4619 3189 4656 se
3222 4602 3415 4674 potius
3472 4602 3683 4672 obliget

2081 4711 2255 4769 quam
2311 4695 2474 4749 illum
2507 4710 2681 4765 quem
2725 4692 2948 4747 violata:-
2981 4691 3112 4746 fidei
3153 4707 3318 4746 reum
3353 4691 3679 4757 existimat;

2077 4802 2217 4840 nam
2228 4783 2432 4839 veneni
2479 4782 2818 4855 propinator
2846 4784 3147 4853 etpotator
3162 4783 3402 4851 uterque
3417 4780 3676 4843 moritur,

2075 4873 2175 4928 sed
2200 4874 2293 4928 ille
2322 4872 2382 4928 in
2413 4871 2627 4938 anima,
2652 4870 2757 4925 iste
2772 4870 2980 4925 violata
2991 4868 3247 4940 corporis
3258 4871 3471 4922 natura
3488 4869 3559 4941 (A
3572 4885 3678 4937 αφ,

2078 4963 2264 5029 Tract,
2300 4978 2460 5025 xxvx,
2482 4962 2538 5014 in
2566 4959 2781 5032 Joan.).
2808 4977 2838 5011 ››
2860 4958 3023 5013 Unde
3042 4974 3135 5012 me
3157 4956 3333 5011 undet
3353 4957 3484 5011 vitae
3518 4972 3676 5019 more,

2076 5054 2133 5106 et
2159 5049 2470 5121 aliquando
2491 5048 2626 5102 satis
2648 5049 3035 5119 lacrymarum
3071 5044 3325 5113 effunde,
3361 5046 3503 5100 dum
3524 5045 3680 5098 inno-

2074 5143 2305 5194 centum
2330 5136 2685 5193 calamitates
2715 5136 2964 5203 intueor,
2994 5138 3201 5189 etcum
3234 5134 3316 5187 eis
3346 5133 3464 5188 vim
3489 5148 3678 5205 passus

2072 5229 2394 5282 exclamare
2414 5225 2735 5297 compellor
2761 5241 2772 5278 :
2806 5223 3054 5289 Domine,
3078 5223 3238 5277 libera
3259 5223 3677 5277 animummeam

2071 5335 2103 5370 a
2135 5316 2290 5369 labiis
2323 5317 2539 5386 iniquis,
2575 5312 2850 5385 quoniam
2875 5329 2993 5365 cum
3024 5312 3104 5364 his
3133 5312 3227 5382 qui
3256 5309 3483 5365 oderant
3491 5323 3675 5381 pacem

2069 5423 2213 5459 eram
2235 5405 2512 5475 paciﬁcus,-
2552 5417 2673 5456 cum
2696 5399 2955 5472 loquebar
3002 5398 3126 5467 illis,
3172 5399 3562 5470 impugnabant
3595 5412 3677 5448 me

2067 5496 2240 5566 gratis
2268 5492 2443 5560 (Psal.
2470 5507 2620 5558 cxrx,
2654 5492 2730 5560 2).
2756 5489 2911 5543 Vale.

2630 5577 2966 5634 EPlSTOLA
2985 5578 3068 5633 XI.

2426 5686 2499 5724 AD
2528 5683 2842 5724 MONACHOS
2870 5681 3269 5721 MICIACENSES.

2145 5757 2592 5818 Floriacensium
2643 5759 2852 5829 rector,
2912 5755 3186 5837 fratribus
3248 5752 3671 5815 Miciacensihus
