3882 6222
146 460 243 516 437

1622 453 1781 512 EPlS'

1889 452 1997 512 .E.
3378 468 3482 522 .133

141 584 386 679 ιξιδιῖξηθ
416 599 634 639 θοτιισι
676 583 904 639 decano
958 584 1358 647 CONSUNTl-‘Oo
1414 581 1660 636 31‘1"th
1703 579 1762 634 ίη
1792 585 1847 643 Α
1876 597 3485 679 insidiantiumgregemsuccenturiatorum,quandoqui-

147 672 412 727 Domino.

210 762 357 815 Dum
385 761 649 817 charitas
670 761 745 816 sit
760 761 918 816 bona
939 761 1221 828 voluntas,
1238 758 1420 815 miror
1440 775 1553 831 qua
1578 757 1771 813 fronte

146 865 208 903 eo
235 849 391 903 bono
421 865 629 904 carere
663 866 784 904 non
806 849 1136 915 erubuistis,
1168 847 1266 919 qui
1297 849 1494 918 palam
1522 845 1765 901 conﬁte-

147 936 622 992 minirancorem
643 938 1028 992 vestraemalm
1053 935 1383 1002 voluntatis,
1402 951 1519 989 non
1541 935 1771 988 tantum

146 1026 329 1080 verbis
352 1031 654 1098 quantum
676 1025 885 1080 litteris
910 1041 1051 1096 quas
1089 1024 1297 1079 nostris
1318 1022 1593 1077 fratribus
1620 1021 1771 1075 dire-

149 1114 338 1181 xistis;
385 1114 553 1186 quod
599 1114 798 1185 utique
846 1112 1035 1167 facere
1078 1129 1196 1167 non
1246 1110 1540 1166 debuistis.
1573 1110 1769 1180 Neque

150 1203 305 1257 enim
333 1204 580 1258 illorum
611 1202 1016 1257 benevolentia
1040 1200 1290 1255 libenter
1320 1198 1552 1269 suscipit
1568 1196 1775 1268 praedi-

153 1296 375 1346 catores
398 1293 719 1357 scelerum,
754 1289 1078 1360 proditores
1115 1304 1375 1355 reorum,
1418 1290 1777 1342 accusatores

150 1381 425 1448 fratrum,
460 1380 718 1435 maxime
751 1379 846 1433 ubi
876 1381 983 1448 ('23)
1014 1396 1130 1433 non
1159 1378 1508 1442 admittitur,
1542 1375 1639 1431 ubi
1680 1393 1777 1430 au-

151 1470 375 1524 dientia
397 1485 506 1523 reo
524 1469 869 1539 denegatur,
892 1483 1023 1521 cum
1046 1467 1325 1537 scriptum
1343 1466 1415 1519 sit
1435 1464 1591 1537 quod
1606 1479 1778 1518 nemo

151 1558 361 1613 absens
391 1556 670 1611 damnari
693 1555 888 1628 possit.
924 1556 1068 1609 Vere
1089 1554 1293 1620 fateor,
1315 1554 1525 1607 fratres
1549 1555 1781 1607 nostros

151 1646 354 1701 vestris
372 1646 651 1700 laudibus
677 1645 1104 1700 commaculare
1137 1642 1410 1708 voluistis,
1446 1658 1610 1713 quos,
1648 1657 1715 1694 ac
1735 1639 1780 1693 si

155 1735 495 1805 complices,
523 1737 726 1788 vestra:
756 1732 1061 1788 calumniae
1117 1729 1456 1802 adjunxistis
1494 1729 1773 1790 fautores,

159 1822 631 1893 detrectationisj
642 1821 853 1887 udices,
873 1819 1252 1875 accusationis
1280 1816 1784 1890 praesulem/erum

158 1928 366 1967 eorum
407 1910 750 1965 innocentia
775 1910 846 1964 ab
891 1898 1221 1978 hujusmodi
1268 1910 1427 1979 peste
1483 1922 1659 1977 quam
1714 1896 1860 1958 sitB

162 2003 469 2067 extranea,
493 2001 742 2053 testatur
786 1996 1121 2057 Fredericus
1151 1994 1423 2067 ignobilis
1451 1993 1657 2054 scriba,
1687 1990 1784 2063 qui

160 2085 740 2158 nuncﬂierosolymis
751 2087 967 2141 exsulat
978 2100 1080 2157 pro
1099 2099 1334 2138 suorum
1349 2080 1784 2137 mendaciorum

160 2176 507 2241 fabrateria,
542 2191 649 2246 pro
689 2173 1147 2244 excogitatarum
1174 2172 1246 2226 de
1267 2172 1381 2226 suis
1401 2169 1675 2225 fratribus
1702 2167 1782 2222 vi-

161 2266 381 2320 tiorum
433 2265 700 2320 inaudita
749 2263 1011 2319 historia.
1067 2262 1367 2335 Siquidem
1410 2265 1469 2315 et
1498 2261 1558 2315 in
1589 2262 1787 2315 nostra

160 2354 532 2427 professione
566 2352 1049 2425 singularisOdilo
1077 2351 1446 2407 Cluuensium
1473 2353 1661 2404 rector
1686 2349 1787 2402 hu-

154 2442 420 2513 jusmodi
446 2441 947 2513 historiographos
964 2440 1300 2513 nuperrime
1323 2439 1577 2494 deiectos
1599 2436 1670 2491 de
1682 2452 1782 2491 suo

164 2530 532 2587 monasterio
558 2530 756 2602 ﬂagris
784 2546 960 2585 casas
991 2529 1226 2601 expulit,
1259 2532 1318 2584 et
1336 2529 1490 2583 ferro
1522 2525 1786 2582 abscisio-

164 2620 253 2674 nis
284 2618 637 2675 terribiliter
664 2618 889 2673 inussit.
928 2616 1320 2690 Prosequendi
1350 2616 1564 2689 quippe
1594 2615 1785 2668 sunta

166 2707 514 2763 Christianis
547 2705 820 2761 Saterrici
868 2722 1011 2778 quos
1041 2705 1323 2777 persecuti
1384 2707 1513 2760 sunt
1542 2703 1780 2776 pagani,

166 2814 419 2869 quorum
445 2813 601 2851 nunc
623 2796 935 2851 multitudo
959 2795 1231 2862 excrevit;
1251 2811 1427 2867 quam
1441 2794 1511 2850 de
1526 2794 1631 2849 sub
1643 2794 1785 2849 coelo

172 2885 528 2941 exterminet
548 2883 859 2940 clementia
872 2883 1077 2939 divinae
1093 2883 1318 2955 pietatis
1333 2882 1345 2937 l
1372 2882 1630 2955 Denique
1651 2883 1788 2937 Ace-

172 2975 486 3045 phalorum
519 2973 778 3040 haeresis,
811 2989 939 3044 quae
965 2988 1118 3027 nunc
1157 2974 1357 3027 exorta
1385 2974 1492 3039 est,
1524 2987 1654 3025 cum
1683 2971 1784 3026 Sa-

172 3062 343 3116 terris
357 3061 702 3117 damnanda
722 3064 835 3116 est:
867 3061 1142 3132 quoniam
1162 3060 1282 3115 sine
1313 3059 1499 3130 capite
1514 3062 1782 3131 regnant,

173 3151 293 3205 sine
322 3154 492 3221 patre
522 3150 785 3221 spiritali,
828 3154 1029 3205 contra
1064 3150 1158 3219 jus
1188 3149 1389 3220 fasque
1411 3150 1632 3203 natura:
1654 3164 1785 3203 suos

174 3239 379 3293 fratres
402 3238 711 3307 dilaniant,
741 3242 801 3293 et
831 3238 1163 3294 mordentes
1190 3254 1392 3310 pacem
1445 3238 1780 3311 praedicant,

172 3343 298 3381 cum
336 3328 558 3381 nullum
592 3344 776 3398 genus
806 3326 1148 3382 animalium
1179 3327 1374 3381 saaviat
1404 3327 1513 3382 nisi
1574 3326 1633 3381 in
1691 3325 1776 3381 di-

171 3432 306 3488 spar
334 3416 493 3471 feris.
525 3415 910 3489 Quapropter,
943 3415 1314 3488 professionis
1331 3420 1530 3471 vestrae
1562 3432 1783 3471 memo-

173 3522 282 3573 res,
315 3523 418 3561 vos
440 3505 515 3560 ad
540 3522 641 3560 vos
658 3506 915 3561 reducite
939 3522 953 3573 ;
983 3504 1123 3577 quid
1141 3520 1339 3560 coram
1361 3506 1478 3561 Deo
1500 3504 1784 3560 etsanctis

172 3594 296 3665 ejus
326 3594 619 3661 voveritis,
652 3597 1046 3663 mementote;
1094 3594 1391 3657 abbatem,
1445 3610 1617 3666 quem
1650 3610 1781 3649 cum

170 3700 272 3737 sua
292 3700 410 3737 una
423 3683 646 3737 ovicula
662 3682 972 3754 expulistis,
996 3682 1341 3754 regulariter
1360 3681 1519 3737 vobis
1539 3698 1782 3755 praeesse

173 3772 505 3827 desiderate
536 3787 554 3840 ;
605 3771 733 3842 ejus
768 3770 1008 3826 arbitrio
1040 3770 1289 3825 fratrum
1320 3788 1555 3826 suorum
1587 3772 1782 3843 culpas

171 3861 508 3932 relinquite;
529 3862 611 3927 et,
641 3859 687 3914 si
705 3860 907 3930 regula
932 3859 1226 3914 Benedicti
1255 3859 1676 3915 monachorum
1700 3861 1784 3916 le-

176 3949 464 4022 gislatoris
490 3946 775 4019 displicet,
806 3949 1007 4003 saltem
1044 3948 1302 4020 Apostoli
1332 3948 1621 4004 sententia
1658 3951 1780 4022 pla-

174 4043 319 4105 ceat,
352 4055 470 4110 qua
495 4037 659 4093 dicit:
696 4037 783 4090 Tu
812 4039 908 4107 qui
950 4054 1019 4104 es,
1050 4037 1150 4108 qui
1166 4035 1384 4107 judicas
1407 4036 1643 4091 alienum
1672 4054 1779 4092 ser-

169 4144 295 4183 vum
313 4130 343 4181 ?
361 4144 457 4183 suo
485 4126 721 4181 Domino
743 4131 871 4191 stat,
912 4131 1007 4179 aut
1055 4124 1229 4191 cadit;
1259 4125 1420 4180 stabit
1448 4132 1657 4181 autem:
1680 4144 1785 4199 po-

177 4223 284 4272 tens
307 4224 384 4271 est
410 4218 551 4271 enim
591 4214 859 4269 Dominus
890 4220 1121 4268 statuere
1151 4213 1302 4267 illum
1337 4213 1513 4286 (Rom.
1564 4215 1674 4283 xiv,
1704 4216 1780 4287 4).

174 4303 230 4361 Si
260 4305 510 4378 denique
541 4305 602 4359 in
632 4307 926 4377 pastorem
943 4306 1195 4358 vestrum
1211 4316 1457 4358 manum
1470 4304 1784 4375 reprehen-

174 4393 349 4483 sionis
377 4392 628 4483 mittitis,
660 4391 1030 4483 scitote-quia
1072 4392 1276 4483 Pastor
1304 4392 1783 4483 pastorungesus
1803 4423 1856 4483 D

174 4481 426 4537 Christus
447 4481 607 4536 vobis
622 4478 988 4547 contradicit,
1004 4480 1167 4551 cujus
1183 4479 1785 4551 exemplumimitatur

171 4571 229 4626 in
258 4589 327 4626 eo
354 4571 513 4643 quod
541 4585 642 4624 vos
672 4568 836 4641 quasi
869 4568 1081 4624 nullius
1111 4572 1349 4641 egentes
1396 4568 1456 4622 in
1489 4569 1785 4624 montibus

172 4661 422 4733 reliquit,
454 4664 514 4715 et
540 4675 719 4715 unam
752 4674 1080 4730 ovem,quae
1101 4660 1411 4725 erraverat,
1444 4658 1517 4714 ad
1542 4675 1784 4731 gregem

175 4749 448 4804 reducere
481 4749 707 4821 quazrit.
744 4748 860 4802 Hoc
889 4763 1120 4819 quoque
1169 4747 1571 4819 gravissimum
1606 4748 1665 4802 in
1692 4765 1785 4803 ve-

174 4841 290 4893 stra
309 4837 744 4909 conspiratione
758 4835 1134 4908 reperi,quod
1146 4835 1568 4908 benignitatem
1586 4836 1788 4892 domui

173 4926 435 4982 Fulconis
459 4925 881 4982 Aurelianensis
909 4924 1160 4997 episcopi
1181 4928 1387 4980 contra
1416 4928 1665 4980 vestrum
1687 4926 1784 4981 ab-

174 5016 370 5071 batem
403 5014 805 5089 exasperastis,
840 5015 913 5070 ad
958 5014 1390 5070 inclementiam
1426 5018 1612 5070 vestro
1651 5032 1787 5074 con-

175 5105 301 5161 cilio
333 5105 701 5178 perduxistis,
733 5107 937 5159 contra
963 5102 1368 5159 auctoritatem
1396 5120 1686 5160 canonum
1727 5104 1787 5160 in

176 5194 545 5251 innocentem
600 5191 888 5249 armastis.
942 5195 1318 5248 Innocentem
1346 5196 1543 5249 autem
1574 5194 1787 5250 idcirco

191 5280 381 5351 fateor,
422 5284 701 5356 quoniam
733 5283 889 5337 bona
916 5280 1291 5349 conscientia,
1328 5286 1389 5337 ut
1429 5283 1652 5351 asserit,
1678 5283 1788 5339 uti-

194 5370 289 5439 tur,
330 5371 570 5443 objectis
600 5370 954 5443 respondcre
989 5371 1252 5435 conatur,
1277 5368 1406 5424 ιιωο
1432 5385 1788 5443 quemquam

191 5465 429 5517 vestrum
458 5460 665 5534 legisse
705 5458 1017 5531 aliquando
1050 5460 1321 5524 testatur;
1352 5459 1506 5514 unde
1554 5459 1790 5530 conjici-

1877 688 2009 743 dem
2043 690 2093 747 ei
2123 692 2314 747 locum
2328 690 2676 748 defensionis
2698 691 3183 764 obstruunt,quod
3206 692 3266 747 in
3290 693 3480 749 Eccle-

1875 778 1957 834 sia
1977 780 2257 835 catholica
2298 781 2438 836 nulli
2459 782 2738 835 hactenus
2774 778 2884 833 fuit
2910 778 3155 834 licitum.

1941 869 2198 924 Tandem
2233 868 2304 923 ad
2336 871 2413 936 te,
2448 868 2526 923 mi
2559 867 2856 940 quondam
2887 867 3192 922 familiaris
3221 868 3479 939 Letalde,

1875 976 2028 1015 nunc
2049 976 2238 1015 sermo
2253 958 2542 1030 dirigitur,
2567 958 2728 1029 cujus
2757 957 2895 1012 alias
2921 958 3271 1029 singularem
3295 961 3478 1016 scien-

1873 1049 2015 1104 tiam
2046 1065 2176 1104 mea
2206 1049 2454 1121 parvitas
2484 1048 2850 1119 amplectitur
2874 1050 2931 1102 et
2953 1048 3197 1102 summis
3219 1049 3484 1107 laudibus

1876 1138 2148 1193 extollere
2182 1135 2559 1200 nititur.Quid
2590 1135 2962 1191 tuainterfuit
2981 1136 3147 1191 unius
3178 1138 3370 1194 miseri
3399 1140 3482 1195 vi-

1878 1229 1999 1281 tam
2022 1226 2351 1293 corrodere,
2384 1225 2554 1280 unius
2574 1225 2981 1281 liomuncionis
3009 1243 3137 1298 quas
3171 1244 3287 1283 non
3317 1234 3485 1285 erant

1879 1315 2013 1369 vitia
2035 1315 2334 1383 denotare,
2351 1330 2480 1368 cum
2501 1313 2776 1385 scriptum
2793 1316 2863 1371 sit
2881 1316 3034 1388 quod
3053 1316 3283 1389 sapiens
3310 1318 3486 1391 pceni-

1880 1402 2059 1457 tenda
2082 1420 2198 1457 non
2220 1405 2576 1460 committit?
2599 1408 2671 1460 At
2688 1406 2941 1460 fortassis
2955 1410 3186 1461 tuorum
3203 1405 3485 1461 factorum

1883 1507 2003 1545 non
2034 1492 2716 1561 pasnitet.Verumtamen
2733 1494 2861 1567 quis
2875 1494 3257 1550 ministerium
3273 1494 3486 1549 diaboli

1886 1580 2136 1634 libenter
2161 1582 2488 1653 assumpsit,
2542 1586 2603 1637 ut
2632 1583 2768 1638 vitia
2798 1583 3104 1640 hominum
3133 1584 3392 1650 denotet,
3425 1583 3484 1638 in

1888 1669 2163 1724 cathedra
2184 1671 2523 1743 pestilentia:
2551 1673 2933 1745 sedeat(Psal.
2956 1691 2993 1743 ι,
3024 1675 3096 1743 l),
3111 1672 3489 1728 conciliabula

1889 1758 2335 1830 malignantium
2358 1762 2510 1816 unde
2527 1764 2751 1817 struat?
2771 1764 2983 1818 Hortor
3002 1767 3060 1817 et
3079 1762 3492 1829 obtestor,cba-

1887 1848 2132 1916 rissime,
2162 1849 2467 1904 recordare
2488 1850 2845 1906 inﬁrmitatis
2861 1854 2994 1919 tuae,
3016 1868 3243 1906 assume
3272 1851 3488 1905 viscera

1890 1937 2320 2004 misericordiae,
2353 1939 2560 1994 fratres
2585 1943 2712 1995 tuos
2739 1958 2937 2013 argue,
2969 1940 3223 2007 obsecra,
3253 1940 3487 2010 increpa

1889 2024 1948 2079 in
1972 2026 2131 2081 omni
2184 2026 2463 2099 patientia
2508 2031 2565 2081 et
2595 2028 2859 2083 doctrina
2877 2028 2957 2100 (II
2991 2029 3133 2082 Tim.
3168 2044 3253 2096 ιν,
3293 2030 3371 2100 2),
3405 2028 3486 2083 ita

1884 2114 2097 2169 scilicet
2123 2118 2184 2170 ut
2212 2132 2317 2170 nec
2348 2116 2663 2189 increpatio
2685 2118 2759 2173 ad
2775 2118 3238 2189 desperationem
3269 2120 3488 2189 pertra-

1886 2203 2005 2270 hat,
2039 2220 2143 2258 nec
2173 2204 2453 2276 patientia
2480 2205 2750 2261 vitiorum
2782 2206 2969 2261 fomiti
3000 2205 3353 2260 succumbat.
3408 2204 3450 2257 Τ
3455 2221 3489 2258 ιι

1885 2292 2042 2347 enim
2073 2293 2243 2364 hujus
2264 2294 2704 2366 conspirationis
2732 2299 2904 2368 caput
2934 2294 3168 2362 diceris;
3199 2299 3258 2350 tu
3289 2292 3487 2348 domui

1886 2382 2145 2438 Rotberti
2172 2382 2394 2438 abbatis
2412 2383 2498 2438 tui
2521 2383 2798 2451 officium,
2824 2384 2979 2457 quod
3010 2383 3162 2439 dictu
3186 2382 3348 2438 nefas
3382 2386 3486 2437 cst.

1885 2472 2320 2543 praesumpsisti,
2366 2489 2474 2528 nec
2529 2472 2801 2529 delatoris
2872 2489 3105 2546 paenam
3154 2471 3488 2539 exhorruiti,

1886 2574 2058 2631 quem
2093 2560 2423 2633 expeditum
2459 2561 2904 2617 omnibusmalis
2930 2561 3273 2633 absqueulla
3301 2560 3488 2614 rebel-

1885 2648 2039 2703 lione
2071 2650 2335 2705 restituat
2367 2650 2738 2724 omnipotens
2764 2652 2914 2707 Deus
2944 2649 3124 2723 patris
3148 2652 3205 2704 et
3241 2648 3487 2703 fratrum

1885 2738 2277 2794 unanimitati.
2302 2740 2453 2795 Vale.

2446 2811 2780 2867 EPISTOLA
2813 2813 2922 2867 ΧΠ.

2478 2901 2549 2939 ΑΒ
2587 2900 2882 2939 οῡιιιοκεκ.

1960 2954 2631 3027 Ρτωτοεειῑίναίηείεηὶιο
2664 2955 2891 3010 Οοιιοκι
2924 2953 3293 3010 Cluuensium
3314 2952 3484 3025 patri,

1887 3046 2215 3099 amatorum
2249 3044 2452 3101 Christi
2484 3049 2713 3099 amator
2748 3046 2881 3100 Anu.
2913 3043 3361 3101 Floriacensium
3392 3060 3484 3099 re-

1886 3133 2029 3199 ctor,
2062 3133 2307 3187 salutem
2336 3134 2395 3189 in
2444 3134 2714 3189 Domino.

1955 3220 2341 3277 Proﬁciscenti
2356 3222 2498 3277 mihi
2516 3223 2576 3277 in
2590 3223 2951 3279 Wasconiam
2967 3224 3042 3280 ob
3058 3222 3483 3279 institutionem

1884 3310 2217 3365 monastica:
2236 3311 2554 3383 religionis,
2568 3311 2813 3382 contigit
2829 3311 3099 3367 devenire
3112 3311 3184 3366 ad
3200 3314 3485 3366 monaste-

1881 3398 2035 3453 rium
2064 3398 2258 3453 Sancti
2290 3398 2557 3471 Cypriani
2601 3400 2891 3471 martyris,
2923 3400 3094 3455 situm
3121 3400 3179 3454 in
3211 3399 3482 3455 suburbio

1885 3487 2230 3543 Pictavensis
2258 3487 2656 3543 famosissimas
2689 3488 2876 3557 urbis;
2909 3505 3082 3559 quem
3113 3489 3303 3543 locum
3326 3491 3482 3559 post-

1883 3592 1993 3648 qua
2004 3592 2061 3630 m
2092 3575 2280 3648 reperi
2303 3579 2503 3630 vestras
2517 3576 2811 3631 subditum
2825 3576 3052 3643 ditioni,
3082 3576 3343 3630 nostrum
3360 3590 3483 3629 cre-

1883 3663 2004 3719 didi
2025 3682 2038 3734 ;
2058 3664 2333 3736 quoniam
2355 3664 2675 3720 amicorum
2699 3667 2832 3719 sunt
2851 3664 3050 3719 omnia
3064 3662 3485 3730 communia,ut

1884 3756 1969 3807 est
1999 3753 2388 3825 quorumdam
2419 3752 2741 3820 sententia;
2775 3755 2944 3825 atque
2977 3751 3187 3806 idcirco
3209 3749 3381 3805 nimis
3402 3768 3485 3805 m-

1884 3842 2039 3897 dolui
2073 3842 2143 3898 de
2173 3841 2332 3898 fama
2361 3859 2490 3916 quae
2519 3845 2655 3896 tunc
2673 3840 3236 3913 temporisvolitabat
3251 3855 3355 3911 per
3381 3855 3483 3894 au-

1881 3950 1972 3988 res
1988 3933 2162 4005 vulgi,
2196 3950 2376 4005 quam
2404 3931 2525 3988 vice
2552 3931 2862 3987 discutiens
2876 3933 3062 3985 vestra
3076 3930 3227 3984 ultra
3242 3928 3482 3984 modum

1882 4022 2165 4094 ingemui,
2200 4023 2351 4095 quod
2386 4022 2446 4077 in
2479 4021 2626 4077 viros
2657 4024 2869 4076 nostra:
2886 4017 3483 4092 professionisinvidiu

1884 4110 2098 4167 diaboli
2131 4110 2706 4183 perindisciplinatos
2722 4106 3366 4183 suprebit,quodilliqui
3396 4107 3481 4162 cli-

1882 4203 2091 4255 cuntur
2121 4199 2391 4256 monachi
2423 4199 2748 4256 efficiantur
2798 4198 3027 4270 satyrici
3084 4196 3485 4252 criminatores

1882 4288 2151 4358 fratrum,
2170 4290 2500 4345 incentores
2516 4288 2878 4355 vitiorum,ac
2900 4286 3157 4358 viperino
3173 4285 3345 4341 dente
3358 4300 3486 4339 cor-

1884 4378 2101 4434 rodunt
2129 4378 2345 4433 viscera
2377 4377 2577 4432 matris
2599 4377 3145 4442 Ecclesim.Qu0rum
3175 4373 3484 4436 insaniam,

1882 4465 2692 4540 venerabilispater,deterreri
2706 4482 2935 4521 necesse
2949 4467 3134 4531 est,ne
3147 4479 3212 4519 co
3220 4480 3324 4517 ncu
3334 4464 3346 4516 Ι
3356 4464 3489 4516 cent

1884 4559 2080 4610 sancta
2111 4555 2362 4627 profani,
2416 4573 2489 4610 ne
2521 4554 2795 4610 vilescant
2837 4553 3072 4627 pretiosi
3106 4552 3325 4624 lapides
3356 4568 3487 4606 san-

1886 4645 2122 4715 ctuarii;
2154 4644 2624 4718 quandoquidem
2648 4645 2774 4717 jam
2818 4642 3141 4717 refrigescit
3170 4644 3489 4698 multorum

1888 4737 2135 4796 Charitas
2165 4735 2386 4802 (Matth.
2420 4752 2575 4805 xxxv,
2605 4734 2715 4808 t2),
2770 4736 2829 4788 et
2875 4733 3014 4789 mali
3063 4731 3328 4788 cucullati
3383 4728 3489 4785 sibi

1890 4827 2098 4885 auxilio
2113 4827 2172 4882 et
2186 4823 2858 4895 consiliojunguntur,ut
2874 4823 2945 4877 de
2963 4820 3168 4894 pennis
3179 4819 3490 4874 Leviatban

1892 4916 2430 4987 scribitur,quarum
2458 4929 2575 4969 una
2596 4912 2694 4968 uni
2733 4908 3128 4981 conjungitur,
3151 4910 3209 4962 et
3238 4923 3345 4961 nec
3374 4904 3490 4976 spi-

1894 5009 2150 5066 raculum
2183 5004 2418 5078 quidem
2437 5002 2651 5058 incedit
2680 5017 2781 5074 per
2811 5016 2907 5054 eas
2938 4997 3062 5070 (Job
3088 5012 3204 5064 xu,
3231 4994 3491 5066 7).Dela-

1889 5104 2045 5157 tores
2070 5095 2229 5153 enim
2262 5093 2574 5149 mundanis
2600 5089 2821 5161 legibus
2832 5085 3060 5159 capitali
3078 5083 3368 5139 sententia
3386 5100 3495 5155 pu-

1890 5189 2146 5247 niuntur.
2184 5180 2645 5249 Quatemeritate
2664 5193 2804 5249 ergo
2822 5175 3039 5231 audent
3055 5172 3248 5228 miseri
3279 5188 3342 5228 os
3357 5188 3493 5243 ape-

1889 5278 2003 5333 rire
2030 5276 2089 5331 in
2122 5287 2325 5329 necem
2376 5267 2592 5335 fratris,
2625 5265 2686 5320 in
2747 5261 3167 5319 detractionem
3225 5258 3494 5334 proximi,

1893 5361 2240 5422 assumenda
2275 5357 2530 5414 ofﬁcium
2556 5352 2902 5428 proditoris;
2936 5367 3183 5423 quorum
3214 5348 3497 5423 professio

1893 5460 1981 5512 est
2004 5458 2214 5517 tacere,
2247 5447 2422 5503 etiam
2460 5462 2494 5500 a
2514 5443 2679 5500 bonis
2707 5443 2735 5500 ?
2767 5441 3104 5509 Prudentcr,
3133 5438 3498 5495 dilectissime

193 5562 308 5606 mus
335 5551 493 5623 quod
521 5529 760 5604 invidia
803 5529 1042 5615 diaboli,
1075 5563 1191 5620 qna
1244 5563 1405 5602 mors
1446 5529 1706 5603 introivit
1734 5546 1793 5602 in
1898 5548 2107 5601 horum
2131 5552 2387 5614 praecave
2408 5533 2704 5601 versutias,
2729 5529 3501 5623 qui,mordentesbonorum

194 5617 391 5696 orbem
421 5644 718 5696 terrarum
745 5634 896 5710 (Sap.
952 5653 1013 5704 ιι,
1040 5617 1150 5708 24).
1184 5635 1457 5708 depascat
1504 5636 1790 5692 animum.
1884 5635 2065 5691 vitam
2092 5626 2443 5701 simplicem,
2476 5627 2534 5682 et
2559 5623 2680 5699 lupi
2711 5623 2814 5683 sub
2830 5617 3511 5721 ovinapelle,praedicaut

254 5738 363 5816 (23)
398 5738 497 5796 Hic
526 5734 791 5813 ﬁaliquid,
823 5733 1240 5792 substantivum
1273 5733 1508 5807 scilicet,
1541 5734 1741 5793 deesse
1772 5731 2020 5795 videtur.
