  <div class='ocr_page' id='page_1' title='image "/cluster/home/n/w/nwhite01/storage/ocr_20150623/139/uva.x000829787/226.png"; bbox 0 0 3882 6222; ppageno 0'>
   <div class='ocr_carea' id='block_1_1' title="bbox 171 390 1785 455">
    <p class='ocr_par' dir='ltr' id='par_1_1' title="bbox 171 390 1784 455">
     <span class='ocr_line' id='line_1_1' title="bbox 171 390 1784 455; baseline -0.003 -1"><span class='ocrx_word' id='word_1_1' title='bbox 171 399 276 455; x_wconf 68' lang='grc'>44⁸5</span> <span class='ocrx_word' id='word_1_2' title='bbox 1675 390 1784 449; x_wconf 84' lang='lat' dir='ltr'>EPl</span> 
     </span>
    </p>
   </div>
   <div class='ocr_carea' id='block_1_2' title="bbox 1891 390 3515 455">
    <p class='ocr_par' dir='ltr' id='par_1_2' title="bbox 1891 391 3515 452">
     <span class='ocr_line' id='line_1_2' title="bbox 1891 391 3515 452; baseline 0.001 -1"><span class='ocrx_word' id='word_1_3' title='bbox 1891 391 2051 451; x_wconf 52' lang='grc' dir='ltr'>ΜΔΕ.</span> <span class='ocrx_word' id='word_1_4' title='bbox 3410 394 3515 452; x_wconf 68' lang='grc'>446</span> 
     </span>
    </p>
   </div>
   <div class='ocr_carea' id='block_1_3' title="bbox 174 514 3514 593">
    <p class='ocr_par' dir='ltr' id='par_1_3' title="bbox 174 514 3514 593">
     <span class='ocr_line' id='line_1_3' title="bbox 174 514 3514 593; baseline -0.001 -16"><span class='ocrx_word' id='word_1_5' title='bbox 174 522 367 577; x_wconf 87' lang='lat' dir='ltr'>biliter</span> <span class='ocrx_word' id='word_1_6' title='bbox 424 535 635 593; x_wconf 84' lang='lat' dir='ltr'>preces</span> <span class='ocrx_word' id='word_1_7' title='bbox 695 517 992 585; x_wconf 73' lang='lat' dir='ltr'>effuderit,</span> <span class='ocrx_word' id='word_1_8' title='bbox 1037 516 1234 573; x_wconf 72' lang='lat' dir='ltr'>inditae</span> <span class='ocrx_word' id='word_1_9' title='bbox 1283 519 1466 571; x_wconf 80' lang='lat' dir='ltr'>textus</span> <span class='ocrx_word' id='word_1_10' title='bbox 1520 514 3514 589; x_wconf 72' lang='lat' dir='ltr'>petitionisAcumpertinetquocunqucmodo,qualibetexquisitione</span> 
     </span>
    </p>
   </div>
   <div class='ocr_carea' id='block_1_4' title="bbox 174 605 3513 683">
    <p class='ocr_par' dir='ltr' id='par_1_4' title="bbox 174 605 3513 683">
     <span class='ocr_line' id='line_1_4' title="bbox 174 605 3513 683; baseline -0.002 -17"><span class='ocrx_word' id='word_1_11' title='bbox 174 612 482 678; x_wconf 84' lang='lat' dir='ltr'>informat,</span> <span class='ocrx_word' id='word_1_12' title='bbox 518 627 630 683; x_wconf 92' lang='lat' dir='ltr'>pro</span> <span class='ocrx_word' id='word_1_13' title='bbox 661 628 782 682; x_wconf 91' lang='lat' dir='ltr'>qua</span> <span class='ocrx_word' id='word_1_14' title='bbox 806 627 870 665; x_wconf 89' lang='lat' dir='ltr'>re</span> <span class='ocrx_word' id='word_1_15' title='bbox 888 608 1485 664; x_wconf 89' lang='lat' dir='ltr'>fraternitatemtuam</span> <span class='ocrx_word' id='word_1_16' title='bbox 1506 606 1810 661; x_wconf 78' lang='lat' dir='ltr'>hortamur</span> <span class='ocrx_word' id='word_1_17' title='bbox 1911 606 2193 674; x_wconf 84' lang='lat' dir='ltr'>minuere,</span> <span class='ocrx_word' id='word_1_18' title='bbox 2228 623 2331 661; x_wconf 90' lang='lat' dir='ltr'>nec</span> <span class='ocrx_word' id='word_1_19' title='bbox 2362 606 2743 661; x_wconf 89' lang='lat' dir='ltr'>immissiones</span> <span class='ocrx_word' id='word_1_20' title='bbox 2776 606 2859 659; x_wconf 90' lang='lat' dir='ltr'>vel</span> <span class='ocrx_word' id='word_1_21' title='bbox 2888 605 3051 659; x_wconf 86' lang='lat' dir='ltr'>dolos</span> <span class='ocrx_word' id='word_1_22' title='bbox 3071 606 3513 678; x_wconf 89' lang='lat' dir='ltr'>aliquosfacere.</span> 
     </span>
    </p>
   </div>
   <div class='ocr_carea' id='block_1_5' title="bbox 175 694 3512 768">
    <p class='ocr_par' dir='ltr' id='par_1_5' title="bbox 175 694 3512 768">
     <span class='ocr_line' id='line_1_5' title="bbox 175 694 3512 768; baseline -0.001 -13"><span class='ocrx_word' id='word_1_23' title='bbox 175 706 255 768; x_wconf 91' lang='lat' dir='ltr'>ut,</span> <span class='ocrx_word' id='word_1_24' title='bbox 282 700 549 755; x_wconf 87' lang='lat' dir='ltr'>obeunte</span> <span class='ocrx_word' id='word_1_25' title='bbox 581 700 801 754; x_wconf 80' lang='lat' dir='ltr'>abbate</span> <span class='ocrx_word' id='word_1_26' title='bbox 834 696 1169 753; x_wconf 77' lang='lat' dir='ltr'>monasterii</span> <span class='ocrx_word' id='word_1_27' title='bbox 1200 697 1377 768; x_wconf 84' lang='lat' dir='ltr'>ipsius</span> <span class='ocrx_word' id='word_1_28' title='bbox 1408 696 1680 762; x_wconf 70' lang='lat' dir='ltr'>ecclesiae,</span> <span class='ocrx_word' id='word_1_29' title='bbox 1712 698 1809 749; x_wconf 87' lang='lat' dir='ltr'>tua</span> <span class='ocrx_word' id='word_1_30' title='bbox 1910 694 2018 749; x_wconf 86' lang='lat' dir='ltr'>Sed</span> <span class='ocrx_word' id='word_1_31' title='bbox 2034 696 2362 767; x_wconf 88' lang='lat' dir='ltr'>siquaforte</span> <span class='ocrx_word' id='word_1_32' title='bbox 2378 696 2710 750; x_wconf 89' lang='lat' dir='ltr'>causainter</span> <span class='ocrx_word' id='word_1_33' title='bbox 2728 696 3118 749; x_wconf 79' lang='lat' dir='ltr'>Ravennatem</span> <span class='ocrx_word' id='word_1_34' title='bbox 3138 696 3512 767; x_wconf 75' lang='lat' dir='ltr'>etprtefatum</span> 
     </span>
    </p>
   </div>
   <div class='ocr_carea' id='block_1_6' title="bbox 169 783 3512 858">
    <p class='ocr_par' dir='ltr' id='par_1_6' title="bbox 169 783 3512 858">
     <span class='ocr_line' id='line_1_6' title="bbox 169 783 3512 858; baseline -0.001 -15"><span class='ocrx_word' id='word_1_35' title='bbox 169 789 361 855; x_wconf 87' lang='lat' dir='ltr'>[cura]</span> <span class='ocrx_word' id='word_1_36' title='bbox 411 788 471 843; x_wconf 92' lang='lat' dir='ltr'>in</span> <span class='ocrx_word' id='word_1_37' title='bbox 528 787 932 843; x_wconf 90' lang='lat' dir='ltr'>describendis</span> <span class='ocrx_word' id='word_1_38' title='bbox 994 785 1478 858; x_wconf 89' lang='lat' dir='ltr'>providendisqne</span> <span class='ocrx_word' id='word_1_39' title='bbox 1520 784 1809 856; x_wconf 84' lang='lat' dir='ltr'>acquisitis</span> <span class='ocrx_word' id='word_1_40' title='bbox 1911 784 2324 839; x_wconf 78' lang='lat' dir='ltr'>monasterium</span> <span class='ocrx_word' id='word_1_41' title='bbox 2352 784 3065 854; x_wconf 86' lang='lat' dir='ltr'>evenerit,etpacificenon</span> <span class='ocrx_word' id='word_1_42' title='bbox 3091 783 3512 855; x_wconf 87' lang='lat' dir='ltr'>potueritordi-</span> 
     </span>
    </p>
   </div>
   <div class='ocr_carea' id='block_1_7' title="bbox 167 872 3509 950">
    <p class='ocr_par' dir='ltr' id='par_1_7' title="bbox 167 872 3509 950">
     <span class='ocr_line' id='line_1_7' title="bbox 167 872 3509 950; baseline -0.001 -18"><span class='ocrx_word' id='word_1_43' title='bbox 167 876 633 950; x_wconf 89' lang='lat' dir='ltr'>acquirendisve</span> <span class='ocrx_word' id='word_1_44' title='bbox 658 877 922 948; x_wconf 87' lang='lat' dir='ltr'>ejusdem</span> <span class='ocrx_word' id='word_1_45' title='bbox 970 874 1307 930; x_wconf 76' lang='lat' dir='ltr'>monasterii</span> <span class='ocrx_word' id='word_1_46' title='bbox 1335 874 1526 940; x_wconf 84' lang='lat' dir='ltr'>rebus,</span> <span class='ocrx_word' id='word_1_47' title='bbox 1561 874 1718 926; x_wconf 89' lang='lat' dir='ltr'>nulla</span> <span class='ocrx_word' id='word_1_48' title='bbox 1748 889 1806 927; x_wconf 91' lang='lat' dir='ltr'>se</span> <span class='ocrx_word' id='word_1_49' title='bbox 1908 872 2057 935; x_wconf 85' lang='lat' dir='ltr'>nari,</span> <span class='ocrx_word' id='word_1_50' title='bbox 2091 874 2242 944; x_wconf 89' lang='lat' dir='ltr'>apud</span> <span class='ocrx_word' id='word_1_51' title='bbox 2262 875 2469 929; x_wconf 88' lang='lat' dir='ltr'>electos</span> <span class='ocrx_word' id='word_1_52' title='bbox 2503 874 2804 945; x_wconf 89' lang='lat' dir='ltr'>apartibus</span> <span class='ocrx_word' id='word_1_53' title='bbox 2822 873 3160 927; x_wconf 89' lang='lat' dir='ltr'>timentibus</span> <span class='ocrx_word' id='word_1_54' title='bbox 3177 874 3509 940; x_wconf 87' lang='lat' dir='ltr'>Deum,sine</span> 
     </span>
    </p>
   </div>
   <div class='ocr_carea' id='block_1_8' title="bbox 166 961 3510 1037">
    <p class='ocr_par' dir='ltr' id='par_1_8' title="bbox 166 961 3510 1037">
     <span class='ocr_line' id='line_1_8' title="bbox 166 961 3510 1037; baseline -0.002 -16"><span class='ocrx_word' id='word_1_55' title='bbox 166 964 491 1021; x_wconf 83' lang='lat' dir='ltr'>occasione</span> <span class='ocrx_word' id='word_1_56' title='bbox 527 965 898 1037; x_wconf 85' lang='lat' dir='ltr'>permisceat.</span> <span class='ocrx_word' id='word_1_57' title='bbox 923 964 1204 1018; x_wconf 81' lang='lat' dir='ltr'>Abbatem</span> <span class='ocrx_word' id='word_1_58' title='bbox 1221 979 1356 1017; x_wconf 88' lang='lat' dir='ltr'>vero</span> <span class='ocrx_word' id='word_1_59' title='bbox 1390 963 1579 1017; x_wconf 89' lang='lat' dir='ltr'>eidem</span> <span class='ocrx_word' id='word_1_60' title='bbox 1607 979 1808 1017; x_wconf 89' lang='lat' dir='ltr'>mona-</span> <span class='ocrx_word' id='word_1_61' title='bbox 1908 961 2230 1015; x_wconf 89' lang='lat' dir='ltr'>voluntaria</span> <span class='ocrx_word' id='word_1_62' title='bbox 2261 962 2559 1029; x_wconf 70' lang='lat' dir='ltr'>dilatione,</span> <span class='ocrx_word' id='word_1_63' title='bbox 2584 962 2790 1016; x_wconf 90' lang='lat' dir='ltr'>mediis</span> <span class='ocrx_word' id='word_1_64' title='bbox 2810 961 3510 1031; x_wconf 78' lang='lat' dir='ltr'>sacrosanctisEvangeliis</span> 
     </span>
    </p>
   </div>
   <div class='ocr_carea' id='block_1_9' title="bbox 164 1049 3509 1122">
    <p class='ocr_par' dir='ltr' id='par_1_9' title="bbox 164 1049 3509 1122">
     <span class='ocr_line' id='line_1_9' title="bbox 164 1049 3509 1122; baseline -0.001 -16"><span class='ocrx_word' id='word_1_65' title='bbox 164 1053 350 1108; x_wconf 77' lang='lat' dir='ltr'>sterio</span> <span class='ocrx_word' id='word_1_66' title='bbox 388 1069 516 1108; x_wconf 87' lang='lat' dir='ltr'>non</span> <span class='ocrx_word' id='word_1_67' title='bbox 555 1052 762 1119; x_wconf 88' lang='lat' dir='ltr'>alium,</span> <span class='ocrx_word' id='word_1_68' title='bbox 795 1052 1078 1122; x_wconf 91' lang='lat' dir='ltr'>sedquem</span> <span class='ocrx_word' id='word_1_69' title='bbox 1106 1051 1347 1120; x_wconf 86' lang='lat' dir='ltr'>dignum</span> <span class='ocrx_word' id='word_1_70' title='bbox 1366 1049 1622 1103; x_wconf 89' lang='lat' dir='ltr'>moribus</span> <span class='ocrx_word' id='word_1_71' title='bbox 1637 1052 1806 1120; x_wconf 88' lang='lat' dir='ltr'>atque</span> <span class='ocrx_word' id='word_1_72' title='bbox 1907 1049 2160 1103; x_wconf 89' lang='lat' dir='ltr'>finiatur.</span> <span class='ocrx_word' id='word_1_73' title='bbox 2194 1050 2473 1105; x_wconf 87' lang='lat' dir='ltr'>Defuncto</span> <span class='ocrx_word' id='word_1_74' title='bbox 2504 1067 2637 1105; x_wconf 91' lang='lat' dir='ltr'>vero</span> <span class='ocrx_word' id='word_1_75' title='bbox 2665 1052 2871 1105; x_wconf 87' lang='lat' dir='ltr'>abbate</span> <span class='ocrx_word' id='word_1_76' title='bbox 2904 1067 3019 1105; x_wconf 91' lang='lat' dir='ltr'>non</span> <span class='ocrx_word' id='word_1_77' title='bbox 3052 1055 3382 1117; x_wconf 82' lang='lat' dir='ltr'>extraneas,</span> <span class='ocrx_word' id='word_1_78' title='bbox 3403 1050 3509 1103; x_wconf 88' lang='lat' dir='ltr'>nisi</span> 
     </span>
    </p>
   </div>
   <div class='ocr_carea' id='block_1_10' title="bbox 162 1137 3513 1211">
    <p class='ocr_par' dir='ltr' id='par_1_10' title="bbox 162 1137 3513 1211">
     <span class='ocr_line' id='line_1_10' title="bbox 162 1137 3513 1211; baseline -0.001 -15"><span class='ocrx_word' id='word_1_79' title='bbox 162 1146 418 1197; x_wconf 84' lang='lat' dir='ltr'>actuum</span> <span class='ocrx_word' id='word_1_80' title='bbox 454 1140 778 1211; x_wconf 71' lang='lat' dir='ltr'>disciplinae</span> <span class='ocrx_word' id='word_1_81' title='bbox 812 1140 1164 1194; x_wconf 69' lang='lat' dir='ltr'>monachica:</span> <span class='ocrx_word' id='word_1_82' title='bbox 1192 1139 1490 1193; x_wconf 89' lang='lat' dir='ltr'>communi</span> <span class='ocrx_word' id='word_1_83' title='bbox 1526 1155 1807 1192; x_wconf 87' lang='lat' dir='ltr'>consensu</span> <span class='ocrx_word' id='word_1_84' title='bbox 1910 1137 1980 1191; x_wconf 89' lang='lat' dir='ltr'>de</span> <span class='ocrx_word' id='word_1_85' title='bbox 2011 1139 2212 1192; x_wconf 91' lang='lat' dir='ltr'>eadem</span> <span class='ocrx_word' id='word_1_86' title='bbox 2246 1141 2716 1211; x_wconf 81' lang='lat' dir='ltr'>congregatione,</span> <span class='ocrx_word' id='word_1_87' title='bbox 2740 1156 2913 1211; x_wconf 87' lang='lat' dir='ltr'>quem</span> <span class='ocrx_word' id='word_1_88' title='bbox 2939 1139 3040 1193; x_wconf 87' lang='lat' dir='ltr'>sibi</span> <span class='ocrx_word' id='word_1_89' title='bbox 3063 1138 3296 1210; x_wconf 89' lang='lat' dir='ltr'>propria</span> <span class='ocrx_word' id='word_1_90' title='bbox 3314 1138 3513 1193; x_wconf 88' lang='lat' dir='ltr'>volun-</span> 
     </span>
    </p>
   </div>
   <div class='ocr_carea' id='block_1_11' title="bbox 162 1226 3505 1302">
    <p class='ocr_par' dir='ltr' id='par_1_11' title="bbox 162 1226 3505 1302">
     <span class='ocr_line' id='line_1_11' title="bbox 162 1226 3505 1302; baseline -0.001 -18"><span class='ocrx_word' id='word_1_91' title='bbox 162 1229 576 1302; x_wconf 83' lang='lat' dir='ltr'>congregatio</span> <span class='ocrx_word' id='word_1_92' title='bbox 612 1232 735 1284; x_wconf 88' lang='lat' dir='ltr'>tota</span> <span class='ocrx_word' id='word_1_93' title='bbox 763 1227 1111 1299; x_wconf 86' lang='lat' dir='ltr'>poposcerit,</span> <span class='ocrx_word' id='word_1_94' title='bbox 1138 1227 1408 1282; x_wconf 91' lang='lat' dir='ltr'>ordinare</span> <span class='ocrx_word' id='word_1_95' title='bbox 1434 1230 1488 1280; x_wconf 93' lang='lat' dir='ltr'>te</span> <span class='ocrx_word' id='word_1_96' title='bbox 1520 1228 1800 1281; x_wconf 89' lang='lat' dir='ltr'>volumus.</span> <span class='ocrx_word' id='word_1_97' title='bbox 1908 1230 2024 1281; x_wconf 88' lang='lat' dir='ltr'>tate</span> <span class='ocrx_word' id='word_1_98' title='bbox 2064 1228 2433 1299; x_wconf 80' lang='lat' dir='ltr'>congregatio</span> <span class='ocrx_word' id='word_1_99' title='bbox 2462 1230 2720 1299; x_wconf 82' lang='lat' dir='ltr'>elegerit,</span> <span class='ocrx_word' id='word_1_100' title='bbox 2753 1232 2809 1282; x_wconf 89' lang='lat' dir='ltr'>et</span> <span class='ocrx_word' id='word_1_101' title='bbox 2840 1228 2934 1300; x_wconf 87' lang='lat' dir='ltr'>qui</span> <span class='ocrx_word' id='word_1_102' title='bbox 2968 1229 3182 1281; x_wconf 87' lang='lat' dir='ltr'>electus</span> <span class='ocrx_word' id='word_1_103' title='bbox 3204 1226 3505 1281; x_wconf 84' lang='lat' dir='ltr'>fueritsine</span> 
     </span>
    </p>
   </div>
   <div class='ocr_carea' id='block_1_12' title="bbox 159 1314 3501 1389">
    <p class='ocr_par' dir='ltr' id='par_1_12' title="bbox 159 1314 3501 1389">
     <span class='ocr_line' id='line_1_12' title="bbox 159 1314 3501 1389; baseline -0.001 -17"><span class='ocrx_word' id='word_1_104' title='bbox 159 1318 368 1373; x_wconf 74' lang='lat' dir='ltr'>Missas</span> <span class='ocrx_word' id='word_1_105' title='bbox 404 1322 611 1372; x_wconf 83' lang='lat' dir='ltr'>autem</span> <span class='ocrx_word' id='word_1_106' title='bbox 635 1317 747 1371; x_wconf 93' lang='lat' dir='ltr'>illic</span> <span class='ocrx_word' id='word_1_107' title='bbox 762 1316 1474 1387; x_wconf 88' lang='lat' dir='ltr'>publicasperepiscopum</span> <span class='ocrx_word' id='word_1_108' title='bbox 1499 1315 1621 1368; x_wconf 85' lang='lat' dir='ltr'>fieri</span> <span class='ocrx_word' id='word_1_109' title='bbox 1646 1314 1805 1369; x_wconf 89' lang='lat' dir='ltr'>omni</span> <span class='ocrx_word' id='word_1_110' title='bbox 1909 1315 2040 1370; x_wconf 91' lang='lat' dir='ltr'>dolo</span> <span class='ocrx_word' id='word_1_111' title='bbox 2068 1318 2155 1370; x_wconf 83' lang='lat' dir='ltr'>vel</span> <span class='ocrx_word' id='word_1_112' title='bbox 2185 1317 2490 1372; x_wconf 88' lang='lat' dir='ltr'>venalitate</span> <span class='ocrx_word' id='word_1_113' title='bbox 2519 1319 2711 1389; x_wconf 87' lang='lat' dir='ltr'>aliqua</span> <span class='ocrx_word' id='word_1_114' title='bbox 2728 1316 3219 1381; x_wconf 88' lang='lat' dir='ltr'>ordinetur.Quod</span> <span class='ocrx_word' id='word_1_115' title='bbox 3233 1316 3275 1369; x_wconf 90' lang='lat' dir='ltr'>si</span> <span class='ocrx_word' id='word_1_116' title='bbox 3305 1319 3501 1387; x_wconf 83' lang='lat' dir='ltr'>aptam</span> 
     </span>
    </p>
   </div>
   <div class='ocr_carea' id='block_1_13' title="bbox 160 1403 3503 1478">
    <p class='ocr_par' dir='ltr' id='par_1_13' title="bbox 160 1403 3503 1478">
     <span class='ocr_line' id='line_1_13' title="bbox 160 1403 3503 1478; baseline -0.001 -18"><span class='ocrx_word' id='word_1_117' title='bbox 160 1406 357 1460; x_wconf 89' lang='lat' dir='ltr'>modo</span> <span class='ocrx_word' id='word_1_118' title='bbox 381 1406 796 1478; x_wconf 84' lang='lat' dir='ltr'>prohibemus,</span> <span class='ocrx_word' id='word_1_119' title='bbox 827 1422 899 1460; x_wconf 88' lang='lat' dir='ltr'>ne</span> <span class='ocrx_word' id='word_1_120' title='bbox 931 1404 987 1459; x_wconf 91' lang='lat' dir='ltr'>in</span> <span class='ocrx_word' id='word_1_121' title='bbox 1019 1421 1314 1459; x_wconf 89' lang='lat' dir='ltr'>servorum</span> <span class='ocrx_word' id='word_1_122' title='bbox 1336 1403 1436 1458; x_wconf 88' lang='lat' dir='ltr'>Dei</span> <span class='ocrx_word' id='word_1_123' title='bbox 1469 1404 1801 1469; x_wconf 85' lang='lat' dir='ltr'>recessibus,</span> <span class='ocrx_word' id='word_1_124' title='bbox 1906 1404 2057 1458; x_wconf 92' lang='lat' dir='ltr'>inter</span> <span class='ocrx_word' id='word_1_125' title='bbox 2076 1422 2132 1459; x_wconf 91' lang='lat' dir='ltr'>se</span> <span class='ocrx_word' id='word_1_126' title='bbox 2157 1407 2733 1476; x_wconf 86' lang='lat' dir='ltr'>personaminvenire</span> <span class='ocrx_word' id='word_1_127' title='bbox 2754 1404 3408 1477; x_wconf 87' lang='lat' dir='ltr'>nequiverint,solertem</span> <span class='ocrx_word' id='word_1_128' title='bbox 3434 1404 3503 1458; x_wconf 86' lang='lat' dir='ltr'>de</span> 
     </span>
    </p>
   </div>
   <div class='ocr_carea' id='block_1_14' title="bbox 160 1492 3500 1566">
    <p class='ocr_par' dir='ltr' id='par_1_14' title="bbox 160 1492 3500 1566">
     <span class='ocr_line' id='line_1_14' title="bbox 160 1492 3500 1566; baseline -0.001 -17"><span class='ocrx_word' id='word_1_129' title='bbox 160 1494 569 1566; x_wconf 88' lang='lat' dir='ltr'>popularibus</span> <span class='ocrx_word' id='word_1_130' title='bbox 593 1493 814 1548; x_wconf 86' lang='lat' dir='ltr'>occasio</span> <span class='ocrx_word' id='word_1_131' title='bbox 845 1494 1171 1565; x_wconf 67' lang='lat' dir='ltr'>prazbeatur</span> <span class='ocrx_word' id='word_1_132' title='bbox 1203 1494 1315 1547; x_wconf 92' lang='lat' dir='ltr'>ulla</span> <span class='ocrx_word' id='word_1_133' title='bbox 1345 1492 1804 1557; x_wconf 87' lang='lat' dir='ltr'>conventibus,et</span> <span class='ocrx_word' id='word_1_134' title='bbox 1906 1493 2027 1547; x_wconf 88' lang='lat' dir='ltr'>aliis</span> <span class='ocrx_word' id='word_1_135' title='bbox 2049 1495 2412 1549; x_wconf 87' lang='lat' dir='ltr'>monasteriis</span> <span class='ocrx_word' id='word_1_136' title='bbox 2438 1495 2543 1549; x_wconf 90' lang='lat' dir='ltr'>sibi</span> <span class='ocrx_word' id='word_1_137' title='bbox 2561 1496 2824 1549; x_wconf 89' lang='lat' dir='ltr'>similiter</span> <span class='ocrx_word' id='word_1_138' title='bbox 2851 1494 3066 1564; x_wconf 88' lang='lat' dir='ltr'>eligant</span> <span class='ocrx_word' id='word_1_139' title='bbox 3089 1492 3500 1558; x_wconf 88' lang='lat' dir='ltr'>ordinandum;</span> 
     </span>
    </p>
   </div>
   <div class='ocr_carea' id='block_1_15' title="bbox 162 1580 3504 1655">
    <p class='ocr_par' dir='ltr' id='par_1_15' title="bbox 162 1580 3504 1655">
     <span class='ocr_line' id='line_1_15' title="bbox 162 1580 3504 1655; baseline -0.001 -18"><span class='ocrx_word' id='word_1_140' title='bbox 162 1584 574 1654; x_wconf 89' lang='lat' dir='ltr'>simpliciores</span> <span class='ocrx_word' id='word_1_141' title='bbox 604 1600 670 1636; x_wconf 83' lang='lat' dir='ltr'>ex</span> <span class='ocrx_word' id='word_1_142' title='bbox 701 1583 1044 1637; x_wconf 86' lang='lat' dir='ltr'>hocanimas</span> <span class='ocrx_word' id='word_1_143' title='bbox 1078 1582 1610 1653; x_wconf 88' lang='lat' dir='ltr'>plerumque,quod</span> <span class='ocrx_word' id='word_1_144' title='bbox 1633 1580 1796 1635; x_wconf 72' lang='lat' dir='ltr'>absit!</span> <span class='ocrx_word' id='word_1_145' title='bbox 1905 1599 2093 1654; x_wconf 89' lang='lat' dir='ltr'>neque</span> <span class='ocrx_word' id='word_1_146' title='bbox 2116 1584 2368 1637; x_wconf 88' lang='lat' dir='ltr'>venienti</span> <span class='ocrx_word' id='word_1_147' title='bbox 2386 1584 2575 1638; x_wconf 89' lang='lat' dir='ltr'>abbati</span> <span class='ocrx_word' id='word_1_148' title='bbox 2604 1600 2959 1655; x_wconf 80' lang='lat' dir='ltr'>quaecunque</span> <span class='ocrx_word' id='word_1_149' title='bbox 2982 1599 3228 1654; x_wconf 86' lang='lat' dir='ltr'>persona</span> <span class='ocrx_word' id='word_1_150' title='bbox 3250 1582 3504 1653; x_wconf 90' lang='lat' dir='ltr'>qualibet</span> 
     </span>
    </p>
   </div>
   <div class='ocr_carea' id='block_1_16' title="bbox 164 1669 3501 1744">
    <p class='ocr_par' dir='ltr' id='par_1_16' title="bbox 164 1669 3501 1744">
     <span class='ocr_line' id='line_1_16' title="bbox 164 1669 3501 1744; baseline -0 -20"><span class='ocrx_word' id='word_1_151' title='bbox 164 1672 228 1726; x_wconf 89' lang='lat' dir='ltr'>in</span> <span class='ocrx_word' id='word_1_152' title='bbox 247 1671 607 1726; x_wconf 81' lang='lat' dir='ltr'>scandalum</span> <span class='ocrx_word' id='word_1_153' title='bbox 642 1672 833 1725; x_wconf 85' lang='lat' dir='ltr'>trahat</span> <span class='ocrx_word' id='word_1_154' title='bbox 860 1671 1222 1743; x_wconf 78' lang='lat' dir='ltr'>frequentior</span> <span class='ocrx_word' id='word_1_155' title='bbox 1244 1687 1472 1742; x_wconf 88' lang='lat' dir='ltr'>quoque</span> <span class='ocrx_word' id='word_1_156' title='bbox 1506 1669 1802 1723; x_wconf 85' lang='lat' dir='ltr'>muliebris</span> <span class='ocrx_word' id='word_1_157' title='bbox 1904 1672 2199 1725; x_wconf 78' lang='lat' dir='ltr'>occasione</span> <span class='ocrx_word' id='word_1_158' title='bbox 2231 1673 2287 1725; x_wconf 90' lang='lat' dir='ltr'>in</span> <span class='ocrx_word' id='word_1_159' title='bbox 2321 1690 2421 1727; x_wconf 92' lang='lat' dir='ltr'>suo</span> <span class='ocrx_word' id='word_1_160' title='bbox 2454 1673 2804 1727; x_wconf 89' lang='lat' dir='ltr'>monasterio</span> <span class='ocrx_word' id='word_1_161' title='bbox 2836 1670 3501 1744; x_wconf 79' lang='lat' dir='ltr'>prmponatur,nisiforte</span> 
     </span>
    </p>
   </div>
   <div class='ocr_carea' id='block_1_17' title="bbox 170 1758 3501 1831">
    <p class='ocr_par' dir='ltr' id='par_1_17' title="bbox 170 1758 3501 1831">
     <span class='ocr_line' id='line_1_17' title="bbox 170 1758 3501 1831; baseline 0 -19"><span class='ocrx_word' id='word_1_162' title='bbox 170 1759 479 1813; x_wconf 84' lang='lat' dir='ltr'>introitus.</span> <span class='ocrx_word' id='word_1_163' title='bbox 500 1760 659 1813; x_wconf 82' lang='lat' dir='ltr'>Hanc</span> <span class='ocrx_word' id='word_1_164' title='bbox 684 1762 877 1813; x_wconf 90' lang='lat' dir='ltr'>autem</span> <span class='ocrx_word' id='word_1_165' title='bbox 913 1758 1254 1829; x_wconf 90' lang='lat' dir='ltr'>scriptorum</span> <span class='ocrx_word' id='word_1_166' title='bbox 1290 1762 1622 1813; x_wconf 88' lang='lat' dir='ltr'>nostrorum</span> <span class='ocrx_word' id='word_1_167' title='bbox 1647 1758 1804 1829; x_wconf 88' lang='lat' dir='ltr'>pagi-</span> <span class='ocrx_word' id='word_1_168' title='bbox 1827 1828 1863 1831; x_wconf 82' lang='lat'><strong><em>_</em></strong></span> <span class='ocrx_word' id='word_1_169' title='bbox 1902 1760 2270 1826; x_wconf 83' lang='lat' dir='ltr'>exstantibus,</span> <span class='ocrx_word' id='word_1_170' title='bbox 2303 1761 2457 1830; x_wconf 91' lang='lat' dir='ltr'>quod</span> <span class='ocrx_word' id='word_1_171' title='bbox 2476 1760 2637 1813; x_wconf 74' lang='lat' dir='ltr'>absit!</span> <span class='ocrx_word' id='word_1_172' title='bbox 2663 1760 2996 1814; x_wconf 87' lang='lat' dir='ltr'>criminibus</span> <span class='ocrx_word' id='word_1_173' title='bbox 3019 1777 3144 1831; x_wconf 74' lang='lat' dir='ltr'>qua:</span> <span class='ocrx_word' id='word_1_174' title='bbox 3162 1758 3305 1813; x_wconf 82' lang='lat' dir='ltr'>sacri</span> <span class='ocrx_word' id='word_1_175' title='bbox 3327 1776 3501 1813; x_wconf 81' lang='lat' dir='ltr'>eano-</span> 
     </span>
    </p>
   </div>
   <div class='ocr_carea' id='block_1_18' title="bbox 175 1828 3501 1919">
    <p class='ocr_par' dir='ltr' id='par_1_18' title="bbox 175 1828 3501 1919">
     <span class='ocr_line' id='line_1_18' title="bbox 175 1828 3501 1919; baseline -0 -17"><span class='ocrx_word' id='word_1_176' title='bbox 175 1864 316 1901; x_wconf 88' lang='lat' dir='ltr'>nam</span> <span class='ocrx_word' id='word_1_177' title='bbox 341 1848 516 1902; x_wconf 89' lang='lat' dir='ltr'>omni</span> <span class='ocrx_word' id='word_1_178' title='bbox 534 1848 591 1902; x_wconf 92' lang='lat' dir='ltr'>in</span> <span class='ocrx_word' id='word_1_179' title='bbox 611 1848 803 1902; x_wconf 87' lang='lat' dir='ltr'>futuro</span> <span class='ocrx_word' id='word_1_180' title='bbox 819 1850 1085 1919; x_wconf 89' lang='lat' dir='ltr'>tempore</span> <span class='ocrx_word' id='word_1_181' title='bbox 1110 1849 1196 1901; x_wconf 87' lang='lat' dir='ltr'>vel</span> <span class='ocrx_word' id='word_1_182' title='bbox 1212 1850 1339 1918; x_wconf 85' lang='lat' dir='ltr'>post</span> <span class='ocrx_word' id='word_1_183' title='bbox 1357 1846 1639 1919; x_wconf 86' lang='lat' dir='ltr'>episcopis</span> <span class='ocrx_word' id='word_1_184' title='bbox 1655 1847 1802 1901; x_wconf 89' lang='lat' dir='ltr'>ordi-</span> <span class='ocrx_word' id='word_1_185' title='bbox 1825 1828 1877 1887; x_wconf 84' lang='grc' dir='ltr'>Β</span> <span class='ocrx_word' id='word_1_186' title='bbox 1904 1866 2002 1903; x_wconf 91' lang='lat' dir='ltr'>nes</span> <span class='ocrx_word' id='word_1_187' title='bbox 2030 1849 2231 1919; x_wconf 89' lang='lat' dir='ltr'>punire</span> <span class='ocrx_word' id='word_1_188' title='bbox 2252 1851 2594 1902; x_wconf 89' lang='lat' dir='ltr'>monstrant.</span> <span class='ocrx_word' id='word_1_189' title='bbox 2614 1849 2829 1902; x_wconf 87' lang='lat' dir='ltr'>Pariter</span> <span class='ocrx_word' id='word_1_190' title='bbox 2849 1828 3501 1901; x_wconf 42' lang='lat' dir='ltr'>autem—custodiendum</span> 
     </span>
    </p>
   </div>
   <div class='ocr_carea' id='block_1_19' title="bbox 178 1935 1802 2007">
    <p class='ocr_par' dir='ltr' id='par_1_19' title="bbox 178 1935 1802 2007">
     <span class='ocr_line' id='line_1_19' title="bbox 178 1935 1802 2007; baseline -0.001 -17"><span class='ocrx_word' id='word_1_191' title='bbox 178 1936 396 1990; x_wconf 89' lang='lat' dir='ltr'>nandis</span> <span class='ocrx_word' id='word_1_192' title='bbox 426 1937 682 1992; x_wconf 82' lang='lat' dir='ltr'>formam</span> <span class='ocrx_word' id='word_1_193' title='bbox 717 1936 1039 2000; x_wconf 87' lang='lat' dir='ltr'>statuimus,</span> <span class='ocrx_word' id='word_1_194' title='bbox 1073 1936 1467 2007; x_wconf 90' lang='lat' dir='ltr'>illibatamque</span> <span class='ocrx_word' id='word_1_195' title='bbox 1501 1935 1802 2001; x_wconf 89' lang='lat' dir='ltr'>servari,ut</span> 
     </span>
    </p>
   </div>
   <div class='ocr_carea' id='block_1_20' title="bbox 178 2025 1805 2095">
    <p class='ocr_par' dir='ltr' id='par_1_20' title="bbox 178 2025 1805 2095">
     <span class='ocr_line' id='line_1_20' title="bbox 178 2025 1805 2095; baseline 0 -18"><span class='ocrx_word' id='word_1_196' title='bbox 178 2028 375 2078; x_wconf 80' lang='lat' dir='ltr'>tecum</span> <span class='ocrx_word' id='word_1_197' title='bbox 410 2029 512 2079; x_wconf 90' lang='lat' dir='ltr'>tua</span> <span class='ocrx_word' id='word_1_198' title='bbox 552 2026 821 2092; x_wconf 87' lang='lat' dir='ltr'>Ecclesia,</span> <span class='ocrx_word' id='word_1_199' title='bbox 848 2026 1087 2095; x_wconf 88' lang='lat' dir='ltr'>juvante</span> <span class='ocrx_word' id='word_1_200' title='bbox 1119 2025 1391 2091; x_wconf 92' lang='lat' dir='ltr'>Domino,</span> <span class='ocrx_word' id='word_1_201' title='bbox 1425 2040 1526 2078; x_wconf 89' lang='lat' dir='ltr'>suo</span> <span class='ocrx_word' id='word_1_202' title='bbox 1552 2027 1805 2078; x_wconf 91' lang='lat' dir='ltr'>tantum-</span> 
     </span>
    </p>
   </div>
   <div class='ocr_carea' id='block_1_21' title="bbox 186 2101 1801 2182">
    <p class='ocr_par' dir='ltr' id='par_1_21' title="bbox 186 2101 1801 2182">
     <span class='ocr_line' id='line_1_21' title="bbox 186 2101 1801 2182; baseline 0.002 -19"><span class='ocrx_word' id='word_1_203' title='bbox 186 2110 363 2165; x_wconf 86' lang='lat' dir='ltr'>modo</span> <span class='ocrx_word' id='word_1_204' title='bbox 396 2112 625 2182; x_wconf 84' lang='lat' dir='ltr'>sitjure</span> <span class='ocrx_word' id='word_1_205' title='bbox 655 2115 1025 2179; x_wconf 85' lang='lat' dir='ltr'>contenta,et</span> <span class='ocrx_word' id='word_1_206' title='bbox 1055 2114 1471 2167; x_wconf 86' lang='lat' dir='ltr'>monasterium</span> <span class='ocrx_word' id='word_1_207' title='bbox 1494 2101 1801 2173; x_wconf 76' lang='lat' dir='ltr'>illud,nulli</span> 
     </span>
    </p>
   </div>
   <div class='ocr_carea' id='block_1_22' title="bbox 190 2199 1799 2272">
    <p class='ocr_par' dir='ltr' id='par_1_22' title="bbox 190 2199 1799 2272">
     <span class='ocr_line' id='line_1_22' title="bbox 190 2199 1799 2272; baseline 0.001 -21"><span class='ocrx_word' id='word_1_208' title='bbox 190 2199 425 2253; x_wconf 82' lang='lat' dir='ltr'>alterius</span> <span class='ocrx_word' id='word_1_209' title='bbox 462 2200 682 2271; x_wconf 88' lang='lat' dir='ltr'>aliique</span> <span class='ocrx_word' id='word_1_210' title='bbox 714 2201 977 2272; x_wconf 88' lang='lat' dir='ltr'>generali</span> <span class='ocrx_word' id='word_1_211' title='bbox 1006 2200 1368 2255; x_wconf 72' lang='lat' dir='ltr'>eanoniczeve</span> <span class='ocrx_word' id='word_1_212' title='bbox 1405 2200 1799 2271; x_wconf 85' lang='lat' dir='ltr'>jurisdiclioni</span> 
     </span>
    </p>
   </div>
   <div class='ocr_carea' id='block_1_23' title="bbox 192 2286 1796 2359">
    <p class='ocr_par' dir='ltr' id='par_1_23' title="bbox 192 2286 1796 2359">
     <span class='ocr_line' id='line_1_23' title="bbox 192 2286 1796 2359; baseline 0.002 -19"><span class='ocrx_word' id='word_1_213' title='bbox 192 2286 539 2355; x_wconf 78' lang='lat' dir='ltr'>deserviens,</span> <span class='ocrx_word' id='word_1_214' title='bbox 571 2289 813 2344; x_wconf 86' lang='lat' dir='ltr'>remotis</span> <span class='ocrx_word' id='word_1_215' title='bbox 833 2289 1227 2344; x_wconf 86' lang='lat' dir='ltr'>vexationibus</span> <span class='ocrx_word' id='word_1_216' title='bbox 1253 2306 1317 2344; x_wconf 91' lang='lat' dir='ltr'>ac</span> <span class='ocrx_word' id='word_1_217' title='bbox 1349 2290 1568 2343; x_wconf 88' lang='lat' dir='ltr'>cunctis</span> <span class='ocrx_word' id='word_1_218' title='bbox 1596 2305 1796 2359; x_wconf 86' lang='lat' dir='ltr'>grava-</span> 
     </span>
    </p>
   </div>
   <div class='ocr_carea' id='block_1_24' title="bbox 191 2374 1796 2449">
    <p class='ocr_par' dir='ltr' id='par_1_24' title="bbox 191 2374 1796 2449">
     <span class='ocr_line' id='line_1_24' title="bbox 191 2374 1796 2449; baseline 0.002 -22"><span class='ocrx_word' id='word_1_219' title='bbox 191 2374 737 2443; x_wconf 88' lang='lat' dir='ltr'>minibus,divinum</span> <span class='ocrx_word' id='word_1_220' title='bbox 750 2394 894 2449; x_wconf 88' lang='lat' dir='ltr'>opus</span> <span class='ocrx_word' id='word_1_221' title='bbox 907 2394 1038 2433; x_wconf 91' lang='lat' dir='ltr'>cum</span> <span class='ocrx_word' id='word_1_222' title='bbox 1052 2395 1282 2433; x_wconf 91' lang='lat' dir='ltr'>summa</span> <span class='ocrx_word' id='word_1_223' title='bbox 1294 2377 1473 2432; x_wconf 90' lang='lat' dir='ltr'>animi</span> <span class='ocrx_word' id='word_1_224' title='bbox 1491 2377 1796 2432; x_wconf 82' lang='lat' dir='ltr'>devotione</span> 
     </span>
    </p>
   </div>
   <div class='ocr_carea' id='block_1_25' title="bbox 190 2464 1529 2535">
    <p class='ocr_par' dir='ltr' id='par_1_25' title="bbox 190 2464 1529 2535">
     <span class='ocr_line' id='line_1_25' title="bbox 190 2464 1529 2535; baseline 0.001 -18"><span class='ocrx_word' id='word_1_225' title='bbox 190 2464 505 2532; x_wconf 88' lang='lat' dir='ltr'>perﬁciant.</span> <span class='ocrx_word' id='word_1_226' title='bbox 539 2468 684 2520; x_wconf 89' lang='lat' dir='ltr'>Data</span> <span class='ocrx_word' id='word_1_227' title='bbox 704 2484 905 2521; x_wconf 89' lang='lat' dir='ltr'>mense</span> <span class='ocrx_word' id='word_1_228' title='bbox 933 2467 1101 2535; x_wconf 86' lang='lat' dir='ltr'>Julio,</span> <span class='ocrx_word' id='word_1_229' title='bbox 1127 2468 1325 2523; x_wconf 88' lang='lat' dir='ltr'>indict.</span> <span class='ocrx_word' id='word_1_230' title='bbox 1356 2484 1463 2521; x_wconf 77' lang='lat' dir='ltr'>xw.</span> <span class='ocrx_word' id='word_1_231' title='bbox 1499 2486 1529 2518; x_wconf 67' lang='grc' dir='ltr'><strong><em>ι</em></strong></span> 
     </span>
    </p>
   </div>
   <div class='ocr_carea' id='block_1_26' title="bbox 259 2553 1792 2626">
    <p class='ocr_par' dir='ltr' id='par_1_26' title="bbox 259 2553 1792 2626">
     <span class='ocr_line' id='line_1_26' title="bbox 259 2553 1792 2626; baseline 0.001 -20"><span class='ocrx_word' id='word_1_232' title='bbox 259 2553 427 2615; x_wconf 85' lang='lat' dir='ltr'>Quod</span> <span class='ocrx_word' id='word_1_233' title='bbox 456 2570 578 2607; x_wconf 88' lang='lat' dir='ltr'>non</span> <span class='ocrx_word' id='word_1_234' title='bbox 622 2553 794 2608; x_wconf 86' lang='lat' dir='ltr'>debet</span> <span class='ocrx_word' id='word_1_235' title='bbox 843 2554 1141 2626; x_wconf 91' lang='lat' dir='ltr'>episcopus</span> <span class='ocrx_word' id='word_1_236' title='bbox 1183 2554 1600 2609; x_wconf 87' lang='lat' dir='ltr'>monasterium</span> <span class='ocrx_word' id='word_1_237' title='bbox 1645 2554 1792 2608; x_wconf 89' lang='lat' dir='ltr'>inhi-</span> 
     </span>
    </p>
   </div>
   <div class='ocr_carea' id='block_1_27' title="bbox 190 2640 1791 2715">
    <p class='ocr_par' dir='ltr' id='par_1_27' title="bbox 190 2640 1791 2715">
     <span class='ocr_line' id='line_1_27' title="bbox 190 2640 1791 2715; baseline 0.002 -22"><span class='ocrx_word' id='word_1_238' title='bbox 190 2640 320 2694; x_wconf 84' lang='lat' dir='ltr'>bere</span> <span class='ocrx_word' id='word_1_239' title='bbox 352 2658 388 2696; x_wconf 92' lang='lat' dir='ltr'>a</span> <span class='ocrx_word' id='word_1_240' title='bbox 418 2640 611 2696; x_wconf 88' lang='lat' dir='ltr'>missis</span> <span class='ocrx_word' id='word_1_241' title='bbox 635 2658 742 2696; x_wconf 91' lang='lat' dir='ltr'>nec</span> <span class='ocrx_word' id='word_1_242' title='bbox 773 2660 807 2696; x_wconf 92' lang='lat' dir='ltr'>a</span> <span class='ocrx_word' id='word_1_243' title='bbox 836 2644 1127 2713; x_wconf 89' lang='lat' dir='ltr'>sepultura</span> <span class='ocrx_word' id='word_1_244' title='bbox 1160 2660 1173 2699; x_wconf 87' lang='lat'><strong>:</strong></span> <span class='ocrx_word' id='word_1_245' title='bbox 1211 2666 1237 2694; x_wconf 84' lang='lat'><strong>«</strong></span> <span class='ocrx_word' id='word_1_246' title='bbox 1259 2643 1567 2715; x_wconf 86' lang='lat' dir='ltr'>Gregorius</span> <span class='ocrx_word' id='word_1_247' title='bbox 1584 2642 1791 2697; x_wconf 84' lang='lat' dir='ltr'>Joanni</span> 
     </span>
    </p>
   </div>
   <div class='ocr_carea' id='block_1_28' title="bbox 192 2728 1789 2803">
    <p class='ocr_par' dir='ltr' id='par_1_28' title="bbox 192 2728 1789 2803">
     <span class='ocr_line' id='line_1_28' title="bbox 192 2728 1789 2803; baseline 0.003 -24"><span class='ocrx_word' id='word_1_248' title='bbox 192 2728 455 2800; x_wconf 87' lang='lat' dir='ltr'>episcopo</span> <span class='ocrx_word' id='word_1_249' title='bbox 494 2730 565 2783; x_wconf 89' lang='lat' dir='ltr'>de</span> <span class='ocrx_word' id='word_1_250' title='bbox 597 2731 750 2785; x_wconf 89' lang='lat' dir='ltr'>Urbe</span> <span class='ocrx_word' id='word_1_251' title='bbox 786 2731 988 2785; x_wconf 87' lang='lat' dir='ltr'>Vetere</span> <span class='ocrx_word' id='word_1_252' title='bbox 1036 2730 1258 2803; x_wconf 54' lang='lat' dir='ltr'>(Epist,</span> <span class='ocrx_word' id='word_1_253' title='bbox 1310 2748 1347 2798; x_wconf 88' lang='grc' dir='ltr'>ι,</span> <span class='ocrx_word' id='word_1_254' title='bbox 1412 2732 1519 2803; x_wconf 79' lang='grc'>12).</span> <span class='ocrx_word' id='word_1_255' title='bbox 1579 2730 1789 2801; x_wconf 83' lang='lat' dir='ltr'>Agapi-</span> 
     </span>
    </p>
   </div>
   <div class='ocr_carea' id='block_1_29' title="bbox 193 2817 1793 2891">
    <p class='ocr_par' dir='ltr' id='par_1_29' title="bbox 193 2817 1793 2891">
     <span class='ocr_line' id='line_1_29' title="bbox 193 2817 1793 2891; baseline 0.003 -23"><span class='ocrx_word' id='word_1_256' title='bbox 193 2818 275 2869; x_wconf 87' lang='lat' dir='ltr'>tus</span> <span class='ocrx_word' id='word_1_257' title='bbox 290 2817 470 2872; x_wconf 84' lang='lat' dir='ltr'>abbas</span> <span class='ocrx_word' id='word_1_258' title='bbox 484 2818 822 2874; x_wconf 87' lang='lat' dir='ltr'>monasterii</span> <span class='ocrx_word' id='word_1_259' title='bbox 846 2818 1039 2874; x_wconf 89' lang='lat' dir='ltr'>Sancti</span> <span class='ocrx_word' id='word_1_260' title='bbox 1053 2819 1280 2891; x_wconf 87' lang='lat' dir='ltr'>Georgii</span> <span class='ocrx_word' id='word_1_261' title='bbox 1302 2819 1611 2874; x_wconf 87' lang='lat' dir='ltr'>insinuavit</span> <span class='ocrx_word' id='word_1_262' title='bbox 1629 2819 1793 2875; x_wconf 90' lang='lat' dir='ltr'>nobis</span> 
     </span>
    </p>
   </div>
   <div class='ocr_carea' id='block_1_30' title="bbox 194 2906 1789 2981">
    <p class='ocr_par' dir='ltr' id='par_1_30' title="bbox 194 2906 1789 2981">
     <span class='ocr_line' id='line_1_30' title="bbox 194 2906 1789 2981; baseline 0.002 -22"><span class='ocrx_word' id='word_1_263' title='bbox 194 2906 436 2975; x_wconf 89' lang='lat' dir='ltr'>plurima</span> <span class='ocrx_word' id='word_1_264' title='bbox 447 2910 784 2974; x_wconf 89' lang='lat' dir='ltr'>se[a]vestra</span> <span class='ocrx_word' id='word_1_265' title='bbox 798 2908 1097 2962; x_wconf 88' lang='lat' dir='ltr'>sanctitate</span> <span class='ocrx_word' id='word_1_266' title='bbox 1121 2910 1457 2981; x_wconf 86' lang='lat' dir='ltr'>gravamina</span> <span class='ocrx_word' id='word_1_267' title='bbox 1489 2909 1789 2976; x_wconf 88' lang='lat' dir='ltr'>sustinere,</span> 
     </span>
    </p>
   </div>
   <div class='ocr_carea' id='block_1_31' title="bbox 195 2996 1794 3070">
    <p class='ocr_par' dir='ltr' id='par_1_31' title="bbox 195 2996 1794 3070">
     <span class='ocr_line' id='line_1_31' title="bbox 195 2996 1794 3070; baseline 0.003 -23"><span class='ocrx_word' id='word_1_268' title='bbox 195 2997 247 3046; x_wconf 88' lang='lat' dir='ltr'>et</span> <span class='ocrx_word' id='word_1_269' title='bbox 274 3011 391 3049; x_wconf 90' lang='lat' dir='ltr'>non</span> <span class='ocrx_word' id='word_1_270' title='bbox 422 2998 611 3050; x_wconf 88' lang='lat' dir='ltr'>solum</span> <span class='ocrx_word' id='word_1_271' title='bbox 634 2996 694 3051; x_wconf 89' lang='lat' dir='ltr'>in</span> <span class='ocrx_word' id='word_1_272' title='bbox 720 2997 809 3051; x_wconf 90' lang='lat' dir='ltr'>bis</span> <span class='ocrx_word' id='word_1_273' title='bbox 831 2997 1033 3065; x_wconf 83' lang='lat' dir='ltr'>[ad,vel</span> <span class='ocrx_word' id='word_1_274' title='bbox 1058 2999 1427 3070; x_wconf 82' lang='lat' dir='ltr'>contralquae</span> <span class='ocrx_word' id='word_1_275' title='bbox 1446 2998 1794 3052; x_wconf 87' lang='lat' dir='ltr'>necessitatis</span> 
     </span>
    </p>
   </div>
   <div class='ocr_carea' id='block_1_32' title="bbox 1904 1935 3498 2006">
    <p class='ocr_par' dir='ltr' id='par_1_32' title="bbox 1904 1935 3498 2006">
     <span class='ocr_line' id='line_1_32' title="bbox 1904 1935 3498 2006; baseline -0.003 -15"><span class='ocrx_word' id='word_1_276' title='bbox 1904 1940 1989 1991; x_wconf 90' lang='lat' dir='ltr'>est</span> <span class='ocrx_word' id='word_1_277' title='bbox 2021 1941 2099 2005; x_wconf 87' lang='lat' dir='ltr'>ut,</span> <span class='ocrx_word' id='word_1_278' title='bbox 2128 1937 2305 1991; x_wconf 86' lang='lat' dir='ltr'>invito</span> <span class='ocrx_word' id='word_1_279' title='bbox 2327 1937 2585 2006; x_wconf 82' lang='lat' dir='ltr'>ejusdem</span> <span class='ocrx_word' id='word_1_280' title='bbox 2611 1936 2942 1990; x_wconf 86' lang='lat' dir='ltr'>monasterii</span> <span class='ocrx_word' id='word_1_281' title='bbox 2976 1937 3202 2000; x_wconf 90' lang='lat' dir='ltr'>abbate,</span> <span class='ocrx_word' id='word_1_282' title='bbox 3238 1935 3310 1987; x_wconf 89' lang='lat' dir='ltr'>ad</span> <span class='ocrx_word' id='word_1_283' title='bbox 3344 1935 3498 1989; x_wconf 90' lang='lat' dir='ltr'>ordi-</span> 
     </span>
    </p>
   </div>
   <div class='ocr_carea' id='block_1_33' title="bbox 1905 2023 3503 2091">
    <p class='ocr_par' dir='ltr' id='par_1_33' title="bbox 1905 2023 3503 2091">
     <span class='ocr_line' id='line_1_33' title="bbox 1905 2023 3503 2091; baseline -0.003 -11"><span class='ocrx_word' id='word_1_284' title='bbox 1905 2026 2097 2080; x_wconf 90' lang='lat' dir='ltr'>nanda</span> <span class='ocrx_word' id='word_1_285' title='bbox 2124 2027 2234 2080; x_wconf 88' lang='lat' dir='ltr'>alia</span> <span class='ocrx_word' id='word_1_286' title='bbox 2267 2026 2640 2091; x_wconf 88' lang='lat' dir='ltr'>monasteria,</span> <span class='ocrx_word' id='word_1_287' title='bbox 2674 2029 2770 2079; x_wconf 90' lang='lat' dir='ltr'>aut</span> <span class='ocrx_word' id='word_1_288' title='bbox 2795 2023 2867 2077; x_wconf 92' lang='lat' dir='ltr'>ad</span> <span class='ocrx_word' id='word_1_289' title='bbox 2909 2023 3137 2077; x_wconf 88' lang='lat' dir='ltr'>ordines</span> <span class='ocrx_word' id='word_1_290' title='bbox 3174 2039 3384 2089; x_wconf 85' lang='lat' dir='ltr'>sacros,</span> <span class='ocrx_word' id='word_1_291' title='bbox 3417 2023 3503 2076; x_wconf 89' lang='lat' dir='ltr'>vel</span> 
     </span>
    </p>
   </div>
   <div class='ocr_carea' id='block_1_34' title="bbox 1902 2111 3504 2169">
    <p class='ocr_par' dir='ltr' id='par_1_34' title="bbox 1902 2111 3504 2169">
     <span class='ocr_line' id='line_1_34' title="bbox 1902 2111 3504 2169; baseline -0.002 0"><span class='ocrx_word' id='word_1_292' title='bbox 1902 2115 2198 2169; x_wconf 85' lang='lat' dir='ltr'>clericatus</span> <span class='ocrx_word' id='word_1_293' title='bbox 2212 2113 2462 2168; x_wconf 88' lang='lat' dir='ltr'>officium</span> <span class='ocrx_word' id='word_1_294' title='bbox 2482 2114 2599 2168; x_wconf 89' lang='lat' dir='ltr'>tolli</span> <span class='ocrx_word' id='word_1_295' title='bbox 2620 2113 2821 2167; x_wconf 84' lang='lat' dir='ltr'>exinde</span> <span class='ocrx_word' id='word_1_296' title='bbox 2837 2111 3103 2166; x_wconf 84' lang='lat' dir='ltr'>monachi</span> <span class='ocrx_word' id='word_1_297' title='bbox 3123 2128 3237 2165; x_wconf 89' lang='lat' dir='ltr'>non</span> <span class='ocrx_word' id='word_1_298' title='bbox 3253 2111 3504 2165; x_wconf 83' lang='lat' dir='ltr'>debeant</span> 
     </span>
    </p>
   </div>
   <div class='ocr_carea' id='block_1_35' title="bbox 1902 2200 3499 2273">
    <p class='ocr_par' dir='ltr' id='par_1_35' title="bbox 1902 2200 3499 2273">
     <span class='ocr_line' id='line_1_35' title="bbox 1902 2200 3499 2273; baseline -0.003 -15"><span class='ocrx_word' id='word_1_299' title='bbox 1902 2205 1999 2259; x_wconf 93' lang='lat' dir='ltr'>sed</span> <span class='ocrx_word' id='word_1_300' title='bbox 2033 2206 2078 2257; x_wconf 91' lang='lat' dir='ltr'>si</span> <span class='ocrx_word' id='word_1_301' title='bbox 2105 2204 2463 2258; x_wconf 89' lang='lat' dir='ltr'>abundantes</span> <span class='ocrx_word' id='word_1_302' title='bbox 2492 2202 2706 2256; x_wconf 82' lang='lat' dir='ltr'>fuerint</span> <span class='ocrx_word' id='word_1_303' title='bbox 2742 2202 2837 2273; x_wconf 89' lang='lat' dir='ltr'>qui</span> <span class='ocrx_word' id='word_1_304' title='bbox 2871 2201 2943 2255; x_wconf 88' lang='lat' dir='ltr'>ad</span> <span class='ocrx_word' id='word_1_305' title='bbox 2971 2200 3345 2255; x_wconf 85' lang='lat' dir='ltr'>celebrandas</span> <span class='ocrx_word' id='word_1_306' title='bbox 3384 2201 3499 2255; x_wconf 90' lang='lat' dir='ltr'>Deo</span> 
     </span>
    </p>
   </div>
   <div class='ocr_carea' id='block_1_36' title="bbox 1900 2289 3497 2358">
    <p class='ocr_par' dir='ltr' id='par_1_36' title="bbox 1900 2289 3497 2358">
     <span class='ocr_line' id='line_1_36' title="bbox 1900 2289 3497 2358; baseline -0.002 -11"><span class='ocrx_word' id='word_1_307' title='bbox 1900 2293 2098 2348; x_wconf 88' lang='lat' dir='ltr'>laudes</span> <span class='ocrx_word' id='word_1_308' title='bbox 2144 2294 2228 2347; x_wconf 90' lang='lat' dir='ltr'>vel</span> <span class='ocrx_word' id='word_1_309' title='bbox 2272 2292 2544 2346; x_wconf 90' lang='lat' dir='ltr'>utilitates</span> <span class='ocrx_word' id='word_1_310' title='bbox 2586 2290 3070 2346; x_wconf 86' lang='lat' dir='ltr'>monasteriorum</span> <span class='ocrx_word' id='word_1_311' title='bbox 3124 2289 3497 2358; x_wconf 86' lang='lat' dir='ltr'>complendas</span> 
     </span>
    </p>
   </div>
   <div class='ocr_carea' id='block_1_37' title="bbox 1898 2378 3493 2449">
    <p class='ocr_par' dir='ltr' id='par_1_37' title="bbox 1898 2378 3493 2449">
     <span class='ocr_line' id='line_1_37' title="bbox 1898 2378 3493 2449; baseline -0.003 -14"><span class='ocrx_word' id='word_1_312' title='bbox 1898 2382 2203 2446; x_wconf 78' lang='lat' dir='ltr'>sufficiant,</span> <span class='ocrx_word' id='word_1_313' title='bbox 2240 2382 2415 2435; x_wconf 89' lang='lat' dir='ltr'>abbas</span> <span class='ocrx_word' id='word_1_314' title='bbox 2448 2397 2576 2435; x_wconf 90' lang='lat' dir='ltr'>cum</span> <span class='ocrx_word' id='word_1_315' title='bbox 2620 2380 2922 2435; x_wconf 86' lang='lat' dir='ltr'>devotione</span> <span class='ocrx_word' id='word_1_316' title='bbox 2956 2379 3025 2433; x_wconf 90' lang='lat' dir='ltr'>de</span> <span class='ocrx_word' id='word_1_317' title='bbox 3055 2378 3143 2432; x_wconf 88' lang='lat' dir='ltr'>his</span> <span class='ocrx_word' id='word_1_318' title='bbox 3173 2378 3272 2449; x_wconf 90' lang='lat' dir='ltr'>qui</span> <span class='ocrx_word' id='word_1_319' title='bbox 3295 2394 3493 2448; x_wconf 89' lang='lat' dir='ltr'>super-</span> 
     </span>
    </p>
   </div>
   <div class='ocr_carea' id='block_1_38' title="bbox 1896 2465 3490 2541">
    <p class='ocr_par' dir='ltr' id='par_1_38' title="bbox 1896 2465 3490 2541">
     <span class='ocr_line' id='line_1_38' title="bbox 1896 2465 3490 2541; baseline -0.004 -16"><span class='ocrx_word' id='word_1_320' title='bbox 1896 2470 2111 2525; x_wconf 89' lang='lat' dir='ltr'>fuerint</span> <span class='ocrx_word' id='word_1_321' title='bbox 2137 2470 2338 2525; x_wconf 76' lang='lat' dir='ltr'>offerat</span> <span class='ocrx_word' id='word_1_322' title='bbox 2367 2487 2509 2541; x_wconf 88' lang='lat' dir='ltr'>quos</span> <span class='ocrx_word' id='word_1_323' title='bbox 2539 2469 2746 2540; x_wconf 87' lang='lat' dir='ltr'>dignos</span> <span class='ocrx_word' id='word_1_324' title='bbox 2785 2484 2980 2522; x_wconf 89' lang='lat' dir='ltr'>coram</span> <span class='ocrx_word' id='word_1_325' title='bbox 3028 2468 3143 2521; x_wconf 89' lang='lat' dir='ltr'>Deo</span> <span class='ocrx_word' id='word_1_326' title='bbox 3187 2465 3490 2537; x_wconf 87' lang='lat' dir='ltr'>putaverit.</span> 
     </span>
    </p>
   </div>
   <div class='ocr_carea' id='block_1_39' title="bbox 1897 2554 3497 2624">
    <p class='ocr_par' dir='ltr' id='par_1_39' title="bbox 1897 2554 3497 2624">
     <span class='ocr_line' id='line_1_39' title="bbox 1897 2554 3497 2624; baseline -0.003 -10"><span class='ocrx_word' id='word_1_327' title='bbox 1897 2560 2057 2624; x_wconf 92' lang='lat' dir='ltr'>Quod</span> <span class='ocrx_word' id='word_1_328' title='bbox 2087 2560 2130 2613; x_wconf 78' lang='lat' dir='ltr'>si</span> <span class='ocrx_word' id='word_1_329' title='bbox 2162 2559 2511 2613; x_wconf 76' lang='lat' dir='ltr'>sufficienter</span> <span class='ocrx_word' id='word_1_330' title='bbox 2536 2558 2755 2612; x_wconf 89' lang='lat' dir='ltr'>habens</span> <span class='ocrx_word' id='word_1_331' title='bbox 2781 2557 2917 2611; x_wconf 82' lang='lat' dir='ltr'>dare</span> <span class='ocrx_word' id='word_1_332' title='bbox 2950 2554 3215 2622; x_wconf 90' lang='lat' dir='ltr'>noluerit,</span> <span class='ocrx_word' id='word_1_333' title='bbox 3237 2558 3370 2608; x_wconf 90' lang='lat' dir='ltr'>tunc</span> <span class='ocrx_word' id='word_1_334' title='bbox 3392 2555 3497 2609; x_wconf 81' lang='lat' dir='ltr'>Ra-</span> 
     </span>
    </p>
   </div>
   <div class='ocr_carea' id='block_1_40' title="bbox 1891 2642 3498 2720">
    <p class='ocr_par' dir='ltr' id='par_1_40' title="bbox 1891 2642 3498 2720">
     <span class='ocr_line' id='line_1_40' title="bbox 1891 2642 3498 2720; baseline -0.004 -18"><span class='ocrx_word' id='word_1_335' title='bbox 1891 2648 2154 2703; x_wconf 89' lang='lat' dir='ltr'>vennatis</span> <span class='ocrx_word' id='word_1_336' title='bbox 2181 2649 2477 2720; x_wconf 89' lang='lat' dir='ltr'>episcopus</span> <span class='ocrx_word' id='word_1_337' title='bbox 2490 2647 2561 2701; x_wconf 90' lang='lat' dir='ltr'>ad</span> <span class='ocrx_word' id='word_1_338' title='bbox 2592 2645 2915 2701; x_wconf 89' lang='lat' dir='ltr'>ordinanda</span> <span class='ocrx_word' id='word_1_339' title='bbox 2936 2644 3046 2699; x_wconf 89' lang='lat' dir='ltr'>alia</span> <span class='ocrx_word' id='word_1_340' title='bbox 3060 2642 3410 2699; x_wconf 88' lang='lat' dir='ltr'>monasteria</span> <span class='ocrx_word' id='word_1_341' title='bbox 3427 2643 3498 2697; x_wconf 91' lang='lat' dir='ltr'>de</span> 
     </span>
    </p>
   </div>
   <div class='ocr_carea' id='block_1_41' title="bbox 1892 2733 3493 2809">
    <p class='ocr_par' dir='ltr' id='par_1_41' title="bbox 1892 2733 3493 2809">
     <span class='ocr_line' id='line_1_41' title="bbox 1892 2733 3493 2809; baseline -0.004 -17"><span class='ocrx_word' id='word_1_342' title='bbox 1892 2736 1979 2792; x_wconf 89' lang='lat' dir='ltr'>his</span> <span class='ocrx_word' id='word_1_343' title='bbox 2010 2738 2103 2809; x_wconf 91' lang='lat' dir='ltr'>qui</span> <span class='ocrx_word' id='word_1_344' title='bbox 2137 2740 2441 2808; x_wconf 88' lang='lat' dir='ltr'>supersunt</span> <span class='ocrx_word' id='word_1_345' title='bbox 2496 2737 2675 2790; x_wconf 89' lang='lat' dir='ltr'>tollat.</span> <span class='ocrx_word' id='word_1_346' title='bbox 2705 2735 2790 2789; x_wconf 80' lang='lat' dir='ltr'>Ad</span> <span class='ocrx_word' id='word_1_347' title='bbox 2821 2733 3263 2788; x_wconf 88' lang='lat' dir='ltr'>ecclesiasticum</span> <span class='ocrx_word' id='word_1_348' title='bbox 3295 2734 3493 2787; x_wconf 86' lang='lat' dir='ltr'>tamen</span> 
     </span>
    </p>
   </div>
   <div class='ocr_carea' id='block_1_42' title="bbox 1893 2821 3499 2895">
    <p class='ocr_par' dir='ltr' id='par_1_42' title="bbox 1893 2821 3499 2895">
     <span class='ocr_line' id='line_1_42' title="bbox 1893 2821 3499 2895; baseline -0.003 -15"><span class='ocrx_word' id='word_1_349' title='bbox 1893 2826 2147 2880; x_wconf 86' lang='lat' dir='ltr'>officium</span> <span class='ocrx_word' id='word_1_350' title='bbox 2172 2827 2358 2880; x_wconf 91' lang='lat' dir='ltr'>nullus</span> <span class='ocrx_word' id='word_1_351' title='bbox 2379 2824 2582 2879; x_wconf 86' lang='lat' dir='ltr'>exinde</span> <span class='ocrx_word' id='word_1_352' title='bbox 2602 2825 2969 2895; x_wconf 89' lang='lat' dir='ltr'>producatur,</span> <span class='ocrx_word' id='word_1_353' title='bbox 2995 2821 3097 2876; x_wconf 88' lang='lat' dir='ltr'>nisi</span> <span class='ocrx_word' id='word_1_354' title='bbox 3119 2838 3292 2895; x_wconf 92' lang='lat' dir='ltr'>quem</span> <span class='ocrx_word' id='word_1_355' title='bbox 3323 2821 3499 2876; x_wconf 85' lang='lat' dir='ltr'>abbas</span> 
     </span>
    </p>
   </div>
   <div class='ocr_carea' id='block_1_43' title="bbox 1894 2909 3494 2985">
    <p class='ocr_par' dir='ltr' id='par_1_43' title="bbox 1894 2909 3494 2985">
     <span class='ocr_line' id='line_1_43' title="bbox 1894 2909 3494 2985; baseline -0.004 -16"><span class='ocrx_word' id='word_1_356' title='bbox 1894 2915 2001 2970; x_wconf 90' lang='lat' dir='ltr'>loci</span> <span class='ocrx_word' id='word_1_357' title='bbox 2024 2914 2354 2969; x_wconf 89' lang='lat' dir='ltr'>admonitus</span> <span class='ocrx_word' id='word_1_358' title='bbox 2368 2913 2601 2985; x_wconf 90' lang='lat' dir='ltr'>propria</span> <span class='ocrx_word' id='word_1_359' title='bbox 2618 2915 2911 2967; x_wconf 89' lang='lat' dir='ltr'>voluntate</span> <span class='ocrx_word' id='word_1_360' title='bbox 2931 2909 3494 2981; x_wconf 88' lang='lat' dir='ltr'>obtulerit.Quisquis</span> 
     </span>
    </p>
   </div>
   <div class='ocr_carea' id='block_1_44' title="bbox 1895 2998 3489 3074">
    <p class='ocr_par' dir='ltr' id='par_1_44' title="bbox 1895 2998 3489 3074">
     <span class='ocr_line' id='line_1_44' title="bbox 1895 2998 3489 3074; baseline -0.004 -16"><span class='ocrx_word' id='word_1_361' title='bbox 1895 3008 2090 3058; x_wconf 90' lang='lat' dir='ltr'>autem</span> <span class='ocrx_word' id='word_1_362' title='bbox 2123 3021 2186 3059; x_wconf 85' lang='lat' dir='ltr'>ex</span> <span class='ocrx_word' id='word_1_363' title='bbox 2221 3003 2495 3074; x_wconf 70' lang='lat' dir='ltr'>przedicto</span> <span class='ocrx_word' id='word_1_364' title='bbox 2534 3000 2887 3057; x_wconf 89' lang='lat' dir='ltr'>monasterio</span> <span class='ocrx_word' id='word_1_365' title='bbox 2921 3001 2992 3055; x_wconf 92' lang='lat' dir='ltr'>ad</span> <span class='ocrx_word' id='word_1_366' title='bbox 3046 2998 3489 3054; x_wconf 84' lang='lat' dir='ltr'>ecclesiasticum</span> 
     </span>
    </p>
   </div>
   <div class='ocr_carea' id='block_1_45' title="bbox 196 3087 3494 3162">
    <p class='ocr_par' dir='ltr' id='par_1_45' title="bbox 196 3087 3494 3162">
     <span class='ocr_line' id='line_1_45' title="bbox 196 3087 3494 3162; baseline 0.002 -25"><span class='ocrx_word' id='word_1_367' title='bbox 196 3087 449 3156; x_wconf 88' lang='lat' dir='ltr'>tempore</span> <span class='ocrx_word' id='word_1_368' title='bbox 465 3087 1131 3158; x_wconf 87' lang='lat' dir='ltr'>aliquodmonasterium</span> <span class='ocrx_word' id='word_1_369' title='bbox 1147 3089 1323 3160; x_wconf 86' lang='lat' dir='ltr'>possit</span> <span class='ocrx_word' id='word_1_370' title='bbox 1341 3088 1599 3144; x_wconf 86' lang='lat' dir='ltr'>subferre</span> <span class='ocrx_word' id='word_1_371' title='bbox 1617 3088 1793 3142; x_wconf 92' lang='lat' dir='ltr'>subsi-</span> <span class='ocrx_word' id='word_1_372' title='bbox 1823 3100 1869 3159; x_wconf 74' lang='grc' dir='ltr'>α</span> <span class='ocrx_word' id='word_1_373' title='bbox 1893 3092 2236 3162; x_wconf 88' lang='lat' dir='ltr'>pervenerit,</span> <span class='ocrx_word' id='word_1_374' title='bbox 2264 3092 2496 3145; x_wconf 89' lang='lat' dir='ltr'>ulterius</span> <span class='ocrx_word' id='word_1_375' title='bbox 2514 3091 2626 3145; x_wconf 93' lang='lat' dir='ltr'>illic</span> <span class='ocrx_word' id='word_1_376' title='bbox 2652 3108 2723 3144; x_wconf 89' lang='lat' dir='ltr'>ne</span> <span class='ocrx_word' id='word_1_377' title='bbox 2746 3093 3091 3162; x_wconf 89' lang='lat' dir='ltr'>potestatem</span> <span class='ocrx_word' id='word_1_378' title='bbox 3119 3089 3366 3159; x_wconf 84' lang='lat' dir='ltr'>aliquam</span> <span class='ocrx_word' id='word_1_379' title='bbox 3390 3104 3494 3142; x_wconf 89' lang='lat' dir='ltr'>nec</span> 
     </span>
    </p>
   </div>
   <div class='ocr_carea' id='block_1_46' title="bbox 197 3171 1786 3248">
    <p class='ocr_par' dir='ltr' id='par_1_46' title="bbox 197 3171 1786 3248">
     <span class='ocr_line' id='line_1_46' title="bbox 197 3171 1786 3248; baseline 0.004 -23"><span class='ocrx_word' id='word_1_380' title='bbox 197 3171 577 3243; x_wconf 86' lang='lat' dir='ltr'>dium,verum</span> <span class='ocrx_word' id='word_1_381' title='bbox 599 3176 779 3230; x_wconf 89' lang='lat' dir='ltr'>etiam</span> <span class='ocrx_word' id='word_1_382' title='bbox 794 3176 851 3230; x_wconf 89' lang='lat' dir='ltr'>in</span> <span class='ocrx_word' id='word_1_383' title='bbox 866 3176 986 3247; x_wconf 90' lang='lat' dir='ltr'>ipso</span> <span class='ocrx_word' id='word_1_384' title='bbox 1009 3178 1359 3233; x_wconf 88' lang='lat' dir='ltr'>monasterio</span> <span class='ocrx_word' id='word_1_385' title='bbox 1380 3178 1580 3232; x_wconf 91' lang='lat' dir='ltr'>missas</span> <span class='ocrx_word' id='word_1_386' title='bbox 1593 3177 1786 3248; x_wconf 87' lang='lat' dir='ltr'>prohi-</span> 
     </span>
    </p>
   </div>
   <div class='ocr_carea' id='block_1_47' title="bbox 198 3256 1791 3336">
    <p class='ocr_par' dir='ltr' id='par_1_47' title="bbox 198 3256 1791 3336">
     <span class='ocr_line' id='line_1_47' title="bbox 198 3256 1791 3336; baseline 0.003 -21"><span class='ocrx_word' id='word_1_387' title='bbox 198 3260 327 3315; x_wconf 86' lang='lat' dir='ltr'>beas</span> <span class='ocrx_word' id='word_1_388' title='bbox 348 3264 650 3331; x_wconf 89' lang='lat' dir='ltr'>celebrari,</span> <span class='ocrx_word' id='word_1_389' title='bbox 666 3265 895 3336; x_wconf 90' lang='lat' dir='ltr'>sepeliri</span> <span class='ocrx_word' id='word_1_390' title='bbox 908 3256 1082 3320; x_wconf 78' lang='lat' dir='ltr'>etiam</span> <span class='ocrx_word' id='word_1_391' title='bbox 1106 3265 1321 3321; x_wconf 90' lang='lat' dir='ltr'>ibidem</span> <span class='ocrx_word' id='word_1_392' title='bbox 1338 3271 1597 3322; x_wconf 90' lang='lat' dir='ltr'>mortuos</span> <span class='ocrx_word' id='word_1_393' title='bbox 1617 3266 1791 3320; x_wconf 90' lang='lat' dir='ltr'>inter-</span> 
     </span>
    </p>
   </div>
   <div class='ocr_carea' id='block_1_48' title="bbox 201 3347 1791 3424">
    <p class='ocr_par' dir='ltr' id='par_1_48' title="bbox 201 3347 1791 3424">
     <span class='ocr_line' id='line_1_48' title="bbox 201 3347 1791 3424; baseline 0.006 -23"><span class='ocrx_word' id='word_1_394' title='bbox 201 3347 379 3405; x_wconf 87' lang='lat' dir='ltr'>dicas:</span> <span class='ocrx_word' id='word_1_395' title='bbox 413 3353 569 3424; x_wconf 88' lang='lat' dir='ltr'>quod</span> <span class='ocrx_word' id='word_1_396' title='bbox 600 3352 645 3406; x_wconf 93' lang='lat' dir='ltr'>si</span> <span class='ocrx_word' id='word_1_397' title='bbox 671 3354 751 3407; x_wconf 92' lang='lat' dir='ltr'>ita</span> <span class='ocrx_word' id='word_1_398' title='bbox 782 3357 885 3421; x_wconf 90' lang='lat' dir='ltr'>est,</span> <span class='ocrx_word' id='word_1_399' title='bbox 920 3355 1062 3409; x_wconf 90' lang='lat' dir='ltr'>atali</span> <span class='ocrx_word' id='word_1_400' title='bbox 1083 3372 1182 3411; x_wconf 92' lang='lat' dir='ltr'>vos</span> <span class='ocrx_word' id='word_1_401' title='bbox 1208 3356 1791 3411; x_wconf 89' lang='lat' dir='ltr'>hortamurinhuma-</span> 
     </span>
    </p>
   </div>
   <div class='ocr_carea' id='block_1_49' title="bbox 202 3438 1790 3515">
    <p class='ocr_par' dir='ltr' id='par_1_49' title="bbox 202 3438 1790 3515">
     <span class='ocr_line' id='line_1_49' title="bbox 202 3438 1790 3515; baseline 0.004 -23"><span class='ocrx_word' id='word_1_402' title='bbox 202 3438 369 3494; x_wconf 85' lang='lat' dir='ltr'>nitate</span> <span class='ocrx_word' id='word_1_403' title='bbox 404 3442 700 3512; x_wconf 89' lang='lat' dir='ltr'>suspendi,</span> <span class='ocrx_word' id='word_1_404' title='bbox 733 3446 791 3497; x_wconf 90' lang='lat' dir='ltr'>et</span> <span class='ocrx_word' id='word_1_405' title='bbox 845 3444 1070 3515; x_wconf 89' lang='lat' dir='ltr'>sepeliri</span> <span class='ocrx_word' id='word_1_406' title='bbox 1110 3444 1328 3500; x_wconf 87' lang='lat' dir='ltr'>ibidem</span> <span class='ocrx_word' id='word_1_407' title='bbox 1361 3448 1643 3513; x_wconf 90' lang='lat' dir='ltr'>mortuos,</span> <span class='ocrx_word' id='word_1_408' title='bbox 1704 3447 1790 3500; x_wconf 90' lang='lat' dir='ltr'>vel</span> 
     </span>
    </p>
   </div>
   <div class='ocr_carea' id='block_1_50' title="bbox 200 3528 1795 3599">
    <p class='ocr_par' dir='ltr' id='par_1_50' title="bbox 200 3528 1795 3599">
     <span class='ocr_line' id='line_1_50' title="bbox 200 3528 1795 3599; baseline 0.005 -18"><span class='ocrx_word' id='word_1_409' title='bbox 200 3528 461 3584; x_wconf 84' lang='lat' dir='ltr'>celebrari</span> <span class='ocrx_word' id='word_1_410' title='bbox 494 3533 717 3599; x_wconf 88' lang='lat' dir='ltr'>missas,</span> <span class='ocrx_word' id='word_1_411' title='bbox 750 3533 910 3587; x_wconf 89' lang='lat' dir='ltr'>nulla</span> <span class='ocrx_word' id='word_1_412' title='bbox 923 3533 1158 3587; x_wconf 92' lang='lat' dir='ltr'>ulterius</span> <span class='ocrx_word' id='word_1_413' title='bbox 1174 3534 1370 3590; x_wconf 88' lang='lat' dir='ltr'>habita</span> <span class='ocrx_word' id='word_1_414' title='bbox 1390 3535 1795 3591; x_wconf 88' lang='lat' dir='ltr'>contradictio-</span> 
     </span>
    </p>
   </div>
   <div class='ocr_carea' id='block_1_51' title="bbox 201 3619 1795 3697">
    <p class='ocr_par' dir='ltr' id='par_1_51' title="bbox 201 3619 1795 3697">
     <span class='ocr_line' id='line_1_51' title="bbox 201 3619 1795 3697; baseline 0.005 -27"><span class='ocrx_word' id='word_1_415' title='bbox 201 3619 722 3690; x_wconf 85' lang='lat' dir='ltr'>ne,permittas;nec</span> <span class='ocrx_word' id='word_1_416' title='bbox 744 3621 935 3676; x_wconf 90' lang='lat' dir='ltr'>denuo</span> <span class='ocrx_word' id='word_1_417' title='bbox 953 3624 1249 3694; x_wconf 89' lang='lat' dir='ltr'>querelam</span> <span class='ocrx_word' id='word_1_418' title='bbox 1279 3625 1349 3679; x_wconf 91' lang='lat' dir='ltr'>de</span> <span class='ocrx_word' id='word_1_419' title='bbox 1372 3625 1460 3679; x_wconf 86' lang='lat' dir='ltr'>his</span> <span class='ocrx_word' id='word_1_420' title='bbox 1483 3642 1610 3697; x_wconf 66' lang='lat' dir='ltr'>qua}</span> <span class='ocrx_word' id='word_1_421' title='bbox 1644 3624 1795 3679; x_wconf 88' lang='lat' dir='ltr'>dicta</span> 
     </span>
    </p>
   </div>
   <div class='ocr_carea' id='block_1_52' title="bbox 196 3709 1791 3786">
    <p class='ocr_par' dir='ltr' id='par_1_52' title="bbox 196 3709 1791 3786">
     <span class='ocr_line' id='line_1_52' title="bbox 196 3709 1791 3786; baseline 0.008 -30"><span class='ocrx_word' id='word_1_422' title='bbox 196 3710 319 3759; x_wconf 87' lang='lat' dir='ltr'>sunt</span> <span class='ocrx_word' id='word_1_423' title='bbox 329 3709 634 3779; x_wconf 71' lang='lat' dir='ltr'>praedictus</span> <span class='ocrx_word' id='word_1_424' title='bbox 644 3710 728 3764; x_wconf 91' lang='lat' dir='ltr'>vir</span> <span class='ocrx_word' id='word_1_425' title='bbox 738 3711 1079 3766; x_wconf 88' lang='lat' dir='ltr'>venerabilis</span> <span class='ocrx_word' id='word_1_426' title='bbox 1090 3711 1380 3784; x_wconf 91' lang='lat' dir='ltr'>deponere</span> <span class='ocrx_word' id='word_1_427' title='bbox 1394 3714 1791 3786; x_wconf 90' lang='lat' dir='ltr'>compellatur;</span> 
     </span>
    </p>
   </div>
   <div class='ocr_carea' id='block_1_53' title="bbox 199 3796 1794 3871">
    <p class='ocr_par' dir='ltr' id='par_1_53' title="bbox 199 3796 1794 3871">
     <span class='ocr_line' id='line_1_53' title="bbox 199 3796 1794 3871; baseline 0.006 -22"><span class='ocrx_word' id='word_1_428' title='bbox 199 3796 343 3865; x_wconf 89' lang='lat' dir='ltr'>quod</span> <span class='ocrx_word' id='word_1_429' title='bbox 365 3813 478 3852; x_wconf 90' lang='lat' dir='ltr'>non</span> <span class='ocrx_word' id='word_1_430' title='bbox 501 3797 714 3854; x_wconf 88' lang='lat' dir='ltr'>debeat</span> <span class='ocrx_word' id='word_1_431' title='bbox 731 3798 1032 3871; x_wconf 89' lang='lat' dir='ltr'>episcopus</span> <span class='ocrx_word' id='word_1_432' title='bbox 1049 3801 1465 3857; x_wconf 88' lang='lat' dir='ltr'>monasterium</span> <span class='ocrx_word' id='word_1_433' title='bbox 1481 3801 1742 3858; x_wconf 89' lang='lat' dir='ltr'>inhibere</span> <span class='ocrx_word' id='word_1_434' title='bbox 1760 3822 1794 3859; x_wconf 91' lang='lat' dir='ltr'>a</span> 
     </span>
    </p>
   </div>
   <div class='ocr_carea' id='block_1_54' title="bbox 199 3884 1787 3962">
    <p class='ocr_par' dir='ltr' id='par_1_54' title="bbox 199 3884 1787 3962">
     <span class='ocr_line' id='line_1_54' title="bbox 199 3884 1787 3962; baseline 0.007 -26"><span class='ocrx_word' id='word_1_435' title='bbox 199 3884 391 3943; x_wconf 88' lang='lat' dir='ltr'>missis.</span> <span class='ocrx_word' id='word_1_436' title='bbox 422 3906 452 3939; x_wconf 78' lang='grc'>»</span> <span class='ocrx_word' id='word_1_437' title='bbox 487 3888 630 3942; x_wconf 89' lang='lat' dir='ltr'>Item</span> <span class='ocrx_word' id='word_1_438' title='bbox 659 3886 998 3942; x_wconf 77' lang='lat' dir='ltr'>Martiniano</span> <span class='ocrx_word' id='word_1_439' title='bbox 1029 3888 1296 3962; x_wconf 92' lang='lat' dir='ltr'>episcopo</span> <span class='ocrx_word' id='word_1_440' title='bbox 1329 3890 1457 3962; x_wconf 87' lang='lat' dir='ltr'>(lo.,</span> <span class='ocrx_word' id='word_1_441' title='bbox 1504 3892 1659 3955; x_wconf 82' lang='lat' dir='ltr'>z&#39;bz&#39;d.,</span> <span class='ocrx_word' id='word_1_442' title='bbox 1692 3909 1787 3959; x_wconf 87' lang='lat' dir='ltr'>vn,</span> 
     </span>
    </p>
   </div>
   <div class='ocr_carea' id='block_1_55' title="bbox 206 3972 1788 4048">
    <p class='ocr_par' dir='ltr' id='par_1_55' title="bbox 206 3972 1788 4048">
     <span class='ocr_line' id='line_1_55' title="bbox 206 3972 1788 4048; baseline 0.008 -23"><span class='ocrx_word' id='word_1_443' title='bbox 206 3972 544 4048; x_wconf 77' lang='lat' dir='ltr'>i8.lndict.1):</span> <span class='ocrx_word' id='word_1_444' title='bbox 572 3975 794 4040; x_wconf 79' lang='lat' dir='ltr'>«Quam</span> <span class='ocrx_word' id='word_1_445' title='bbox 811 3975 1277 4033; x_wconf 88' lang='lat' dir='ltr'>sitnecessarium</span> <span class='ocrx_word' id='word_1_446' title='bbox 1295 3980 1788 4037; x_wconf 88' lang='lat' dir='ltr'>monasteriorum</span> 
     </span>
    </p>
   </div>
   <div class='ocr_carea' id='block_1_56' title="bbox 206 4062 1789 4142">
    <p class='ocr_par' dir='ltr' id='par_1_56' title="bbox 206 4062 1789 4142">
     <span class='ocr_line' id='line_1_56' title="bbox 206 4062 1789 4142; baseline 0.006 -25"><span class='ocrx_word' id='word_1_447' title='bbox 206 4062 362 4132; x_wconf 85' lang='lat' dir='ltr'>quieti</span> <span class='ocrx_word' id='word_1_448' title='bbox 382 4065 710 4137; x_wconf 84' lang='lat' dir='ltr'>prospicere</span> <span class='ocrx_word' id='word_1_449' title='bbox 755 4069 815 4120; x_wconf 92' lang='lat' dir='ltr'>et</span> <span class='ocrx_word' id='word_1_450' title='bbox 840 4067 910 4122; x_wconf 91' lang='lat' dir='ltr'>de</span> <span class='ocrx_word' id='word_1_451' title='bbox 932 4082 1133 4122; x_wconf 91' lang='lat' dir='ltr'>eorum</span> <span class='ocrx_word' id='word_1_452' title='bbox 1177 4068 1480 4124; x_wconf 89' lang='lat' dir='ltr'>securitate</span> <span class='ocrx_word' id='word_1_453' title='bbox 1510 4075 1789 4142; x_wconf 90' lang='lat' dir='ltr'>perpetua</span> 
     </span>
    </p>
   </div>
   <div class='ocr_carea' id='block_1_57' title="bbox 205 4153 1786 4231">
    <p class='ocr_par' dir='ltr' id='par_1_57' title="bbox 205 4153 1786 4231">
     <span class='ocr_line' id='line_1_57' title="bbox 205 4153 1786 4231; baseline 0.008 -27"><span class='ocrx_word' id='word_1_454' title='bbox 205 4153 450 4223; x_wconf 84' lang='lat' dir='ltr'>tractare,</span> <span class='ocrx_word' id='word_1_455' title='bbox 479 4158 814 4210; x_wconf 89' lang='lat' dir='ltr'>anteactum</span> <span class='ocrx_word' id='word_1_456' title='bbox 832 4172 927 4211; x_wconf 88' lang='lat' dir='ltr'>vos</span> <span class='ocrx_word' id='word_1_457' title='bbox 940 4155 1215 4225; x_wconf 89' lang='lat' dir='ltr'>officium,</span> <span class='ocrx_word' id='word_1_458' title='bbox 1239 4157 1393 4229; x_wconf 89' lang='lat' dir='ltr'>quod</span> <span class='ocrx_word' id='word_1_459' title='bbox 1421 4157 1479 4213; x_wconf 89' lang='lat' dir='ltr'>in</span> <span class='ocrx_word' id='word_1_460' title='bbox 1500 4159 1786 4231; x_wconf 88' lang='lat' dir='ltr'>regimine</span> 
     </span>
    </p>
   </div>
   <div class='ocr_carea' id='block_1_58' title="bbox 204 4243 1789 4320">
    <p class='ocr_par' dir='ltr' id='par_1_58' title="bbox 204 4243 1789 4320">
     <span class='ocr_line' id='line_1_58' title="bbox 204 4243 1789 4320; baseline 0.007 -27"><span class='ocrx_word' id='word_1_461' title='bbox 204 4244 520 4299; x_wconf 88' lang='lat' dir='ltr'>monasterii</span> <span class='ocrx_word' id='word_1_462' title='bbox 548 4244 907 4307; x_wconf 83' lang='lat' dir='ltr'>exhibuistis,</span> <span class='ocrx_word' id='word_1_463' title='bbox 927 4243 1298 4301; x_wconf 87' lang='lat' dir='ltr'>informat.Et</span> <span class='ocrx_word' id='word_1_464' title='bbox 1322 4247 1475 4309; x_wconf 91' lang='lat' dir='ltr'>ideo,</span> <span class='ocrx_word' id='word_1_465' title='bbox 1510 4249 1645 4320; x_wconf 88' lang='lat' dir='ltr'>quia</span> <span class='ocrx_word' id='word_1_466' title='bbox 1668 4266 1789 4304; x_wconf 92' lang='lat' dir='ltr'>mo-</span> 
     </span>
    </p>
   </div>
   <div class='ocr_carea' id='block_1_59' title="bbox 200 4332 1786 4409">
    <p class='ocr_par' dir='ltr' id='par_1_59' title="bbox 200 4332 1786 4409">
     <span class='ocr_line' id='line_1_59' title="bbox 200 4332 1786 4409; baseline 0.007 -27"><span class='ocrx_word' id='word_1_467' title='bbox 200 4332 493 4387; x_wconf 84' lang='lat' dir='ltr'>nasterium</span> <span class='ocrx_word' id='word_1_468' title='bbox 536 4333 845 4388; x_wconf 81' lang='lat' dir='ltr'>beatorum</span> <span class='ocrx_word' id='word_1_469' title='bbox 883 4334 1119 4388; x_wconf 82' lang='lat' dir='ltr'>Joannis</span> <span class='ocrx_word' id='word_1_470' title='bbox 1164 4334 1507 4406; x_wconf 89' lang='lat' dir='ltr'>etStephani</span> <span class='ocrx_word' id='word_1_471' title='bbox 1557 4337 1786 4409; x_wconf 89' lang='lat' dir='ltr'>quodin</span> 
     </span>
    </p>
   </div>
   <div class='ocr_carea' id='block_1_60' title="bbox 204 4416 1780 4493">
    <p class='ocr_par' dir='ltr' id='par_1_60' title="bbox 204 4416 1780 4493">
     <span class='ocr_line' id='line_1_60' title="bbox 204 4416 1780 4493; baseline 0.008 -22"><span class='ocrx_word' id='word_1_472' title='bbox 204 4416 494 4478; x_wconf 73' lang='lat' dir='ltr'>Classitana</span> <span class='ocrx_word' id='word_1_473' title='bbox 518 4423 745 4478; x_wconf 88' lang='lat' dir='ltr'>civitate</span> <span class='ocrx_word' id='word_1_474' title='bbox 775 4424 1157 4480; x_wconf 90' lang='lat' dir='ltr'>constitutum</span> <span class='ocrx_word' id='word_1_475' title='bbox 1195 4429 1299 4493; x_wconf 90' lang='lat' dir='ltr'>est,</span> <span class='ocrx_word' id='word_1_476' title='bbox 1331 4427 1421 4481; x_wconf 91' lang='lat' dir='ltr'>cui</span> <span class='ocrx_word' id='word_1_477' title='bbox 1452 4429 1780 4484; x_wconf 90' lang='lat' dir='ltr'>communis</span> 
     </span>
    </p>
   </div>
   <div class='ocr_carea' id='block_1_61' title="bbox 202 4505 1784 4586">
    <p class='ocr_par' dir='ltr' id='par_1_61' title="bbox 202 4505 1784 4586">
     <span class='ocr_line' id='line_1_61' title="bbox 202 4505 1784 4586; baseline 0.01 -27"><span class='ocrx_word' id='word_1_478' title='bbox 202 4505 333 4563; x_wconf 89' lang='lat' dir='ltr'>filius</span> <span class='ocrx_word' id='word_1_479' title='bbox 348 4512 611 4566; x_wconf 86' lang='lat' dir='ltr'>C&#39;audius</span> <span class='ocrx_word' id='word_1_480' title='bbox 642 4512 825 4566; x_wconf 88' lang='lat' dir='ltr'>abbas</span> <span class='ocrx_word' id='word_1_481' title='bbox 853 4528 1094 4584; x_wconf 72' lang='lat' dir='ltr'>praeesse</span> <span class='ocrx_word' id='word_1_482' title='bbox 1128 4514 1506 4586; x_wconf 88' lang='lat' dir='ltr'>dignoscitur,</span> <span class='ocrx_word' id='word_1_483' title='bbox 1543 4519 1726 4573; x_wconf 89' lang='lat' dir='ltr'>multa</span> <span class='ocrx_word' id='word_1_484' title='bbox 1750 4537 1784 4575; x_wconf 88' lang='lat' dir='ltr'>a</span> 
     </span>
    </p>
   </div>
   <div class='ocr_carea' id='block_1_62' title="bbox 202 4599 1786 4677">
    <p class='ocr_par' dir='ltr' id='par_1_62' title="bbox 202 4599 1786 4677">
     <span class='ocr_line' id='line_1_62' title="bbox 202 4599 1786 4677; baseline 0.008 -26"><span class='ocrx_word' id='word_1_485' title='bbox 202 4599 697 4665; x_wconf 63' lang='lat' dir='ltr'>praedecessoribus</span> <span class='ocrx_word' id='word_1_486' title='bbox 715 4599 913 4655; x_wconf 86' lang='lat' dir='ltr'>vestris</span> <span class='ocrx_word' id='word_1_487' title='bbox 922 4602 1057 4672; x_wconf 63' lang='lat' dir='ltr'>praej</span> <span class='ocrx_word' id='word_1_488' title='bbox 1068 4603 1255 4658; x_wconf 90' lang='lat' dir='ltr'>udicia</span> <span class='ocrx_word' id='word_1_489' title='bbox 1266 4607 1435 4677; x_wconf 91' lang='lat' dir='ltr'>atque</span> <span class='ocrx_word' id='word_1_490' title='bbox 1446 4606 1786 4677; x_wconf 84' lang='lat' dir='ltr'>gravamina</span> 
     </span>
    </p>
   </div>
   <div class='ocr_carea' id='block_1_63' title="bbox 202 4689 1783 4762">
    <p class='ocr_par' dir='ltr' id='par_1_63' title="bbox 202 4689 1783 4762">
     <span class='ocr_line' id='line_1_63' title="bbox 202 4689 1783 4762; baseline 0.009 -25"><span class='ocrx_word' id='word_1_491' title='bbox 202 4689 473 4753; x_wconf 89' lang='lat' dir='ltr'>pertulisse</span> <span class='ocrx_word' id='word_1_492' title='bbox 485 4689 1571 4762; x_wconf 83' lang='lat' dir='ltr'>cognovimus,oportetutfraternitatis</span> <span class='ocrx_word' id='word_1_493' title='bbox 1584 4699 1783 4752; x_wconf 66' lang='lat' dir='ltr'>vestrae</span> 
     </span>
    </p>
   </div>
   <div class='ocr_carea' id='block_1_64' title="bbox 206 4776 1781 4851">
    <p class='ocr_par' dir='ltr' id='par_1_64' title="bbox 206 4776 1781 4851">
     <span class='ocr_line' id='line_1_64' title="bbox 206 4776 1781 4851; baseline 0.008 -23"><span class='ocrx_word' id='word_1_494' title='bbox 206 4776 422 4842; x_wconf 85' lang='lat' dir='ltr'>provisio</span> <span class='ocrx_word' id='word_1_495' title='bbox 442 4794 645 4834; x_wconf 90' lang='lat' dir='ltr'>eorum</span> <span class='ocrx_word' id='word_1_496' title='bbox 671 4778 743 4832; x_wconf 91' lang='lat' dir='ltr'>de</span> <span class='ocrx_word' id='word_1_497' title='bbox 766 4776 959 4832; x_wconf 84' lang='lat' dir='ltr'>futura</span> <span class='ocrx_word' id='word_1_498' title='bbox 976 4778 1167 4851; x_wconf 88' lang='lat' dir='ltr'>quiete</span> <span class='ocrx_word' id='word_1_499' title='bbox 1181 4781 1393 4835; x_wconf 89' lang='lat' dir='ltr'>salubri</span> <span class='ocrx_word' id='word_1_500' title='bbox 1415 4784 1781 4840; x_wconf 88' lang='lat' dir='ltr'>ordinatione</span> 
     </span>
    </p>
   </div>
   <div class='ocr_carea' id='block_1_65' title="bbox 207 4860 1777 4941">
    <p class='ocr_par' dir='ltr' id='par_1_65' title="bbox 207 4860 1777 4941">
     <span class='ocr_line' id='line_1_65' title="bbox 207 4860 1777 4941; baseline 0.01 -28"><span class='ocrx_word' id='word_1_501' title='bbox 207 4860 756 4939; x_wconf 85' lang='lat' dir='ltr'>disponat,quatenus</span> <span class='ocrx_word' id='word_1_502' title='bbox 769 4871 1172 4923; x_wconf 88' lang='lat' dir='ltr'>conversantes</span> <span class='ocrx_word' id='word_1_503' title='bbox 1190 4869 1301 4924; x_wconf 92' lang='lat' dir='ltr'>illic</span> <span class='ocrx_word' id='word_1_504' title='bbox 1324 4870 1388 4941; x_wconf 72' lang='lat' dir='ltr'>in</span> <span class='ocrx_word' id='word_1_505' title='bbox 1409 4872 1508 4926; x_wconf 90' lang='lat' dir='ltr'>Dei</span> <span class='ocrx_word' id='word_1_506' title='bbox 1526 4874 1777 4939; x_wconf 90' lang='lat' dir='ltr'>servitio,</span> 
     </span>
    </p>
   </div>
   <div class='ocr_carea' id='block_1_66' title="bbox 207 4947 1755 5030">
    <p class='ocr_par' dir='ltr' id='par_1_66' title="bbox 207 4947 1755 5030">
     <span class='ocr_line' id='line_1_66' title="bbox 207 4947 1755 5030; baseline 0.012 -30"><span class='ocrx_word' id='word_1_507' title='bbox 207 4947 354 5021; x_wconf 89' lang='lat' dir='ltr'>ipsius</span> <span class='ocrx_word' id='word_1_508' title='bbox 369 4973 593 5028; x_wconf 87' lang='lat' dir='ltr'>quoque</span> <span class='ocrx_word' id='word_1_509' title='bbox 609 4956 802 5028; x_wconf 71' lang='lat' dir='ltr'>gratia</span> <span class='ocrx_word' id='word_1_510' title='bbox 825 4954 1195 5028; x_wconf 77' lang='lat' dir='ltr'>suffragante,</span> <span class='ocrx_word' id='word_1_511' title='bbox 1210 4959 1373 5012; x_wconf 89' lang='lat' dir='ltr'>liberi</span> <span class='ocrx_word' id='word_1_512' title='bbox 1386 4968 1755 5030; x_wconf 89' lang='lat' dir='ltr'>perseverent</span> 
     </span>
    </p>
   </div>
   <div class='ocr_carea' id='block_1_67' title="bbox 210 5038 1778 5118">
    <p class='ocr_par' dir='ltr' id='par_1_67' title="bbox 210 5038 1778 5118">
     <span class='ocr_line' id='line_1_67' title="bbox 210 5038 1778 5118; baseline 0.008 -22"><span class='ocrx_word' id='word_1_513' title='bbox 210 5038 299 5097; x_wconf 83' lang='lat' dir='ltr'>Sed</span> <span class='ocrx_word' id='word_1_514' title='bbox 313 5062 394 5112; x_wconf 88' lang='lat' dir='ltr'>ne,</span> <span class='ocrx_word' id='word_1_515' title='bbox 422 5064 485 5100; x_wconf 78' lang='lat' dir='ltr'>ex</span> <span class='ocrx_word' id='word_1_516' title='bbox 503 5064 574 5100; x_wconf 88' lang='lat' dir='ltr'>ea</span> <span class='ocrx_word' id='word_1_517' title='bbox 604 5063 735 5118; x_wconf 86' lang='lat' dir='ltr'>quae</span> <span class='ocrx_word' id='word_1_518' title='bbox 765 5046 950 5118; x_wconf 87' lang='lat' dir='ltr'>magis</span> <span class='ocrx_word' id='word_1_519' title='bbox 970 5048 1338 5103; x_wconf 88' lang='lat' dir='ltr'>emendanda</span> <span class='ocrx_word' id='word_1_520' title='bbox 1369 5054 1453 5106; x_wconf 90' lang='lat' dir='ltr'>est</span> <span class='ocrx_word' id='word_1_521' title='bbox 1480 5057 1778 5109; x_wconf 85' lang='lat' dir='ltr'>consuetu-</span> 
     </span>
    </p>
   </div>
   <div class='ocr_carea' id='block_1_68' title="bbox 210 5129 1775 5211">
    <p class='ocr_par' dir='ltr' id='par_1_68' title="bbox 210 5129 1775 5211">
     <span class='ocr_line' id='line_1_68' title="bbox 210 5129 1775 5211; baseline 0.009 -28"><span class='ocrx_word' id='word_1_522' title='bbox 210 5129 334 5201; x_wconf 86' lang='lat' dir='ltr'>dine,</span> <span class='ocrx_word' id='word_1_523' title='bbox 362 5134 597 5206; x_wconf 78' lang='lat' dir='ltr'>quisque</span> <span class='ocrx_word' id='word_1_524' title='bbox 616 5133 1000 5204; x_wconf 88' lang='lat' dir='ltr'>illicquolibet</span> <span class='ocrx_word' id='word_1_525' title='bbox 1028 5139 1292 5207; x_wconf 88' lang='lat' dir='ltr'>tempore</span> <span class='ocrx_word' id='word_1_526' title='bbox 1312 5138 1567 5211; x_wconf 89' lang='lat' dir='ltr'>quidque</span> <span class='ocrx_word' id='word_1_527' title='bbox 1591 5143 1775 5197; x_wconf 90' lang='lat' dir='ltr'>mole-</span> 
     </span>
    </p>
   </div>
   <div class='ocr_carea' id='block_1_69' title="bbox 212 5218 1778 5302">
    <p class='ocr_par' dir='ltr' id='par_1_69' title="bbox 212 5218 1778 5302">
     <span class='ocr_line' id='line_1_69' title="bbox 212 5218 1778 5302; baseline 0.01 -32"><span class='ocrx_word' id='word_1_528' title='bbox 212 5218 307 5274; x_wconf 65' lang='lat' dir='ltr'>stia</span> <span class='ocrx_word' id='word_1_529' title='bbox 338 5225 648 5293; x_wconf 64' lang='lat' dir='ltr'>praesumat</span> <span class='ocrx_word' id='word_1_530' title='bbox 694 5221 932 5290; x_wconf 85' lang='lat' dir='ltr'>inferre,</span> <span class='ocrx_word' id='word_1_531' title='bbox 988 5241 1222 5280; x_wconf 90' lang='lat' dir='ltr'>necesse</span> <span class='ocrx_word' id='word_1_532' title='bbox 1273 5230 1358 5281; x_wconf 88' lang='lat' dir='ltr'>est</span> <span class='ocrx_word' id='word_1_533' title='bbox 1412 5231 1471 5281; x_wconf 92' lang='lat' dir='ltr'>ut</span> <span class='ocrx_word' id='word_1_534' title='bbox 1502 5229 1621 5284; x_wconf 66' lang='lat' dir='ltr'>haec</span> <span class='ocrx_word' id='word_1_535' title='bbox 1650 5247 1778 5302; x_wconf 72' lang='lat' dir='ltr'>qua:</span> 
     </span>
    </p>
   </div>
   <div class='ocr_carea' id='block_1_70' title="bbox 212 5304 1778 5382">
    <p class='ocr_par' dir='ltr' id='par_1_70' title="bbox 212 5304 1778 5382">
     <span class='ocr_line' id='line_1_70' title="bbox 212 5304 1778 5382; baseline 0.01 -23"><span class='ocrx_word' id='word_1_536' title='bbox 212 5304 409 5364; x_wconf 87' lang='lat' dir='ltr'>inferius</span> <span class='ocrx_word' id='word_1_537' title='bbox 444 5311 851 5366; x_wconf 86' lang='lat' dir='ltr'>enumeranda</span> <span class='ocrx_word' id='word_1_538' title='bbox 877 5313 1218 5382; x_wconf 88' lang='lat' dir='ltr'>curavimus,</span> <span class='ocrx_word' id='word_1_539' title='bbox 1269 5313 1350 5370; x_wconf 89' lang='lat' dir='ltr'>ita</span> <span class='ocrx_word' id='word_1_540' title='bbox 1395 5316 1778 5375; x_wconf 88' lang='lat' dir='ltr'>fraternitatis</span> 
     </span>
    </p>
   </div>
   <div class='ocr_carea' id='block_1_71' title="bbox 215 5399 1780 5480">
    <p class='ocr_par' dir='ltr' id='par_1_71' title="bbox 215 5399 1780 5480">
     <span class='ocr_line' id='line_1_71' title="bbox 215 5399 1780 5480; baseline 0.01 -32"><span class='ocrx_word' id='word_1_541' title='bbox 215 5401 371 5454; x_wconf 73' lang='lat' dir='ltr'>vestra:</span> <span class='ocrx_word' id='word_1_542' title='bbox 390 5400 582 5454; x_wconf 89' lang='lat' dir='ltr'>studio</span> <span class='ocrx_word' id='word_1_543' title='bbox 604 5399 863 5454; x_wconf 89' lang='lat' dir='ltr'>debeant</span> <span class='ocrx_word' id='word_1_544' title='bbox 878 5402 1171 5465; x_wconf 89' lang='lat' dir='ltr'>custodiri,</span> <span class='ocrx_word' id='word_1_545' title='bbox 1192 5407 1254 5459; x_wconf 90' lang='lat' dir='ltr'>ut</span> <span class='ocrx_word' id='word_1_546' title='bbox 1274 5421 1340 5459; x_wconf 81' lang='lat' dir='ltr'>ex</span> <span class='ocrx_word' id='word_1_547' title='bbox 1368 5405 1448 5460; x_wconf 90' lang='lat' dir='ltr'>eis</span> <span class='ocrx_word' id='word_1_548' title='bbox 1465 5424 1582 5463; x_wconf 90' lang='lat' dir='ltr'>non</span> <span class='ocrx_word' id='word_1_549' title='bbox 1602 5410 1780 5480; x_wconf 88' lang='lat' dir='ltr'>possit</span> 
     </span>
    </p>
   </div>
   <div class='ocr_carea' id='block_1_72' title="bbox 220 5486 1773 5568">
    <p class='ocr_par' dir='ltr' id='par_1_72' title="bbox 220 5486 1773 5568">
     <span class='ocr_line' id='line_1_72' title="bbox 220 5486 1773 5568; baseline 0.011 -31"><span class='ocrx_word' id='word_1_550' title='bbox 220 5486 407 5543; x_wconf 80' lang='lat' dir='ltr'>ulterius</span> <span class='ocrx_word' id='word_1_551' title='bbox 442 5487 772 5543; x_wconf 62' lang='lat' dir='ltr'>inferendae</span> <span class='ocrx_word' id='word_1_552' title='bbox 801 5486 1213 5560; x_wconf 87' lang='lat' dir='ltr'>inquietudinis</span> <span class='ocrx_word' id='word_1_553' title='bbox 1239 5494 1461 5550; x_wconf 89' lang='lat' dir='ltr'>occasio</span> <span class='ocrx_word' id='word_1_554' title='bbox 1506 5499 1773 5568; x_wconf 89' lang='lat' dir='ltr'>reperiri.</span> 
     </span>
    </p>
   </div>
   <div class='ocr_carea' id='block_1_73' title="bbox 225 5573 1776 5650">
    <p class='ocr_par' dir='ltr' id='par_1_73' title="bbox 225 5573 1776 5650">
     <span class='ocr_line' id='line_1_73' title="bbox 225 5573 1776 5650; baseline 0.009 -22"><span class='ocrx_word' id='word_1_555' title='bbox 225 5573 368 5631; x_wconf 71' lang='lat' dir='ltr'>Nullus</span> <span class='ocrx_word' id='word_1_556' title='bbox 411 5578 585 5649; x_wconf 84' lang='lat' dir='ltr'>igitur</span> <span class='ocrx_word' id='word_1_557' title='bbox 618 5577 771 5632; x_wconf 87' lang='lat' dir='ltr'>ultra</span> <span class='ocrx_word' id='word_1_558' title='bbox 812 5576 1020 5632; x_wconf 83' lang='lat' dir='ltr'>audeat</span> <span class='ocrx_word' id='word_1_559' title='bbox 1049 5580 1119 5634; x_wconf 90' lang='lat' dir='ltr'>de</span> <span class='ocrx_word' id='word_1_560' title='bbox 1145 5578 1442 5650; x_wconf 90' lang='lat' dir='ltr'>reditibus,</span> <span class='ocrx_word' id='word_1_561' title='bbox 1490 5586 1660 5640; x_wconf 87' lang='lat' dir='ltr'>rebus</span> <span class='ocrx_word' id='word_1_562' title='bbox 1691 5589 1776 5642; x_wconf 90' lang='lat' dir='ltr'>vel</span> 
     </span>
    </p>
   </div>
   <div class='ocr_carea' id='block_1_74' title="bbox 227 5664 1782 5750">
    <p class='ocr_par' dir='ltr' id='par_1_74' title="bbox 227 5664 1782 5750">
     <span class='ocr_line' id='line_1_74' title="bbox 227 5664 1782 5750; baseline 0.01 -31"><span class='ocrx_word' id='word_1_563' title='bbox 227 5664 347 5721; x_wconf 64' lang='lat' dir='ltr'>certis</span> <span class='ocrx_word' id='word_1_564' title='bbox 368 5665 621 5742; x_wconf 66' lang='lat' dir='ltr'>praedicti</span> <span class='ocrx_word' id='word_1_565' title='bbox 647 5665 1007 5734; x_wconf 82' lang='lat' dir='ltr'>monasterii,</span> <span class='ocrx_word' id='word_1_566' title='bbox 1026 5669 1114 5725; x_wconf 86' lang='lat' dir='ltr'>vel</span> <span class='ocrx_word' id='word_1_567' title='bbox 1139 5668 1209 5726; x_wconf 86' lang='lat' dir='ltr'>de</span> <span class='ocrx_word' id='word_1_568' title='bbox 1239 5670 1364 5729; x_wconf 88' lang='lat' dir='ltr'>loco</span> <span class='ocrx_word' id='word_1_569' title='bbox 1385 5673 1574 5748; x_wconf 86' lang='lat' dir='ltr'>aliquo</span> <span class='ocrx_word' id='word_1_570' title='bbox 1599 5675 1695 5750; x_wconf 90' lang='lat' dir='ltr'>qui</span> <span class='ocrx_word' id='word_1_571' title='bbox 1709 5677 1782 5734; x_wconf 89' lang='lat' dir='ltr'>ad</span> 
     </span>
    </p>
   </div>
   <div class='ocr_carea' id='block_1_75' title="bbox 1810 4388 1863 4448">
    <p class='ocr_par' dir='ltr' id='par_1_75' title="bbox 1810 4388 1863 4448">
     <span class='ocr_line' id='line_1_75' title="bbox 1810 4388 1863 4448; baseline 0 0"><span class='ocrx_word' id='word_1_572' title='bbox 1810 4388 1863 4448; x_wconf 94' lang='lat' dir='ltr'><strong>D</strong></span> 
     </span>
    </p>
   </div>
   <div class='ocr_carea' id='block_1_76' title="bbox 1890 3178 3495 3249">
    <p class='ocr_par' dir='ltr' id='par_1_76' title="bbox 1890 3178 3495 3249">
     <span class='ocr_line' id='line_1_76' title="bbox 1890 3178 3495 3249; baseline -0.002 -14"><span class='ocrx_word' id='word_1_573' title='bbox 1890 3180 2182 3235; x_wconf 89' lang='lat' dir='ltr'>licentiam</span> <span class='ocrx_word' id='word_1_574' title='bbox 2212 3182 2421 3234; x_wconf 90' lang='lat' dir='ltr'>habeat</span> <span class='ocrx_word' id='word_1_575' title='bbox 2451 3178 2772 3234; x_wconf 89' lang='lat' dir='ltr'>habitandi.</span> <span class='ocrx_word' id='word_1_576' title='bbox 2806 3178 3235 3234; x_wconf 89' lang='lat' dir='ltr'>Observandum</span> <span class='ocrx_word' id='word_1_577' title='bbox 3266 3194 3495 3249; x_wconf 88' lang='lat' dir='ltr'>quoque</span> 
     </span>
    </p>
   </div>
   <div class='ocr_carea' id='block_1_77' title="bbox 1892 3268 3498 3341">
    <p class='ocr_par' dir='ltr' id='par_1_77' title="bbox 1892 3268 3498 3341">
     <span class='ocr_line' id='line_1_77' title="bbox 1892 3268 3498 3341; baseline -0.001 -18"><span class='ocrx_word' id='word_1_578' title='bbox 1892 3274 1976 3324; x_wconf 86' lang='lat' dir='ltr'>est</span> <span class='ocrx_word' id='word_1_579' title='bbox 1994 3268 2367 3341; x_wconf 89' lang='lat' dir='ltr'>utdescriptio</span> <span class='ocrx_word' id='word_1_580' title='bbox 2382 3286 2577 3323; x_wconf 90' lang='lat' dir='ltr'>rerum</span> <span class='ocrx_word' id='word_1_581' title='bbox 2596 3270 2992 3323; x_wconf 88' lang='lat' dir='ltr'>autcartarum</span> <span class='ocrx_word' id='word_1_582' title='bbox 3017 3268 3274 3339; x_wconf 89' lang='lat' dir='ltr'>ejusdem</span> <span class='ocrx_word' id='word_1_583' title='bbox 3295 3284 3498 3322; x_wconf 89' lang='lat' dir='ltr'>mona-</span> 
     </span>
    </p>
   </div>
   <div class='ocr_carea' id='block_1_78' title="bbox 1890 3356 3490 3431">
    <p class='ocr_par' dir='ltr' id='par_1_78' title="bbox 1890 3356 3490 3431">
     <span class='ocr_line' id='line_1_78' title="bbox 1890 3356 3490 3431; baseline -0.001 -19"><span class='ocrx_word' id='word_1_584' title='bbox 1890 3357 2045 3412; x_wconf 91' lang='lat' dir='ltr'>sterii</span> <span class='ocrx_word' id='word_1_585' title='bbox 2068 3358 2139 3411; x_wconf 89' lang='lat' dir='ltr'>ab</span> <span class='ocrx_word' id='word_1_586' title='bbox 2170 3356 2556 3411; x_wconf 86' lang='lat' dir='ltr'>ecclesiasticis</span> <span class='ocrx_word' id='word_1_587' title='bbox 2586 3356 2708 3410; x_wconf 90' lang='lat' dir='ltr'>fieri</span> <span class='ocrx_word' id='word_1_588' title='bbox 2752 3373 2869 3411; x_wconf 88' lang='lat' dir='ltr'>non</span> <span class='ocrx_word' id='word_1_589' title='bbox 2911 3356 3138 3422; x_wconf 88' lang='lat' dir='ltr'>debeat,</span> <span class='ocrx_word' id='word_1_590' title='bbox 3185 3356 3229 3410; x_wconf 92' lang='lat' dir='ltr'>si</span> <span class='ocrx_word' id='word_1_591' title='bbox 3257 3356 3490 3431; x_wconf 81' lang='lat' dir='ltr'>quando</span> 
     </span>
    </p>
   </div>
   <div class='ocr_carea' id='block_1_79' title="bbox 1892 3442 3485 3517">
    <p class='ocr_par' dir='ltr' id='par_1_79' title="bbox 1892 3442 3485 3517">
     <span class='ocr_line' id='line_1_79' title="bbox 1892 3442 3485 3517; baseline -0.002 -17"><span class='ocrx_word' id='word_1_592' title='bbox 1892 3463 1984 3500; x_wconf 90' lang='lat' dir='ltr'>res</span> <span class='ocrx_word' id='word_1_593' title='bbox 1996 3445 2169 3517; x_wconf 85' lang='lat' dir='ltr'>exigit</span> <span class='ocrx_word' id='word_1_594' title='bbox 2192 3462 2205 3513; x_wconf 91' lang='lat'><strong>;</strong></span> <span class='ocrx_word' id='word_1_595' title='bbox 2252 3445 2352 3499; x_wconf 88' lang='lat' dir='ltr'>sed</span> <span class='ocrx_word' id='word_1_596' title='bbox 2369 3445 2544 3499; x_wconf 86' lang='lat' dir='ltr'>abbas</span> <span class='ocrx_word' id='word_1_597' title='bbox 2560 3444 2668 3497; x_wconf 92' lang='lat' dir='ltr'>loci</span> <span class='ocrx_word' id='word_1_598' title='bbox 2683 3460 2811 3498; x_wconf 93' lang='lat' dir='ltr'>cum</span> <span class='ocrx_word' id='word_1_599' title='bbox 2831 3444 3131 3498; x_wconf 88' lang='lat' dir='ltr'>abbatibus</span> <span class='ocrx_word' id='word_1_600' title='bbox 3150 3442 3272 3498; x_wconf 90' lang='lat' dir='ltr'>aliis</span> <span class='ocrx_word' id='word_1_601' title='bbox 3297 3459 3485 3497; x_wconf 90' lang='lat' dir='ltr'>rerum</span> 
     </span>
    </p>
   </div>
   <div class='ocr_carea' id='block_1_80' title="bbox 1892 3531 3488 3603">
    <p class='ocr_par' dir='ltr' id='par_1_80' title="bbox 1892 3531 3488 3603">
     <span class='ocr_line' id='line_1_80' title="bbox 1892 3531 3488 3603; baseline -0.004 -14"><span class='ocrx_word' id='word_1_602' title='bbox 1892 3533 2278 3590; x_wconf 85' lang='lat' dir='ltr'>inventarium</span> <span class='ocrx_word' id='word_1_603' title='bbox 2301 3532 2488 3587; x_wconf 86' lang='lat' dir='ltr'>faciat.</span> <span class='ocrx_word' id='word_1_604' title='bbox 2507 3531 2738 3595; x_wconf 87' lang='lat' dir='ltr'>Quoties</span> <span class='ocrx_word' id='word_1_605' title='bbox 2752 3537 2944 3586; x_wconf 90' lang='lat' dir='ltr'>autem</span> <span class='ocrx_word' id='word_1_606' title='bbox 2958 3548 3063 3603; x_wconf 90' lang='lat' dir='ltr'>pro</span> <span class='ocrx_word' id='word_1_607' title='bbox 3095 3531 3340 3586; x_wconf 89' lang='lat' dir='ltr'>utilitate</span> <span class='ocrx_word' id='word_1_608' title='bbox 3362 3546 3488 3584; x_wconf 88' lang='lat' dir='ltr'>mo-</span> 
     </span>
    </p>
   </div>
   <div class='ocr_carea' id='block_1_81' title="bbox 1894 3618 3488 3694">
    <p class='ocr_par' dir='ltr' id='par_1_81' title="bbox 1894 3618 3488 3694">
     <span class='ocr_line' id='line_1_81' title="bbox 1894 3618 3488 3694; baseline -0.004 -16"><span class='ocrx_word' id='word_1_609' title='bbox 1894 3623 2127 3679; x_wconf 88' lang='lat' dir='ltr'>nasterii</span> <span class='ocrx_word' id='word_1_610' title='bbox 2156 3622 2239 3677; x_wconf 89' lang='lat' dir='ltr'>sui</span> <span class='ocrx_word' id='word_1_611' title='bbox 2270 3622 2342 3677; x_wconf 89' lang='lat' dir='ltr'>ad</span> <span class='ocrx_word' id='word_1_612' title='bbox 2374 3620 2704 3694; x_wconf 83' lang='lat' dir='ltr'>pontificem</span> <span class='ocrx_word' id='word_1_613' title='bbox 2736 3620 3063 3675; x_wconf 85' lang='lat' dir='ltr'>Romanum</span> <span class='ocrx_word' id='word_1_614' title='bbox 3091 3619 3266 3673; x_wconf 86' lang='lat' dir='ltr'>abbas</span> <span class='ocrx_word' id='word_1_615' title='bbox 3294 3618 3488 3673; x_wconf 90' lang='lat' dir='ltr'>venire</span> 
     </span>
    </p>
   </div>
   <div class='ocr_carea' id='block_1_82' title="bbox 1894 3705 3489 3775">
    <p class='ocr_par' dir='ltr' id='par_1_82' title="bbox 1894 3705 3489 3775">
     <span class='ocr_line' id='line_1_82' title="bbox 1894 3705 3489 3775; baseline -0.005 -8"><span class='ocrx_word' id='word_1_616' title='bbox 1894 3714 1980 3769; x_wconf 90' lang='lat' dir='ltr'>vel</span> <span class='ocrx_word' id='word_1_617' title='bbox 2012 3711 2405 3767; x_wconf 89' lang='lat' dir='ltr'>transmittere</span> <span class='ocrx_word' id='word_1_618' title='bbox 2426 3711 2573 3765; x_wconf 88' lang='lat' dir='ltr'>forte</span> <span class='ocrx_word' id='word_1_619' title='bbox 2604 3708 2868 3775; x_wconf 89' lang='lat' dir='ltr'>voluerit,</span> <span class='ocrx_word' id='word_1_620' title='bbox 2924 3709 2974 3763; x_wconf 91' lang='lat' dir='ltr'>ei</span> <span class='ocrx_word' id='word_1_621' title='bbox 3002 3707 3190 3762; x_wconf 93' lang='lat' dir='ltr'>modis</span> <span class='ocrx_word' id='word_1_622' title='bbox 3221 3705 3489 3761; x_wconf 89' lang='lat' dir='ltr'>omnibus</span> 
     </span>
    </p>
   </div>
   <div class='ocr_carea' id='block_1_83' title="bbox 1892 3794 3490 3871">
    <p class='ocr_par' dir='ltr' id='par_1_83' title="bbox 1892 3794 3490 3871">
     <span class='ocr_line' id='line_1_83' title="bbox 1892 3794 3490 3871; baseline -0.006 -14"><span class='ocrx_word' id='word_1_623' title='bbox 1892 3802 2077 3857; x_wconf 86' lang='lat' dir='ltr'>liceat.</span> <span class='ocrx_word' id='word_1_624' title='bbox 2117 3803 2423 3868; x_wconf 66' lang='lat' dir='ltr'>Praeterea,</span> <span class='ocrx_word' id='word_1_625' title='bbox 2456 3816 2586 3854; x_wconf 92' lang='lat' dir='ltr'>cum</span> <span class='ocrx_word' id='word_1_626' title='bbox 2619 3798 3017 3871; x_wconf 90' lang='lat' dir='ltr'>episcoporum</span> <span class='ocrx_word' id='word_1_627' title='bbox 3051 3796 3325 3851; x_wconf 90' lang='lat' dir='ltr'>adventus</span> <span class='ocrx_word' id='word_1_628' title='bbox 3348 3794 3490 3849; x_wconf 90' lang='lat' dir='ltr'>desi-</span> 
     </span>
    </p>
   </div>
   <div class='ocr_carea' id='block_1_84' title="bbox 1892 3884 3490 3958">
    <p class='ocr_par' dir='ltr' id='par_1_84' title="bbox 1892 3884 3490 3958">
     <span class='ocr_line' id='line_1_84' title="bbox 1892 3884 3490 3958; baseline -0.004 -13"><span class='ocrx_word' id='word_1_629' title='bbox 1892 3891 2164 3947; x_wconf 89' lang='lat' dir='ltr'>deranter</span> <span class='ocrx_word' id='word_1_630' title='bbox 2198 3908 2231 3945; x_wconf 91' lang='lat' dir='ltr'>a</span> <span class='ocrx_word' id='word_1_631' title='bbox 2263 3888 2625 3945; x_wconf 90' lang='lat' dir='ltr'>monasteriis</span> <span class='ocrx_word' id='word_1_632' title='bbox 2666 3888 2915 3942; x_wconf 90' lang='lat' dir='ltr'>debeant</span> <span class='ocrx_word' id='word_1_633' title='bbox 2964 3884 3298 3958; x_wconf 82' lang='lat' dir='ltr'>exspectari,</span> <span class='ocrx_word' id='word_1_634' title='bbox 3355 3884 3490 3956; x_wconf 88' lang='lat' dir='ltr'>quia</span> 
     </span>
    </p>
   </div>
   <div class='ocr_carea' id='block_1_85' title="bbox 1889 3974 3485 4050">
    <p class='ocr_par' dir='ltr' id='par_1_85' title="bbox 1889 3974 3485 4050">
     <span class='ocr_line' id='line_1_85' title="bbox 1889 3974 3485 4050; baseline -0.003 -17"><span class='ocrx_word' id='word_1_635' title='bbox 1889 3982 2084 4035; x_wconf 87' lang='lat' dir='ltr'>tamen</span> <span class='ocrx_word' id='word_1_636' title='bbox 2116 3979 2445 4050; x_wconf 89' lang='lat' dir='ltr'>bospitandi</span> <span class='ocrx_word' id='word_1_637' title='bbox 2471 3977 2769 4033; x_wconf 90' lang='lat' dir='ltr'>occasione</span> <span class='ocrx_word' id='word_1_638' title='bbox 2813 3974 3154 4047; x_wconf 54' lang='lat' dir='ltr'>prmdictum</span> <span class='ocrx_word' id='word_1_639' title='bbox 3194 3976 3485 4029; x_wconf 88' lang='lat' dir='ltr'>monaste-</span> 
     </span>
    </p>
   </div>
   <div class='ocr_carea' id='block_1_86' title="bbox 1888 4062 3484 4140">
    <p class='ocr_par' dir='ltr' id='par_1_86' title="bbox 1888 4062 3484 4140">
     <span class='ocr_line' id='line_1_86' title="bbox 1888 4062 3484 4140; baseline -0.005 -16"><span class='ocrx_word' id='word_1_640' title='bbox 1888 4068 2039 4124; x_wconf 93' lang='lat' dir='ltr'>rium</span> <span class='ocrx_word' id='word_1_641' title='bbox 2062 4069 2420 4140; x_wconf 88' lang='lat' dir='ltr'>temporibus</span> <span class='ocrx_word' id='word_1_642' title='bbox 2437 4066 2749 4122; x_wconf 87' lang='lat' dir='ltr'>decessoris</span> <span class='ocrx_word' id='word_1_643' title='bbox 2775 4064 2941 4120; x_wconf 90' lang='lat' dir='ltr'>vestri</span> <span class='ocrx_word' id='word_1_644' title='bbox 2964 4064 3127 4119; x_wconf 91' lang='lat' dir='ltr'>nobis</span> <span class='ocrx_word' id='word_1_645' title='bbox 3149 4062 3321 4118; x_wconf 89' lang='lat' dir='ltr'>fuisse</span> <span class='ocrx_word' id='word_1_646' title='bbox 3336 4080 3484 4118; x_wconf 87' lang='lat' dir='ltr'>nun-</span> 
     </span>
    </p>
   </div>
   <div class='ocr_carea' id='block_1_87' title="bbox 1887 4154 3493 4229">
    <p class='ocr_par' dir='ltr' id='par_1_87' title="bbox 1887 4154 3493 4229">
     <span class='ocr_line' id='line_1_87' title="bbox 1887 4154 3493 4229; baseline -0.005 -16"><span class='ocrx_word' id='word_1_647' title='bbox 1887 4157 2094 4213; x_wconf 88' lang='lat' dir='ltr'>tiatum</span> <span class='ocrx_word' id='word_1_648' title='bbox 2109 4160 2194 4212; x_wconf 89' lang='lat' dir='ltr'>est</span> <span class='ocrx_word' id='word_1_649' title='bbox 2215 4156 2892 4229; x_wconf 58' lang='lat' dir='ltr'>prmgravatumpportet</span> <span class='ocrx_word' id='word_1_650' title='bbox 2913 4157 2975 4208; x_wconf 90' lang='lat' dir='ltr'>ut</span> <span class='ocrx_word' id='word_1_651' title='bbox 2990 4154 3098 4207; x_wconf 85' lang='lat' dir='ltr'>hoc</span> <span class='ocrx_word' id='word_1_652' title='bbox 3118 4154 3387 4208; x_wconf 86' lang='lat' dir='ltr'>sanctitas</span> <span class='ocrx_word' id='word_1_653' title='bbox 3399 4169 3493 4206; x_wconf 90' lang='lat' dir='ltr'>ve-</span> 
     </span>
    </p>
   </div>
   <div class='ocr_carea' id='block_1_88' title="bbox 1888 4241 3485 4315">
    <p class='ocr_par' dir='ltr' id='par_1_88' title="bbox 1888 4241 3485 4315">
     <span class='ocr_line' id='line_1_88' title="bbox 1888 4241 3485 4315; baseline -0.003 -15"><span class='ocrx_word' id='word_1_654' title='bbox 1888 4249 2005 4301; x_wconf 88' lang='lat' dir='ltr'>stra</span> <span class='ocrx_word' id='word_1_655' title='bbox 2030 4246 2300 4300; x_wconf 62' lang='lat' dir='ltr'>decenter</span> <span class='ocrx_word' id='word_1_656' title='bbox 2316 4245 2524 4299; x_wconf 89' lang='lat' dir='ltr'>debeat</span> <span class='ocrx_word' id='word_1_657' title='bbox 2545 4247 2891 4315; x_wconf 85' lang='lat' dir='ltr'>temperare,</span> <span class='ocrx_word' id='word_1_658' title='bbox 2925 4241 3485 4297; x_wconf 84' lang='lat' dir='ltr'>utvisitandiexhor-</span> 
     </span>
    </p>
   </div>
   <div class='ocr_carea' id='block_1_89' title="bbox 1888 4331 3485 4407">
    <p class='ocr_par' dir='ltr' id='par_1_89' title="bbox 1888 4331 3485 4407">
     <span class='ocr_line' id='line_1_89' title="bbox 1888 4331 3485 4407; baseline -0.004 -16"><span class='ocrx_word' id='word_1_659' title='bbox 1888 4336 2165 4407; x_wconf 84' lang='lat' dir='ltr'>tandique</span> <span class='ocrx_word' id='word_1_660' title='bbox 2184 4334 2371 4406; x_wconf 84' lang='lat' dir='ltr'>gratia</span> <span class='ocrx_word' id='word_1_661' title='bbox 2384 4334 2455 4387; x_wconf 89' lang='lat' dir='ltr'>ad</span> <span class='ocrx_word' id='word_1_662' title='bbox 2471 4332 2910 4400; x_wconf 87' lang='lat' dir='ltr'>monasterium,</span> <span class='ocrx_word' id='word_1_663' title='bbox 2945 4331 3169 4403; x_wconf 90' lang='lat' dir='ltr'>quoties</span> <span class='ocrx_word' id='word_1_664' title='bbox 3184 4331 3485 4404; x_wconf 85' lang='lat' dir='ltr'>placuerit,</span> 
     </span>
    </p>
   </div>
   <div class='ocr_carea' id='block_1_90' title="bbox 1888 4419 3485 4495">
    <p class='ocr_par' dir='ltr' id='par_1_90' title="bbox 1888 4419 3485 4495">
     <span class='ocr_line' id='line_1_90' title="bbox 1888 4419 3485 4495; baseline -0.003 -16"><span class='ocrx_word' id='word_1_665' title='bbox 1888 4425 1959 4479; x_wconf 92' lang='lat' dir='ltr'>ab</span> <span class='ocrx_word' id='word_1_666' title='bbox 1975 4424 2233 4495; x_wconf 84' lang='lat' dir='ltr'>ejusdem</span> <span class='ocrx_word' id='word_1_667' title='bbox 2253 4421 2491 4477; x_wconf 87' lang='lat' dir='ltr'>civitatis</span> <span class='ocrx_word' id='word_1_668' title='bbox 2503 4422 2756 4476; x_wconf 87' lang='lat' dir='ltr'>antistite</span> <span class='ocrx_word' id='word_1_669' title='bbox 2770 4421 3075 4476; x_wconf 87' lang='lat' dir='ltr'>accedatur</span> <span class='ocrx_word' id='word_1_670' title='bbox 3097 4438 3109 4475; x_wconf 90' lang='lat'><strong>:</strong></span> <span class='ocrx_word' id='word_1_671' title='bbox 3140 4420 3239 4475; x_wconf 89' lang='lat' dir='ltr'>sed</span> <span class='ocrx_word' id='word_1_672' title='bbox 3255 4420 3332 4474; x_wconf 91' lang='lat' dir='ltr'>sic</span> <span class='ocrx_word' id='word_1_673' title='bbox 3349 4419 3485 4474; x_wconf 88' lang='lat' dir='ltr'>cha-</span> 
     </span>
    </p>
   </div>
   <div class='ocr_carea' id='block_1_91' title="bbox 1886 4510 3485 4583">
    <p class='ocr_par' dir='ltr' id='par_1_91' title="bbox 1886 4510 3485 4583">
     <span class='ocr_line' id='line_1_91' title="bbox 1886 4510 3485 4583; baseline -0.003 -15"><span class='ocrx_word' id='word_1_674' title='bbox 1886 4513 2070 4568; x_wconf 87' lang='lat' dir='ltr'>ritatis</span> <span class='ocrx_word' id='word_1_675' title='bbox 2093 4512 2347 4568; x_wconf 88' lang='lat' dir='ltr'>officium</span> <span class='ocrx_word' id='word_1_676' title='bbox 2368 4511 2480 4565; x_wconf 87' lang='lat' dir='ltr'>illic</span> <span class='ocrx_word' id='word_1_677' title='bbox 2501 4510 3070 4583; x_wconf 85' lang='lat' dir='ltr'>episcopusimpleat,</span> <span class='ocrx_word' id='word_1_678' title='bbox 3092 4513 3485 4581; x_wconf 84' lang='lat' dir='ltr'>utgravamen</span> 
     </span>
    </p>
   </div>
   <div class='ocr_carea' id='block_1_92' title="bbox 1886 4599 3487 4675">
    <p class='ocr_par' dir='ltr' id='par_1_92' title="bbox 1886 4599 3487 4675">
     <span class='ocr_line' id='line_1_92' title="bbox 1886 4599 3487 4675; baseline -0.002 -18"><span class='ocrx_word' id='word_1_679' title='bbox 1886 4602 2118 4675; x_wconf 87' lang='lat' dir='ltr'>aliquod</span> <span class='ocrx_word' id='word_1_680' title='bbox 2150 4600 2564 4657; x_wconf 85' lang='lat' dir='ltr'>monasterium</span> <span class='ocrx_word' id='word_1_681' title='bbox 2589 4616 2707 4655; x_wconf 88' lang='lat' dir='ltr'>non</span> <span class='ocrx_word' id='word_1_682' title='bbox 2732 4599 3006 4655; x_wconf 89' lang='lat' dir='ltr'>incurrat.</span> <span class='ocrx_word' id='word_1_683' title='bbox 3040 4600 3300 4655; x_wconf 88' lang='lat' dir='ltr'>Vestram</span> <span class='ocrx_word' id='word_1_684' title='bbox 3352 4616 3487 4655; x_wconf 89' lang='lat' dir='ltr'>vero</span> 
     </span>
    </p>
   </div>
   <div class='ocr_carea' id='block_1_93' title="bbox 1885 4689 3489 4761">
    <p class='ocr_par' dir='ltr' id='par_1_93' title="bbox 1885 4689 3489 4761">
     <span class='ocr_line' id='line_1_93' title="bbox 1885 4689 3489 4761; baseline -0.003 -15"><span class='ocrx_word' id='word_1_685' title='bbox 1885 4691 2312 4746; x_wconf 83' lang='lat' dir='ltr'>fraternitatem</span> <span class='ocrx_word' id='word_1_686' title='bbox 2349 4689 2657 4761; x_wconf 63' lang='lat' dir='ltr'>praedictus</span> <span class='ocrx_word' id='word_1_687' title='bbox 2686 4689 2865 4745; x_wconf 89' lang='lat' dir='ltr'>abbas</span> <span class='ocrx_word' id='word_1_688' title='bbox 2885 4706 2999 4745; x_wconf 89' lang='lat' dir='ltr'>non</span> <span class='ocrx_word' id='word_1_689' title='bbox 3014 4690 3201 4745; x_wconf 90' lang='lat' dir='ltr'>solum</span> <span class='ocrx_word' id='word_1_690' title='bbox 3221 4705 3337 4742; x_wconf 91' lang='lat' dir='ltr'>non</span> <span class='ocrx_word' id='word_1_691' title='bbox 3358 4704 3489 4741; x_wconf 88' lang='lat' dir='ltr'>me-</span> 
     </span>
    </p>
   </div>
   <div class='ocr_carea' id='block_1_94' title="bbox 1884 4774 3484 4851">
    <p class='ocr_par' dir='ltr' id='par_1_94' title="bbox 1884 4774 3484 4851">
     <span class='ocr_line' id='line_1_94' title="bbox 1884 4774 3484 4851; baseline -0.004 -16"><span class='ocrx_word' id='word_1_692' title='bbox 1884 4780 1991 4835; x_wconf 91' lang='lat' dir='ltr'>tuit</span> <span class='ocrx_word' id='word_1_693' title='bbox 2005 4781 2077 4835; x_wconf 88' lang='lat' dir='ltr'>ad</span> <span class='ocrx_word' id='word_1_694' title='bbox 2096 4779 2513 4835; x_wconf 73' lang='lat' dir='ltr'>monasterium</span> <span class='ocrx_word' id='word_1_695' title='bbox 2529 4778 2866 4851; x_wconf 90' lang='lat' dir='ltr'>frequenter</span> <span class='ocrx_word' id='word_1_696' title='bbox 2889 4775 3287 4843; x_wconf 85' lang='lat' dir='ltr'>accedere,sed</span> <span class='ocrx_word' id='word_1_697' title='bbox 3305 4774 3484 4828; x_wconf 90' lang='lat' dir='ltr'>etiam</span> 
     </span>
    </p>
   </div>
   <div class='ocr_carea' id='block_1_95' title="bbox 1882 4860 3490 4940">
    <p class='ocr_par' dir='ltr' id='par_1_95' title="bbox 1882 4860 3490 4940">
     <span class='ocr_line' id='line_1_95' title="bbox 1882 4860 3490 4940; baseline -0.006 -16"><span class='ocrx_word' id='word_1_698' title='bbox 1882 4868 2334 4924; x_wconf 88' lang='lat' dir='ltr'>desiderabiliter</span> <span class='ocrx_word' id='word_1_699' title='bbox 2357 4868 2725 4940; x_wconf 88' lang='lat' dir='ltr'>concupiscit,</span> <span class='ocrx_word' id='word_1_700' title='bbox 2743 4868 2927 4922; x_wconf 91' lang='lat' dir='ltr'>sciens</span> <span class='ocrx_word' id='word_1_701' title='bbox 2948 4864 3103 4935; x_wconf 90' lang='lat' dir='ltr'>quod</span> <span class='ocrx_word' id='word_1_702' title='bbox 3124 4879 3227 4933; x_wconf 89' lang='lat' dir='ltr'>per</span> <span class='ocrx_word' id='word_1_703' title='bbox 3241 4877 3339 4915; x_wconf 93' lang='lat' dir='ltr'>vos</span> <span class='ocrx_word' id='word_1_704' title='bbox 3359 4860 3490 4915; x_wconf 85' lang='lat' dir='ltr'>sub-</span> 
     </span>
    </p>
   </div>
   <div class='ocr_carea' id='block_1_96' title="bbox 1881 4948 3411 5024">
    <p class='ocr_par' dir='ltr' id='par_1_96' title="bbox 1881 4948 3411 5024">
     <span class='ocr_line' id='line_1_96' title="bbox 1881 4948 3411 5024; baseline -0.01 -12"><span class='ocrx_word' id='word_1_705' title='bbox 1881 4957 2090 5024; x_wconf 76' lang='lat' dir='ltr'>stantia</span> <span class='ocrx_word' id='word_1_706' title='bbox 2114 4955 2445 5012; x_wconf 89' lang='lat' dir='ltr'>monasterii</span> <span class='ocrx_word' id='word_1_707' title='bbox 2480 4956 2723 5010; x_wconf 92' lang='lat' dir='ltr'>omnino</span> <span class='ocrx_word' id='word_1_708' title='bbox 2747 4953 2971 5024; x_wconf 86' lang='lat' dir='ltr'>gravari</span> <span class='ocrx_word' id='word_1_709' title='bbox 3005 4966 3121 5005; x_wconf 89' lang='lat' dir='ltr'>non</span> <span class='ocrx_word' id='word_1_710' title='bbox 3152 4948 3345 5020; x_wconf 88' lang='lat' dir='ltr'>possit.</span> <span class='ocrx_word' id='word_1_711' title='bbox 3386 4970 3411 4995; x_wconf 86' lang='grc'>››</span> 
     </span>
    </p>
   </div>
   <div class='ocr_carea' id='block_1_97' title="bbox 1950 5036 3488 5117">
    <p class='ocr_par' dir='ltr' id='par_1_97' title="bbox 1950 5036 3488 5117">
     <span class='ocr_line' id='line_1_97' title="bbox 1950 5036 3488 5117; baseline -0.007 -15"><span class='ocrx_word' id='word_1_712' title='bbox 1950 5048 2019 5102; x_wconf 92' lang='lat' dir='ltr'>Ut</span> <span class='ocrx_word' id='word_1_713' title='bbox 2048 5045 2343 5117; x_wconf 87' lang='lat' dir='ltr'>privilegia</span> <span class='ocrx_word' id='word_1_714' title='bbox 2364 5044 2826 5099; x_wconf 87' lang='lat' dir='ltr'>etordinationes</span> <span class='ocrx_word' id='word_1_715' title='bbox 2848 5045 2905 5095; x_wconf 91' lang='lat' dir='ltr'>et</span> <span class='ocrx_word' id='word_1_716' title='bbox 2926 5040 3156 5093; x_wconf 90' lang='lat' dir='ltr'>decreta</span> <span class='ocrx_word' id='word_1_717' title='bbox 3179 5037 3331 5091; x_wconf 90' lang='lat' dir='ltr'>beati</span> <span class='ocrx_word' id='word_1_718' title='bbox 3351 5036 3488 5092; x_wconf 91' lang='lat' dir='ltr'>Gre-</span> 
     </span>
    </p>
   </div>
   <div class='ocr_carea' id='block_1_98' title="bbox 1878 5124 3480 5208">
    <p class='ocr_par' dir='ltr' id='par_1_98' title="bbox 1878 5124 3480 5208">
     <span class='ocr_line' id='line_1_98' title="bbox 1878 5124 3480 5208; baseline -0.006 -18"><span class='ocrx_word' id='word_1_719' title='bbox 1878 5135 2024 5208; x_wconf 86' lang='lat' dir='ltr'>gorii</span> <span class='ocrx_word' id='word_1_720' title='bbox 2054 5139 2110 5189; x_wconf 91' lang='lat' dir='ltr'>et</span> <span class='ocrx_word' id='word_1_721' title='bbox 2131 5135 2375 5189; x_wconf 91' lang='lat' dir='ltr'>aliorum</span> <span class='ocrx_word' id='word_1_722' title='bbox 2390 5136 2719 5186; x_wconf 88' lang='lat' dir='ltr'>sanctorum</span> <span class='ocrx_word' id='word_1_723' title='bbox 2739 5128 2860 5182; x_wconf 88' lang='lat' dir='ltr'>sine</span> <span class='ocrx_word' id='word_1_724' title='bbox 2878 5127 3068 5198; x_wconf 90' lang='lat' dir='ltr'>aliqua</span> <span class='ocrx_word' id='word_1_725' title='bbox 3088 5124 3480 5195; x_wconf 87' lang='lat' dir='ltr'>refragatione</span> 
     </span>
    </p>
   </div>
   <div class='ocr_carea' id='block_1_99' title="bbox 1880 5213 3469 5288">
    <p class='ocr_par' dir='ltr' id='par_1_99' title="bbox 1880 5213 3469 5288">
     <span class='ocr_line' id='line_1_99' title="bbox 1880 5213 3469 5288; baseline -0.006 -9"><span class='ocrx_word' id='word_1_726' title='bbox 1880 5227 2178 5279; x_wconf 88' lang='lat' dir='ltr'>serventur</span> <span class='ocrx_word' id='word_1_727' title='bbox 2206 5240 2217 5277; x_wconf 91' lang='lat'>:</span> <span class='ocrx_word' id='word_1_728' title='bbox 2253 5241 2285 5274; x_wconf 74' lang='grc' dir='ltr'>(ί</span> <span class='ocrx_word' id='word_1_729' title='bbox 2316 5219 2603 5274; x_wconf 87' lang='lat' dir='ltr'>Bonifacio</span> <span class='ocrx_word' id='word_1_730' title='bbox 2633 5216 2822 5288; x_wconf 90' lang='lat' dir='ltr'>primo</span> <span class='ocrx_word' id='word_1_731' title='bbox 2857 5214 3150 5270; x_wconf 82' lang='lat' dir='ltr'>defensori</span> <span class='ocrx_word' id='word_1_732' title='bbox 3176 5213 3308 5286; x_wconf 86' lang='lat' dir='ltr'>(ld.,</span> <span class='ocrx_word' id='word_1_733' title='bbox 3343 5213 3469 5270; x_wconf 77' lang='lat' dir='ltr'>ibid.</span> 
     </span>
    </p>
   </div>
   <div class='ocr_carea' id='block_1_100' title="bbox 1879 5303 3475 5385">
    <p class='ocr_par' dir='ltr' id='par_1_100' title="bbox 1879 5303 3475 5385">
     <span class='ocr_line' id='line_1_100' title="bbox 1879 5303 3475 5385; baseline -0.007 -16"><span class='ocrx_word' id='word_1_734' title='bbox 1879 5331 1971 5381; x_wconf 90' lang='lat' dir='ltr'>vn,</span> <span class='ocrx_word' id='word_1_735' title='bbox 2010 5313 2097 5385; x_wconf 83' lang='grc'>17)</span> <span class='ocrx_word' id='word_1_736' title='bbox 2142 5329 2153 5365; x_wconf 92' lang='lat'>:</span> <span class='ocrx_word' id='word_1_737' title='bbox 2212 5307 2616 5364; x_wconf 86' lang='lat' dir='ltr'>Ecclesiastieis</span> <span class='ocrx_word' id='word_1_738' title='bbox 2645 5304 2987 5359; x_wconf 88' lang='lat' dir='ltr'>utilitatibus</span> <span class='ocrx_word' id='word_1_739' title='bbox 3016 5304 3266 5358; x_wconf 89' lang='lat' dir='ltr'>fideliter</span> <span class='ocrx_word' id='word_1_740' title='bbox 3320 5303 3475 5359; x_wconf 89' lang='lat' dir='ltr'>insu-</span> 
     </span>
    </p>
   </div>
   <div class='ocr_carea' id='block_1_101' title="bbox 1880 5392 3481 5469">
    <p class='ocr_par' dir='ltr' id='par_1_101' title="bbox 1880 5392 3481 5469">
     <span class='ocr_line' id='line_1_101' title="bbox 1880 5392 3481 5469; baseline -0.004 -12"><span class='ocrx_word' id='word_1_741' title='bbox 1880 5403 2083 5457; x_wconf 90' lang='lat' dir='ltr'>dantes</span> <span class='ocrx_word' id='word_1_742' title='bbox 2111 5414 2366 5469; x_wconf 87' lang='lat' dir='ltr'>congruo</span> <span class='ocrx_word' id='word_1_743' title='bbox 2394 5398 2527 5449; x_wconf 87' lang='lat' dir='ltr'>sunt</span> <span class='ocrx_word' id='word_1_744' title='bbox 2554 5392 2832 5448; x_wconf 85' lang='lat' dir='ltr'>beneficio</span> <span class='ocrx_word' id='word_1_745' title='bbox 2895 5392 3305 5466; x_wconf 80' lang='lat' dir='ltr'>prosequendi,</span> <span class='ocrx_word' id='word_1_746' title='bbox 3333 5398 3396 5449; x_wconf 92' lang='lat' dir='ltr'>ut</span> <span class='ocrx_word' id='word_1_747' title='bbox 3424 5399 3481 5450; x_wconf 93' lang='lat' dir='ltr'>et</span> 
     </span>
    </p>
   </div>
   <div class='ocr_carea' id='block_1_102' title="bbox 1880 5482 3471 5560">
    <p class='ocr_par' dir='ltr' id='par_1_102' title="bbox 1880 5482 3471 5560">
     <span class='ocr_line' id='line_1_102' title="bbox 1880 5482 3471 5560; baseline -0.004 -14"><span class='ocrx_word' id='word_1_748' title='bbox 1880 5507 1984 5545; x_wconf 88' lang='lat' dir='ltr'>nos</span> <span class='ocrx_word' id='word_1_749' title='bbox 2013 5486 2374 5560; x_wconf 86' lang='lat' dir='ltr'>respondisse</span> <span class='ocrx_word' id='word_1_750' title='bbox 2405 5500 2608 5538; x_wconf 90' lang='lat' dir='ltr'>eorum</span> <span class='ocrx_word' id='word_1_751' title='bbox 2636 5482 2810 5551; x_wconf 88' lang='lat' dir='ltr'>digne</span> <span class='ocrx_word' id='word_1_752' title='bbox 2834 5482 3120 5556; x_wconf 87' lang='lat' dir='ltr'>obsequiis</span> <span class='ocrx_word' id='word_1_753' title='bbox 3148 5482 3471 5550; x_wconf 89' lang='lat' dir='ltr'>videamur,</span> 
     </span>
    </p>
   </div>
   <div class='ocr_carea' id='block_1_103' title="bbox 1878 5571 3479 5646">
    <p class='ocr_par' dir='ltr' id='par_1_103' title="bbox 1878 5571 3479 5646">
     <span class='ocr_line' id='line_1_103' title="bbox 1878 5571 3479 5646; baseline -0.002 -13"><span class='ocrx_word' id='word_1_754' title='bbox 1878 5582 1936 5632; x_wconf 87' lang='lat' dir='ltr'>et</span> <span class='ocrx_word' id='word_1_755' title='bbox 1964 5579 2044 5633; x_wconf 92' lang='lat' dir='ltr'>illi</span> <span class='ocrx_word' id='word_1_756' title='bbox 2070 5581 2127 5631; x_wconf 89' lang='lat' dir='ltr'>et</span> <span class='ocrx_word' id='word_1_757' title='bbox 2147 5575 2369 5630; x_wconf 91' lang='lat' dir='ltr'>indulta</span> <span class='ocrx_word' id='word_1_758' title='bbox 2399 5572 2585 5646; x_wconf 86' lang='lat' dir='ltr'>gratia</span> <span class='ocrx_word' id='word_1_759' title='bbox 2617 5571 2872 5629; x_wconf 90' lang='lat' dir='ltr'>utiliores</span> <span class='ocrx_word' id='word_1_760' title='bbox 2901 5574 3165 5630; x_wconf 82' lang='lat' dir='ltr'>existant.</span> <span class='ocrx_word' id='word_1_761' title='bbox 3199 5595 3227 5625; x_wconf 86' lang='lat'>»</span> <span class='ocrx_word' id='word_1_762' title='bbox 3252 5574 3320 5629; x_wconf 89' lang='lat' dir='ltr'>Et</span> <span class='ocrx_word' id='word_1_763' title='bbox 3348 5578 3479 5646; x_wconf 89' lang='lat' dir='ltr'>post</span> 
     </span>
    </p>
   </div>
   <div class='ocr_carea' id='block_1_104' title="bbox 1879 5672 3484 5752">
    <p class='ocr_par' dir='ltr' id='par_1_104' title="bbox 1879 5672 3484 5752">
     <span class='ocr_line' id='line_1_104' title="bbox 1879 5672 3484 5752; baseline -0.002 -17"><span class='ocrx_word' id='word_1_764' title='bbox 1879 5677 2107 5752; x_wconf 85' lang='lat' dir='ltr'>aliqua:</span> <span class='ocrx_word' id='word_1_765' title='bbox 2142 5698 2171 5729; x_wconf 86' lang='lat'><em>»</em></span> <span class='ocrx_word' id='word_1_766' title='bbox 2199 5675 2329 5732; x_wconf 74' lang='lat' dir='ltr'>Haec</span> <span class='ocrx_word' id='word_1_767' title='bbox 2352 5674 2546 5750; x_wconf 85' lang='lat' dir='ltr'>itaque</span> <span class='ocrx_word' id='word_1_768' title='bbox 2571 5672 2945 5747; x_wconf 84' lang='lat' dir='ltr'>institutionis</span> <span class='ocrx_word' id='word_1_769' title='bbox 2995 5678 3208 5737; x_wconf 80' lang='lat' dir='ltr'>nostrae</span> <span class='ocrx_word' id='word_1_770' title='bbox 3252 5674 3484 5731; x_wconf 86' lang='lat' dir='ltr'>decreta</span> 
     </span>
    </p>
   </div>
  </div>
