3882 6222
420 451 524 510 447

1488 449 1544 503 S.
1573 447 1867 504 ABBONIS
1898 445 2191 502 ABBONIS
2225 446 2717 503 FLORIACENSIS
3643 445 3763 502 4'18

421 591 549 651 qum.
583 591 684 647 pro
705 570 1073 629 defensorum
1103 569 1548 642 suntprivilegiis
1571 571 1627 622 et
1657 566 2020 622 ordinatione
2057 570 2112 629 Α
2135 569 2404 624 dictione.
2441 569 2580 622 Item
2614 565 2900 638 mquitatis
2940 565 3036 636 jus
3065 564 3238 636 exigit
3271 568 3332 619 ut
3373 567 3482 621 hoc
3517 565 3703 638 quod
3737 583 3770 618 a

427 663 723 732 disposita,
747 665 1024 734 perpetua
1050 660 1359 715 stabilitate
1388 661 1444 712 et
1473 658 1594 712 sine
1610 653 2020 728 aliquaconsti-

427 753 640 807 tuimus
667 751 1051 823 refragatione
1072 749 1302 808 servari.
1327 747 1437 801 sive
1457 765 1582 818 quas
1603 746 1812 816 scripto
1827 745 2020 798 decre-

426 839 630 900 vimus,
661 857 758 894 seu
791 857 917 911 qua:
944 841 1001 893 in
1034 838 1188 894 eisin
1208 841 1401 892 nostra
1433 834 1738 907 praisentia
1758 833 2025 886 videntur

427 945 547 982 esse
580 927 995 998 disposita,nec
1021 944 1054 981 a
1080 941 1371 997 quoquam
1402 922 1814 994 pontificumin
1837 924 2023 975 totum

426 1017 513 1071 vel
545 1019 772 1089 partem
803 1017 886 1070 vel
923 1033 988 1070 ex
1043 1014 1297 1086 qualibet
1327 1011 1624 1067 occasione
1657 1009 1895 1064 convelli
1926 1009 2024 1062 de-

424 1105 736 1172 cernimus,
769 1106 854 1159 vel
887 1104 1136 1161 mutari:
1173 1119 1309 1157 nam
1363 1100 1534 1156 nimis
1560 1103 1646 1153 est
1673 1115 1940 1168 asperum
1967 1100 2028 1151 et

427 1193 714 1266 praecipue
743 1194 908 1248 bonis
938 1193 1299 1247 sacerdotum
1317 1189 1573 1244 moribus
1595 1185 2027 1251 inimicum,niti

427 1282 759 1354 quempiam
793 1299 1132 1353 quacunque
1151 1278 1394 1334 rationis
1411 1277 1794 1342 excusatione,
1827 1278 2025 1346 utque:

425 1369 572 1425 bene
587 1368 1414 1437 suntordinatairescindere,et
1427 1366 1690 1436 exemplo
1707 1381 1806 1418 suo
1821 1363 2026 1416 docere

426 1464 664 1513 casteros
713 1476 814 1513 sua
851 1457 1199 1530 quandoque
1257 1472 1422 1527 posse
1469 1453 1779 1508 constituta
1827 1451 2024 1504 dlSSOl-

424 1563 622 1602 vere.»
650 1547 1215 1616 —JoanniEpiscopo
1231 1543 1544 1608 Scillitano,
1565 1543 1698 1596 item
1733 1542 1802 1594 de
1821 1539 2024 1594 eadem

426 1653 489 1690 re
517 1636 818 1704 [lD.,z'bid.,
844 1643 938 1702 vn’,
972 1637 1093 1692 32):
1132 1656 1158 1682 «
1186 1634 1363 1688 Grave
1393 1631 1564 1686 nimis
1609 1635 1666 1684 et
1703 1633 1906 1684 contra
1943 1646 2028 1682 sa-

426 1725 714 1779 cerdotale
740 1726 966 1779 constat
987 1741 1105 1777 esse
1123 1720 1595 1794 prepositum,vel
1621 1719 1891 1788 cujusque
1909 1733 2026 1770 mo-

428 1813 658 1866 nasterii
693 1812 989 1884 privilegia
1017 1811 1154 1866 olim
1204 1811 1426 1864 indulta
1452 1807 1826 1872 confundere,
1863 1809 1918 1860 et
1952 1806 2025 1859 ad

2126 657 2642 729 praedecessoribus
2672 654 2882 709 nostris
2901 655 3135 725 cognita
3162 655 3397 710 veritate
3425 658 3516 709 est
3541 653 3767 708 reddi-

2123 752 2268 813 tum,
2287 750 2482 801 nostra
2495 746 2684 800 debite
2699 745 2887 799 denuo
2900 743 3098 798 ccclesi
3111 761 3144 798 a
3157 748 3350 799 tenere
3363 762 3480 799 non
3501 745 3767 809 debeat;

2127 854 2218 901 ne,
2253 834 2408 906 quod
2463 833 2703 889 omnino
2748 836 2952 887 contra
2989 832 3322 903 religiosum
3354 836 3587 887 constat
3626 847 3769 886 esse

2125 924 2505 996 propositum,
2540 939 2658 976 non
2709 939 2862 989 vera,
2905 921 3006 976 sed
3056 920 3406 992 imaginaria
3433 939 3501 976 ac
3551 919 3770 990 magis

2127 1013 2324 1068 dolosa
2354 1011 2521 1066 fuisse
2550 1010 2832 1065 restitutio
2866 1009 3146 1064 videatur.
3185 1009 3250 1063 Et
3289 1008 3768 1080 ideo,quoniam

2128 1101 2452 1171 Stephanus
2511 1100 2688 1154 abbas
2745 1097 3085 1154 monasterii
3133 1097 3324 1152 Sancti
3355 1097 3530 1152 Marci
3585 1095 3769 1169 quod

2128 1190 2504 1246 constitutum
2530 1190 2694 1259 juxta
2716 1205 2913 1242 muros
2954 1186 3268 1259 Spolitanm
3317 1186 3566 1241 civitatis
3627 1181 3768 1240 es‘se

2129 1279 2505 1351 dignoscitur,
2538 1281 2770 1349 questus
2807 1276 2974 1330 nobis
2999 1280 3084 1330 est
3111 1275 3350 1330 Massam
3379 1274 3641 1329 Veneris
3705 1273 3764 1328 in

2127 1368 2420 1440 provincia
2459 1365 2792 1438 Campania:
2812 1365 2983 1419 sitam
3002 1364 3294 1418 territorio
3325 1363 3766 1428 Minttirnensi,

2127 1476 2300 1531 quam
2321 1457 2370 1511 ei
2389 1459 2570 1511 heatm
2592 1453 2890 1509 memoria:
2909 1451 3222 1508 decessoris
3240 1452 3418 1507 nostri
3439 1451 3766 1506 Benedicti

2125 1547 2414 1604 redditam
2435 1543 2823 1618 prmccptione
2837 1541 3236 1613 cognovimus,
3255 1541 3326 1595 ab
3346 1541 3603 1595 ecclesia
3626 1556 3770 1593 nos-

2127 1644 2214 1694 tra
2242 1653 2390 1691 nunc
2409 1634 2664 1688 indebite
2684 1630 3159 1699 retineri;idcirco
3179 1629 3281 1684 hac
3304 1629 3407 1684 tibi
3422 1627 3768 1683 auctorita-

2125 1731 2180 1780 te
2200 1723 2562 1797 prmcipimus
2577 1721 2707 1786 ιιι,ςί
2725 1719 3028 1773 manifeste
3050 1719 3122 1773 ab
3135 1718 3384 1772 ecclesia:
3402 1722 3636 1772 nostra:
3653 1717 3765 1770 ho-

2127 1815 2378 1870 minibus
2403 1809 2919 1878 detinetur,injure
2942 1823 3071 1861 eam
3104 1806 3362 1879 prtedicti
3395 1805 3766 1860 monasterii

429 1900 654 1955 irritum
670 1918 796 1972 qua:
817 1904 948 1954 sunt
969 1917 1073 1970 pro
1089 1899 1280 1970 quiete
1304 1896 1575 1968 disposita
1596 1895 1696 1948 niti
1713 1895 2024 1948 deducere:
2054 1891 2102 1950 Β
2129 1903 2249 1958 sine
2271 1901 2463 1974 aliqua
2493 1916 2660 1954 mora
2689 1899 2772 1951 vel
2801 1895 3178 1950 altercatione
3203 1895 3492 1949 restituas.
3526 1893 3592 1948 Si
3622 1911 3766 1948 vero

429 1990 613 2060 questi
646 2007 897 2062 namque
929 1989 1096 2043 nobis
1127 1992 1260 2042 sunt
1308 1985 1573 2041 monachi
1613 1985 2024 2050 Castellienscs,

427 2077 580 2148 quod
604 2078 658 2132 in
675 2078 1048 2132 fraternitatis
1065 2081 1262 2131 vestra:
1280 2075 1504 2130 civitate
1525 2079 1608 2128 est
1631 2075 2025 2142 constitutum,

426 2167 560 2238 quia
584 2167 772 2221 eidem
796 2167 1145 2221 monasterio
1169 2165 1435 2238 qumdam
1459 2181 1586 2236 quae
1600 2161 2028 2235 praedecessori-

423 2255 528 2309 bus
557 2255 753 2309 vestris
783 2255 1060 2326 permissa
1086 2271 1149 2308 ac
1182 2253 1594 2308 consuetudine
1614 2253 1786 2322 longa
1809 2254 2028 2305 servata

423 2343 576 2410 sunt,
603 2343 880 2398 festinetis
907 2343 1261 2408 inducere,et
1286 2341 1582 2412 antiquam
1597 2340 2025 2396 ordinationem

427 2431 677 2502 quadam
692 2431 1009 2502 przrjudicii
1034 2431 1280 2486 novitate
1297 2428 1802 2482 turiiare.Proinde
1817 2428 1901 2482 his
1921 2428 2030 2481 fra-

428 2519 765 2574 ternitatem
797 2523 1046 2574 vestram
1077 2519 1383 2572 hortamur
1415 2517 1701 2582 affatibus,
1741 2519 1822 2581 ut,
1879 2515 1921 2569 si
1954 2515 2032 2570 ita

427 2605 610 2672 est,ab
629 2607 753 2677 ejus
787 2625 844 2661 se
872 2607 1137 2662 molestia
1159 2606 1280 2659 sine
1301 2605 1490 2676 aliqua
1517 2604 1877 2658 excusatione
1900 2621 2030 2658 con-

428 2693 630 2760 tineat,
655 2697 713 2748 et
742 2711 868 2766 qua:
901 2695 982 2749 eis
1005 2698 1139 2748 sunt
1156 2693 1370 2748 diutius
1394 2692 1693 2758 custodita,
1714 2691 1920 2746 nullius
1941 2708 2031 2745 oc-

433 2781 678 2837 casionis
709 2786 894 2837 tentet
925 2781 1296 2854 usurpatione
1324 2782 1665 2848 convellere,
1708 2781 1806 2836 sed
1824 2785 2030 2834 cuncta

430 2869 648 2926 illibate
679 2876 736 2926 et
766 2871 888 2927 sine
919 2873 1109 2945 aliqua
1129 2873 1355 2927 studeat
1383 2871 1771 2943 refragatione
1803 2889 2028 2926 servare

430 2963 490 3014 et
514 2961 641 3030 plus
655 2961 758 3016 sibi
794 2961 851 3016 in
883 2962 1088 3016 eodem
1118 2961 1676 3032 monasterio,quam
1711 2961 2026 3031 praedeces-

430 3049 656 3104 soribus
681 3051 794 3105 suis
842 3051 1024 3117 licuit,
1058 3051 1281 3105 noverit
1343 3068 1457 3106 non
1491 3050 1684 3104 licere.
1721 3049 1864 3114 Quia
1895 3067 2028 3104 vero

429 3137 648 3209 pariter
677 3140 858 3210 questi
889 3144 1020 3193 sunt
1051 3139 1468 3193 fraternitatem
1489 3142 1645 3192 tuam
1665 3138 1930 3208 quaedam
1959 3139 2028 3192 de
2055 3175 2100 3235 Ο

431 3227 784 3282 monasterio
815 3229 917 3283 sub
931 3228 1078 3282 xenii
1093 3227 1249 3298 quasi
1274 3227 1458 3298 specie
1477 3227 2028 3293 abstulisse,necesse

431 3318 516 3370 est
547 3319 629 3379 ut,
663 3316 706 3370 si
733 3316 871 3388 quid
899 3320 952 3370 te
985 3316 1318 3370 indecenter
1342 3315 1543 3370 recolis
1568 3317 1872 3386 accepisse,
1906 3315 2028 3368 sine

431 3403 706 3459 dilatione
746 3405 1032 3473 restituas,
1069 3423 1140 3459 ne
1181 3405 1427 3459 avaritize
1483 3409 1536 3459 te
1576 3405 1826 3476 graviter
1863 3405 2031 3474 culpa

425 3492 758 3564 redarguat,
807 3511 980 3566 quem
1037 3496 1260 3566 largum
1293 3511 1432 3564 erga
1463 3493 1814 3548 monasteria
1841 3509 2027 3548 sacer-

429 3580 636 3636 dotalis
662 3582 1138 3654 debueratimagis
1153 3582 1550 3636 munificentia
1571 3583 2028 3638 demonstrare.»

429 3673 570 3726 ltem
591 3675 966 3745 postpauca:«
1003 3670 1593 3727 lndicaveruntctiam
1617 3669 1875 3724 monachi
1903 3685 2028 3722 mo-

435 3760 668 3814 nasterii
703 3765 955 3816 castrum
984 3761 1144 3832 quod
1195 3759 1519 3816 Scillacium
1559 3758 1786 3824 dicitur,
1820 3757 1876 3811 in
1908 3759 2028 3812 solo

417 3849 564 3920 juris
585 3851 920 3906 monasterii
949 3867 1150 3906 eorum
1165 3867 1284 3903 esse
1300 3848 1807 3919 fundatum,atque
1829 3849 1902 3902 ob
1924 3851 2031 3903 hoc

425 3938 754 3994 habitantes
777 3939 894 3994 illic
915 3939 1080 3992 factis
1105 3937 1308 3991 libellis
1322 3937 1584 3990 solatium
1615 3937 1656 3990 si
1669 3937 1855 4006 ngulis
1867 3939 2034 3994 annis

427 4029 786 4100 expendisse;
809 4028 1132 4100 persolvere
1149 4025 1249 4080 sed
1279 4029 1480 4097 postea
1503 4027 1934 4099 contempsisse,
1977 4031 2034 4082 et

429 4116 502 4168 ab
525 4117 732 4170 eadem
754 4132 812 4168 se
840 4113 1288 4186 prazsentatione
1311 4131 1656 4186 supervacue
1675 4115 2029 4186 supendisse.

431 4203 788 4257 Fraternitas
819 4219 958 4273 ergo
1015 4205 1204 4257 vestra
1231 4202 1515 4258 subtiliter
1539 4203 1841 4258 veritatem
1871 4206 2035 4258 curet

429 4290 747 4359 addiscere,
779 4293 856 4358 et,
891 4290 935 4345 si
966 4291 1048 4346 ita
1076 4291 1378 4363 repererit,
1409 4291 1691 4347 instanter
1717 4293 1945 4348 studeat
1973 4295 2033 4347 ut

428 4395 498 4434 ea
524 4397 651 4450 quin
685 4379 1098 4452 promiserunt,
1134 4380 1267 4452 quia
1294 4383 1352 4436 et
1382 4381 1528 4436 ratio
1552 4381 1632 4438 ita
1663 4381 1854 4454 exigit,
1883 4399 2031 4454 pree-

2132 2009 2248 2047 non
2281 2008 2314 2045 a
2344 1988 2573 2055 nostris,
2603 1985 2702 2040 sed
2723 2003 2756 2040 a
2786 1984 3132 2056 quibusdam
3158 1982 3397 2036 forsitan
3446 1981 3768 2036 extraneis

2130 2079 2444 2139 detinetur,
2463 2080 2697 2131 strenua
2716 2079 2769 2128 te
2782 2089 2954 2144 agere
2972 2071 3352 2126 sollicitudine
3370 2071 3684 2135 volumus,
3711 2073 3771 2124 ut

2129 2169 2324 2240 injure
2346 2165 2533 2221 modis
2559 2163 2828 2220 omnibus
2850 2159 3380 2216 memoratidebeat
3396 2158 3768 2213 monasterii

2129 2257 2457 2323 reformari,
2491 2257 2773 2326 quatenus
2821 2255 2878 2304 et
2909 2250 3093 2321 ipsum
3136 2248 3292 2320 quod
3345 2265 3519 2302 suum
3555 2252 3662 2302 est
3717 2253 3769 2302 te

2129 2345 2467 2402 sollicitante
2481 2343 2604 2397 sine
2617 2341 2808 2412 aliqua
2820 2337 3158 2410 fatigatione
3171 2335 3498 2407 recipiat,et
3513 2336 3686 2390 alter
3700 2336 3768 2390 de

2130 2434 2430 2507 dispendio
2459 2429 2796 2487 monasterii
2827 2428 3034 2498 injuste
3063 2428 3282 2481 lucrum
3313 2442 3430 2480 non
3463 2426 3766 2481 habeat.»

2201 2527 2327 2588 (ln.,
2360 2520 2510 2587 ωειλ,
2532 2537 2593 2585 ιι,
2614 2518 2739 2596 .39.)
2767 2539 2793 2566 «
2813 2518 2890 2572 De
2922 2513 3314 2570 ecclesiasticis
3343 2531 3480 2568 vero
3508 2515 3761 2585 privile-

2130 2613 2236 2685 giis
2267 2611 2420 2684 quod
2451 2613 2636 2664 vestra
2669 2607 2996 2662 fraternitas
3033 2603 3248 2671 scribit,
3277 2605 3387 2658 hoc
3417 2604 3768 2675 postposita

2131 2699 2487 2756 dubitatione
2519 2701 2733 2762 teneat,
2757 2695 2912 2768 quia,
2944 2693 3093 2748 sicut
3121 2695 3318 2747 nostra
3346 2691 3765 2753 defendimus,

2131 2787 2211 2842 ita
2240 2786 2478 2858 singulis
2532 2784 2851 2856 quibusque
2865 2779 3138 2834 ecclesiiis
3153 2779 3396 2850 suajura
3416 2796 3762 2844 servamus,

2129 2893 2233 2932 nec
2263 2875 2498 2930 cuilibet
2526 2874 2754 2927 favente
2783 2869 2970 2942 gratia
2987 2870 3136 2923 ultra
3157 2883 3331 2940 quam
3355 2867 3763 2921 mereturim-

2131 2965 2347 3038 pertior
2377 2980 2479 3018 nec
2513 2963 2610 3016 ulli
2638 2962 2744 3015 hoc
2776 2957 2930 3030 quod
2961 2957 3044 3010 sui
3070 2956 3217 3028 juris
3242 2959 3346 3025 est,
3377 2955 3615 3010 ambitu
3671 2956 3765 3009 sti-

2131 3057 2408 3120 mulante,
2443 3051 2734 3122 derogabo
2761 3066 2774 3117 ;
2807 3047 2904 3102 sed
2935 3047 3142 3102 fratres
3188 3061 3350 3101 meos
3381 3062 3489 3116 per
3545 3045 3765 3099 omnia

2131 3145 2420 3199 honorare
2447 3141 2636 3212 cupio,
2661 3139 2852 3210 sicque
2907 3135 3108 3190 studeo
3135 3136 3388 3190 honores
3429 3134 3490 3188 in
3549 3136 3763 3188 oculos

2131 3233 2386 3300 subvehi,
2403 3229 2720 3286 dummodo
2740 3245 2856 3282 non
2875 3226 2948 3280 sit
2963 3225 3118 3298 quod
3135 3224 3298 3280 alteri
3313 3224 3446 3294 jure
3465 3223 3541 3278 ab
3555 3224 3614 3277 al
3627 3228 3757 3277 tero

2131 3321 2308 3392 possit
2325 3318 2558 3391 opponi.
2579 3314 3015 3388 Responsalium
3047 3329 3179 3367 vero
3212 3315 3544 3366 vestrorum
3565 3311 3757 3366 mori-

2129 3412 2234 3466 bus
2259 3410 2419 3464 valde
2446 3405 2804 3478 congaudeo,
2835 3405 2892 3458 in
2925 3402 3130 3475 quibus
3161 3400 3304 3455 mihi
3335 3404 3652 3455 ostensum
3678 3403 3760 3454 est

2131 3502 2415 3570 quantum
2447 3513 2541 3550 me
2574 3493 2831 3565 diligitis,
2856 3509 2950 3564 qui
2984 3490 3057 3544 ad
3088 3506 3182 3544 me
3213 3490 3424 3543 electos
3452 3487 3683 3542 fratres
3705 3490 3758 3541 et

2133 3587 2281 3642 filios
2313 3583 2726 3640 transmisistis.
2755 3604 2781 3630 ››
2811 3613 2877 3622 -
2910 3582 3036 3653 (Ιι).,
3069 3577 3222 3645 ι’ὺίιι.,
3253 3594 3329 3644 x1,
3357 3580 3468 3647 32.)
3501 3595 3533 3628 «
3593 3575 3758 3630 Licet

2130 3675 2556 3732 fraternitatem
2589 3675 2833 3727 vestram
2855 3687 2992 3740 erga
3019 3665 3509 3722 monasteriorum
3544 3681 3756 3719 curam

2133 3764 2408 3836 pastorali
2437 3760 2739 3834 vigilantia
2783 3759 3090 3812 credamus
3137 3771 3258 3810 esse
3289 3754 3636 3821 sollicitam,
3689 3771 3756 3808 ea

2134 3857 2330 3908 tamen
2362 3867 2489 3924 quia
2531 3850 2600 3904 de
2631 3846 2984 3903 monasterio
3035 3845 3093 3898 in
3143 3841 3416 3898 Africana
3443 3842 3755 3914 provincia

2135 3942 2320 4015 posito
2353 3938 2748 4010 cognovimus,
2799 3935 2958 3990 vobis
3004 3931 3755 4004 necessariojprazvidimus

2135 4030 2390 4085 indicare
2407 4026 2798 4092 illa.Queritur
2825 4028 3018 4080 autem
3041 4020 3376 4077 Concodeus
3391 4021 3578 4075 abbas
3603 4021 3754 4074 lator

2135 4117 2508 4191 prmsentium
2561 4114 2718 4186 quia,
2769 4113 2814 4168 si
2869 4111 3101 4185 quando
3155 4109 3480 4164 monachos
3539 4109 3755 4180 quibus

2135 4223 2378 4279 praeesse
2399 4203 2755 4277 dignoscitur
2770 4203 2873 4256 sub
2904 4199 3154 4272 regulari
3168 4199 3413 4254 voluerit
3441 4197 3752 4270 disciplina

2133 4289 2928 4367 restringere,monasterium
2951 4293 3170 4344 temere
3197 4287 3560 4349 deserant,ct
3593 4286 3750 4340 licite

2137 4400 2480 4458 quocunque
2519 4379 2802 4437 voluerint
2830 4382 3102 4450 vagantes
3143 4376 3411 4432 existant.
3461 4375 3568 4440 Qui
3605 4391 3748 4446 ergo

427 4449 565 4522 bere
604 4449 721 4522 non
781 4468 1088 4538 differant;
1121 4449 1404 4542 quatenus
1433 4473 1490 4524 et
1521 4469 1598 4525 illi
1629 4449 1822 4542 quiete
1877 4449 2032 4542 quod
2053 4449 2106 4509 D
2135 4449 2242 4529 hoc
2269 4477 2328 4528 et
2353 4449 2485 4544 ipsis
2529 4469 2768 4525 omnino
2825 4449 3210 4540 perniciosum
3243 4469 3350 4529 est,
3393 4465 3523 4520 aliis
3552 4464 3747 4536 perdi-

425 4559 628 4612 tenent
656 4559 1006 4629 possideant,
1037 4562 1094 4614 et
1124 4559 1460 4615 monasterii
1482 4560 1617 4630 jura
1633 4560 2030 4632 praeiudicium

426 4661 546 4700 non
564 4645 881 4702 incurrant.
899 4649 1185 4704 Prteterea
1198 4649 1382 4721 questi
1408 4649 1571 4704 nobis
1604 4651 1738 4704 sunt
1772 4649 2031 4719 prmdicti

427 4734 696 4789 monachi
727 4736 1059 4792 monasterii
1085 4738 1354 4794 abbatem
1369 4754 1536 4792 suum
1551 4737 1703 4792 intra
1715 4737 2030 4792 Scillanum

426 4827 674 4879 castrum
703 4825 858 4897 quod
875 4829 1170 4882 sexcentos
1201 4827 1376 4902 pedes
1406 4825 1734 4882 extenditur
1764 4827 1868 4882 sub
1879 4845 2028 4899 prm-

421 4915 578 4968 textu
593 4914 943 4970 fabricandae
955 4916 1203 4970 ecclesia}
1218 4915 1563 4970 fraternitati
1581 4919 1691 4970 ture
1705 4916 2032 4972 donationis

423 5002 587 5058 titulo
620 5004 1046 5068 concessisse,el
1066 5005 1196 5060 ideo
1208 5005 1470 5060 volumus
1483 5007 1765 5076 quantum
1783 5004 2030 5077 parietes

423 5097 662 5162 possunt
685 5093 980 5149 aedificatae
995 5094 1246 5148 ecclesim
1261 5093 1604 5149 circumdari
1616 5093 1754 5165 ,juri
1779 5094 2030 5150 ecclesiae

422 5181 720 5236 vindicari.
765 5182 1058 5254 Quidquid
1107 5200 1241 5238 vero
1273 5187 1432 5238 extra
1473 5183 1722 5255 parietes
1771 5183 2031 5254 ejusdem

422 5270 673 5324 ecclesiae
700 5286 822 5325 esse
846 5271 1199 5341 potuerit,ad
1213 5273 1351 5343 jura
1378 5272 1709 5327 monasterii
1737 5271 1859 5326 sine
1883 5271 2031 5326 difﬁ-

421 5359 632 5412 cultate
649 5359 842 5430 aliqua
868 5362 1215 5430 revertatur;
1249 5361 1382 5434 quia
1440 5378 1545 5417 nec
1601 5361 2035 5416 mundanarum

419 5441 644 5516 legum,
677 5462 782 5500 nec
809 5463 1103 5503 sacrorum
1133 5466 1424 5505 canonum
1447 5453 1662 5505 statuta
1691 5447 2038 5521 permittunt

421 5551 515 5588 res
547 5535 882 5590 monasterii
900 5535 970 5590 de
977 5538 1108 5607 jure
1125 5539 1246 5610 ejus
1264 5539 1520 5612 quolibet
1539 5539 1700 5593 titulo
1715 5539 2031 5609 segregari.

423 5621 788 5693 Quapropter
803 5623 1182 5681 donationem
1204 5627 1463 5698 ejusdem
1480 5632 1802 5698 terre,quze
1827 5629 2032 5682 contra

421 5710 721 5769 rationem
759 5714 916 5771 facta
967 5715 1072 5784 est,
1104 5713 1226 5770 sine
1265 5715 1454 5788 aliqua
1502 5715 1740 5772 restitue
1795 5717 2024 5774 contra-

2133 4563 2306 4619 tionis
2332 4562 2620 4617 monstrat
2639 4557 3301 4631 exemplum,hortamur
3314 4553 3748 4609 fraternitatem

2132 4655 2380 4708 vestram
2413 4653 2497 4713 ut,
2544 4649 2588 4703 si
2618 4647 2699 4702 ita
2729 4649 2832 4714 est,
2865 4644 3305 4700 ecclesiasticam
3337 4642 3395 4698 in
3449 4643 3578 4696 illos
3625 4658 3748 4697 cor—

2130 4740 2449 4796 rectionem
2487 4739 2769 4801 exerceat,
2795 4737 2853 4790 et
2881 4751 3010 4789 cum
3035 4733 3193 4805 gravi
3217 4749 3316 4788 eos
3344 4732 3567 4787 ultione
3585 4748 3618 4786 a
3643 4730 3744 4784 tali

2131 4829 2328 4902 procul
2361 4826 2534 4883 dubio
2557 4823 3004 4898 praesumptione
3018 4824 3553 4894 compescatzatque
3579 4819 3656 4874 ita
3671 4817 3745 4871 ad

2131 4916 2520 4974 obediendum
2536 4909 2756 4968 salubri
2768 4910 3092 4983 provisione
3104 4909 3510 4983 superbientes
3521 4908 3745 4962 animos

2122 5007 2268 5078 jugo
2291 4997 2577 5076 diciplin’aa
2589 5000 2884 5071 subjiciat,
2907 5001 2972 5054 ut
2991 5015 3136 5072 quos
3168 4997 3240 5052 ad
3262 4996 3594 5068 hujusmodi
3610 5011 3743 5066 pra-

2131 5094 2322 5149 vitatis
2342 5107 2635 5146 excessum
2657 5105 2858 5144 eorum
2874 5091 3104 5160 poterat
3120 5085 3370 5140 imitatio
3401 5101 3742 5158 provocare,

2133 5181 2464 5240 emendatio
2496 5197 2530 5234 a
2554 5179 2721 5250 culpa
2745 5179 2995 5239 revocet,
3028 5180 3085 5229 et
3114 5174 3248 5240 suis,
3281 5177 3344 5228 ut
3378 5174 3616 5246 dignum
3633 5175 3744 5238 est,

2136 5273 2338 5328 doceat
2361 5268 2681 5342 prmpositis
2707 5265 2962 5322 obedire.
2997 5263 3143 5329 Quia
3173 5279 3304 5318 vero
3337 5279 3372 5316 a
3399 5260 3747 5336 quibusdam

2140 5358 2421 5432 episcopis
2450 5356 2794 5412 excedentes
2805 5354 3122 5410 monachos
3144 5351 3416 5424 perhibet
3434 5349 3744 5406 defensarii

2137 5448 2469 5505 fraternitas
2514 5449 2700 5500 vestra
2731 5445 2788 5498 in
2819 5446 2928 5499 hoc
2959 5443 3185 5498 studeat
3210 5458 3333 5496 esse
3388 5440 3652 5506 sollicita,
3689 5443 3749 5492 et

2140 5556 2236 5594 eos
2264 5536 2411 5592 atati
2443 5535 2778 5590 defensione
2791 5549 2893 5587 sua
2915 5531 3100 5586 modis
3117 5529 3392 5585 omnibus
3409 5527 3749 5583 intermina-

2135 5628 2295 5682 tione
2324 5623 2638 5698 suspendat
2664 5623 2772 5689 In.,
2801 5621 2954 5684 z'bz'd.,
2981 5637 3084 5686 vn,
3123 5616 3267 5690 H5).
3295 5617 3439 5672 Cum
3472 5617 3574 5690 pia:
3596 5615 3748 5670 desi-

2133 5714 2360 5773 derium
2390 5710 2702 5770 voluntatis
2733 5713 2791 5770 et
2805 5708 3111 5768 laudanda:
3143 5706 3464 5764 devotionis
3491 5703 3740 5762 intentio
