3882 6222
125 471 221 532 449

1593 441 1966 504 ΕΡΙΞΤΟΙΛΕ.

3340 437 3444 499 4ὅο

127 589 572 658 sacerdotalibus
605 585 682 646 sit
717 600 950 660 semper
991 580 1190 639 studiis
1217 575 1561 651 adjuvanda,
1607 590 1745 630 cura
1765 585 1820 646 Α
1838 569 2191 645 jussionibus
2213 585 2413 645 parere
2427 567 2750 638 debuit,sed
2763 565 2936 660 etiam
2951 565 3089 625 alios
3113 583 3184 626 ne
3206 572 3445 642 praeter-

129 693 202 746 est
231 680 644 742 sollicitudinis
677 675 1032 739 adhibenda,
1065 676 1128 726 ut
1163 688 1230 724 ea
1257 685 1383 740 qua:
1417 682 1523 740 pro
1552 664 1744 736 quiete

128 772 415 847 religionis
446 774 508 826 et
541 763 1005 824 conversationis
1035 760 1150 815 sint
1178 757 1466 822 ordinata,
1491 770 1561 808 ne
1584 751 1745 806 dissi-

130 840 1748 930 mulationenegligere,nequadamvaleatpraasumptione

137 952 474 1028 perturbare
505 929 641 1016 (‘27);
674 944 797 1009 sed,
830 943 972 996 sicut
1001 940 1109 993 hoc
1131 933 1461 1028 quadratip
1488 929 1753 1028 exigebat

135 1018 243 1098 non
269 1040 442 1094 aliter
480 1033 745 1108 oportuit
771 1027 1020 1093 definiri,
1048 1025 1128 1080 ita
1158 1021 1314 1094 quod
1341 1019 1643 1108 definitum
1667 1018 1752 1108 est

139 1149 246 1187 non
273 1129 448 1184 debet
467 1104 698 1179 violari.
725 1120 901 1191 Igitur
921 1113 1184 1188 gloriosae
1203 1108 1499 1164 memerita
1525 1104 1750 1160 Childc-

139 1222 322 1276 bertus
350 1217 720 1270 Francorum
763 1225 862 1262 rex
890 1202 1183 1259 catholicas
1228 1195 1522 1268 religionis
1549 1208 1748 1248 amore

144 1321 460 1370 succensus,
495 1301 654 1355 intra
685 1311 886 1352 muros
931 1287 1278 1346 Arelatensis
1330 1282 1573 1338 civitatis
1624 1297 1748 1335 mo-

146 1393 457 1452 nasterium
493 1389 778 1451 virorum,
809 1386 871 1437 ut
900 1378 1112 1450 scripto
1144 1373 1486 1446 reperimus,
1519 1385 1622 1442 pro
1653 1383 1755 1422 sua

149 1480 404 1540 mercede
434 1476 814 1538 constituens,
841 1467 1108 1542 quaedam
1135 1462 1346 1517 ibidem
1367 1475 1466 1532 pro
1493 1456 1756 1512 habitan-

150 1572 282 1627 tium
313 1563 740 1624 sustentatione
787 1555 1097 1618 concessit;
1149 1551 1308 1622 cujus
1367 1564 1439 1601 ne
1498 1547 1758 1599 voluntas

154 1674 395 1730 unquam
421 1653 736 1710 duceretur
758 1647 816 1700 in
849 1645 1095 1707 irritum,
1123 1644 1182 1694 et
1209 1655 1277 1692 ea
1298 1652 1424 1708 quae
1449 1650 1550 1706 pro
1569 1635 1758 1704 qurete

154 1727 276 1804 mea
285 1746 502 1800 achoru
514 1758 574 1795 m
589 1736 863 1808 disposita
877 1733 1104 1788 fuerant
1118 1727 1757 1793 turbarentur,quzeque

153 1842 258 1910 (pro
288 1829 675 1907 quascunque)
703 1821 948 1880 contulit
971 1819 1167 1889 injure
1188 1815 1446 1910 ejusdem
1475 1812 1759 1910 innonaste-

155 1897 214 1982 rii
231 1897 488 1997 epistolis
507 1897 624 1974 suis
639 1911 954 1988 apostolica
972 1907 1138 1982 petiit
1151 1903 1490 1960 auctoritate
1515 1897 1756 1964 firmari;

155 2017 252 2071 hoc
267 1988 518 2086 lquoque
532 2022 647 2061 suae
675 1999 939 2076 petitioni
955 1995 1076 2066 subj
1089 2009 1328 2066 ungens,
1345 1993 1406 2045 ut
1422 1988 1758 2086 eidem‘mo-

157 2075 395 2159 nasteOrio
417 2075 545 2152 tam
577 2095 635 2148 in
668 2075 1039 2162 dispositione
1057 2099 1252 2137 rerum
1271 2094 1444 2151 quam
1462 2075 1760 2130 inordina-

159 2195 301 2247 tione
315 2184 545 2242 abbatis
557 2181 824 2254 quaedam
847 2174 1061 2248 pariter
1081 2167 1374 2242 privnlegia
1386 2163 1596 2254 largire
1604 2165 1657 2216 nl
1671 2177 1756 2215 ur:

159 2281 326 2335 sciens
356 2251 593 2348 quippe—
608 2284 740 2323 eam
781 2261 1107 2336 apostolica:
1162 2257 1280 2312 sedi
1313 2251 1697 2309 reverentiam
1727 2265 1762 2302 a

161 2340 411 2422 fidelibus
465 2340 746 2421 eahiberi,
799 2355 860 2408 ut
903 2367 1030 2422 quae
1075 2347 1198 2418 ejus
1247 2343 1482 2398 fuissent
1531 2340 1760 2394 decreto

161 2454 427 2528 disposita
451 2447 665 2504 nullius
697 2442 967 2512 deinceps
989 2437 1206 2528 illicita:
1219 2427 1609 2528 usurpationis
1637 2441 1759 2479 mo-

157 2515 311 2599 lestia
341 2537 750 2612 quaterentur.
773 2529 958 2594 Unde,
975 2525 1108 2598 quia
1125 2522 1391 2612 effectum
1414 2520 1471 2572 et
1491 2515 1764 2612 regiavo-

157 2635 336 2687 luntas
359 2602 426 2683 et
455 2643 544 2680 res
579 2622 744 2677 valde
777 2616 1101 2673 desiderata
1131 2608 1422 2684 poscebat,
1469 2622 1502 2658 a
1541 2602 1761 2674 praede-

162 2735 378 2776 cessore
410 2717 609 2770 nostro
640 2707 847 2781 Vigilio
898 2706 1173 2758 Romana:
1214 2696 1364 2752 sedis
1411 2690 1662 2748 antistite
1689 2689 1763 2744 ad

159 2808 640 2882 praedecessorem
652 2777 1199 2852 vestrumAurelium
1215 2777 1765 2855 scriptatransmissa

158 2867 304 2962 sunt,
339 2893 438 2948 ubi
472 2889 674 2946 omnia
699 2901 829 2959 quas
865 2875 1285 2952 amplectenda:
1314 2867 1624 2926 voluntatis
1644 2870 1761 2962 stu:

162 2955 316 3040 dium
368 2955 738 3054 deposcebat—
777 2968 1104 3044 apostolicae
1158 2958 1513 3019 auctoritatis
1560 2955 1761 3054 libenti

161 3075 350 3130 animo
383 3044 726 3125 subtirmata
751 3065 919 3125 sunt;
950 3057 1085 3129 quia
1114 3051 1478 3108 difficultates
1498 3044 1614 3118 pati
1649 3060 1764 3097 non

163 3163 340 3236 potuit
365 3153 704 3229 bujusmodi
715 3167 806 3206 res
818 3147 1016 3236 petita.
1041 3143 1154 3236 Sed
1167 3144 1228 3195 ut
1240 3135 1572 3236 fraternitas
1584 3135 1768 3236 vestra
1793 3174 1839 3234 Ο

167 3220 283 3324 qua:
297 3220 516 3304 fuerint
530 3248 797 3316 tempore
815 3238 910 3292 illo
925 3235 1158 3324 decreta
1167 3227 1500 3324 cognoscat,
1519 3220 1768 3318 antedic-

175 3307 208 3394 ti
235 3307 673 3412 praedecessoris
684 3325 862 3383 nostri
876 3322 1085 3393 scripta
1104 3318 1192 3372 his
1213 3313 1582 3388 praevidimus
1597 3307 1771 3378 scrip-

179 3399 532 3496 tisiadjungi;
567 3419 775 3492 quibus
805 3412 1048 3469 lectione
1077 3403 1364 3496 percussis
1385 3402 1688 3496 hortamur
1708 3399 1780 3450 ut-

180 3488 360 3572 omnia
391 3488 756 3572 sacerdotali,
784 3503 928 3558 sicut
945 3500 1127 3562 decet,
1145 3492 1333 3550 studio
1353 3488 1623 3544 inviolata
1639 3501 1771 3539 con-

180 3621 368 3669 serves,
397 3599 657 3670 nihilque
689 3593 804 3648 illic
835 3591 905 3645 de
947 3585 1156 3650 vetitis,
1193 3580 1334 3637 nihil
1366 3576 1679 3670 permittas.
1699 3573 1770 3628 de

181 3662 389 3746 illicitis.
427 3690 502 3742 Ex
539 3662 861 3740 abundanti
909 3681 1102 3731 tamen
1134 3672 1342 3726 cuncta
1369 3682 1498 3738 qua:
1529 3677 1636 3736 pro
1664 3662 1770 3716 hu-

175 3781 254 3851 jus
277 3779 354 3835 rei
385 3777 577 3850 quiete
609 3790 644 3828 a
695 3768 1112 3844 praedecessore
1145 3760 1341 3814 nostro
1375 3755 1586 3808 statuta
1615 3753 1768 3818 sunt,

181 3841 360 3924 nostra
389 3841 598 3921 iterum
632 3841 976 3916 auctoritate
1009 3853 1066 3906 in
1101 3845 1370 3904 omnibus
1399 3841 1772 3896 roboramus.

179 3955 510 4012 Fraternitas
539 3967 680 4023 ergo
729 3947 917 4001 vestra
968 3943 1047 3996 ita
1097 3955 1155 3993 se
1189 3936 1242 3990 in
1277 3927 1663 4023 custodiendis
1693 3926 1774 3981 eis

179 4046 446 4111 exhibeat,
476 4017 765 4115 quatenus
809 4038 865 4088 et
894 4044 1131 4088 omnem
1164 4017 1579 4115 inquietudinis
1609 4032 1775 4115 oeca-

175 4135 384 4192 sionem
416 4105 701 4194 excludat,
732 4127 792 4180 et
817 4122 940 4178 aliis
967 4121 1078 4174 hoc
1109 4111 1335 4186 operari
1362 4107 1608 4168 studeat,
1634 4105 1772 4194 dum

173 4239 226 4278 se
255 4224 310 4277 in
332 4192 713 4278 custodienda
734 4209 988 4268 defuncti
1014 4203 1271 4278 piissima
1291 4198 1582 4252 voluntate
1614 4192 1766 4248 solli-

171 4313 356 4378 citam,
387 4315 446 4366 ut
477 4309 665 4372 decet,
696 4297 1016 4358 exhibuerit
1037 4297 1094 4348 et
1115 4293 1411 4378 devotam.
1435 4306 1462 4333 ››

233 4369 376 4454 Item
408 4399 478 4453 de
510 4369 811 4450 servandis
841 4381 1149 4459 privilegiis
1177 4373 1483 4447 Gregorius
1507 4369 1775 4426 omnibus

166 4487 438 4561 episcOpis
457 4504 469 4541 :
487 4509 512 4535 ‹‹
530 4480 682 4538 Nulli
697 4479 781 4533 t'as
793 4457 877 4530 est
897 4475 979 4528 vel
1006 4472 1150 4526 velle
1169 4467 1255 4521 vel
1272 4479 1438 4536 posse
1454 4457 1776 4557 transgredi

163 4548 487 4650 apostolicae
539 4571 693 4627 sedis
721 4566 1009 4638 praecepta
1048 4576 1152 4614 nec
1205 4556 1328 4627 ejus
1387 4548 1775 4645 dispositionis

159 4636 568 4730 ministerium,
605 4636 768 4732 quod
797 4652 1059 4708 omnium
1093 4646 1323 4720 Oportet
1343 4639 1502 4711 sequi
1528 4636 1772 4732 Charita-

157 4758 294 4810 tem.
318 4754 406 4808 Sit
431 4767 574 4824 ergo
609 4724 794 4802 ruinas
816 4758 930 4796 sua:
964 4740 1162 4794 dolore
1182 4734 1499 4808 prostratus
1524 4724 1778 4824 quisquis

154 4842 482 4916 apostolicis
501 4817 786 4893 vvoluerit
835 4827 1124 4885 contraire
1157 4821 1420 4886 decretis,
1451 4833 1555 4872 nec
1587 4817 1778 4870 locum

150 4903 425 5004 deinceps
457 4930 613 4984 inter
648 4919 974 4978 sacerdotes
1015 4915 1258 4978 habeat;
1315 4908 1416 4963 sed
1461 4903 1705 4960 extorris
1748 4919 1782 4956 a

150 4994 716 5076 sancto-ministerio
740 5011 860 5071 fiat,
893 5025 965 5060 ne
993 5005 1062 5060 de
1085 5003 1208 5073 ejus
1233 4996 1450 5070 judicio
1479 4994 1784 5066 quisquam

145 5115 355 5182 postea
366 5122 572 5163 curam
591 5095 1108 5168 habeat,quoniam
1121 5106 1244 5162 jam
1262 5087 1572 5141 damnatus
1587 5100 1620 5135 a
1634 5095 1794 5177 sane-

146 5169 204 5253 ta
217 5203 274 5253 et
290 5186 870 5272 apostolicaEcclesia
885 5185 1118 5255 ejusque
1135 5176 1474 5234 auctoritate
1491 5175 1548 5225 et
1561 5169 1797 5242 propria

153 5271 459 5343 iuobedien
470 5283 551 5338 tia
566 5283 988 5350 atqueprzrsum
998 5271 1191 5344 ptione
1205 5285 1238 5321 a
1253 5275 1666 5338 quoquamesse
1685 5272 1798 5312 non

165 5371 468 5430 dubitatur:
480 5369 626 5443 quia
645 5349 884 5435 majoris
903 5376 1036 5415 exeo
1048 5349 1798 5420 mmunationisdejectione

164 5469 234 5518 est
265 5436 614 5536 exigendus,
646 5454 736 5509 cui
767 5454 974 5508 sancta:
1001 5447 1264 5503 Ecclesizr
1293 5440 1602 5498 commissa
1622 5436 1795 5534 fuerit

164 5523 477 5626 disciplina,
515 5546 619 5620 qui
647 5561 765 5600 non
797 5542 982 5598 solum
1012 5537 1266 5612 praelatae
1294 5536 1505 5588 sancta:
1526 5523 1788 5582 Ecclesiae

1783 1869 1832 1928 B

1847 662 2000 716 irent
2027 660 2530 733 insinuare,sitque
2556 661 2774 714 alienus
2796 677 2829 714 a
2851 659 3055 714 divinis
3072 663 3127 714 et
3157 661 3450 731 pontifica-

1847 749 1997 804 libus
2043 749 2265 815 ofﬁciis,
2308 749 2405 820 qui
2467 749 2652 803 noluit
2699 747 2996 820 praeceptis
3044 749 3449 820 obtemperare

1851 837 2196 907 apostolicis.
2229 859 2256 885 ››
2275 839 2436 892 Dicta
2451 835 2948 907 beatillieronymi
2967 835 3038 889 ad
3059 835 3447 906 Iovinianum;

1853 926 2038 996 qualis
2056 925 2264 980 debeat
2281 924 2921 997 eligiepiscopusiLibr-o
2947 941 2964 977 1
3007 924 3264 978 adversus
3291 925 3450 980 Jovi-

1852 1016 2094 1079 m'anum)
2130 1030 2142 1067 :
2173 1036 2199 1062 ‹‹
2233 1014 2356 1068 Non
2389 1015 2468 1068 ait
2497 1015 2799 1086 Apostolus
2830 1031 2843 1068 :
2877 1013 3124 1084 eligatur
3151 1013 3451 1086 episcopus

1852 1102 1948 1174 qui
1979 1119 2156 1157 unam
2185 1102 2356 1158 ducat
2381 1119 2614 1158 uxorem
2643 1105 2701 1156 et
2726 1102 2871 1157 filios
2901 1102 3100 1169 faciat;
3134 1103 3275 1156 »sed
3301 1121 3331 1155 α
3353 1103 3450 1175 qui

1852 1206 2029 1244 unam
2061 1190 2327 1245 habuerit
2366 1207 2602 1245 uxorem
2622 1195 2679 1244 et
2705 1190 2850 1245 filios
2880 1190 2939 1244 in
2967 1190 3128 1244 omni
3154 1190 3455 1263 disciplina

1851 1277 2167 1332 subditos.»
2187 1279 2350 1333 Certe
2365 1279 2656 1333 confiteris
2674 1296 2788 1334 non
2805 1295 2966 1350 posse
2983 1296 3103 1332 esse
3121 1279 3454 1352 episcopum

1855 1367 2028 1439 quiin
2053 1367 2385 1439 episcopatu
2403 1367 2754 1434 faciatfilios,
2773 1367 3048 1439 alioquin,
3067 1367 3111 1421 si
3133 1368 3454 1438 deprehen-

1857 1473 1949 1510 sus
1979 1455 2296 1512 fuerit.non
2323 1457 2482 1528 quasi
2514 1457 2598 1512 vir
2618 1457 3031 1523 tenebitur,sed
3050 1457 3210 1529 quasi
3230 1457 3456 1512 adulter

1859 1545 2250 1600 damnabitur.
2279 1549 2389 1599 Aut
2436 1547 2705 1617 permitte
2755 1545 3144 1600 sacerdotibus
3191 1562 3456 1600 exercere

1861 1650 2040 1704 opera
2063 1634 2486 1705 nuptiarum,ut
2505 1635 2656 1689 idem
2682 1635 2794 1688 sint
2810 1634 3061 1705 virgines
3074 1634 3226 1706 quod
3244 1634 3456 1702 mariti;

1861 1725 1978 1788 aut,
2003 1723 2045 1776 si
2069 1723 2457 1776 sacerdotibus
2481 1740 2680 1776 uxores
2712 1740 2826 1776 non
2850 1722 2977 1776 licet
3001 1726 3260 1793 tangere,
3293 1721 3351 1776 in
3390 1739 3459 1776 eo

1861 1810 2039 1864 sancti
2072 1813 2206 1864 sunt
2230 1810 2362 1880 quia
2393 1809 2694 1864 imitantur
2721 1809 3054 1880 pudicitiam
3095 1809 3458 1880 virginalem.

1860 1899 1971 1952 Sed
1991 1901 2047 1952 et
2067 1899 2174 1952 hoc
2196 1898 2633 1963 inferendum,si
2662 1898 2836 1952 laicus
2855 1901 2912 1951 et
2933 1898 3257 1968 quicunque
3277 1897 3463 1952 ﬁdelis

1861 2002 2027 2040 orare
2053 2003 2166 2040 non
2189 1989 2376 2058 potest
2393 1985 2496 2038 nisi
2515 1989 2706 2038 careat
2728 1985 2916 2039 officio
2935 1985 3245 2054 eonjugali,
3274 2000 3458 2038 sacer-

1863 2074 1980 2128 doti
2013 2074 2102 2128 cui
2129 2091 2360 2145 semper
2377 2090 2480 2146 pro
2499 2075 2711 2144 populo
2731 2073 3025 2127 offerenda
3047 2070 3464 2126 suntsacrificia

1863 2179 2090 2234 semper
2144 2162 2429 2216 orandum
2473 2163 2597 2215 est:
2632 2161 2676 2214 si
2703 2177 2933 2230 semper
2970 2161 3276 2226 orandum,
3323 2175 3462 2231 ergo

1862 2267 2090 2323 semper
2103 2251 2415 2305 carendum
2433 2249 2972 2304 matrimonio.Nam
2989 2253 3046 2303 et
3068 2249 3126 2302 in
3146 2248 3320 2303 veteri
3338 2250 3464 2318 lege

1864 2340 1961 2411 qui
1995 2356 2100 2410 pro
2133 2341 2345 2411 populo
2380 2338 2592 2393 hostias
2623 2338 2961 2403 offerebant,
2997 2353 3112 2391 non
3171 2338 3352 2390 solum
3405 2336 3463 2390 in

1865 2428 2132 2482 domibus
2181 2428 2295 2481 suis
2343 2444 2460 2480 non
2505 2429 2692 2491 erant,
2744 2426 2845 2480 sed
2896 2424 3349 2496 puriﬁcabantur
3392 2423 3466 2478 ad

1864 2521 2093 2588 tempus
2115 2517 2185 2570 ab
2209 2515 2474 2570 uxoribus
2507 2513 2774 2586 separati,
2805 2517 2861 2568 et
2887 2514 3084 2567 vinum
3115 2513 3202 2566 vel
3227 2511 3466 2566 siceram

1865 2621 1982 2658 non
2005 2605 2434 2675 hibebant,qua3
2458 2604 2645 2656 solent
2663 2602 2957 2656 libidinem
2984 2617 3314 2672 provocare.
3340 2622 3366 2650 ιι
3389 2601 3469 2654 De

1866 2693 2149 2766 episcopis
2178 2693 2276 2765 qui
2316 2709 2446 2746 cum
2491 2691 2829 2746 mulieribus
2878 2690 3182 2745 habitant:
3218 2713 3243 2739 ‹‹
3278 2689 3472 2744 Nullus

1866 2784 2166 2856 episcopus
2191 2797 2321 2836 cum
2346 2779 2585 2836 muliere
2611 2780 2834 2834 habitet
2863 2780 3122 2852 penitus;
3157 2779 3242 2833 sin
3275 2782 3470 2833 autem

1869 2873 2142 2946 probatus
2164 2871 2339 2926 fuerit
2357 2871 2467 2924 hoc
2491 2886 2607 2923 non
2634 2871 2982 2930 observasse,
2999 2867 3356 2939 episcopatus
3377 2868 3474 2921 ho-

1869 2977 2010 3016 nore
2038 2959 2352 3031 rejiciatur,
2376 2958 2512 3030 quia
2543 2958 2664 3028 ipse
2695 2974 2753 3011 se
2801 2957 3110 3028 indignum
3155 2955 3474 3010 sacerdotio

1871 3048 2142 3104 ostendit.
2181 3069 2207 3096 »
2241 3048 2319 3100 De
2349 3047 2568 3101 clericis
2609 3045 2703 3116 qui
2750 3045 3019 3099 mulieres
3059 3045 3116 3099 in
3167 3044 3342 3098 domo
3375 3060 3476 3098 sua

1869 3138 2088 3192 habent
2122 3153 2133 3190 :
2170 3159 2196 3183 ‹‹
2225 3135 2575 3205 Presbyteris
2598 3139 2654 3187 et
2681 3133 2937 3188 diaconis
2967 3126 3023 3187 et
3065 3132 3122 3186 in
3169 3133 3320 3186 clero
3351 3131 3477 3186 aliis

1873 3225 2096 3296 scriptis
2120 3241 2235 3278 non
2266 3223 2606 3278 habentibus
2639 3239 2859 3287 uxores,
2893 3221 3208 3276 secundum
3258 3219 3477 3274 divinas

1873 3315 2104 3384 regulas
2133 3312 2530 3366 interdicimus
2545 3315 2601 3364 et
2626 3326 2728 3364 nos
2750 3309 3051 3363 mulierem
3071 3309 3284 3363 habere
3303 3308 3359 3362 in
3378 3325 3479 3362 sua

1875 3399 2331 3471 domo,exceptis
2357 3403 2540 3454 matre
2553 3401 2610 3452 et
2638 3398 2754 3451 filia
2766 3401 2822 3450 et
2842 3414 3038 3451 sorore
3059 3401 3116 3450 et
3141 3397 3265 3450 aliis
3283 3413 3477 3467 perso-

1878 3489 1963 3544 nis
1977 3506 2105 3560 quze
2121 3505 2358 3542 omnem
2383 3488 2680 3558 querelam
2699 3483 3480 3556 etl‘ugiunt,permittimus.Si

1875 3579 2004 3650 quis
2022 3581 2215 3632 autem
2234 3577 2501 3630 adversus
2515 3576 2681 3628 istam
2697 3573 3158 3628 observationem
3179 3572 3480 3626 mulierem

1877 3667 1933 3721 in
1950 3666 2126 3721 domo
2146 3682 2246 3720 sua
2256 3663 2659 3734 habueritque:
2676 3665 2862 3732 potest
2878 3661 3257 3732 suscipionem
3271 3659 3484 3714 inferre

1879 3754 2268 3828 turpitudinis,
2292 3757 2349 3808 et
2379 3753 2474 3806 ille
2501 3770 2534 3806 a
2565 3749 2895 3805 conclericis
2925 3749 3038 3802 suis
3077 3746 3323 3803 audierit
3351 3763 3480 3801 cum

1878 3844 1978 3899 tali
2006 3843 2248 3897 muliere
2268 3841 2617 3901 habitare,et
2634 3838 3022 3893 nolueriteam
3037 3854 3070 3891 a
3083 3837 3256 3891 domo
3279 3853 3378 3890 sua
3393 3851 3485 3889 re-

1877 3933 2206 4004 pellere,vel
2223 3933 2552 3985 accusatore
2567 3930 2906 4000 emergente
2924 3926 3200 3998 probatus
3221 3923 3394 3978 fuerit
3409 3923 3492 3978 in-

1877 4023 2116 4076 honeste
2137 4038 2266 4074 cum
2291 4019 2388 4074 tali
2415 4018 2654 4072 muliere
2681 4015 2916 4082 versari,
2941 4019 3074 4070 tunc
3090 4013 3388 4085 episcopus
3407 4029 3490 4068 se-

1879 4111 2132 4164 cundum
2145 4107 2552 4164 ecclesiasticos
2566 4123 2814 4160 canones
2827 4120 2856 4160 a
2873 4105 3023 4160 clero
3041 4119 3174 4158 eum
3191 4103 3489 4174 repellat.»

1881 4201 1962 4254 De
1985 4197 2197 4268 nuptiis
2215 4197 2616 4250 clericorum.«
2635 4193 2692 4249 Si
2717 4193 2993 4248 diaconus
3007 4193 3093 4246 vel
3109 4189 3492 4246 subdiaconus

1881 4286 2105 4340 futurus
2124 4302 2240 4340 non
2261 4285 2470 4338 habeat
2495 4281 3074 4349 uxorem,secundum
3097 4297 3165 4334 ea
3181 4296 3308 4352 qua:
3329 4295 3492 4351 supe-

1882 4376 2000 4430 rius
2018 4373 2404 4444 exposuimus,
2437 4371 2541 4425 sibi
2562 4370 2954 4441 conjunctam,
2972 4387 3088 4424 non
3103 4368 3271 4424 aliter
3291 4381 3492 4422 conse-

1886 4467 2078 4518 cretur
2094 4460 2199 4515 nisi
2223 4460 2377 4532 prius
2404 4476 2436 4513 a
2458 4463 2857 4514 consecratore
2873 4458 3257 4530 interrogatus
3275 4455 3489 4526 promi-

1879 4553 2016 4606 serit
2040 4567 2204 4622 posse
2224 4551 2351 4620 post
2368 4548 2860 4602 consecrationem
2879 4547 3068 4602 etsine
3087 4545 3346 4617 legitima
3363 4561 3492 4598 uxo-

1879 4659 1940 4696 re
1959 4643 2110 4694 caste
2127 4638 2456 4703 vivere,non
2469 4636 2839 4691 concedendo
2859 4638 3258 4690 consecratore
3275 4636 3390 4687 tem
3400 4647 3498 4703 po-

1889 4746 1950 4784 re
1965 4726 2412 4783 consecrationis
2434 4725 2675 4780 diacono
2695 4726 2778 4780 vel
2799 4725 3150 4780 subdiacono
3170 4722 3358 4776 futuro
3373 4737 3500 4792 per-

1889 4818 2118 4872 mittere
2166 4818 2228 4869 ut
2256 4818 2385 4885 post
2419 4813 2915 4868 consecrationem
2955 4827 3190 4866 uxorem
3237 4807 3494 4878 accipiat.

1893 4906 2055 4971 Quod
2079 4905 2122 4958 si
2147 4905 2254 4958 hoc
2274 4901 2595 4973 permiserit
2617 4901 2762 4967 fieri,
2784 4899 3116 4971 episcopatu
3129 4911 3228 4950 suo
3251 4895 3496 4964 repella-

1899 4999 2006 5049 tur.
2035 4993 2338 5062 Presbytcr
2359 4993 2552 5044 autem
2577 4991 2664 5044 vel
2695 4989 2970 5043 diaconus
3003 4985 3086 5038 vel
3119 4981 3500 5037 subdiaconus

1899 5083 1994 5156 qui
2016 5095 2251 5136 uxorem
2273 5079 2520 5141 duxerit,
2541 5077 2851 5147 repellatur
2872 5072 3104 5144 quidem
3119 5069 3189 5123 de
3207 5069 3381 5133 clero,
3403 5083 3499 5123 cu-

1902 5155 2002 5227 rim
2027 5173 2220 5226 autem
2243 5167 2364 5237 ejus
2383 5165 2624 5220 civitatis
2643 5163 2700 5216 in
2733 5178 2846 5232 qua
2864 5159 3100 5214 clericus
3117 5159 3392 5210 eratcum
3416 5155 3498 5209 fa-

1903 5258 2207 5314 cultatibus
2225 5255 2340 5307 suis
2373 5252 2650 5306 tradatur.
2677 5250 2775 5304 Sin
2803 5251 2997 5302 autem
3026 5247 3204 5303 lector
3226 5241 3502 5298 secundas

1904 5346 2132 5418 nuptias
2151 5339 2520 5403 contraxerit,
2553 5339 2638 5391 vel
2659 5335 2874 5404 primas
2886 5333 3142 5405 quidem,
3165 5329 3262 5385 sed
3281 5329 3504 5384 duxerit

1903 5449 2140 5490 uxorem
2159 5429 2390 5482 viduam
2417 5425 2500 5478 vel
2517 5425 2858 5493 disjnnctam
2879 5440 2912 5476 a
2935 5418 3255 5486 marito,vel
3274 5418 3506 5473 canoni-

1898 5524 2003 5578 bus
2024 5516 2342 5588 vellegibus
2362 5511 2533 5566 sacris
2561 5511 2950 5582 reprebatam,
2972 5509 3028 5564 in
3049 5507 3229 5566 alium
3257 5507 3503 5579 gradum

237 5751 346 5823 (2‘2)
381 5743 620 5804 Ultimis
651 5741 738 5797 bis
760 5738 978 5794 duabus
1009 5732 1274 5791 clausulis
1300 5725 1516 5798 aliquid
1551 5723 1744 5778 deesse
1764 5715 2009 5772 videtur.
