3882 6222
417 443 513 508 451

1493 435 1552 493 S.
1582 429 1876 492 ABBONIS
1903 430 2188 490 ABBBTIS
2221 425 2723 489 FLOBIACENSIS

3636 419 3732 486 432

419 567 680 628 Ecclesiae
710 583 828 624 non
844 560 1140 639 procedat.
1159 559 1273 620 Sed
1292 561 1337 618 si
1369 575 1735 634 quocumque
1758 557 1935 614 modo
1965 555 2025 611 in
2046 561 2099 620 Α
2119 554 2893 628 reprehensibilis,etiterum
2915 549 3081 610 bonis
3093 547 3434 610 testimoniis
3447 547 3739 608 muniatur

424 662 710 733 majorem
731 655 975 730 gradum
1000 653 1308 725 productus
1331 651 1422 716 sit,
1447 649 1736 720 rejiciatur
1757 647 1828 702 ab
1849 665 1939 713 eo,
1966 649 2025 700 et

425 749 602 822 priori
631 746 987 802 restituatur.
1036 763 1063 790 ››
1097 743 1175 796 De
1221 739 1440 794 clericis
1481 737 1578 809 qui
1616 735 1844 808 nuptias
1885 751 2025 787 con-

424 839 654 894 trahere
685 851 804 889 non
836 832 1072 898 possunt
1103 846 1164 884 :«
1191 827 1440 882 Clericus
1465 825 1562 896 qui
1585 840 1756 894 supra
1785 823 2026 875 lectores

422 932 479 983 et
521 926 784 981 cantores
819 923 922 987 est,
965 917 1136 973 veluti
1177 915 1558 970 subdiaconus
1602 913 1689 966 vel
1731 911 2023 975 diaconus,

420 1017 606 1072 nullas
618 1011 845 1083 nuptias
855 1007 1196 1064 contrahere
1208 1005 1417 1060 audeat
1437 1001 1691 1074 alioquin
1707 997 2024 1054 sacerdotio

422 1105 606 1161 cadat.
632 1103 834 1156 Lector
861 1112 1087 1170 quoque
1138 1094 1184 1148 si
1214 1091 1494 1147 secundas
1539 1086 1887 1144 contraxerit
1920 1087 2024 1139 nu-

423 1193 590 1268 ptias,
641 1189 714 1245 ad
758 1187 1042 1257 majorem
1089 1181 1334 1255 gradum
1392 1177 1755 1234 ecclesiastici
1810 1173 2028 1229 ordinis

426 1265 801 1354 prohibeatur
843 1272 1170 1332 ascendere.
1217 1269 1414 1323 Laicus
1457 1266 1636 1323 etiam
1672 1265 1716 1319 si
1755 1265 2030 1335 appareat

427 1350 588 1425 uxori
619 1365 957 1436 conjunctus
982 1377 1101 1415 esse
1131 1375 1260 1430 qua:
1288 1356 1465 1411 alium
1499 1353 1773 1408 maritum
1807 1350 2026 1416 habuit,

427 1457 582 1512 autsi
601 1455 863 1524 nonjure
886 1450 1224 1521 conjunctus
1256 1445 1348 1511 sit,
1373 1447 1472 1499 aut
1503 1441 1546 1496 si
1580 1442 1671 1496 ille
1694 1441 1865 1495 aliam
1894 1454 2029 1492 uxo-

426 1563 552 1601 rem
582 1542 804 1608 habuit,
845 1555 1034 1610 neque
1077 1535 1478 1597 subdiaconus,
1513 1547 1701 1602 neque
1733 1529 2028 1592 diaconus,

427 1649 615 1706 neque
645 1631 942 1703 presbyter
972 1625 1096 1680 fieri
1120 1623 1350 1695 poterit.
1371 1623 1510 1674 Nam
1539 1618 1643 1672 etsi
1661 1612 2032 1671 clandestinis

429 1703 646 1779 artibus
657 1719 731 1774 ad
751 1713 1244 1772 consecrationem
1263 1708 1774 1780 irrepserit,honor
1793 1703 1916 1772 ejus
1938 1717 2030 1754 ca-

429 1811 530 1866 dit.
557 1811 698 1863 ltem
721 1805 815 1878 qui
844 1805 985 1858 duas
1005 1800 1232 1872 nuptias
1252 1794 1624 1859 contraxerit,
1650 1793 1924 1846 diaconus
1943 1789 2032 1878 vel

2124 663 2197 700 an
2231 663 2370 700 non.
2398 647 2510 701 Sed
2541 649 2598 701 et
2623 646 2667 700 si
2695 644 2954 700 ofﬁcialis
3001 645 3089 698 vel
3121 641 3348 697 curialis
3391 639 3740 697 conditionis

2125 735 2215 801 sit,
2249 735 2589 806 prohibetur
2617 734 2915 806 episcopus
2963 731 3109 797 fieri,
3143 729 3249 785 nisi
3279 730 3430 784 forte
3481 746 3515 783 a
3541 731 3742 786 tenera.

2125 825 2293 876 aetate
2309 823 2366 876 in
2393 821 2744 877 monasterio
2767 821 2894 876 fuit.
2918 821 3111 892 quue
3131 819 3304 874 modo
3320 818 3601 873 liberatus
3617 821 3742 872 esta

2127 911 2415 980 praedictis
2435 910 2894 977 conditionibus;
2920 907 2998 962 ita
3019 911 3214 962 tamen
3242 910 3588 978 utquartam
3619 922 3742 978 por-

2127 999 2346 1054 tionem
2377 999 2710 1054 substantize
2766 1015 2881 1052 sua}
2913 996 3083 1052 eurize
3135 997 3386 1068 praestet,
3423 992 3739 1050 secundum

2125 1072 2270 1158 1egis
2300 1087 2746 1143 observantiam.
2801 1087 2914 1142 Sed
2952 1101 3141 1156 neque
3171 1101 3241 1138 ex
3269 1083 3412 1139 laico
3439 1084 3642 1138 statim
3673 1083 3738 1138 ad

2127 1177 2522 1250 episcopatum
2537 1175 2847 1230 ascendere
2859 1175 3012 1240 licet,
3035 1189 3221 1244 neque
3241 1171 3543 1227 clericatus
3559 1171 3742 1226 hono-

2130 1281 2255 1320 rem
2280 1265 2612 1320 simulatum
2641 1263 2901 1318 habuisse
2926 1261 3153 1317 sufficit.
3206 1260 3446 1332 Oportet
3475 1275 3616 1314 eum
3650 1259 3738 1331 qui

2130 1355 2430 1426 episcopus
2446 1354 2518 1408 sit
2535 1369 2723 1424 neque
2741 1367 2980 1407 uxorem
3004 1350 3238 1417 habere,
3270 1365 3456 1420 neque
3470 1347 3740 1402 concubi-

2133 1459 2290 1514 nam,
2327 1459 2511 1514 neque
2543 1441 2708 1508 filios,
2739 1457 2926 1512 neque
2948 1441 3295 1510 nepotesseu
3315 1435 3612 1508 legitimos
3633 1435 3739 1492 sive

2131 1531 2355 1602 legibus
2384 1529 2708 1601 incognitos
2731 1547 2744 1596 ;
2778 1531 2836 1583 et
2851 1527 2896 1582 si
2923 1526 3048 1600 quis
3069 1530 3274 1581 contra
3292 1525 3415 1580 haec
3435 1523 3663 1590 fecerit,
3689 1528 3742 1579 et

2133 1619 2176 1673 is
2202 1618 2298 1690 qui
2331 1618 2511 1672 factus
2540 1621 2646 1685 est,
2679 1620 2736 1672 et
2757 1616 2801 1670 is
2817 1615 2913 1688 qui
2939 1631 3070 1670 eum
3098 1613 3256 1681 fecit,
3275 1613 3642 1686 episcOpatus
3663 1629 3742 1666 ex-

2133 1709 2380 1780 pellatur
2391 1706 2720 1760 honore.Ne
2734 1702 3162 1776 liceatpecunias
3176 1701 3738 1772 dationeepiscopum

2135 1812 2275 1850 esse.
2309 1796 2452 1848 Eum
2473 1797 2668 1848 autem
2700 1796 2929 1865 oportet
2953 1791 3050 1864 qui
3078 1789 3380 1864 episcopus
3407 1789 3492 1852 fit,
3517 1791 3605 1843 vel
3625 1805 3739 1845 mo-

428 1875 875 1972 presbyterlieri
911 1889 1266 1963 prohibetur.
1301 1884 1414 1940 Sed
1442 1887 1500 1938 et
1529 1881 1902 1972 sip-mulierem
1925 1875 2034 1930 diS-
2061 1875 2111 1934 Β
2133 1885 2406 1950 naehum,
2431 1883 2517 1936 vel
2547 1882 2815 1936 clericum
2839 1897 2851 1936 :
2887 1881 2966 1934 ita
2997 1885 3192 1934 tamen
3221 1881 3282 1933 ut
3303 1894 3420 1933 non
3441 1876 3737 1932 minussex

422 1967 684 2057 junctam
719 1998 753 2034 a
785 1977 992 2034 marito
1019 1992 1119 2029 suo
1152 1991 1324 2045 quem
1357 1973 1480 2042 ipsa
1508 1967 1762 2040 reliquit,
1794 1979 2033 2019 uxorem

429 2051 714 2147 quispiam
743 2065 1028 2130 habuerit,
1063 2079 1248 2134 neque
1279 2060 1555 2115 diaconus
1585 2072 1773 2128 neque
1805 2051 2034 2124 presby-

429 2141 518 2217 ter
560 2141 688 2214 fieri
729 2157 938 2230 potest.
969 2153 1128 2207 Idem
1179 2153 1264 2204 est
1301 2149 1344 2203 si
1387 2144 1768 2202 concubinam
1816 2141 2032 2230 habue-

429 2251 524 2318 rit,
557 2247 767 2320 quippe
797 2246 936 2298 tales
966 2240 1232 2296 homines
1261 2254 1392 2292 cum
1422 2235 1683 2290 castitate
1711 2231 1900 2286 vivere
1933 2229 2030 2282 de-

427 2341 552 2404 cet;
583 2339 767 2392 castus
787 2335 982 2387 autem
1005 2332 1090 2383 est
1115 2327 1211 2399 qui
1244 2325 1419 2379 habet
1451 2323 1534 2377 vel
1569 2320 1769 2374 habuit
1795 2332 2034 2372 uxorem

431 2429 670 2490 castam,
698 2426 756 2476 et
780 2422 963 2492 ipsam
1007 2415 1310 2488 virginem,
1344 2415 1402 2466 et
1436 2411 1508 2464 ab
1542 2410 1662 2480 ipso
1693 2405 1913 2478 virgine
1942 2421 2037 2458 re-

431 2517 682 2586 ceptam.
712 2509 770 2564 Si
801 2507 926 2580 quis
961 2507 1155 2559 autem
1190 2501 1484 2571 presbyter
1524 2499 1611 2552 vel
1642 2495 1916 2550 diaconus
1942 2495 2040 2546 aut

434 2581 818 2658 subdiaconus
847 2608 1084 2648 uxorem
1115 2588 1359 2652 duxerit,
1402 2588 1488 2640 vel
1516 2583 1903 2640 concubinam
1935 2581 2037 2634 ha-

435 2688 625 2746 buerit
648 2685 763 2740 sive
793 2683 941 2736 clam
971 2681 1083 2734 sive
1109 2679 1299 2750 palam
1333 2675 1448 2728 sive
1479 2675 1580 2728 sub
1611 2673 1803 2743 aliqua
1835 2671 2037 2739 ﬁgura,

436 2778 606 2834 cadat
646 2771 943 2828 clericatus
989 2769 1230 2832 honore,
1262 2769 1322 2820 et
1363 2763 1435 2817 sit
1466 2763 1716 2834 privatus
1758 2763 1816 2814 et
1845 2759 2036 2814 laicus.

442 2870 585 2922 ltem
617 2880 686 2918 ea
706 2878 832 2932 quas
863 2860 933 2913 de
972 2855 1189 2911 clericis
1221 2853 1464 2909 diximus
1511 2853 1749 2905 teneant
1778 2849 1953 2902 etiam
1985 2849 2044 2900 et

441 2957 501 3012 in
533 2944 1252 3007 diaconissis.Diaconissas
1281 2943 1474 2995 autem
1498 2937 1680 2994 creari
1710 2935 2042 2992 constitutio

440 3041 612 3114 przeci
621 3037 769 3112 pit,si
784 3031 1203 3108 quinquaginta
1215 3045 1500 3085 annorum
1515 3030 1744 3081 aetatem
1759 3024 2046 3097 agunt,ita

444 3135 640 3185 tamen
659 3129 721 3180 ut
735 3123 986 3194 virgines
1001 3121 1134 3181 sint,
1154 3119 1239 3172 vel
1253 3118 1297 3170 si
1313 3133 1492 3171 unum
1518 3115 1792 3170 maritum
1815 3117 2043 3168 tantum

447 3212 857 3274 habuerunt.Si
876 3213 1069 3265 autem
1093 3207 1318 3274 mulier,
1339 3203 1840 3278 propteraliquam
1861 3217 2051 3256 neces-

451 3309 705 3372 sitatem,
731 3301 922 3357 minor
939 3296 1360 3370 quinquaginta
1375 3295 1542 3348 annis
1559 3292 1876 3346 diaconissa
1901 3291 2050 3344 facta

449 3394 642 3460 fuerit,
661 3409 775 3446 non
792 3391 959 3444 liceat
977 3387 1028 3441 ei
1051 3385 1183 3440 alibi
1204 3385 1415 3455 degere
1437 3398 1612 3454 quam
1635 3381 1691 3434 in
1715 3378 2050 3434 arcliisterio

451 3479 976 3539 sanctimonialium
1007 3475 1336 3539 mulierum,
1357 3471 1452 3526 ubi
1487 3485 1672 3540 neque
1706 3485 1892 3522 mares
1914 3484 2050 3520 con-

452 3574 772 3635 versantur,
807 3583 992 3638 neque
1035 3564 1220 3618 vivere
1267 3562 1436 3616 liceat
1479 3559 1528 3613 ei
1573 3558 1864 3630 quomodo
1899 3557 2050 3610 velit.

454 3664 596 3717 Nam
621 3657 952 3714 diaconissze
983 3669 1154 3724 super
1175 3668 1232 3704 se
1261 3649 1524 3704 habitare
1557 3647 1894 3712 debent,vel
1928 3646 2052 3699 nul-

454 3753 574 3806 lum
608 3749 783 3804 alium
811 3743 1115 3799 admittere
1139 3755 1356 3802 secum,
1391 3737 1498 3790 nisi
1529 3751 1729 3788 revera
1770 3734 2053 3796 fratrem;

454 3841 542 3896 sin
573 3840 769 3892 autem
800 3833 991 3904 aliqua
1016 3827 1258 3901 suspicio
1287 3826 1358 3879 sit
1375 3824 1535 3896 quasi
1555 3823 1852 3876 simulatus
1882 3822 2057 3876 frater

453 3945 584 3984 cum
611 3944 680 3982 ea
709 3926 902 3993 degat,
934 3920 1018 3972 vel
1057 3917 1130 3971 ab
1170 3914 1336 3969 initio
1379 3929 1497 3967 non
1537 3914 1919 3977 consecretur,
1947 3911 2054 3976 vel,

454 4019 500 4073 si
526 4015 860 4071 consecrata
887 4006 1080 4071 fuerit,
1113 4003 1343 4058 amittat
1363 4003 1668 4055 honorem.
1695 4019 1726 4050 »

529 4106 608 4157 De
659 4097 877 4154 clericis
913 4111 926 4148 :
963 4116 990 4143 ‹‹
1033 4093 1212 4145 Nemo
1243 4088 1480 4143 clericus
1508 4089 1608 4141 fiat
1638 4087 1743 4142 nisi
1786 4088 1831 4141 is
1873 4087 1970 4160 qui
2001 4089 2058 4142 et

458 4195 678 4247 bonum
723 4180 1120 4239 testimonium
1163 4177 1336 4232 habet
1376 4179 1435 4230 et
1471 4176 1754 4230 litteratus
1799 4179 1902 4231 est.
1951 4176 2058 4240 Qui

461 4277 620 4334 enim
652 4274 871 4328 litteras
900 4285 1017 4322 non
1049 4267 1172 4335 scit,
1191 4265 1426 4320 clericus
1443 4282 1562 4319 esse
1587 4281 1702 4318 non
1719 4268 1933 4336 potest:
1955 4265 2056 4319 do-

460 4366 700 4422 ceantur
715 4362 774 4414 et
802 4355 1117 4431 presbyteri
1145 4357 1200 4408 et
1225 4352 1450 4408 diaconi
1475 4369 1662 4406 sacras
1692 4353 1982 4408 orationes
2003 4355 2060 4407 et

2133 1971 2427 2027 mensibus
2457 1973 2734 2042 appareat
2753 1985 2887 2023 eum
2917 1969 2976 2022 in
3005 1967 3280 2022 clericalu
3299 1965 3493 2020 fuisse.
3533 1965 3737 2036 Legere

2133 2063 2329 2114 autem
2356 2059 2528 2113 debet
2553 2061 2610 2113 et
2639 2074 2828 2112 sacros
2857 2072 3129 2122 canones,
3153 2071 3338 2126 eoque
3355 2057 3621 2124 tempore
3633 2067 3737 2124 quo

2133 2151 2524 2214 consecratur,
2557 2147 2888 2200 consulatur
2935 2161 3070 2198 eum
3117 2143 3167 2197 is
3223 2142 3322 2215 qui
3351 2143 3670 2207 consecrat,
3700 2137 3742 2194 si

2135 2237 2310 2309 possit
2333 2236 2520 2290 facere
2533 2237 2705 2306 atque
2717 2232 3003 2288 custodire
3029 2230 3228 2286 omnia
3253 2247 3380 2303 quae
3403 2229 3584 2284 divini
3606 2245 3744 2302 prie-

2135 2325 2356 2398 cipinnt
2412 2339 2685 2388 canones,
2722 2325 2780 2376 et
2809 2319 3090 2392 siquidem
3126 2317 3424 2389 negaverit
3477 2333 3541 2372 se
3591 2333 3741 2390 posse

2138 2411 2444 2478 custodire,
2471 2427 2588 2465 non
2611 2411 3012 2476 consecretur;
3034 2407 3079 2462 si
3106 2410 3300 2462 autem
3318 2405 3608 2478 pollicitus
3630 2405 3742 2459 fue-

2139 2501 2212 2556 rit
2225 2501 2656 2555 observaturum
2674 2515 2732 2552 se
2747 2499 3029 2569 quantum
3043 2493 3374 2550 hominibus
3387 2493 3658 2566 possibile
3667 2496 3745 2548 est

2141 2593 2337 2644 sancta
2367 2603 2655 2642 canonum
2706 2588 3015 2656 praecepta,
3056 2587 3194 2638 tunc
3247 2582 3292 2636 is
3321 2581 3419 2654 qui
3457 2583 3744 2636 consecrat

2141 2695 2273 2732 eum
2296 2677 2614 2731 admonere
2637 2676 2809 2746 atque
2839 2671 3152 2744 praedicere
3179 2671 3349 2726 debet
3379 2669 3540 2742 quod
3561 2669 3606 2724 si
3637 2685 3741 2723 non

2142 2763 2521 2821 observaverit
2549 2779 2801 2816 canones
2815 2763 3063 2827 sanctos,
3086 2763 3144 2814 et
3171 2758 3391 2813 alienus
3417 2756 3529 2812 erit
3554 2774 3589 2810 a
3617 2757 3742 2824 Deo,

2143 2857 2201 2908 et
2235 2853 2516 2923 religiosis
2542 2849 2823 2922 episcopis
2875 2865 2993 2902 non
3024 2845 3542 2903 connumerabitur
3570 2862 3584 2900 :
3618 2860 3741 2899 nam

2144 2957 2394 2996 canones
2425 2941 2657 2993 Patrum
2691 2937 2807 2990 vim
2855 2939 3050 3008 legum
3081 2935 3295 2990 habere
3349 2936 3600 3006 oportet.
3653 2931 3741 2986 Sin

2145 3033 2337 3084 autem
2371 3027 2578 3098 aliquis
2607 3025 2914 3098 pecuniam
2945 3023 3190 3090 dederit,
3224 3023 3551 3093 eodemque
3581 3019 3741 3074 modo

2147 3117 2444 3190 episcopus
2467 3118 2692 3169 creatus
2719 3113 2914 3180 fuerit,
2932 3112 3249 3167 nousolum
3276 3111 3420 3184 ipse,
3451 3110 3554 3164 sed
3579 3108 3743 3164 etiam

2149 3206 2246 3278 qui
2287 3203 2638 3260 consecravit
2662 3219 2793 3257 eum
2837 3201 2988 3255 inter
3011 3199 3308 3272 episcopos
3335 3215 3454 3253 non
3496 3197 3623 3262 erit,
3651 3193 3746 3249 sed

2148 3292 2406 3366 peCunia:
2437 3293 2523 3345 vel
2555 3307 2646 3344 res
2670 3289 2816 3344 datm
2847 3287 3297 3344 consecrationis
3351 3303 3522 3341 causa
3566 3299 3744 3339 sacro-

2151 3385 2362 3437 sanctae
2395 3379 2654 3433 Ecclesiae
2685 3377 3044 3444 addicantur,
3068 3376 3183 3430 sive
3201 3375 3522 3447 episcopus,
3540 3372 3648 3428 sive
3665 3373 3745 3424 est

2153 3471 2248 3542 qui
2277 3469 2452 3524 dedit.
2470 3470 2517 3521 Is
2539 3470 2731 3521 autem
2756 3465 2850 3536 qui
2878 3465 3114 3536 accepit,
3137 3480 3253 3519 non
3272 3465 3459 3518 solum
3483 3479 3571 3516 res
3588 3458 3743 3514 amit-

2156 3562 2256 3624 tat,
2290 3557 2388 3611 sed
2419 3557 2594 3610 etiam
2628 3555 2871 3626 gradum
2915 3556 3088 3624 atque
3126 3553 3410 3608 honorem
3446 3549 3741 3604 clericatus.

2155 3645 2635 3701 Similiterautem
2653 3645 2710 3696 et
2739 3642 2784 3694 si
2819 3641 2992 3696 laicus
3021 3640 3092 3695 sit
3117 3639 3213 3713 qui
3234 3638 3538 3712 pecuniam
3560 3637 3632 3692 vel
3661 3652 3746 3689 res

2155 3733 2392 3805 accepit,
2427 3736 2481 3786 el
2511 3731 2658 3804 ipsas
2688 3729 2940 3796 amittat,
2972 3733 3030 3784 et
3049 3729 3205 3783 aliud
3227 3729 3458 3782 tantum
3481 3728 3743 3800 quantum

2157 3822 2374 3894 accepit
2397 3819 2655 3892 pecunia-3
2685 3817 2924 3872 nomine
2954 3819 3165 3873 sanctae
3200 3816 3462 3872 Ecclesia:
3494 3817 3744 3887 praestem

2157 3911 2566 3982 compellatur;
2599 3906 2699 3960 sed
2728 3905 2845 3960 etsi
2869 3905 3273 3977 magistratum
3293 3907 3482 3976 gerat,
3503 3903 3558 3958 in
3585 3899 3746 3972 magi-

2160 4003 2340 4054 stratu
2353 4013 2474 4051 esse
2487 3996 2730 4060 desinat,
2751 3997 2810 4048 et
2823 3993 2879 4048 in
2900 3994 3094 4050 exsilio
3114 3992 3474 4048 irrevocabili
3489 3990 3742 4046 condem-

2160 4086 2407 4142 nabitur.
2443 4084 2542 4139 Sin
2575 4087 2769 4138 autem
2818 4081 3021 4154 aliquis
3052 4081 3349 4153 presbyter
3377 4081 3462 4134 vel
3496 4079 3743 4134 diaconus

2158 4175 2496 4232 constitutus
2509 4172 2752 4245 pecunia
2769 4172 2837 4227 da
2848 4175 2903 4225 ta
2913 4171 2986 4225 ad
3013 4169 3409 4243 episcopatum
3423 4163 3741 4242 pervenerit,

2159 4281 2276 4319 non
2292 4263 2477 4316 solum
2495 4261 2794 4333 episcopus
2810 4275 2929 4313 esse
2949 4256 3298 4322 desinat,sed
3323 4255 3502 4310 etiam
3517 4254 3740 4327 priorem

2160 4351 2403 4425 gradum
2421 4349 2848 4420 presbyteratus
2860 4347 2946 4400 vel
2961 4344 3206 4400 diaconii
3220 4344 3469 4398 amittat.
3493 4344 3742 4398 Consecra

464 4447 872 4510 ecclesiasticos
915 4460 1164 4518 canones
1211 4459 1224 4495 :
1264 4459 1407 4514 quos
1465 4441 1682 4496 scilicet
1740 4441 2062 4496 consecrari
2084 4440 2136 4498 D
2165 4441 2240 4494 tio
2273 4441 2466 4494 autem
2499 4436 2748 4506 episcopi
2777 4435 2876 4489 fiat
2896 4437 3031 4488 ante
3051 4450 3288 4488 omnem
3312 4434 3590 4504 populum
3609 4426 3739 4484 Chri-

463 4541 693 4614 oportet
711 4536 830 4591 sine
852 4529 2062 4604 reprehensione,sinecontradictione,sine

463 4627 840 4703 pecuniarum
872 4621 1125 4686 datione,
1157 4619 1429 4674 liberatos
1471 4622 1588 4672 tam
1629 4617 1856 4672 ofﬁciali
1890 4634 2064 4688 quam

465 4715 662 4776 curiali
693 4710 1043 4772 conditione,
1072 4708 1182 4762 nisi
1209 4707 1360 4762 forte
1381 4705 1696 4760 secundum
1724 4705 2069 4760 observatio-

466 4823 602 4864 nem
621 4819 796 4877 quam
818 4800 874 4854 in
898 4797 1085 4870 primo
1107 4795 1292 4866 capite
1324 4793 1620 4865 praesentis
1648 4793 2072 4848 constitutionis

467 4892 849 4968 exposuimus.
875 4889 1019 4942 Item
1044 4885 1154 4939 sive
1174 4883 1372 4949 lector,
1394 4881 1510 4935 sive
1532 4881 1932 4947 subdiaconus,
1956 4881 2070 4936 sive

468 4983 767 5058 presbyter
797 4975 1095 5032 clericatus
1123 4973 1412 5026 honorem
1462 4969 1894 5040 contempserit,
1927 4973 1984 5024 et
2012 4969 2071 5024 in

468 5073 640 5129 aliam
660 5067 834 5121 vitam
852 5060 1169 5125 transierit,
1192 5059 1440 5114 duorum
1460 5058 1706 5112 alterum
1727 5058 1798 5111 sit
1821 5075 1834 5111 :
1859 5059 1945 5112 vel
1979 5074 2072 5111 cu-

470 5157 668 5215 curiali
689 5149 1009 5210 conditioni
1043 5164 1175 5203 cum
1195 5146 1312 5200 suis
1337 5145 1704 5200 facultatibus
1720 5145 2072 5216 subjiciatur,

469 5251 557 5303 vel
587 5245 632 5300 si
663 5244 852 5316 plures
873 5237 1114 5292 curiales
1151 5233 1406 5289 civitates
1434 5233 1662 5299 habeat,
1697 5233 1832 5300 sive,
1867 5237 1927 5287 ut
1956 5233 2074 5304 ipse

471 5335 638 5391 vilior
655 5328 827 5397 sit,ad
841 5325 1150 5381 officialem
1173 5321 1568 5377 conditionem
1595 5322 1874 5388 trahatur,
1908 5321 1963 5376 id
1994 5325 2078 5377 est

473 5419 820 5478 taxioticam.
855 5433 886 5467 ι)
931 5415 1010 5468 De
1063 5411 1364 5482 episcopis.
1399 5429 1429 5460 «
1461 5410 1588 5462 Haec
1635 5409 1964 5463 constitutio
2020 5409 2077 5464 in

473 5509 662 5582 primo
689 5503 871 5574 capite
902 5497 1354 5556 consecrationis
1395 5497 1799 5567 episcoporum
1830 5497 2081 5568 loquitur

473 5591 968 5670 quemadmodum
986 5589 1215 5658 oportet
1232 5584 1806 5656 procedere.Necesse
1820 5587 1906 5638 est
1925 5587 2082 5641 enim

472 5685 628 5760 prius
656 5675 960 5750 disceptari
987 5675 1058 5729 de
1081 5673 1196 5728 vita
1221 5671 1493 5745 episcopi,
1513 5675 1711 5726 utrum
1731 5671 1887 5727 bona
1907 5673 1977 5728 sit
2005 5691 2080 5731 an

2164 4526 2487 4592 stianitatis,
2513 4529 2575 4578 ut
2593 4525 2664 4578 sit
2690 4525 2932 4578 facultas
2967 4521 3278 4593 unicuique
3307 4520 3354 4575 si
3387 4520 3522 4576 velit
3545 4521 3740 4574 contra-

2167 4617 2376 4672 dicere.
2413 4615 2478 4668 Et
2506 4613 2788 4685 siquidem
2820 4615 2953 4666 ante
2983 4609 3478 4666 consecrationem
3500 4606 3744 4663 factafueo

2168 4705 2246 4760 rit
2277 4702 2674 4768 contradictio,
2729 4717 2846 4755 non
2883 4700 3038 4771 prius
3077 4702 3446 4754 consecretur
3485 4697 3743 4770 episcopus

2173 4793 2280 4848 nisi
2309 4791 2645 4864 disceptatio
2679 4790 2748 4844 de
2771 4787 3228 4844 contradictione
3257 4788 3407 4842 facta
3428 4787 3522 4856 sit,
3545 4781 3744 4842 etundi-

2173 4899 2284 4954 que
2311 4882 2588 4951 appareat
2618 4877 2901 4933 innoxius.
2933 4879 2982 4931 ls
3013 4880 3209 4931 autem
3239 4876 3337 4948 qui
3369 4893 3504 4930 eum
3553 4876 3743 4929 contra-

2174 4969 2333 5036 dixit,
2354 4967 2757 5034 calumniator,
2774 4965 2818 5020 si
2844 4965 3600 5036 contradictionisjudicium
3620 4961 3746 5016 dese-

2172 5057 2375 5124 ruerit,
2395 5055 2508 5110 etsi
2533 5071 2649 5110 non
2675 5054 2965 5127 peregerit
2977 5069 3205 5108 causam
3218 5053 3748 5126 ,probibeatursacrs

2176 5144 2589 5200 communione
2609 5144 2669 5198 in
2693 5143 2852 5198 omni
2875 5143 2986 5198 vita
3007 5159 3108 5196 sua
3125 5143 3197 5196 ab
3215 5159 3282 5197 eo
3301 5142 3398 5214 qui
3418 5149 3746 5196 consecrave-

2177 5235 2252 5289 rit
2281 5233 2618 5306 episcopum
2651 5254 2676 5279 ιι

2251 5324 2328 5376 De
2341 5321 2686 5392 presbyteris
2712 5319 3122 5374 constituendis
3136 5322 3413 5374 statutum
3431 5323 3562 5374 est:«
3582 5313 3748 5371 Utsine

2179 5409 2521 5465 auctoritate
2552 5411 2636 5463 vel
2655 5425 2937 5462 consensu
2961 5407 3362 5480 episc0porum
3395 5401 3688 5479 presbyteri
3706 5398 3748 5452 in

2182 5497 2530 5570 quibuslibet
2551 5496 2812 5551 Ecclesiis
2825 5513 2928 5550 nec
2945 5495 3374 5551 constituantur
3393 5511 3494 5550 nec
3507 5490 3749 5564 expellan-

2186 5590 2361 5652 tur,et
2378 5587 2420 5640 si
2443 5584 2568 5640 laici
2582 5587 2817 5640 clericos
2829 5584 3142 5658 probabilis
3157 5584 3286 5638 vita:
3301 5588 3357 5639 et
3371 5575 3750 5649 doctrinmepis'

2183 5675 2339 5748 cepis
2373 5674 2788 5729 consecrandos
2809 5673 3036 5747 suisque
3068 5673 3125 5728 in
3158 5671 3418 5728 Ecclesiis
3445 5668 3754 5729 constituen.
