3882 6222
194 386 296 456 δάι’.

1673 396 2054 458 EPIRTOLE.

3418 398 3525 463 454

197 510 1399 594 dosobtulerintmullaqualibetoccasione
1413 536 1509 578 eos
1523 520 1818 595 rejiciant»
1841 528 1897 589 Α
1925 521 2258 580 Ambrosius
2283 520 2340 579 in
2368 521 2515 580 libro
2540 522 2609 581 de
2636 522 2911 582 Trinitate
2952 518 3042 582 his
3088 524 3274 584 verbis
3319 524 3378 584 iu
3419 541 3526 584 nn-

196 609 258 662 ln
279 609 525 663 concilio
553 610 1136 682 CarthagineusizuUt
1153 628 1284 667 cum
1301 611 1569 667 omnibus
1581 612 1819 668 omnino

200 696 419 752 clericis
445 701 744 754 extraneas
773 700 1008 755 feminas
1039 717 1153 755 non
1184 701 1536 768 cohabitent,
1563 702 1659 756 sed
1687 704 1820 758 solas

196 787 438 853 matres,
472 785 641 853 avias,
676 790 1032 855 matertera,
1062 788 1277 855 amitae,
1322 806 1568 855 sorores,
1601 793 1658 843 et
1687 789 1817 845 ﬁlia:

197 874 448 929 fratrum
482 876 573 928 vel
595 892 890 930 sororum.
940 898 967 926 ››
1014 878 1157 931 Item
1188 877 1247 931 in
1285 878 1493 932 eodem
1524 878 1765 932 concilio
1802 895 1815 933 :

200 987 227 1013 «ι
255 966 327 1019 Ut
347 962 547 1018 clerici
578 966 665 1018 vel
697 964 1061 1019 continentes
1105 965 1181 1019 ad
1207 965 1402 1020 viduas
1425 967 1509 1020 vel
1549 967 1814 1037 virgines,

201 1053 309 1107 nisi
328 1068 396 1106 ex
404 1052 572 1122 jussu
589 1055 648 1107 et
671 1052 954 1124 permissu
972 1052 1395 1125 episcoporum,
1412 1070 1526 1109 non
1543 1056 1817 1110 accedant

204 1141 389 1195 ethoc
409 1158 531 1195 non
556 1140 663 1196 soli
680 1140 1024 1207 faciant,sed
1047 1159 1178 1197 cum
1198 1143 1434 1209 clericis,
1459 1148 1557 1199 aut
1582 1161 1713 1199 cum
1731 1144 1816 1200 bis

202 1246 331 1285 cum
359 1229 572 1302 quibus
593 1230 894 1301 episcopus
901 1230 1154 1300 jusserit.
1179 1232 1291 1286 Nec
1311 1231 1415 1303 ipsi
1448 1232 1698 1303 episcopi
1718 1236 1818 1288 aut

209 1317 533 1390 presbyteri
554 1317 663 1372 soli
694 1317 946 1373 habeant
967 1335 1254 1373 accessum
1283 1322 1355 1375 ad
1381 1320 1709 1392 hujusmodi
1732 1321 1814 1375 fe-

203 1405 526 1472 minas,sed
549 1408 650 1460 aut
670 1405 767 1459 ubi
793 1406 980 1460 clerici
995 1412 1306 1478 praesentes
1319 1412 1472 1475 sunt,
1497 1413 1594 1463 aut
1615 1426 1815 1480 graves

204 1493 382 1567 aliqui
406 1493 740 1549 Christiani.
776 1513 809 1546 »
838 1496 897 1549 In
916 1496 1218 1567 Ancyrano
1233 1496 1475 1552 concilio
1494 1514 1506 1552 :
1524 1516 1555 1550 α
1576 1497 1813 1552 Diaconi

207 1599 338 1637 cum
366 1582 740 1648 ordinantur,
772 1582 819 1636 si
851 1582 908 1636 in
948 1583 1070 1654 ipsa
1114 1583 1480 1640 ordinatione
1511 1586 1812 1656 protestati

208 1673 341 1725 sunt
380 1670 646 1725 dicentes
674 1671 818 1725 velle
846 1688 904 1725 se
934 1671 1147 1726 habere
1180 1689 1400 1739 uxores,
1437 1690 1622 1745 neque
1648 1691 1812 1746 posse

207 1760 508 1814 continere
537 1775 552 1812 :
578 1757 637 1812 hi
666 1762 865 1829 postea
892 1760 937 1813 si
964 1759 1036 1814 ad
1055 1759 1283 1831 nuptias
1309 1761 1590 1827 venerint,
1611 1779 1810 1817 mane-

1924 630 2190 669 mensum
2220 614 2383 669 effert
2412 632 2424 670 :
2463 638 2489 665 ‹‹
2521 617 2597 670 De
2624 616 2875 670 conciliis
2913 618 3000 670 vel
3045 617 3406 687 potissimum
3436 635 3522 673 se-

1923 719 2067 774 quar
2097 704 2250 774 quod
2282 704 2520 758 trecenti
2553 704 2755 759 decem
2786 708 2843 758 et
2869 708 2996 759 octo
3023 705 3369 772 sacerdotes,
3394 709 3523 761 tan-

1920 807 2095 862 quam
2127 792 2369 846 Abrahee
2402 793 2530 846 lecti
2572 792 2809 863 judicio,
2835 809 3089 847 consona
3137 792 3270 848 fidei
3316 793 3521 850 virtute

1920 876 2180 945 victores,
2197 879 2351 933 velut
2370 879 2693 949 trophaaum
2718 882 2838 934 toto
2866 880 3005 934 orbe
3023 879 3270 933 subactis
3290 880 3523 952 perfidis

1918 968 2245 1021 extulerunt
2268 984 2279 1022 :
2302 969 2363 1021 ut
2384 967 2525 1022 mihi
2547 968 2807 1022 videatur
2821 968 2930 1021 hoc
2950 984 3069 1022 esse
3091 967 3346 1022 divinum
3368 969 3523 1041 quod

1917 1054 2123 1108 eodem
2157 1072 2398 1110 numero
2430 1055 2487 1110 in
2519 1056 2775 1110 conciliis
2800 1056 2933 1111 fidei
2976 1056 3290 1112 habeamus
3319 1073 3521 1112 oracu-

1914 1142 2056 1209 lum,
2091 1144 2246 1214 quod
2277 1143 2335 1197 in
2362 1143 2600 1199 historia
2628 1145 2854 1215 pietatis
2880 1147 3231 1216 exemplum.
3257 1168 3283 1195 ››
3317 1148 3379 1201 In
3414 1148 3520 1203 De-

1915 1231 2242 1298 cretalibus;
2267 1249 2394 1304 quas
2413 1232 2646 1287 femintc
2672 1234 3079 1287 habitentcum
3095 1234 3311 1288 clericis
3333 1251 3346 1289 :
3374 1258 3399 1283 «
3419 1235 3519 1290 Fe-

1915 1319 2102 1373 minas
2128 1336 2261 1373 vero
2284 1336 2402 1374 non
2420 1320 2559 1375 alias
2575 1338 2695 1375 esse
2716 1322 2973 1392 patimur
2989 1322 3046 1376 in
3067 1322 3332 1377 domibus
3354 1323 3520 1377 cleri-

1915 1424 2139 1473 corum,
2158 1408 2263 1461 nisi
2278 1424 2373 1462 eas
2391 1410 2617 1463 tantum
2649 1426 2789 1481 quas
2815 1414 3053 1483 propter
3088 1412 3234 1465 solas
3277 1412 3520 1467 necessi-

1913 1496 2182 1550 tudinum
2212 1513 2409 1551 causas
2440 1497 2698 1553 habitare
2730 1516 2860 1553 cum
2890 1499 3117 1553 hisdem
3142 1500 3392 1571 synodus
3424 1500 3517 1554 Ni-

1913 1601 2071 1639 cmna
2114 1585 2393 1655 permisit.
2442 1606 2469 1634 ››
2509 1588 2569 1640 In
2615 1587 2855 1641 concilio
2904 1587 3233 1642 Laodicensi
3272 1605 3285 1642 ε
3319 1608 3349 1640 α
3374 1588 3520 1643 Viris

1913 1689 2043 1727 cum
2078 1672 2412 1727 mulieribus
2444 1674 2666 1728 lavacra
2693 1691 2809 1728 non
2832 1675 3196 1729 celebranda.
3214 1676 3378 1740 Quod
3400 1693 3519 1731 non

1914 1763 2176 1831 oporteat
2208 1762 2380 1815 sacris
2407 1762 2609 1816 ofﬁciis
2637 1762 2862 1817 deditos
2883 1764 3232 1818 autclericos
3262 1766 3359 1819 aut
3384 1781 3520 1819 cou-

205 1851 304 1902 ant
330 1847 389 1900 in
423 1847 579 1900 clero
611 1849 862 1913 tantum,
906 1851 962 1901 et
1001 1864 1035 1901 a
1082 1847 1399 1903 ministerio
1445 1849 1808 1919 abjiciantur.
1835 1848 1884 1906 B
1914 1849 2183 1916 tinentcs,
2215 1850 2295 1903 vel
2332 1866 2568 1903 omnem
2610 1850 2815 1905 laicum
2868 1851 3256 1906 Christianum
3298 1854 3521 1907 lavacra

208 1936 549 2007 Quicunque
580 1952 718 1989 sane
748 1938 1051 1990 tacuerunt
1090 1939 1146 1990 et
1191 1940 1565 2008 susceperunt
1607 1955 1813 1993 manus

202 2024 638 2096 impositionem
666 2024 905 2095 professi
940 2024 1381 2092 continentiam,
1415 2028 1471 2080 et
1501 2028 1700 2097 postea
1739 2027 1811 2081 ad

202 2113 433 2185 nuptias
462 2114 879 2179 convenerunt,
913 2130 946 2167 a
974 2112 1295 2168 ministerio
1327 2117 1385 2167 et
1410 2117 1561 2169 clero
1589 2131 1809 2169 cessare

202 2200 518 2266 debebunt,
547 2199 757 2254 laicam
775 2203 1002 2255 tantum
1018 2200 1494 2256 communionem
1524 2203 1806 2274 recipien-

201 2294 304 2343 tes.
336 2311 364 2336 »
394 2291 455 2343 In
479 2288 874 2343 Decretalibus
895 2304 1057 2360 papae
1083 2289 1286 2343 Leonis
1315 2306 1328 2343 :
1355 2311 1382 2340 ‹‹
1402 2290 1565 2354 Quod
1578 2292 1807 2345 subdia-

200 2376 360 2432 conis
378 2376 612 2430 carnale
625 2376 981 2431 connubium
1002 2377 1489 2448 denegetur.Nam
1505 2396 1635 2433 cum
1650 2383 1809 2434 extra

205 2465 548 2519 clericorum
576 2464 845 2519 ordinem
863 2465 1186 2519 constitutis
1202 2467 1531 2537 nuptiarum
1550 2467 1807 2522 societati

204 2557 260 2607 et
287 2550 680 2624 procreationi
736 2551 988 2606 ﬁliorum
1018 2552 1246 2607 studere
1280 2553 1353 2607 sit
1382 2554 1626 2608 liberum
1662 2554 1810 2609 arbi-

202 2640 492 2705 trium,ad
510 2638 900 2694 exhibendam
924 2643 1118 2694 tamen
1143 2640 1411 2711 perfectae
1435 2642 1807 2697 continentia:

202 2728 540 2800 puritatem,
564 2744 670 2781 nec
692 2727 1055 2782 subdiaconis
1070 2727 1304 2798 quidem
1324 2729 1678 2783 connubium
1693 2746 1812 2784 car-

205 2819 333 2872 nale
349 2816 709 2882 conceditur,
739 2819 804 2870 ut
832 2820 889 2870 et
905 2818 1002 2888 qui
1024 2818 1373 2871 babentsint
1391 2821 1666 2890 tanquam
1692 2836 1809 2875 non

206 2906 572 2971 babentes,et
592 2904 690 2975 qui
708 2921 825 2958 non
854 2906 1071 2959 habent
1098 2907 1813 2977 permaneantsingulares

206 2993 369 3059 Quod
395 2994 443 3047 si
503 2992 563 3047 in
613 2994 725 3047 hoc
774 2993 997 3061 ordine,
1031 2993 1130 3067 qui
1161 2997 1398 3065 quartus
1428 2999 1513 3049 est
1543 3012 1575 3050 a
1602 2996 1810 3067 capite,

1912 1953 2042 1990 cum
2074 1936 2412 1991 mulieribus
2443 1938 2755 2004 celebrare,
2779 1937 2913 2009 quia
2941 1939 3063 1991 haec
3094 1938 3246 2009 apud
3278 1939 3521 2009 gentiles

1911 2024 2101 2096 prima
2119 2025 2490 2097 reprehensio
2512 2029 2614 2079 est.
2640 2047 2666 2071 ››
2687 2027 2808 2080 Non
2850 2026 3021 2079 licere
3054 2025 3271 2079 clericis
3289 2026 3520 2080 ludicris

1911 2118 1968 2167 et
1987 2113 2323 2185 spectaculis
2341 2114 2643 2167 interesse:
2666 2137 2691 2164 ‹‹
2718 2115 2955 2184 Oportet
2985 2112 3279 2167 ministros
3299 2113 3515 2181 altaris,

1910 2203 1995 2255 vel
2018 2201 2303 2273 quoslibet
2316 2202 2552 2256 clericos
2563 2203 2898 2273 spectaculis
2915 2201 3197 2272 aliquibus
3210 2218 3335 2272 qua
3350 2205 3447 2255 aut
3460 2201 3518 2257 in

1910 2290 2122 2361 nuptiis
2152 2292 2249 2345 aut
2280 2291 2337 2344 in
2358 2290 2533 2345 caenis
2554 2290 2895 2344 exhibentur
2920 2290 3214 2355 interesse,
3233 2290 3332 2344 sed
3353 2293 3518 2344 aute-

1910 2395 2085 2449 quam
2114 2378 2371 2432 cemelici
2402 2382 2510 2444 (28)
2541 2379 2962 2449 ingrediantur,
3002 2394 3237 2449 surgere
3277 2377 3512 2433 eosdem

1908 2466 2166 2521 convivio
2185 2469 2242 2520 et
2265 2467 2423 2521 abire
2438 2467 2703 2521 debere.»
2722 2468 2781 2520 In
2804 2467 3023 2537 synodo
3052 2466 3514 2535 Neocmsariensi,

1910 2554 2144 2627 capitul.
2184 2558 2199 2609 l
2239 2573 2251 2609 :
2287 2578 2313 2605 ‹‹
2339 2556 2641 2626 Presbyter
2669 2555 2767 2626 qui
2798 2572 3034 2609 uxorem
3061 2554 3303 2620 duxerit,
3338 2555 3410 2609 ab
3430 2571 3521 2609 or-

1911 2643 2042 2697 dine
2074 2661 2174 2698 suo
2206 2644 2365 2699 illum
2395 2643 2606 2714 deponi
2653 2644 2884 2697 debere.
2920 2643 3082 2707 Quod
3122 2643 3167 2698 si
3211 2643 3523 2698 fornicatus

1908 2731 2083 2785 fuerit
2101 2734 2185 2786 vel
2219 2731 2565 2786 adulterium
2611 2730 2985 2793 commiserit,
3023 2733 3184 2785 extra
3219 2730 3520 2785 ecclesiam

1910 2820 2230 2890 abjiciatur,
2296 2823 2355 2874 et
2402 2821 2803 2892 paenitentiam
2856 2817 3009 2874 inter
3048 2819 3220 2874 laicos
3258 2819 3525 2873 redactus

1912 2911 2101 2979 agat.»
2124 2910 2185 2962 In
2206 2909 2408 2962 eadem
2428 2909 2682 2979 Synodo,
2710 2909 2942 2979 capitul.
2972 2912 3035 2963 l2
3060 2925 3073 2959 τ
3108 2930 3135 2957 ‹‹
3165 2907 3301 2972 Quae
3332 2907 3522 2962 forma

1912 2996 2236 3052 servaturin
2260 2996 2498 3063 clericis,
2538 2996 2787 3051 maxime
2822 3014 2953 3051 cum
2987 2998 3148 3050 vetus
3186 2996 3384 3065 regula
3413 2996 3521 3049 hoc

205 3082 450 3183 dignum
482 3084 570 3183 est
597 3080 1117 3183 custodiri,quanto
1140 3081 1397 3153 magisin
1422 3083 1607 3183 primo
1635 3085 1816 3137 velse-
1837 3125 1883 3183 Ο
1911 3085 2123 3183 habeat
2142 3088 2203 3183 ut
2218 3086 2457 3183 quisque
2471 3089 2757 3140 correctus
2783 3086 3100 3182 baptisalus
3135 3084 3370 3183 clericus
3400 3100 3521 3138 esse

204 3170 392 3225 cundo
424 3169 668 3224 tertiove
698 3171 1041 3225 servandum
1076 3174 1163 3225 est
1192 3188 1264 3224 ne
1295 3175 1395 3224 aut
1442 3172 1685 3239 levitico,
1719 3175 1816 3226 aut

206 3257 588 3330 presbyterali
651 3258 895 3325 honore,
952 3262 1050 3313 aut
1101 3258 1408 3332 episcopali
1482 3260 1818 3314 excellentia

207 3347 512 3417 quisquam
545 3345 837 3400 indoneus
877 3346 1215 3412 aestimetur,
1238 3346 1335 3419 qui
1376 3364 1435 3401 se
1466 3364 1500 3402 a
1526 3348 1817 3418 voluptate

208 3434 396 3488 uxoris
418 3450 528 3487 nec
561 3433 702 3488 dum
749 3434 1003 3488 frenasse
1051 3434 1356 3505 detegitur.
1395 3457 1422 3483 »
1454 3434 1820 3490 Innocentius

208 3538 356 3593 papa
390 3539 404 3576 :
439 3541 469 3574 α
500 3522 667 3585 Quod
698 3521 757 3577 hi
807 3522 904 3593 qui
937 3522 994 3576 in
1027 3522 1382 3593 presbyterio
1424 3524 1571 3578 filios
1601 3541 1818 3595 genue-

208 3611 345 3676 rint,
368 3610 660 3665 removeri
706 3613 937 3680 oportet
967 3610 1038 3664 ab
1069 3610 1282 3665 officio.
1309 3610 1414 3675 Qui
1442 3613 1560 3665 zelo
1596 3611 1728 3665 fidei
1756 3628 1821 3665 ac

211 3697 528 3768 disciplinae
559 3698 765 3752 doctus
806 3714 923 3753 non
966 3698 1181 3770 patitur
1208 3699 1515 3753 Ecclesiam
1543 3699 1720 3769 pollui
1749 3700 1821 3754 ab

210 3786 461 3858 indignis
510 3786 861 3857 presbyteris
886 3803 1028 3858 quos
1056 3786 1113 3840 in
1130 3786 1486 3859 presbyterio
1510 3786 1656 3842 ﬁlios
1679 3804 1824 3841 asse-

212 3874 284 3929 rit
312 3890 672 3946 procreasse,
706 3875 864 3945 quod
904 3891 1023 3929 non
1074 3875 1244 3929 licere
1296 3891 1672 3946 exponerem,
1715 3875 1822 3930 nisi

213 3978 441 4016 nossem
495 3965 752 4016 vestram
791 3961 1158 4033 prudentiam
1215 3962 1357 4033 legis
1404 3963 1577 4017 totius
1609 3963 1824 4017 habere

218 4051 504 4106 notitiam.
528 4051 596 4104 Et
629 4049 1009 4116 ideo,fratres
1025 4050 1365 4117 charissimi,
1389 4051 1561 4105 libelli
1584 4053 1678 4123 qui
1699 4052 1826 4105 sul:-

218 4136 389 4207 jectus
417 4142 505 4193 est
533 4142 740 4193 tenore
785 4142 1104 4210 perspecto,
1159 4156 1256 4193 eos
1305 4140 1402 4210 qui
1454 4140 1588 4193 talia
1621 4156 1824 4211 perpe-

224 4228 390 4281 trasse
421 4227 700 4281 dicuntur
720 4226 921 4296 jubete
962 4227 1020 4280 in
1058 4226 1250 4281 medio
1291 4228 1578 4294 collocari,
1613 4228 1823 4283 discus-

228 4314 399 4385 sisque
415 4314 843 4385 objectionibus
861 4331 987 4385 quae
1007 4314 1143 4385 ipsis
1160 4315 1506 4386 presbyteris
1520 4315 1595 4369 im
1606 4317 1824 4387 pingun

1914 3172 2585 3244 voluissehsponderctse
2610 3190 2845 3227 uxorem
2863 3172 3103 3227 omnino
3125 3188 3241 3225 non
3255 3171 3519 3225 ducere.»

1916 3262 1976 3313 ln
2017 3261 2235 3330 synodo
2269 3260 2727 3330 Carthaginiensi,
2762 3261 2831 3315 de
2882 3259 3236 3315 continentia
3265 3259 3523 3313 Aurelius

1918 3348 2215 3419 episcopus
2236 3347 2413 3401 dixit:
2440 3370 2465 3395 ‹‹
2499 3348 2641 3401 Cum
2671 3348 2964 3417 praeterito
2998 3346 3240 3401 concilio
3259 3347 3327 3400 de
3349 3346 3527 3400 conti-

1921 3433 2130 3487 nentia:
2153 3436 2209 3486 et
2229 3433 2505 3487 castitatis
2520 3435 2921 3489 moderamine
2939 3437 3303 3496 tractaretur,
3317 3434 3528 3505 gradus

1920 3522 2011 3576 isti
2039 3525 2173 3585 tres,
2207 3520 2302 3593 qui
2352 3521 2772 3592 conscriptione
2813 3525 3065 3593 quadam
3106 3521 3379 3575 castitatis
3426 3535 3528 3589 per

1921 3610 2379 3665 consecrationes
2399 3609 3376 3681 adnexisunt,episcopos,inquam,
3404 3625 3530 3679 pre-

1922 3699 2178 3770 sbyteros
2199 3701 2257 3752 et
2278 3698 2567 3764 diaconos,
2595 3698 2677 3752 ita
2688 3697 2923 3770 placuit,
2949 3701 3011 3751 ut
3043 3713 3233 3751 sacros
3254 3697 3531 3751 condecet

1922 3788 2222 3853 antistites,
2268 3802 2332 3841 ac
2378 3786 2477 3840 Dei
2514 3786 2857 3852 sacerdotes,
2905 3801 3010 3839 nec
3047 3801 3165 3839 non
3213 3786 3271 3837 et
3308 3782 3528 3851 levitas,

1922 3878 2008 3931 vel
2040 3875 2137 3947 qui
2166 3875 2541 3930 sacramentis
2567 3874 2774 3929 divinis
2800 3873 3135 3939 inserviunt,
3170 3871 3532 3926 continentes

1925 3982 2044 4020 esse
2068 3966 2125 4019 in
2149 3964 2560 4035 omnibus,quo
2579 3962 3149 4035 possintsimpliciter
3174 3960 3328 4034 quod
3355 3978 3388 4015 a
3414 3962 3531 4015 Deo

1926 4053 2220 4124 postulant
2242 4051 2319 4105 im
2329 4055 2556 4123 petrare
2578 4069 2591 4119 ;
2625 4055 2686 4105 ut
2702 4051 2855 4122 quod
2871 4051 3114 4122 apostoli
3129 4050 3536 4117 docuerunt,et

1926 4156 2049 4211 lpsa
2080 4140 2321 4194 servavit
2350 4140 2684 4212 antiquitas,
2715 4156 2819 4193 nos
2838 4155 3065 4210 quoque
3089 4137 3534 4193 custodiamus.»

1997 4231 2057 4282 ln
2089 4228 2291 4282 eadem
2323 4229 2565 4299 synodo,
2600 4228 2670 4281 de
2703 4227 2939 4282 diversis
2972 4227 3272 4282 ordinibus
3302 4228 3374 4281 ab
3405 4244 3539 4281 uxo-

1926 4317 2081 4371 ribus
2111 4316 2469 4370 abstinendis
2496 4316 2793 4370 Faustinus
2824 4315 3125 4387 episcopus
3157 4315 3415 4370 Ecclesiae
3431 4317 3537 4370 Po-

227 4402 662 4470 tur,siconvinci
684 4402 1040 4472 potuerint,a
1057 4402 1826 4457 sacerdotaliremoveantur
1852 4402 1904 4459 D
1929 4406 2163 4459 tentina:
2198 4404 2501 4475 provincia:
2536 4403 2727 4458 Piceni
2772 4405 2994 4475 legatus
3034 4408 3245 4459 sanctae
3280 4403 3540 4458 Ecclesia:

228 4492 436 4558 officio;
465 4492 605 4563 quia
636 4489 737 4562 qui
764 4490 945 4544 sancti
999 4507 1115 4545 non
1153 4493 1305 4556 sunt,
1351 4494 1550 4544 sancta
1579 4494 1826 4546 tractare

226 4595 330 4634 non
362 4581 628 4651 possunt,
654 4582 829 4649 atque
849 4578 1021 4632 alieni
1053 4578 1381 4633 efﬁciuntur
1406 4596 1441 4633 a
1479 4578 1823 4647 ministerio,

225 4668 368 4738 quod
406 4666 656 4721 vivendo
702 4665 898 4719 illicite
939 4668 1286 4738 polluerunt.
1318 4667 1593 4721 Miramur
1624 4671 1823 4722 autem

220 4752 332 4809 haec
371 4771 582 4809 eorum
607 4752 970 4807 dissimulare
1005 4755 1322 4826 episcopos,
1343 4760 1405 4810 ut
1441 4759 1539 4809 aut
1557 4756 1826 4811 cohibere

224 4843 555 4908 connivere,
583 4844 687 4895 aut
701 4842 921 4895 nescire
940 4858 1059 4896 esse
1082 4842 1274 4897 illicita
1287 4843 1638 4913 judicentur.
1669 4866 1696 4891 »

285 4934 345 4985 lu
377 4931 617 4986 Niczeno
634 4928 886 4985 Concilio
903 4928 972 4982 de
1000 4930 1451 4985 subintroductis
1468 4932 1823 4986 mulieribus:

218 5038 247 5071 ς
270 5018 576 5074 Interdixit
611 5032 715 5087 per
745 5017 946 5070 omnia
979 5034 1191 5088 magna
1237 5019 1491 5090 synodus
1530 5037 1647 5073 non
1706 5020 1825 5090 epi-

217 5124 406 5179 scopo,
447 5122 572 5160 non
611 5104 974 5175 presbytero,
1018 5122 1135 5159 non
1190 5106 1456 5175 diacono,
1504 5125 1608 5162 nec
1660 5107 1828 5163 alicui

221 5195 456 5250 omnino
487 5192 590 5264 qui
623 5192 683 5245 in
716 5192 867 5246 clero
896 5197 979 5247 est
1010 5194 1181 5249 licere
1216 5195 1715 5251 subintroductam
1734 5198 1830 5251 ha-

222 5285 347 5338 bere
370 5283 711 5346 mulierem,
728 5278 834 5333 nisi
854 5280 998 5335 forte
1012 5286 1282 5348 matrem,
1307 5287 1698 5348 autsororem,
1733 5288 1833 5338 aut

222 5373 482 5438 amitam,
514 5370 604 5423 vel
640 5385 738 5423 eas
770 5372 994 5424 tantum
1025 5388 1297 5443 personas
1323 5389 1452 5444 qum
1481 5373 1834 5445 suspiciones

222 5462 581 5534 effugiunt.»
616 5458 731 5511 Hoc
763 5461 954 5512 autem
986 5460 1279 5515 Nicaenum
1302 5462 1605 5516 concilium
1636 5463 1833 5515 beatus

287 5653 408 5728 (28)
437 5646 782 5719 Thymelici,
816 5646 875 5702 id
903 5652 989 5705 est
1018 5650 1278 5709 tibicines.

1927 4493 2066 4547 dixit
2105 4509 2119 4546 ε
2150 4510 2181 4543 ‹‹
2214 4492 2404 4545 Placet
2441 4494 2502 4545 ut
2527 4490 2799 4562 episcopi,
2852 4491 3170 4564 presbyteri
3203 4493 3261 4545 et
3290 4489 3539 4545 diaconi.

1926 4582 2012 4636 vel
2034 4580 2131 4652 qui
2154 4584 2518 4634 sacramenta
2539 4583 2924 4647 contractant,
2961 4580 3251 4652 pudicitia:
3282 4579 3546 4633 custodes

1927 4670 2000 4723 ab
2031 4669 2298 4723 uxoribus
2317 4686 2375 4722 se
2392 4668 2741 4726 abstineant.
2767 4688 2797 4721 »
2822 4669 2908 4723 Ab
2942 4668 3220 4724 universis
3262 4666 3544 4738 episcopis

1929 4757 2142 4811 dictum
2168 4759 2252 4810 est
2278 4774 2289 4810 :
2316 4758 2553 4811 «Placet
2598 4760 2659 4811 ut
2690 4757 2746 4810 in
2780 4757 3051 4811 omnibus
3091 4761 3148 4811 et
3175 4757 3247 4810 ab
3278 4755 3547 4809 omnibus

1927 4844 2203 4915 pudicitia
2227 4845 2581 4899 custodiatur
2610 4845 2705 4915 qui
2766 4844 2931 4901 altari
2964 4844 3303 4898 inserviunt.
3342 4864 3367 4890 »
3402 4843 3548 4895 Prae-

1931 4942 2090 4992 terea
2106 4949 2236 4987 cum
2259 4932 2329 4986 de
2349 4932 2740 5003 quorumdam
2761 4929 3382 5000 clericorumquamvis
3407 4946 3547 4999 erga

1927 5037 2131 5075 uxores
2162 5019 2424 5092 proprias
2464 5018 2889 5074 incontinentia
2919 5017 3255 5083 referretur,
3275 5039 3301 5065 ‹‹
3333 5017 3548 5088 placuit

1927 5110 2222 5181 episcopos
2235 5111 2291 5162 et
2306 5108 2665 5179 presbyteros
2678 5109 2735 5158 et
2748 5105 3020 5159 diaconos
3037 5103 3549 5175 secundumpriora

1928 5201 2140 5251 statuta
2161 5196 2336 5249 etiam
2352 5196 2424 5248 ab
2442 5194 2709 5249 uxoribus
2723 5190 3052 5245 continere:
3084 5190 3237 5260 quod
3265 5189 3369 5243 nisi
3396 5190 3544 5243 fece-

1930 5286 2069 5350 rint,
2092 5283 2163 5337 ab
2203 5282 2584 5336 ecclesiastico
2618 5281 3031 5332 removeantur
3062 5275 3280 5341 officio;
3315 5280 3550 5330 caeteros

1933 5376 2130 5426 autem
2145 5369 2380 5423 clericos
2399 5368 2471 5421 ad
2494 5369 2600 5421 hoc
2625 5382 2737 5419 nou
2758 5364 3012 5435 cogi,sed
3034 5363 3352 5417 secundum
3384 5362 3550 5417 unius

1932 5455 2469 5529 cujusqucEcclesia:
2484 5451 2961 5507 consuetudinem
2976 5450 3261 5505 observari
3279 5450 3546 5505 debere.»
