3882 6222
123 486 230 549 ΒἹ

1649 478 2028 540 κριετοωε.

3366 494 3473 553 458

130 625 304 670 eum:
333 606 522 666 Locus
548 608 704 663 enim
732 606 792 663 in
815 620 920 680 quo
951 608 1060 661 stas
1085 606 1229 662 terra
1251 606 1437 660 sancta
1460 606 1535 659 est
1564 599 1761 675 (Exod.
1784 600 2085 664 Aluxuria
2124 603 2211 658 est
2252 616 2266 657 :
2306 617 2415 658 non
2462 600 2814 675 vinolentum;
2845 602 2922 661 sic
2967 604 3129 665 bibat
3175 608 3475 687 episcopus

138 701 314 774 111,5).
335 697 635 756 Similiter
656 714 798 769 ergo
822 699 881 752 et
910 696 968 750 in
1013 694 1264 751 Ecclesia
1309 693 1411 749 Dei
1449 694 1606 749 locus
1633 710 1764 749 san-

137 795 261 846 ctus
282 790 372 844 est
400 787 554 842 fides
584 785 848 857 perfecta
876 786 935 838 et
961 782 1210 838 charitas
1241 783 1311 837 de
1338 782 1510 837 corde
1539 798 1683 854 puro
1708 785 1767 838 et

130 875 499 936 conscientia
519 872 944 945 pura.Videant
959 874 1019 926 et
1036 870 1259 926 discant
1270 870 1520 942 episcOpi
1540 870 1678 942 quid
1693 871 1765 926 sit

130 970 326 1023 tactus
346 964 449 1038 qui
462 963 646 1019 faciat
659 960 1055 1027 immundum,
1080 960 1219 1032 quid
1234 976 1368 1015 vero
1384 959 1453 1014 sit
1470 962 1653 1014 tactus
1668 960 1766 1032 qui

128 1056 317 1113 faciat
329 1050 973 1121 mundum.Apostolus
994 1048 1132 1103 dicit
1166 1065 1178 1103 :
1213 1047 1430 1103 Bonum
1461 1055 1535 1102 est
1565 1049 1768 1103 homini

130 1144 421 1199 mulierem
433 1158 545 1196 non
558 1137 843 1211 tangere(l
861 1134 987 1193 Cor.
1003 1154 1102 1204 v11,
1124 1136 1301 1209 l).Hic
1313 1139 1495 1192 tactus
1517 1136 1767 1192 immun-

133 1235 245 1291 dus
260 1236 373 1301 est;
394 1232 510 1287 hoc
534 1232 623 1285 est
634 1228 793 1285 enim
816 1228 955 1283 illud
968 1226 1127 1300 quod
1140 1226 1415 1282 Dominus
1432 1226 1490 1281 in
1506 1227 1761 1297 Evange-

134 1322 216 1378 lio
243 1322 329 1378 ait
362 1339 378 1376 :
413 1319 487 1377 Si
504 1321 624 1392 quis
665 1318 862 1374 viderit
889 1316 1159 1370 mulierem
1195 1316 1266 1370 ad
1294 1314 1765 1386 concupiscendum

136 1429 282 1479 eam,
300 1412 432 1483 jam
463 1408 749 1464 moechatus
779 1413 854 1461 est
880 1421 998 1461 eam
1027 1408 1084 1460 in
1118 1404 1276 1459 corde
1301 1422 1393 1459 suo
1439 1404 1663 1477 (Matth.
1708 1421 1761 1472 v,

139 1502 239 1564 28)
278 1516 295 1554 :
332 1497 532 1570 tetigit
570 1496 729 1551 enim
751 1511 850 1549 cor
880 1494 1002 1564 ejus
1040 1492 1516 1565 concupiscentia:
1540 1492 1761 1556 vitinm,

142 1594 203 1645 et
231 1587 548 1644 immunda
577 1586 728 1640 facta
757 1587 843 1639 est
873 1583 1070 1639 anima
1100 1584 1240 1653 ejus.
1266 1581 1322 1637 Si
1350 1580 1475 1652 quis
1493 1598 1631 1653 ergo
1654 1582 1762 1636 hoc

146 1677 328 1732 modo
359 1675 555 1747 tangit
578 1674 835 1745 aliquam
864 1688 1014 1738 rem,
1037 1670 1093 1725 id
1124 1673 1210 1725 est
1240 1671 1327 1724 vel
1360 1686 1464 1740 per
1506 1668 1764 1725 mulieris

146 1762 810 1835 concupiscentiam,vel
852 1776 957 1831 per
981 1759 1238 1830 pecunia:
1271 1758 1644 1830 cupiditatem
1674 1758 1763 1812 vel

147 1854 262 1909 alio
285 1853 549 1925 quolibet
570 1850 788 1922 peccati
817 1848 1123 1915 desiderio,
1153 1848 1523 1903 immundum
1550 1848 1762 1919 tetigit,

1865 695 1930 747 ut
1952 708 2025 746 an
2056 690 2267 747 biberit
2294 691 2615 771 ignoretur.
2649 714 2677 742 »
2707 695 3043 751 Ambrosius
3073 697 3131 753 in
3162 700 3475 773 Epistolam

1868 780 1941 836 ad
1961 781 2295 837 Romanos:
2330 781 2614 846 «Quanta
2658 783 2900 838 felicitas
2946 803 3063 841 non
3117 791 3306 845 uxoris
3350 810 3472 849 esse

1870 886 2121 935 servum,
2140 870 2240 923 sed
2256 870 2460 924 Christi
2482 888 2496 938 ;
2521 887 2638 926 non
2653 872 2810 926 carni
2826 874 3054 941 servire,
3081 878 3179 931 sed
3207 880 3430 949 spiritui
3453 884 3467 939 l

1868 960 1963 1030 qui
1986 957 2146 1013 enim
2173 958 2406 1013 adhaeret
2435 958 2690 1027 Domino,
2724 979 2862 1015 unus
2904 964 3126 1033 spiritus
3155 974 3227 1021 est
3261 967 3308 1038 (Ι
3341 968 3470 1027 Cor.

1866 1063 1958 1113 v11,
1983 1046 2174 1117 l7),Ac
2188 1063 2259 1100 ne
2272 1046 2511 1101 forsitan
2528 1047 2585 1102 in
2599 1065 2667 1103 eo
2682 1050 2835 1121 quod
2849 1068 3019 1122 supra
3032 1052 3474 1115 dixerat:Scrvus

1866 1141 2082 1188 vocatus
2112 1152 2182 1201 es,
2208 1152 2315 1189 non
2341 1138 2411 1190 sit
2447 1136 2546 1190 tibi
2572 1154 2732 1204 cura,
2758 1139 2848 1191 sed
2882 1146 2932 1193 et
2967 1143 3016 1194 si
3025 1150 3175 1212 potes
3205 1145 3333 1199 liber
3354 1147 3477 1218 ﬁeri

1864 1225 2034 1293 magis
2048 1230 2196 1278 utere
2208 1223 2371 1296 (Ibid.
2382 1228 2462 1291 ,2l
2472 1224 2488 1295 )
2500 1225 2812 1297 ,sngillasse
2827 1229 3247 1287 continentiam
3258 1234 3474 1292 videre-

1864 1314 1979 1379 tur,
2003 1314 2059 1365 et
2078 1312 2137 1366 in
2150 1312 2498 1369 famulatum
2516 1314 2814 1369 tradidisse
2830 1333 2934 1371 nos
2946 1320 3280 1391 conjugum,
3297 1323 3474 1381 infert

1862 1400 2207 1456 sententiam
2222 1418 2350 1473 qua:
2365 1419 2605 1457 omnem
2618 1404 3038 1462 cavillationem
3056 1415 3335 1482 amputet:
3349 1413 3473 1469 Pre-

1864 1492 1935 1544 tio
1948 1493 2317 1562 magnoempti
2336 1495 2485 1559 estis;
2515 1494 2675 1546 nolite
2695 1494 2819 1563 ﬁeri
2830 1499 2970 1551 servi
2982 1498 3255 1554 hominum
3286 1501 3468 1574 (Ibid.,

1861 1582 1974 1645 23),
1988 1596 2177 1650 neque
2190 1580 2320 1650 conj
2331 1598 2529 1652 ngnm,
2547 1582 2831 1654 redempti
2850 1589 3469 1658 sumnspretiosissimo

1865 1666 2384 1738 Christisanguine.
2414 1670 2555 1724 Vere
2582 1675 2740 1726 amat
2764 1672 3011 1744 virgines
3039 1676 3311 1747 Christus,
3336 1682 3473 1753 quia

1864 1755 2364 1826 sponte‘tribuunt
2394 1758 2550 1828 quod
2580 1758 2686 1813 sibi
2714 1777 2830 1815 non
2869 1763 3058 1818 fuerat
3095 1765 3468 1838 imperatum,

1865 1841 2216 1914 majorisque
2228 1844 2429 1914 gratia:
2444 1849 2528 1898 est
2539 1845 2744 1900 offerre
2758 1850 2913 1918 quod
2928 1867 3043 1904 non
3058 1852 3470 1925 debeas,quam

150 1944 208 1996 et
222 1914 685 2013 inquinatus-est.
707 1938 947 2009 Oportet
972 1914 1115 2008 ergo,
1134 1939 1213 2003 te,
1237 1936 1281 1991 si
1317 1937 1455 2008 quid
1488 1938 1602 1991 tale
1632 1914 1763 1991 teti;
1796 1914 1845 1971 B
1865 1932 2109 1987 reddere
2136 1933 2293 2004 quod
2320 1933 2582 2004 exigeris.
2614 1914 2893 2006 Apostoli,
2913 1939 3100 1992 uxoris
3126 1914 3469 1998 onerelcon-

153 2030 328 2101 geris,
348 2026 809 2099 scirequomodo
828 2025 1034 2081 offeras
1062 2024 1428 2093 sacrificium,
1445 2025 1765 2080 secundum

155 2133 224 2172 ea
250 2134 382 2189 qna:
406 2116 467 2171 in
492 2114 887 2188 superioribus
912 2113 1387 2181 memoravimus,
1424 2116 1487 2168 ut
1512 2113 1767 2169 mundus

159 2206 307 2262 effici
335 2204 535 2278 possis.
562 2224 591 2252 »

227 2293 562 2349 Ambrosius
598 2292 657 2347 in
700 2292 1020 2363 Epistolam‘
1066 2291 1140 2347 ad
1181 2292 1475 2347 Romanos
1501 2291 1568 2364 (c.
1596 2291 1716 2365 v111)
1750 2307 1764 2345 :

167 2406 194 2434 ιι
220 2384 462 2446 Fratres,
477 2384 780 2455 quicunque
805 2382 993 2452 spiritu
1023 2380 1130 2435 Dei
1150 2387 1407 2451 aguntur,
1437 2381 1496 2434 hi
1519 2380 1627 2454 ﬁlii
1646 2386 1771 2435 sunt

164 2470 289 2540 Dei;
321 2471 367 2526 si
384 2471 676 2542 prudentia
705 2472 881 2524 carnis
907 2471 1125 2523 inimica
1146 2476 1221 2524 est
1259 2471 1314 2523 in
1341 2469 1539 2536 Deum,
1582 2472 1639 2523 et
1680 2470 1774 2543 qui

164 2562 217 2613 in
245 2577 404 2614 carne
425 2565 551 2614 sunt
578 2559 693 2613 Deo
733 2559 945 2630 placere
992 2575 1099 2612 non
1120 2562 1365 2629 possunt,
1392 2557 1642 2612 arbitror
1673 2574 1772 2613 eos

167 2648 256 2719 qui
298 2647 554 2702 serviunt
609 2646 803 2701 officio
851 2646 1141 2717 conjugali
1203 2645 1359 2717 quod
1401 2645 1773 2718 prudentiam

165 2736 349 2790 carnis
376 2735 643 2807 diligant,
667 2737 727 2789 et
756 2734 815 2789 in
841 2750 1013 2789 carne
1043 2736 1197 2801 sunt,
1232 2750 1266 2788 a
1312 2750 1427 2805 qua
1474 2735 1775 2789 retrahens

167 2839 266 2877 nos
287 2825 614 2895 Apostolus,
647 2825 707 2877 et
731 2823 984 2894 jungens
1009 2821 1246 2893 Spiritui
1274 2822 1542 2893 deinceps
1586 2821 1772 2894 loqui-

168 2914 256 2966 tur
282 2912 351 2979 (c.
378 2913 470 2981 x11)
507 2928 521 2966 :
554 2911 785 2967 Obsecro
831 2927 940 2978 vos,
978 2928 1079 2981 per
1110 2909 1522 2964 misericordiam
1560 2909 1683 2977 Dei,
1715 2917 1775 2964 ut

167 3001 448 3055 exhibeatis
475 3016 701 3072 corpora
726 3006 903 3055 vestra
947 3000 1173 3055 hostiam
1204 3001 1486 3067 viventem,
1513 3007 1772 3068 sanctam,

166 3088 273 3144 Deo
290 3090 616 3161 placentem.
655 3110 682 3138 ››
713 3089 875 3143 Idem
903 3091 1033 3161 post
1063 3105 1284 3160 pauca:
1319 3107 1345 3137 ι
1376 3088 1537 3156 Vide,
1570 3089 1771 3157 frater,

170 3182 379 3250 quanta
415 3177 699 3251 pudicitia
728 3177 990 3249 exigatur
1034 3176 1095 3232 in
1146 3176 1436 3248 episcopo,
1468 3180 1532 3231 ut
1584 3177 1629 3231 si
1671 3177 1774 3232 filii

171 3266 285 3335 ejus
306 3266 587 3338 impudici
605 3266 843 3333 fuerint,
872 3266 992 3337 ipse
1018 3264 1318 3336 episcopus
1348 3281 1469 3320 esse
1498 3281 1617 3320 non
1647 3282 1775 3338 pos-

171 3354 256 3423 sit,
283 3359 341 3409 et
368 3355 583 3410 eodem
614 3354 751 3409 vitio
785 3353 1043 3409 offendat
1079 3355 1260 3409 Deum
1293 3370 1405 3425 quo
1446 3354 1690 3408 offendit
1720 3358 1779 3409 et

171 3440 283 3497 Heli
304 3443 567 3514 pontifex
583 3443 679 3515 qui
696 3442 1054 3513 corripuerat
1080 3442 1316 3514 quidem
1344 3440 1510 3509 ﬁlios,
1526 3443 1626 3497 sed
1644 3442 1780 3514 quia

177 3544 282 3585 non
314 3532 612 3603 abjecerat
649 3530 1074 3602 delinquentes,
1106 3534 1423 3585 retrorsum
1464 3529 1689 3597 cecidit,
1722 3535 1781 3586 et

183 3625 428 3675 mortuus
446 3624 533 3674 est
560 3619 878 3690 (IReg.1v).
898 3620 959 3673 In
985 3618 1144 3673 omni
1167 3619 1352 3690 gradu
1371 3622 1428 3673 et
1458 3635 1592 3673 sexu
1620 3621 1782 3674 tenet

180 3709 439 3775 pudicitia
453 3706 1074 3781 principatum.Cernis
1086 3707 1263 3779 igitur
1279 3708 1434 3779 quod
1457 3708 1776 3779 episcopus,

181 3798 484 3869 presbyter,
510 3796 788 3850 diaconus
802 3812 919 3850 non
939 3795 1067 3851 ideo
1089 3795 1516 3867 sintbeatiquia
1528 3795 1779 3869 episcopi

181 3885 250 3938 vel
271 3884 591 3957 presbyteri
606 3887 739 3938 sunt
751 3884 1108 3951 autdiaconi,
1134 3884 1231 3939 sed
1246 3884 1289 3938 si
1303 3883 1539 3939 virtutes
1560 3884 1776 3939 habue-

182 3972 285 4027 rint
310 3974 624 4029 nominum
653 3989 891 4027 suorum
935 3975 993 4027 et
1042 3972 1403 4028 officiorum:
1437 3973 1691 4046 alioquin
1732 3973 1778 4028 si

185 4059 439 4117 diaconus
464 4061 723 4117 sanctior
751 4063 1019 4134 episcopo
1058 4079 1159 4116 suo
1209 4062 1403 4129 fuerit,
1437 4079 1555 4117 non
1596 4079 1662 4117 ex
1708 4080 1777 4118 eo

187 4150 319 4219 quod
339 4151 396 4204 in
422 4149 686 4205 inferiori
705 4149 845 4221 grad
855 4167 918 4203 ns
940 4153 1024 4204 est
1045 4149 1197 4221 apud
1220 4150 1508 4205 Christum
1527 4151 1780 4206 deterior

189 4237 281 4292 erit
303 4256 315 4293 :
340 4243 404 4293 nt
436 4240 766 4310 Stephanus
795 4240 1096 4307 diaconus,
1118 4239 1214 4310 qui
1248 4239 1469 4311 primus
1500 4240 1778 4312 martyrio

191 4332 476 4383 coronatus
498 4332 587 4382 est
606 4328 801 4382 minor
822 4328 1116 4382 futurusin
1141 4344 1320 4400 regno
1334 4330 1612 4384 caelorum
1634 4331 1781 4386 mul-

1866 2020 2146 2090 templato
2175 2020 2275 2075 :Si
2296 2020 2436 2088 talis,
2459 2020 2750 2093 inquiunt,
2774 2031 2847 2077 est
2874 2040 3035 2080 causa
3060 2030 3311 2097 hominis,
3352 2049 3472 2087 cum

1866 2124 2028 2163 uxore
2055 2125 2163 2163 non
2191 2108 2397 2180 elpedit
2423 2110 2613 2165 nubere
2642 2110 2861 2169 (Matth.
2889 2130 2999 2181 χιχ,
3056 2115 3167 2188 lO).
3214 2118 3472 2181 Quorum

1869 2197 2220 2252 sententiam
2246 2196 2527 2253 Dominus
2557 2201 2811 2269 probans
2844 2218 2856 2255 :
2888 2202 3059 2257 Recte
3091 2204 3347 2276 quidem,
3372 2208 3471 2275 ait,

1869 2285 2272 2357 sentitis,quod
2284 2286 2551 2358 expediat
2561 2287 2785 2343 homini
2798 2289 3149 2347 adcaalorum
3162 2297 3476 2366 regnaten-

1874 2374 2033 2429 denti
2056 2390 2173 2429 non
2196 2374 2456 2446 accipere
2490 2393 2757 2446 uxorem;
2782 2378 2895 2434 Sed
2922 2380 3166 2436 difficilis
3182 2388 3267 2438 est
3285 2401 3397 2452 res,
3420 2389 3477 2441 et

1870 2462 2000 2519 Non
2025 2478 2205 2519 omnes
2234 2465 2455 2535 capiunt
2498 2466 2717 2521 verbum
2749 2468 2909 2535 istud,
2940 2471 3033 2525 sed
3073 2472 3261 2543 quibus
3293 2474 3477 2528 datum

1874 2558 1949 2606 est
1972 2550 2158 2623 (Ibid.,
2180 2555 2197 2606 l
2216 2551 2364 2624 l).Et
2377 2554 2549 2624 paulo
2563 2558 2693 2625 post
2711 2558 3013 2613 tractanda
3027 2562 3314 2617 sententia
3340 2567 3426 2619 est
3460 2581 3473 2619 :

1872 2640 2352 2713 Sunt,inquit,qui
2370 2658 2422 2695 se
2446 2648 2808 2698 castraverunt
2822 2653 3043 2718 propter
3062 2666 3222 2718 regna
3234 2653 3483 2708 colorum

1876 2729 2063 2796 (Ibid.,
2088 2729 2171 2791 l2)
2189 2742 2202 2786 :
2219 2746 2358 2801 ergo
2372 2730 2468 2803 qui
2492 2748 2550 2787 se
2572 2749 2690 2787 non
2712 2737 3126 2805 castraverunt,
3151 2740 3342 2796 locum
3365 2761 3482 2799 non

1876 2822 2118 2891 possunt
2155 2820 2415 2890 accipere
2463 2823 2845 2878 castratorum
2868 2842 2879 2879 :
2905 2824 3009 2892 Qui
3041 2835 3235 2898 potest,
3272 2831 3482 2905 inquit,

1877 2924 2079 2979 capere,
2107 2911 2285 2980 capiat
2312 2908 2518 2982 (Ibid.).
2551 2911 2794 2967 Grandis
2824 2913 2955 2969 fidei
3003 2920 3088 2971 est
3136 2921 3486 2995 grandisque

1875 2996 2119 3059 virtutis.
2152 2998 2254 3052 Dei
2286 2999 2570 3070 templum
2602 3017 2722 3055 esse
2764 3004 3153 3074 purissimum.
3184 3009 3389 3066 Totum
3427 3029 3487 3068 se

1876 3084 2280 3141 holocaustum
2334 3087 2542 3143 offerre
2597 3090 2869 3159 Domino,
2916 3096 2973 3147 et
3013 3094 3180 3164 juxta
3212 3100 3485 3155 eumdem

1875 3173 2215 3244 Apostolum
2248 3191 2368 3229 esse
2401 3178 2666 3231 sanctum
2694 3181 2751 3231 et
2776 3196 3019 3252 corpore
3064 3187 3122 3237 et
3164 3185 3385 3257 Spiritu.
3422 3189 3487 3243 lli

1878 3264 2011 3316 sunt
2043 3262 2290 3317 eunuchi
2317 3264 2509 3334 qui,se
2530 3264 2755 3336 lignum
2770 3267 2997 3323 aridum
3025 3271 3100 3326 ob
3125 3274 3488 3332 sterilitatem

1879 3353 2173 3422 putantes,
2200 3351 2458 3438 audiunt
2505 3369 2609 3423 per
2652 3353 2853 3409 Isaiam
2886 3355 3017 3428 (Isa.
3055 3364 3167 3425 va)
3198 3365 3352 3434 quod
3382 3383 3487 3438 pro

1881 3437 2013 3492 filiis
2041 3442 2099 3492 et
2128 3437 2355 3493 filiabus
2385 3440 2575 3494 locum
2608 3442 2862 3497 habeant
2892 3444 2950 3499 in
2982 3448 3133 3502 caelis
3157 3437 3482 3520 paratum.»

1880 3527 2311 3599 Hieronymus:
2350 3528 2532 3583 «Non
2577 3533 2769 3600 potest
2813 3533 3046 3588 Domini
3092 3538 3303 3592 servire
3336 3542 3486 3596 mili-

1881 3615 1995 3682 tiae,
2030 3614 2128 3686 qui
2166 3631 2359 3670 servus
2406 3619 2491 3670 est
2531 3616 2742 3671 uxoris.
2786 3619 2864 3672 De
2894 3622 3137 3691 speculis
3176 3625 3488 3684 mulierum

1876 3704 2294 3777 jejunantium,
2328 3705 2489 3777 quasi
2517 3705 2588 3759 de
2620 3705 2940 3777 purissimis
2984 3712 3320 3781 corporibus
3363 3716 3484 3771 Vir-

1880 3793 2109 3867 ginum.
2146 3794 2317 3848 Luter
2338 3794 2396 3848 in
2420 3795 2794 3850 tabernaculo
2827 3795 3106 3866 funditus,
3140 3804 3197 3855 et
3217 3802 3488 3860 intrinse-

1879 3901 1977 3939 cus
2003 3884 2063 3938 in
2092 3883 2419 3937 sanctuario
2466 3886 2587 3939 tam
2624 3884 2957 3953 Cherubim,
2990 3905 3166 3960 quam
3210 3894 3488 3964 propitia-

1878 3973 2094 4028 torium
2126 3974 2184 4025 et
2209 3988 2342 4027 arca
2370 3972 2726 4040 testamenti,
2759 3976 2817 4027 et
2849 3991 3050 4031 mensa
3078 3981 3490 4051 propositionis

1880 4064 1937 4115 et
1963 4060 2379 4115 candelabrum
2419 4064 2476 4115 et
2520 4060 2877 4117 thuribulum
2927 4082 2993 4119 ex
3037 4084 3176 4123 auro
3226 4072 3486 4127 mundis-

1880 4146 2027 4202 simo
2060 4149 2194 4201 sunt
2228 4163 2240 4201 :
2272 4164 2459 4218 neque
2492 4148 2649 4203 enim
2682 4149 2741 4204 in
2775 4150 2985 4206 Sancta
3014 4160 3347 4213 sanctorum
3384 4177 3487 4233 po-

1884 4238 2032 4291 terat
2062 4235 2264 4290 inferri
2296 4240 2626 4307 argentum.
2661 4237 2823 4293 Sicut
2867 4240 2927 4293 in
2957 4242 3113 4313 ligno
3144 4249 3373 4316 vermis,
3408 4250 3490 4306 ita

1885 4326 2079 4399 perdit
2098 4326 2285 4380 virum
2317 4343 2484 4380 suum
2515 4343 2660 4381 uxor
2688 4330 2970 4386 maleﬁca.
3006 4333 3063 4388 Si
3108 4341 3302 4392 autem
3335 4356 3485 4396 asse-

193 4412 556 4489 tisepiscOpis,
587 4419 644 4471 et
663 4416 965 4471 Timotheo
990 4432 1054 4470 ac
1074 4417 1196 4470 Tito
1215 4433 1386 4488 :quos
1413 4420 1475 4472 ut
1498 4418 1782 4489 subjicere
1805 4496 1844 4501 _
1883 4415 2065 4470 rueris
2093 4416 2202 4470 hoc
2228 4414 2298 4469 de
2327 4414 2494 4469 malis
2514 4415 2731 4472 dictum
2763 4436 2883 4473 esse
2912 4423 3274 4496 conjugibus,
3302 4432 3357 4483 et
3378 4446 3486 4501 ego

195 4516 293 4557 non
309 4504 599 4573 audeo,ita
620 4521 724 4559 nec
738 4503 1161 4577 anteponere(l
1179 4505 1327 4559 Tim.
1346 4522 1425 4572 111,
1444 4506 1587 4579 2,3).
1610 4506 1783 4579 Opor-
1805 4496 1858 4555 D
1882 4504 1986 4559 tibi
2018 4503 2267 4559 breviter
2296 4504 2661 4575 respondebo
2693 4524 2705 4561 :
2741 4507 2877 4572 Quae
2910 4511 3064 4566 enim
3096 4515 3234 4571 mihi
3269 4496 3488 4573 incum-

197 4596 254 4644 tet
289 4610 403 4664 ergo
452 4597 749 4665 episcopum
804 4594 1309 4664 irreprehensibilem
1352 4612 1476 4662 esse,
1523 4599 1587 4651 ut
1640 4597 1781 4652 nulli

196 4680 309 4735 vitio
331 4682 565 4737 luxuria:
607 4681 974 4753 mancipatus
1002 4682 1116 4736 sit:
1148 4685 1305 4737 unius
1346 4687 1526 4740 uxoris
1574 4687 1776 4755 virum,

196 4770 460 4838 quiunam
500 4787 743 4827 uxorem
772 4771 1062 4833 habuerit,
1099 4788 1219 4826 non
1268 4773 1365 4845 qui
1410 4773 1622 4830 habeat
1650 4791 1662 4829 :
1695 4793 1779 4831 so-

201 4852 367 4927 brium,
390 4860 525 4927 sive,
556 4864 619 4914 nt
652 4859 712 4914 in
740 4860 936 4914 Graeco
966 4859 1194 4926 dicitur,
1216 4860 1572 4933 vigilantem,
1606 4862 1663 4918 id
1695 4870 1782 4921 est

198 4940 474 5018 Niphanon
503 4949 783 5022 [νηφαντὼο]
822 4965 834 5003 :
854 4949 1135 5020 pudicum,
1172 4951 1281 5005 hoc
1308 4952 1464 5006 enim
1495 4953 1780 5024 significat

201 5030 519 5107 Sophronon
547 5039 855 5110 [σῶφρονα],
882 5046 1135 5093 ornatum
1167 5043 1224 5094 et
1261 5040 1522 5096 castitate
1553 5045 1612 5095 et
1660 5060 1780 5098 mo-

194 5121 334 5179 ribus
362 5143 375 5181 :
405 5127 739 5199 hospitalem,
788 5129 852 5181 ut
890 5126 1151 5182 imitetur
1186 5128 1500 5197 Abraham,
1543 5133 1602 5185 et
1646 5146 1777 5186 cum

198 5214 505 5285 peregrinis,
534 5216 656 5270 imo
688 5215 745 5269 in
789 5215 1114 5286 peregrinis
1138 5215 1424 5272 Christum
1460 5218 1733 5291 suscipiat
1760 5239 1773 5276 ε

192 5299 445 5372 doctorem,
475 5305 621 5360 nihil
651 5304 813 5359 enim
844 5303 1079 5375 prodest
1121 5305 1473 5361 conscientia
1502 5308 1778 5364 virtutum

198 5386 313 5457 lrui,
329 5392 421 5448 nisi
436 5398 494 5449 et
514 5393 804 5449 creditum
827 5391 935 5446 sibi
956 5394 1233 5464 populum
1263 5395 1440 5465 possit
1470 5395 1775 5465 instruere,

202 5480 260 5530 ut
279 5482 437 5538 valeat
456 5481 755 5538 exhortari
781 5481 837 5535 in
862 5481 1145 5550 doctrina,
1168 5486 1226 5537 et
1247 5500 1346 5538 eos
1363 5484 1460 5555 qui
1483 5486 1776 5541 contradi-

202 5572 678 5644 cuntrcdargnere
711 5587 726 5625 :
759 5586 869 5625 non
895 5570 1242 5638 vinolentum,
1275 5572 1411 5643 quia
1451 5590 1681 5646 semper
1718 5574 1777 5628 in

198 5660 377 5714 sanctis
402 5664 748 5716 sanctorum
779 5662 883 5726 est,
923 5661 982 5712 et
1012 5658 1181 5714 offert
1209 5661 1445 5727 hostias,
1491 5660 1690 5716 vinum
1721 5664 1779 5715 et

202 5743 403 5805 siceram
453 5767 572 5806 non
612 5747 765 5803 bibit
795 5762 808 5802 :
842 5761 952 5801 non
984 5747 1329 5815 vinolentum,
1360 5747 1495 5822 quia
1539 5748 1594 5805 in
1646 5749 1779 5807 vino

591 5848 835 5903 Panon.
870 5842 1121 5901 CXXXIX.

1880 4592 1965 4648 bit
1990 4592 2300 4648 necessitas
2328 4592 2520 4647 venire
2553 4592 2610 4648 in
2638 4595 2877 4651 dubium
2911 4602 3103 4657 utrum
3136 4607 3290 4661 mala
3320 4607 3391 4662 sit
3411 4626 3484 4663 an

1878 4682 2034 4737 bona
2056 4682 2251 4737 futura
2275 4698 2453 4754 quam
2483 4683 2737 4740 duxero?
2771 4687 2972 4744 melius
3002 4694 3087 4745 est
3117 4694 3376 4751 habitare
3426 4698 3483 4752 in

1879 4775 2038 4827 terra
2057 4772 2284 4827 deserta
2310 4790 2629 4845 quamcum
2643 4793 2819 4831 uxore
2836 4777 3086 4850 litigiosa
3107 4786 3163 4836 et
3182 4784 3482 4841 iracunda.

1881 4861 2066 4926 Quam
2092 4879 2291 4917 rarum
2321 4863 2395 4917 sit
2430 4880 2671 4919 uxorem
2713 4866 2837 4920 sine
2876 4868 2963 4921 his
3009 4870 3157 4924 vitiis
3201 4872 3482 4946 invenire,

1880 4951 2039 5005 novit
2074 4951 2168 5005 ille
2200 4951 2297 5023 qui
2329 4951 2487 5006 duxit
2532 4970 2791 5008 uxorem.
2831 4955 2992 5009 Unde
3024 4958 3261 5027 pulchre
3288 4961 3486 5018 Varius

1879 5039 2439 5108 Geminus,sublimis
2456 5040 2688 5097 orator?
2705 5066 2731 5092 «
2758 5042 2862 5106 Qui
2888 5060 3028 5111 non,
3047 5045 3254 5117 inquit,
3272 5048 3482 5121 litigat,

1880 5130 2088 5185 cmlebs
2118 5133 2240 5184 est:
2280 5151 2307 5179 »
2334 5128 2531 5184 Melius
2560 5137 2634 5183 est
2662 5130 2964 5185 inhabitare
3005 5135 3059 5186 in
3105 5137 3304 5205 angulo
3342 5144 3482 5208 tecti,

1880 5236 2041 5291 quam
2072 5234 2195 5273 cum
2226 5235 2388 5273 uxore
2419 5218 2680 5273 maledica
2713 5220 2767 5272 in
2811 5218 2965 5275 domo
3000 5228 3275 5279 communi
3298 5226 3484 5297 (Prov.

1880 5323 2004 5375 xxv,
2055 5308 2145 5370 24)
2174 5324 2186 5362 :
2220 5308 2460 5363 assiduis
2508 5307 2722 5381 quippe
2768 5309 2997 5380 jurgiis,
3048 5315 3106 5366 et
3150 5316 3489 5385 quotidiana

1880 5395 2218 5469 garrulitate
2262 5396 2400 5451 facit
2439 5400 2744 5469 perpluere
2800 5399 3039 5455 domum
3073 5404 3214 5473 ejus,
3250 5410 3307 5461 et
3335 5408 3491 5479 ejicit

1880 5502 2013 5539 eum
2040 5485 2110 5539 de
2134 5484 2352 5539 edibus
2370 5486 2504 5553 suis,
2519 5487 2578 5543 id
2603 5492 2689 5543 est
2701 5490 2772 5545 de
2795 5490 3059 5546 Ecclesia.
3077 5491 3318 5553 (Estimo
3333 5499 3487 5571 quod

1879 5572 1977 5643 qui
2011 5588 2247 5627 uxorem
2278 5573 2751 5645 habet,qnandin
2782 5580 2854 5633 ad
2887 5579 3135 5653 idipsum
3161 5588 3488 5657 revertitur,

1882 5676 2000 5715 non
2022 5663 2208 5715 tentet
2237 5678 2370 5716 eum
2398 5662 2662 5730 Satanas,
2693 5666 2829 5736 quia
2855 5667 2913 5721 in
2942 5686 3116 5725 carne
3144 5676 3415 5745 seminat,
3435 5682 3493 5732 et

1884 5766 2001 5806 non
2032 5748 2090 5804 in
2121 5748 2363 5822 spiritu;
2397 5750 2496 5825 qui
2535 5753 2733 5809 autem
2768 5753 2828 5808 in
2861 5771 3039 5813 carne
3077 5764 3348 5835 seminat,
3375 5783 3493 5821 non

3185 5862 3247 5916 15
