3882 6222
406 463 512 520 4ὃ9

1271 456 1332 520 S.
1359 456 1654 516 ABBONIS
1695 456 1992 516 ABBONIS
2020 458 2308 517 ABBATIS
2339 457 2862 520 ELOBIACENSIS.

3583 459 3681 529 460

397 601 528 660 ego,
549 580 650 640 sed
668 580 974 655 Apostolus
1001 579 1257 656 loquitur
1287 581 1444 656 quod
1471 583 1655 638 metet
1683 581 2010 653 corruptio-
2031 618 2046 647 λ

2127 583 2220 658 ipsi
2243 580 2361 641 non
2380 584 2673 658 peccando
2685 575 3206 650 consumant.Quid
3217 588 3407 643 autem
3420 573 3680 650 estinl'oé'o‘

401 690 535 730 nem
565 671 716 746 (Gal.
752 687 824 738 vx,
859 671 934 744 8).
969 669 1152 742 Elegit
1181 688 1274 726 nos
1305 673 1362 726 in
1392 670 1604 726 Christo
1649 673 1802 726 Deus
1842 672 2012 726 Pater

398 771 522 820 ante
541 762 966 819 constitutionem
995 760 1264 828 mundi,ut
1291 777 1515 814 essemus
1543 761 1719 814 sancti
1745 765 1794 813 et
1819 761 2014 814 imma-

399 853 569 908 culati
591 867 770 904 coram
801 866 857 902 eo
897 847 1060 920 (Eph.
1095 867 1134 917 ι,
1175 851 1252 920 4).
1285 849 1702 903 Ambulavimus
1732 849 1788 900 in
1817 864 2012 902 concu-

393 939 660 1012 piscentiis
685 938 861 992 carnis
884 937 1140 1006 facientes
1179 937 1509 990 voluntatem
1555 937 1670 1007 ejus
1721 941 1770 989 et
1813 937 2014 1004 cogita-

401 1032 637 1094 tionum;
669 1033 718 1080 et
745 1026 948 1096 fuimus
976 1026 1084 1094 ﬁlii
1113 1027 1204 1078 irae
1226 1026 1360 1079 sicut
1385 1032 1434 1078 et
1479 1025 1690 1090 caeteri;
1740 1039 1887 1078 nunc
1911 1039 2009 1076 au-

405 1127 507 1172 tem
537 1131 657 1171 cum
683 1115 1011 1168 resuscitavit
1040 1120 1088 1166 et
1117 1113 1389 1169 consedere
1427 1129 1521 1167 nos
1546 1113 1677 1184 fecit
1703 1115 1760 1166 in
1795 1113 2010 1169 celesti-

405 1208 499 1261 bus
519 1207 574 1259 in
600 1203 816 1259 Christo
845 1202 973 1256 Jesu
1001 1201 1220 1274 (Ep/ws.
1247 1219 1310 1270 II,
1340 1205 1394 1264 3,
1423 1205 1474 1268 5,
1505 1204 1580 1267 6),
1612 1206 1671 1254 ut
1693 1200 2014 1272 deponamus

401 1294 686 1351 secundum
706 1295 940 1364 priorem
978 1294 1427 1347 conversationem
1455 1298 1679 1346 veterem
1725 1291 2012 1358 hominem,

404 1386 500 1458 qui
521 1384 877 1452 corrumpitur
899 1381 1059 1452 juxta
1080 1380 1338 1434 desideria
1366 1381 1546 1434 carnis
1571 1377 1765 1449 (Ibid.,
1797 1395 1871 1445 Iv,
1903 1380 2013 1448 22).

411 1472 777 1543 Quaecunque
813 1485 952 1542 ergo
997 1472 1132 1523 sunt
1176 1485 1331 1537 vera,
1383 1485 1741 1540 quaecunque
1786 1466 2015 1538 pudica,

414 1575 771 1634 quaecunque
803 1559 978 1630 justa,
1013 1573 1374 1630 quascunque
1406 1557 1482 1612 ad
1503 1557 1825 1611 castitatem
1847 1555 2020 1627 perti-

414 1648 633 1716 nentia,
668 1649 752 1702 his
780 1649 1140 1720 copulemur,
1173 1648 1294 1702 haec
1325 1662 1656 1718 sequamur.

485 1740 551 1794 D.
584 1735 920 1791 Ambrosius
970 1735 1042 1790 ad
1075 1733 1511 1788 Pammachium
1542 1751 1554 1788 :
1591 1755 1618 1783 «
1649 1734 2019 1804 Consequens

415 1829 498 1881 est
529 1829 591 1880 ut
621 1823 939 1879 secundum
965 1822 1286 1893 imaginem
1325 1823 1446 1892 ejus
1485 1822 1581 1894 qui
1629 1821 2017 1876 sacerdotium

2113 677 2312 730 sancto
2345 674 2700 729 manducare
2739 673 3092 745 peccatum?
3135 674 3290 729 locus
3327 678 3447 732 erat
3480 683 3677 738 sanctus

2111 762 2171 816 in
2191 777 2365 832 quem
2385 765 2725 834 pervenerat
2735 761 2970 832 Moyses,
2992 760 3307 817 secundum
3327 764 3473 835 quod
3491 766 3675 824 dictum

2112 853 2196 904 est
2222 850 2295 904 ad
2327 865 2460 904 eum
2491 865 2505 904 :
2541 849 2712 904 Locus
2739 850 2887 904 enim
2915 850 2974 904 in
3001 866 3104 922 quo
3123 855 3234 904 stas
3263 856 3400 905 terra
3422 861 3586 908 sancta
3617 863 3677 912 est

2113 938 2310 1008 (Exod.
2343 955 2426 1007 ιιι,
2475 939 2551 1011 5).
2604 937 2884 994 Similiter
2925 953 3066 1010 ergo
3116 941 3176 994 et
3225 939 3284 994 in
3322 939 3550 996 Ecclesia
3592 945 3674 1000 Dei

2111 1029 2271 1082 locus
2314 1031 2542 1082 sanctus
2591 1029 2696 1094 est,
2742 1025 2886 1082 fides
2925 1027 3202 1099 perfecta,
3253 1030 3310 1083 et
3354 1030 3580 1086 charitas
3613 1031 3670 1088 de

2115 1115 2288 1170 corde
2317 1130 2461 1188 puro
2492 1120 2552 1170 et
2576 1114 2929 1171 conscientia
2958 1115 3140 1184 bona;
3173 1116 3270 1189 qui
3300 1116 3359 1171 in
3387 1117 3469 1174 his
3489 1121 3604 1184 stat,
3624 1120 3670 1175 in

2115 1204 2382 1272 Ecclesia,
2419 1205 2481 1260 in
2508 1205 2636 1260 loco
2666 1221 2724 1260 se
2757 1208 2952 1260 sancto
2983 1208 3136 1260 stare
3160 1211 3477 1277 cognoscat.
3500 1227 3529 1260 ι
3553 1209 3673 1263 Item

2118 1294 2246 1364 post
2267 1309 2450 1366 pauca
2481 1310 2495 1348 :
2525 1315 2554 1344 «
2585 1293 2819 1348 Discant
2847 1294 3174 1348 sacerdotes
3211 1293 3436 1349 Domini
3471 1295 3559 1368 qui
3592 1296 3676 1351 Ec-

2117 1381 2301 1436 clesiis
2317 1385 2592 1454 praesunt,
2615 1383 2750 1454 quia
2772 1398 2903 1452 pars
2920 1384 3002 1438 eis
3021 1383 3158 1438 data
3189 1385 3276 1437 est
3303 1399 3429 1438 cum
3460 1384 3538 1438 his
3559 1400 3676 1456 quo-

2117 1485 2248 1524 rum
2285 1470 2494 1526 delicta
2534 1471 3024 1543 repropitaverint
3069 1471 3258 1542 (Hebr.
3298 1487 3357 1538 ιι,
3397 1471 3480 1542 l7)
3517 1488 3530 1526 :
3567 1471 3678 1544 quid

2119 1561 2312 1613 autem
2362 1561 2449 1614 est
2486 1558 2876 1631 repropitiare
2927 1558 3204 1614 delictum
3226 1559 3254 1614 ?
3283 1558 3325 1614 si
3357 1561 3680 1632 assumpseris

2119 1651 2510 1719 peccatorem,
2544 1649 2601 1702 et
2621 1647 2945 1712 monendo,
2971 1648 3284 1712 hortando,
3317 1648 3580 1715 docendo,
3605 1648 3680 1702 in-

2122 1735 2396 1790 struendo
2421 1734 2726 1789 adduxeris
2751 1751 2885 1789 eum
2913 1735 2985 1789 ad
2999 1735 3504 1806 pcenitentiam,ab
3520 1751 3682 1790 errore

2121 1823 2462 1890 correxeris,
2497 1840 2532 1878 a
2569 1823 2715 1877 vitiis
2759 1823 3180 1889 emendaveris,
3213 1827 3271 1878 et
3313 1821 3552 1876 effeceris
3577 1839 3682 1877 eum

415 1913 676 1970 Ecclesiae
704 1912 884 1978 dedit,
909 1911 1086 1966 etiam
1116 1911 1368 1964 ministri
1393 1913 1450 1965 et
1479 1910 1805 1965 sacerdotes
1837 1911 2022 1964 Eccle-
2051 1913 2101 1972 B
2121 1914 2299 1968 talem
2342 1916 2406 1966 ut
2439 1912 2492 1966 ei
2541 1928 2816 1966 converso
2863 1911 3146 1983 propitius
3201 1912 3322 1975 fiat,
3378 1927 3477 1983 pro
3514 1911 3683 1966 delicto

413 2003 508 2057 sim
530 2004 765 2074 peccata
790 2001 986 2072 pOpuli
1011 1999 1314 2070 accipiant,
1349 2002 1406 2054 et
1436 1998 1568 2070 ipsi,
1602 1999 1896 2054 imitantes
1915 1999 2024 2054 Ma-

413 2092 678 2163 gistrum,
701 2089 1104 2144 remissionem
1122 2089 1337 2162 populo
1351 2091 1724 2159 peccatorum
1738 2087 2020 2156 tribuant,

413 2181 637 2236 Debent
657 2194 796 2250 ergo
826 2179 883 2232 et
900 2177 1004 2250 ipsi
1027 2177 1287 2232 Ecclesia:
1317 2177 1644 2232 sacerdotes
1677 2177 1757 2232 ita
1781 2175 2022 2248 perfecti

415 2285 557 2338 esse,
582 2267 714 2324 etin
737 2265 938 2322 officiis
955 2266 1406 2322 sacerdotalibus
1427 2265 1663 2334 eruditi,
1697 2269 1758 2320 ut
1786 2265 2024 2338 peccata

413 2356 612 2432 populi
629 2356 690 2414 in
709 2356 836 2413 loco
853 2355 1140 2425 sancto,in
1157 2353 1687 2412 atriistabornaculi
1697 2351 2020 2411 testimonii

2121 1999 2530 2072 repropitiasse
2559 1999 2784 2054 diceris.
2813 1999 2871 2054 Si
2903 2015 3044 2071 ergo
3077 1999 3209 2054 talis
3239 1999 3412 2054 fueris
3443 2000 3683 2067 sacerdos,

2123 2093 2180 2145 et
2209 2089 2338 2144 talis
2369 2087 2548 2144 fuerit
2574 2087 2840 2142 doctrina
2863 2091 2963 2142 tua
2993 2091 3051 2142 et
3079 2103 3274 2142 sermo
3295 2091 3440 2156 tuus,
3463 2103 3582 2158 pars
3601 2088 3685 2142 tibi

2125 2177 2293 2232 datur
2323 2192 2521 2232 eorum
2555 2193 2697 2248 quos
2721 2175 3058 2244 correxeris,
3089 2179 3156 2230 ut
3184 2175 3412 2231 illorum
3446 2175 3681 2230 meritum

2123 2266 2224 2320 tua
2248 2279 2469 2322 merces
2491 2263 2566 2320 sit
2593 2267 2652 2320 et
2678 2263 2912 2319 illorum
2941 2263 3114 2332 salus,
3145 2265 3248 2318 tua
3276 2262 3474 2336 gloria.
3501 2274 3532 2320 ἡ

1833 2657 2172 2716 EPISTOLA
2199 2657 2308 2721 XV.

1001 2790 1092 2840 AD
1135 2789 1409 2840 LEONEM
1447 2789 1764 2842 ABBATEM
1796 2794 2060 2844 ROMANI
2092 2797 2333 2846 SANCTI
2359 2799 2697 2848 BONIFACII
2741 2799 3179 2848 MONABTERII.

1021 2903 1213 2978 (Apud
1244 2903 1453 2961 Habill.
1482 2903 1691 2962 Annal.
1716 2905 1834 2978 0rd,
1862 2906 1926 2964 S.
1959 2905 2189 2978 Bened.,
2213 2912 2360 2966 tom.
2386 2909 2476 2980 IV,
2501 2910 2792 2985 Append.,
2831 2926 2965 2984 pag.
2999 2911 3124 2968 691.

485 3084 788 3142 Facundia
818 3081 1200 3158 praerogativa
1229 3098 1364 3138 cum
1397 3083 1527 3140 vitae
1566 3085 1776 3143 merito
1817 3089 1875 3143 et
1924 3104 2018 3144 sa-

413 3175 647 3250 pientiae
669 3173 931 3230 doctrina
967 3171 1310 3228 mirabiliter
1348 3171 1642 3228 intonanti
1687 3175 1927 3232 domino
1961 3177 2023 3234 L.

415 3267 610 3324 Sancti
623 3264 899 3321 Bonifacii
925 3263 1397 3319 charissimorum
1427 3264 1788 3333 charissimo,
1805 3267 2022 3336 abbati,

415 3353 792 3412 Floriacensis
821 3351 1069 3408 caanobii
1089 3351 1322 3407 humilis
1362 3352 1538 3407 abbas
1563 3353 1715 3408 Anno
1746 3353 2025 3425 Spiritum

2129 3107 2250 3146 non
2263 3090 2456 3146 minus
2466 3089 2861 3162 adimplere,si
2875 3092 3024 3146 Deus
3037 3090 3308 3160 voluerit,
3323 3092 3533 3161 satago,
3546 3104 3689 3161 quam

2126 3179 2306 3234 vitam
2337 3182 2680 3252 perpetuam
2714 3179 2960 3236 mercari
2983 3197 3050 3234 ex
3077 3183 3237 3234 voto.
3257 3178 3694 3235 Pretiosarumre-

2126 3267 2438 3340 liquiarum
2464 3267 2843 3324 sanctiPatris
2874 3267 3167 3322 Benedicti
3201 3267 3453 3340 insignia
3478 3263 3691 3338 postula-

2129 3355 2229 3410 stis
2255 3355 2416 3410 vobis
2436 3355 2627 3428 dirigi,
2662 3371 2732 3411 eo
2750 3355 2906 3428 quod
2933 3355 3328 3410 indubitatum
3349 3353 3563 3426 penitus
3575 3351 3693 3407 esset

416 3443 668 3512 Domini,
693 3443 788 3516 qui
806 3442 1046 3514 replevit
1072 3442 1269 3496 orbem
1304 3444 1616 3510 terrarum,
1637 3443 1862 3516 replere
1876 3443 2025 3500 illius
2058 3462 2106 3522 ο
2129 3443 2552 3499 sanctissimam
2583 3443 2760 3515 ipsius
2797 3441 3054 3514 corporis
3075 3443 3441 3516 praesentiam
3484 3458 3516 3495 a
3558 3437 3694 3494 nobis

413 3534 590 3605 ipsius
613 3531 914 3588 scientiam
946 3541 1002 3586 et
1025 3530 1406 3585 intellectum.

489 3621 767 3689 Charitas,
793 3636 921 3693 quae
943 3619 1329 3674 estvinculum
1345 3611 1738 3690 perfectionis,
1753 3621 1893 3676 dum
1919 3636 2024 3675 nos

416 3713 619 3769 ambos
639 3709 833 3766 Remis
875 3708 1092 3780 positos
1131 3707 1562 3778 conglutinaret
1593 3709 1760 3763 labiis
1783 3709 2022 3782 privatas

416 3799 833 3866 collocationis,
871 3800 960 3852 tot
1018 3795 1304 3850 oratorios
1361 3795 1532 3864 rivos,
1573 3798 1764 3851 tantos
1808 3799 2022 3853 sanctae

417 3889 726 3962 Scripturas
747 3887 907 3942 favos
931 3885 1086 3939 bono
1109 3883 1228 3936 zelo
1270 3881 1554 3937 fulminea
1591 3882 1792 3955 lingua
1837 3891 2024 3940 vestra

417 3977 696 4034 eructavit
711 3989 910 4030 coram
934 3972 1250 4036 etsecreto,
1268 3972 1333 4023 ut
1349 3971 1680 4026 exclamans
1701 3974 2023 4046 compellar

421 4067 612 4122 dicere
642 4081 655 4119 :
690 4063 910 4133 Di/fusa
943 4065 1018 4113 est
1051 4059 1234 4128 gratia
1277 4059 1332 4110 in
1373 4057 1524 4112 labiis
1566 4063 1712 4126 tuis;
1741 4068 2024 4134 propterea

426 4153 693 4210 benedixit
739 4157 786 4205 te
821 4149 968 4202 Deus
1016 4149 1074 4200 in
1106 4152 1381 4200 aeternum.
1417 4147 1568 4203 Dum
1601 4165 1738 4222 ergo
1789 4151 1864 4206 ad
1887 4152 2026 4208 talia

424 4238 793 4298 rutilantium
825 4236 1130 4291 verberum
1157 4234 1386 4305 fulgura
1406 4237 1618 4308 stupui,
1639 4243 1868 4295 coactus
1897 4257 2026 4295 sum

426 4330 698 4400 deinceps
715 4325 924 4398 ubique
945 4322 1210 4378 confiteri
1231 4339 1330 4379 vos
1347 4323 1671 4382 tonitruum
1695 4345 1817 4384 esse
1848 4328 2026 4401 Spiri-

427 4423 518 4473 tus
544 4415 747 4484 sancti,
788 4413 887 4486 qui
929 4429 1100 4485 super
1137 4413 1424 4486 apostoles
1479 4415 1538 4469 in
1589 4417 1774 4488 igneis
1817 4417 2031 4490 linguis

429 4504 748 4571 descendit,
766 4501 1053 4576 quietiam
1070 4518 1167 4558 vos
1189 4502 1494 4558 ardentem
1516 4504 1943 4578 rhomphaaam,
1959 4507 2032 4562 ad

428 4593 708 4651 secandos
725 4593 1019 4666 improbos
1031 4591 1102 4647 de
1123 4593 1344 4664 templo
1361 4597 1713 4665 suo,septem
1732 4594 1898 4650 donis
1906 4611 2036 4666 gra-

428 4685 642 4740 tiarum
665 4683 934 4739 decenter
947 4681 1224 4736 elimavit.
1239 4683 1396 4736 Inter
1406 4683 1530 4738 haec
1545 4683 1784 4738 tandem
1795 4725 1810 4752 ,
1828 4685 2036 4740 erectis

2126 3532 2384 3600 retineri,
2405 3531 2649 3604 ideoque
2677 3532 2820 3586 velle
2852 3531 3072 3586 enixius
3100 3531 3159 3585 in
3181 3531 3404 3586 honore
3431 3528 3568 3583 illius
3589 3541 3690 3581 ora-

2129 3619 2344 3675 torium
2367 3620 2642 3688 construi,
2659 3620 2914 3692 itemque
2937 3618 3104 3674 nobis
3125 3619 3196 3673 de
3225 3619 3422 3673 sancto
3443 3611 3691 3672 Bonifacio

2127 3711 2226 3763 aut
2248 3709 2318 3764 de
2349 3709 2524 3764 sacris
2554 3709 2790 3763 artubus
2830 3711 3172 3763 caeterorum
3205 3708 3529 3761 sanctorum
3561 3699 3692 3756 nobis

2125 3797 2330 3852 eadem
2347 3795 2903 3869 recompensari.Adi
2913 3785 3698 3866 ecitinsuperincomparabilis

2125 3885 2352 3940 bonitas
2369 3885 2523 3957 quod
2535 3885 2578 3939 si
2599 3901 2702 3939 nos
2713 3887 2944 3954 urgeret
2954 3899 3123 3956 super
3139 3899 3201 3937 re
3219 3881 3528 3938 domestica
3541 3877 3695 3947 aliqua

2127 3974 2389 4028 voluntas
2406 3973 2785 4028 corroborare
2805 3976 3006 4027 nostra
3018 3969 3321 4043 privilegia
3345 3985 3446 4041 per
3460 3967 3692 4022 Romana:

2127 4062 2485 4117 auctoritatis
2505 4063 2712 4133 stylum
2745 4060 3150 4132 apostolicum,
3183 4074 3282 4114 vos
3307 4058 3368 4112 in
3397 4055 3635 4112 omnibus
3651 4051 3694 4103 et

2127 4167 2232 4222 per
2247 4150 2448 4206 omnia
2469 4150 2646 4204 nostri
2665 4150 2790 4204 fore
2810 4147 3108 4202 fidelissim
3120 4163 3218 4200 um
3235 4145 3700 4216 collaboratorem_

2129 4241 2260 4294 Haec
2289 4244 2485 4294 autem
2509 4238 2708 4294 omnia
2736 4237 3010 4308 perﬁcere
3041 4234 3154 4290 voti
3182 4238 3328 4301 erat,
3364 4229 3580 4304 quando
3602 4241 3699 4280 ma.

2131 4329 2341 4401 gniﬂca
2362 4327 3040 4401 principisapostolorum
3065 4325 3333 4379 membra
3352 4320 3571 4392 supplex
3589 4311 3696 4370 adiif

2133 4417 2232 4473 sed
2255 4417 2578 4474 Romanam
2614 4414 2928 4470 Ecclesiam
2963 4413 3145 4485 digno
3174 4411 3466 4466 viduatam
3489 4409 3698 4480 pastore,

2136 4507 2424 4580 heu,proli
2441 4503 2623 4560 dolor!
2643 4502 3092 4558 offendi.Vestra
3113 4504 3308 4555 autem
3328 4494 3588 4558 absentia,
3601 4503 3700 4580 pro-

2137 4576 2326 4661 fiteor,
2358 4594 2438 4649 ita
2463 4592 2697 4648 affectus
2726 4607 2853 4645 sum
2887 4593 3034 4644 sicut
3063 4589 3208 4643 solet
3253 4585 3405 4641 affici
3448 4583 3583 4637 fetus
3606 4576 3698 4648 gal-

2137 4682 2292 4750 linae,
2316 4696 2678 4754 conquerens
2715 4678 2906 4734 raucis
2935 4676 3199 4732 faucibus
3229 4675 3568 4730 abstractum
3609 4675 3699 4754 esse

429 4773 610 4832 animi
635 4773 968 4840 luminibus,
997 4773 1211 4826 solares
1235 4773 1439 4827 vestras
1469 4773 1813 4845 eloquentia:
1843 4773 2036 4829 radios
2059 4781 2112 4843 D
2143 4773 2374 4828 unicum
2401 4771 2602 4826 matris
2625 4787 2742 4824 suae
2763 4767 3101 4842 praesidium
3130 4765 3326 4836 Nuper
3351 4763 3542 4818 autem
3555 4747 3702 4811 audivi

429 4861 699 4936 aquilinis
711 4861 888 4918 oculis
906 4859 1241 4930 conspicere
1261 4859 1443 4928 volui;
1476 4863 1534 4914 et
1562 4853 1706 4916 sicut
1727 4861 1808 4916 ait
1839 4863 2032 4918 Eccle-

429 4952 648 5018 siastes,
672 4949 868 5004 Frater
903 4949 1131 5019 fratrem
1183 4947 1452 5018 adjuvans
1484 4953 1642 5022 quasi
1686 4952 1881 5007 civitas
1918 4970 2039 5006 mu-

427 5043 542 5096 nita
566 5045 616 5094 et
633 5037 1086 5110 fortis,baculum
1107 5035 1324 5092 robusti
1338 5037 1679 5109 adjutoriiet
1699 5041 2034 5096 columnam

429 5127 828 5200 inseparabilis
863 5126 1130 5181 amicitia:
1160 5142 1258 5182 vos
1287 5125 1346 5181 in
1378 5129 1686 5198 aeternum,
1735 5129 1780 5184 si
1823 5132 2034 5202 placet,

428 5219 646 5274 habere
666 5215 910 5272 decrevi.
936 5215 1115 5286 Hujus
1141 5215 1225 5270 rei
1248 5215 1434 5286 gratia
1463 5217 1632 5272 ﬂecto
1665 5234 1858 5290 genua
1905 5235 2038 5274 mea

431 5304 503 5361 ad
518 5307 851 5372 Patrem,ut
871 5304 968 5360 det
990 5304 1149 5360 vobis
1170 5303 1229 5359 id
1251 5306 1438 5376 ipsum
1465 5321 1667 5377 sapere
1703 5324 1809 5379 per
1839 5308 2036 5363 Domi-

431 5409 574 5448 num
605 5395 867 5447 nostrum
897 5393 1090 5448 Jesum
1122 5393 1433 5462 Christum,
1475 5397 1539 5450 ut
1566 5395 1727 5450 favus
1755 5395 2039 5451 distillans

429 5481 583 5536 labia
602 5483 789 5536 vestra
819 5481 1160 5538 memoriale
1193 5485 1455 5537 nostrum
1478 5483 1825 5538 haereditare
1855 5485 2032 5556 possi-

432 5569 678 5625 deantin
697 5571 1053 5641 sempiterna
1064 5570 1289 5626 saecula.
1314 5571 1468 5627 Inter
1497 5571 1811 5628 familiaria
1835 5574 2038 5630 verbo-

2141 4857 2595 4932 uuntium,quod
2619 4875 2712 4912 me
2735 4855 3048 4912 laetiﬁcavit
3073 4869 3246 4926 super
3269 4865 3474 4906 aurum
3493 4849 3546 4901 et
3571 4848 3702 4932 topa-

2141 4929 2576 5016 zium,erectum
2599 4963 2720 5002 esse
2733 4943 3114 5016 apostolicum
3140 4943 3309 4997 decus
3325 4955 3429 5010 per
3439 4929 3704 5008 quemdam

2141 5037 2457 5110 imperialis
2483 5035 2782 5108 sanguinis
2801 5035 3008 5098 virum,
3036 5035 3226 5086 totum
3253 5025 3548 5082 virtutibus
3569 5022 3620 5074 et
3639 5029 3703 5110 sa:

2142 5101 2363 5202 pie-otia
2402 5101 2812 5198 compdsitum.
2846 5123 3045 5176 Vester
3076 5135 3208 5174 vero
3237 5116 3453 5172 reditus
3500 5101 3708 5202 intonllit

2142 5191 2326 5274 menti
2352 5191 2566 5271 nostra:
2595 5215 2748 5269 velut
2780 5209 3157 5284 paradisiaca:
3181 5201 3518 5262 reversionis
3545 5191 3705 5284 inell'a:

2140 5307 2276 5364 bilis
2301 5307 2632 5360 concentus.
2659 5304 2816 5356 Nunc
2847 5300 3044 5372 igitur,
3081 5298 3226 5353 sicut
3256 5294 3426 5352 locuti
3456 5301 3630 5344 sumus
3654 5275 3707 5333 ad

2141 5395 2412 5464 invicem,
2436 5399 2494 5450 et
2517 5396 2640 5449 htBC
2671 5392 2915 5466 epistola
2937 5387 3136 5444 vestris
3161 5383 3488 5456 aspectibus
3515 5393 3569 5432 se
3595 5385 3708 5466 pra"

2144 5489 2352 5552 sentat,
2385 5460 2488 5558 per
2518 5483 2622 5538 hos
2667 5460 2844 5536 sancti
2889 5479 3066 5551 patris
3113 5471 3401 5532 Benedicti
3443 5460 3708 5558 multa???

2147 5551 2347 5630 audire
2369 5551 2673 5646 placeat,et
2695 5569 2890 5624 audita
2914 5564 3373 5640 perlicere,velnt
3395 5551 3707 5646 promisistis,

431 5675 564 5714 rum
613 5663 944 5714 nostrorum
987 5673 1198 5712 arcana
1228 5657 1519 5714 distillavit
1555 5661 1786 5717 auribus
1833 5662 2046 5716 nostris
2147 5679 2280 5718 cum
2309 5638 2540 5717 summa
2571 5660 2682 5714 ﬁde
2715 5662 2772 5712 et
2815 5638 3124 5711 devotione
3190 5656 3310 5725 Ipse
3358 5650 3545 5700 autem
3586 5638 3706 5692 idem

429 5763 613 5804 unum
627 5745 924 5821 quoddam
935 5745 1025 5800 elo
1035 5745 1234 5817 quium
1247 5748 1432 5802 vestra
1445 5749 1878 5820 magniﬁcentia
1891 5751 2046 5822 quod
2149 5749 2416 5824 Spiritus,
2441 5749 2537 5822 qui
2559 5749 2644 5803 inc
2649 5747 2703 5819 pi
2713 5747 2857 5802 ravit
2879 5746 3072 5803 omnis
3097 5736 3444 5817 eloquentiae
3457 5735 3589 5791 tlurc
3613 5728 3710 5781 Gre-
