3882 6222
445 443 551 503 467

1479 443 1538 501 S.
1567 440 1861 500 ABBONIS
1897 439 2186 500 ABBATIS
2221 439 2718 500 FLORIACENSIS

3647 447 3751 503 488

453 565 602 640 (Act.
628 580 746 647 vni,
775 563 885 636 20),
918 563 1053 638 quia
1078 564 1297 622 donum
1345 564 1525 623 sancti
1561 565 1806 638 Spiritus
1845 563 2048 636 gratiae
2066 581 2123 641 Α
2153 563 2655 637 pradecessorum
2695 569 3018 622 vestrorum
3058 583 3265 640 regum
3313 565 3422 623 illis
3465 583 3758 624 assensum

451 653 637 727 pretio
686 653 1056 724 comparasti,
1089 657 1147 710 et
1175 654 1589 710 commercium
1635 653 1962 710 miserabile
1988 651 2048 707 in

451 743 781 800 animarum
811 741 1050 796 exitium
1064 743 1578 816 peregisti(Lib.De
1593 744 1854 814 dignitate
1881 757 2054 798 sacer-

449 831 635 898 dotali,
669 845 794 900 cap.
818 830 894 901 5).
923 831 1054 885 Hac
1082 836 1308 886 sanctus
1338 831 1423 886 vir
1453 849 1564 904 quo
1596 831 1794 886 animo
1821 829 2049 896 dixerit,

451 934 519 972 ex
549 920 1008 990 pracedentibus
1035 923 1094 976 et
1149 921 1628 994 consequentibus
1675 919 1841 975 facile
1883 919 2052 974 datur

445 1005 710 1079 intelligi.

517 1097 827 1161 Quodvcro
862 1097 941 1152 illi
973 1097 1071 1171 qui
1100 1097 1368 1154 dicuntur
1398 1096 1710 1154 Simoniaci
1736 1096 1910 1153 laicos
1935 1112 2050 1152 sua

451 1185 893 1242 immiscuerunt
943 1187 1358 1255 maledictioni,
1394 1187 1656 1258 exemplo
1715 1187 1934 1242 factum
1969 1187 2054 1240 est

449 1275 841 1344 sacerdotum,
875 1275 972 1348 qui
1017 1277 1092 1331 ad
1137 1276 1524 1332 ministerium
1555 1274 1868 1332 Dominica
1921 1290 2050 1347 pas-

445 1363 623 1420 sionis
652 1365 1172 1438 adjunxeruntsibi
1193 1365 1443 1421 Pilatum
1466 1365 1524 1420 et
1547 1363 1835 1423 Herodem
1847 1361 2057 1435 princi-

444 1470 546 1526 pes
574 1473 690 1510 sua
705 1454 912 1527 gentis.
939 1455 1051 1510 Nec
1063 1454 1204 1511 illud
1216 1472 1321 1510 nos
1337 1455 1477 1509 latet
1488 1453 1643 1526 quod
1658 1469 1763 1525 pro
1789 1451 1887 1522 huj
1897 1466 2054 1506 usce-

448 1543 608 1600 modi
640 1543 941 1616 episcopis,
973 1543 1072 1616 qui
1122 1560 1240 1600 non
1275 1559 1380 1616 pro
1407 1542 1535 1598 vita
1583 1541 1796 1597 merito
1826 1541 1914 1596 vel
1966 1556 2054 1596 sa-

445 1631 682 1704 pientia
721 1633 1004 1702 doctrina,
1029 1633 1130 1688 sed
1155 1631 1341 1704 magis
1352 1630 1640 1702 eliguntur
1657 1646 1762 1702 pro
1783 1627 2055 1702 pecunia-

445 1737 577 1776 rum
623 1737 852 1776 summa
912 1721 1187 1789 maxima,
1246 1719 1662 1775 discordiarum
1737 1734 1938 1774 semen
1999 1719 2058 1772 et

451 1810 866 1866 detrimentum
900 1827 1083 1882 regno
1135 1811 1440 1876 accrescat,
1476 1810 1621 1862 teste
1659 1806 1957 1878 Gregorio,
1991 1804 2051 1860 in

2153 652 2415 726 prabete
2447 653 2707 710 conciliis
2733 654 2939 727 quibus
2971 671 3080 726 per
3117 654 3647 712 reconciliationem
3675 673 3764 712 res

2151 743 2380 814 publica
2410 743 2748 798 melioratur
2768 746 2826 798 et
2860 743 3098 799 crescit:
3132 743 3289 816 quia,
3319 743 3368 800 si
3414 761 3759 816 quocunque

2153 829 2538 886 conciliabula
2583 830 2817 886 alterius
2877 831 3098 902 pradia
3133 833 3222 886 vel
3282 829 3762 904 possessiunculas

2153 919 2300 973 alter
2321 917 2554 991 privatis
2581 919 2828 991 negotiis
2856 920 2991 976 velit
3015 919 3121 975 sibi
3147 919 3572 988 adscribere,ac
3603 917 3758 982 ideo,

2152 1006 2350 1063 fratris
2388 1008 2630 1076 damno,
2681 1009 2988 1080 pecuniam
3055 1025 3160 1082 per
3222 1025 3384 1064 arcas
3437 1011 3496 1064 et
3541 1008 3762 1064 loculos

2157 1097 2562 1168 aggregando,
2594 1095 2750 1152 sitim
2797 1115 2912 1153 sua
2941 1097 3195 1153 avaritia
3231 1097 3615 1170 exstinguere,
3641 1113 3762 1152 non

2155 1185 2460 1241 observata
2481 1184 2782 1240 tricennali
2801 1187 2930 1258 lege
2947 1203 3074 1259 qua
3094 1185 3386 1242 emanavit
3406 1203 3472 1241 ex
3484 1186 3764 1242 constitu-

2157 1272 2320 1328 tione
2352 1271 2682 1345 principum
2741 1291 2841 1330 seu
2870 1276 3212 1330 auctoritate
3242 1273 3766 1342 canonum,sciatis

2167 1363 2374 1434 procul
2409 1360 2584 1418 dubio
2607 1363 2762 1434 quod
2787 1364 2862 1419 ad
2890 1364 3112 1420 vosboc
3139 1365 3361 1420 malum
3385 1362 3642 1436 respicit,
3671 1362 3768 1434 qui

2160 1449 2379 1506 idcirco
2411 1449 2579 1522 regni
2609 1451 2834 1522 apicem
2863 1452 3092 1522 tenetis,
3145 1456 3208 1508 ut
3227 1453 3450 1525 justum
3469 1450 3768 1523 judicium

2163 1538 2435 1596 omnibus
2455 1537 2694 1595 faciatis.
2738 1542 2848 1596 Pro
2878 1542 3036 1598 vobis
3064 1541 3342 1598 nimirum
3372 1540 3628 1598 dominis
3661 1555 3766 1595 no-

2160 1629 2292 1685 stris
2330 1627 2721 1700 unusquisque
2771 1629 3161 1702 subjectorum
3203 1630 3278 1686 ad
3325 1631 3508 1686 Deum
3551 1629 3769 1684 clamat

2159 1721 2218 1774 et
2247 1717 2384 1774 dicit
2411 1739 2425 1778 :
2479 1719 2624 1775 Deus
2663 1719 2934 1792 judicium
2959 1724 3111 1775 tuum
3141 1719 3258 1790 regi
3271 1717 3364 1781 da,
3392 1724 3444 1772 et
3481 1717 3766 1789 justitiam

2163 1815 2309 1866 tuom
2337 1811 2448 1880 ﬁlio
2486 1812 2626 1882 regis
2657 1827 2670 1865 :
2693 1807 2946 1881 judicare
2961 1807 3222 1880 papulum
3251 1813 3404 1861 tuum
3454 1814 3510 1861 in
3524 1806 3764 1877 justitia,

445 1900 699 1970 Epistola
753 1899 825 1954 ad
851 1899 1315 1954 Theodebertum
1347 1900 1404 1952 et
1433 1895 1848 1952 Theodericum
1885 1911 2053 1966 reges
2078 1901 2131 1960 B
2158 1905 2207 1954 et
2226 1917 2485 1972 pauperes
2513 1907 2628 1955 tuos
2667 1901 2722 1953 in
2758 1897 2966 1970 judicio
3008 1895 3188 1962 (Psal.
3250 1899 3454 1964 Lxxi,i,
3481 1895 3559 1968 2).
3619 1895 3768 1958 Quo-

445 1989 677 2060 scripta:
701 2007 733 2040 «
753 1985 1580 2058 Fertur,inquit,Simoniacam
1606 1983 1896 2051 haeresim,
1925 1999 2052 2055 qua

445 2076 637 2149 prima
656 2079 860 2132 contra
885 2075 1195 2130 Ecclesiam
1219 2073 1501 2130 diabolica
1522 2072 1885 2145 plantatione
1915 2071 2050 2126 sub-

445 2165 644 2236 repsit,
670 2168 727 2219 et
775 2165 833 2219 iu
861 2163 981 2236 ipso
1011 2167 1142 2219 ortu
1171 2181 1272 2218 suo
1311 2165 1426 2218 telo
1459 2161 1786 2233 apostolicae
1817 2158 2052 2215 ultionis

443 2269 712 2326 percussa
727 2257 898 2326 atque
925 2253 1203 2308 damnata
1231 2255 1334 2319 est,
1363 2251 1421 2306 in
1447 2249 1615 2321 regni
1652 2248 1821 2304 vestri
1841 2247 2052 2304 ﬁnibus

451 2341 782 2411 dominari;
815 2358 946 2396 eum
983 2341 1044 2396 in
1083 2339 1475 2398 sacerdotibus
1503 2339 1647 2394 ﬁdes
1671 2338 1743 2394 sit
1779 2336 2052 2408 eligenda

447 2448 579 2487 cum
607 2431 741 2486 vita.
758 2451 786 2481 »
820 2431 860 2483 Ε
875 2432 1028 2501 tpost
1041 2445 1225 2502 pauca
1241 2443 1256 2488 :
1272 2451 1300 2478 «
1316 2427 1459 2482 Hinc
1478 2443 1598 2482 non
1627 2428 1814 2482 solum
1828 2425 1890 2480 in
1901 2425 2052 2481 ordi-

444 2519 663 2576 natoris
693 2521 752 2573 et
765 2517 1015 2573 ordinati
1031 2517 1290 2572 animam
1315 2515 1526 2571 lethale
1545 2515 1748 2570 vulnus
1768 2512 2048 2585 inﬁgitur,

445 2623 648 2663 verum
697 2605 874 2661 etiam
904 2604 1256 2660 excellentia
1283 2606 1486 2659 vestra
1531 2619 1782 2675 regnum
1829 2601 2050 2674 episco-

448 2711 658 2768 porum
689 2695 877 2766 culpa,
928 2710 1176 2766 quorum
1207 2691 1710 2748 intercessionibus
1729 2689 1920 2763 juvari
1951 2690 2050 2746 de-

447 2784 673 2851 buerat,
700 2785 1112 2855 pragravatur.
1131 2801 1159 2836 ›
1181 2784 1261 2836 Ac
1276 2781 1502 2836 deinde:
1536 2780 1747 2853 «Major
1768 2797 1908 2852 ergo
1927 2795 2052 2835 me-

449 2873 668 2928 tuenda
701 2875 802 2940 ;est
854 2871 994 2928 locis
1055 2870 1164 2927 illis
1227 2871 1353 2927 fore
1396 2870 1711 2939 calamitas,
1771 2869 1870 2925 ubi
1910 2869 2052 2925 tales

451 2961 858 3017 intercessores
888 2961 962 3015 ad
987 2961 1179 3016 locum
1208 2959 1508 3032 regiminis
1539 2959 1924 3026 adducuntur,
1951 2956 2051 3030 qui

449 3048 552 3105 Dei
583 3047 642 3103 in
669 3066 729 3104 se
760 3049 947 3121 magis
975 3049 1335 3104 iracundiam
1367 3051 1699 3120 provocent,
1743 3062 1918 3120 quam
1948 3061 2052 3118 per

447 3137 787 3209 semetipsos
811 3137 1036 3210 populis
1053 3139 1280 3210 placare
1313 3137 1771 3193 debuerant.Nec
1792 3137 1902 3190 hoc
1915 3150 2052 3207 quo-

452 3243 564 3299 que
595 3227 812 3281 malum
843 3226 1161 3282 sollicitudo
1195 3229 1394 3282 nostra
1445 3225 1660 3298 patitur
1686 3223 2053 3296 negligenter

453 3315 744 3385 omittere,
777 3316 932 3388 quod
975 3316 1231 3388 quidam,
1281 3315 1560 3371 instinctu
1611 3315 1813 3388 gloria
1865 3311 2054 3368 inanis

449 3405 623 3460 illecti
641 3421 708 3460 ex
731 3405 876 3460 laico
913 3407 1153 3476 repente
1179 3404 1380 3460 habitu
1419 3403 1724 3460 sacerdotii
1767 3403 2053 3458 honorem

449 3493 752 3566 arripiunt,
807 3496 886 3562 et,
931 3493 1085 3566 quod
1115 3493 1306 3548 dicere
1338 3491 1520 3565 pudet
1568 3494 1626 3546 et
1650 3507 1824 3564 grave
1863 3493 2056 3546 tacere

447 3585 553 3651 est,
613 3583 855 3656 regendi
903 3587 1176 3650 rectores,
1209 3585 1269 3638 et
1301 3581 1401 3654 qui
1461 3580 1708 3638 docendi
1767 3583 1902 3636 sunt
1955 3579 2056 3634 do-

453 3676 660 3741 ctores,
693 3689 798 3728 nec
825 3673 1168 3728 erubescant
1193 3671 1396 3739 videri,
1429 3687 1536 3726 nec
1579 3670 1844 3726 metuant
1867 3669 1928 3733 (1.
1979 3683 2056 3736 ιι,

453 3763 630 3834 Epist.
678 3764 854 3832 HO).»
915 3763 1034 3818 Huc
1080 3777 1261 3833 usque
1307 3759 1364 3815 S.
1413 3757 1739 3832 Gregorius.
1801 3756 2058 3829 Cumque

452 3852 548 3924 huj
559 3851 783 3907 usmodi
799 3851 1023 3923 pralati
1043 3850 1295 3906 avaritia
1307 3845 1794 3916 intentiecclesias
1803 3845 2061 3902 funditus

457 3940 606 3996 dirui
625 3939 837 4006 sinant,
870 3955 1062 3994 mores
1086 3937 1480 4007 subjectorum
1511 3952 1613 3990 suo
1637 3935 1904 4006 exemplo
1926 3951 2060 4007 per~

457 4029 619 4096 dant,
649 4043 792 4100 quos
841 4025 1130 4096 corrigere
1181 4024 1520 4092 debuerant,
1561 4027 1738 4078 restat
1769 4025 1832 4079 ut
1859 4023 2060 4079 defen-

458 4133 612 4174 sores
638 4115 1008 4170 ecclesiarum
1031 4129 1098 4168 ac
1108 4113 1446 4169 fundatores
1465 4129 1666 4169 earum
1686 4112 2059 4186 haredesque

455 4205 834 4263 fundatorum
879 4221 937 4258 se
985 4203 1328 4258 subtrahant
1377 4220 1581 4259 eorum
1637 4201 2057 4270 communioni,

457 4311 533 4350 ne
573 4291 880 4364 participes
909 4291 1027 4346 sint
1072 4292 1514 4350 maledictionis.
1572 4293 1986 4348 Verumtamen
2013 4291 2060 4345 si

456 4381 740 4438 catholica
789 4381 863 4435 sit
921 4380 1268 4452 pontiﬁcalis
1347 4381 1667 4438 sublimitas
1720 4384 1779 4436 et
1851 4379 2062 4451 regalis

2153 2005 2285 2044 rum
2341 2006 2610 2045 versuum
2679 2005 2874 2044 sensus
2918 1985 3180 2058 quamvis
3225 1984 3428 2042 referri
3470 1985 3660 2057 possit
3697 1985 3766 2040 ad

2159 2079 2336 2133 Deum
2363 2080 2594 2134 Patrem
2609 2075 2874 2133 omnium
2897 2075 3217 2148 Filiumque
3231 2075 3352 2146 ejus
3367 2073 3764 2146 unigenitum,

2153 2168 2356 2222 tamen
2390 2167 2535 2224 nihil
2563 2167 2730 2223 obest
2750 2163 3076 2237 intelligide
3106 2167 3340 2220 terreno
3360 2179 3499 2236 rege
3513 2163 3764 2236 precari,

2153 2257 2218 2310 ut
2236 2255 2462 2328 judicet
2506 2256 2788 2328 populum
2839 2271 2959 2310 non
2989 2269 3090 2310 suo
3119 2253 3220 2308 sed
3243 2252 3347 2308 Dei
3378 2251 3631 2324 judicio,
3681 2249 3766 2308 cui

2151 2344 2440 2402 rationem
2451 2345 2779 2401 redditurus
2803 2347 2889 2398 est
2915 2341 3093 2400 etiam
3125 2341 3196 2397 de
3221 2341 3404 2404 otioso
3427 2341 3632 2399 verbo.

2227 2435 2342 2490 Nec
2361 2452 2456 2491 me
2477 2437 2666 2492 vestro
2697 2432 3062 2506 aliorumque
3108 2430 3459 2504 sapientium
3506 2431 3765 2488 examini

2154 2523 2430 2580 subduco:
2455 2523 2553 2596 qui
2577 2525 2780 2578 contra
2799 2537 3050 2578 canones
3076 2519 3322 2577 sensisse
3343 2519 3684 2592 suspicicor,
3705 2519 3766 2576 in

2157 2611 2454 2685 episcopos
2495 2611 2922 2666 monachorum
2951 2625 3195 2664 manum
3221 2607 3467 2665 movisse
3506 2625 3765 2674 accusor.

2153 2702 2403 2754 vestram
2427 2697 2892 2754 benevolentiam
2914 2697 3150 2770 pr0prio
3167 2696 3439 2771 episcopo
3465 2697 3766 2760 abstulisse

2155 2787 2556 2860 blasphemor,
2598 2786 2944 2858 quibusdam
2991 2785 3504 2842 excommunicatis
3529 2786 3767 2860 partici-

2156 2891 2322 2948 passe
2347 2875 2645 2930 criminor.
2683 2874 2795 2930 Sed
2827 2877 2971 2930 esto.
2998 2873 3098 2930 Cui
3120 2873 3420 2930 sententia
3469 2891 3764 2932 canonum

2161 2961 2508 3030 contradixi,
2539 2961 2635 3034 qui
2662 2961 2819 3017 nullo
2853 2961 3094 3018 concilio
3137 2961 3225 3016 vix
3253 2965 3522 3034 apertum
3547 2963 3766 3018 librum

2164 3051 2363 3106 videre
2413 3049 2617 3122 potui?
2646 3053 2743 3104 aut
2771 3049 2924 3122 quod
2951 3049 3255 3106 concilium
3313 3049 3455 3104 illud
3491 3049 3629 3118 fuit,
3676 3048 3764 3108 ubi

2158 3138 2448 3194 conciliati
2476 3141 2829 3194 veneruntet
2845 3136 3219 3192 discouciliati
3245 3141 3764 3205 recesserunt,cum

2153 3226 2232 3282 ibi
2265 3227 2559 3282 discordes
2583 3225 2946 3282 reconciliari
2985 3225 3310 3294 debuerint,
3341 3229 3442 3282 aut
3486 3226 3766 3282 canonica

2155 3314 2511 3371 districtione
2538 3314 2837 3370 mulctari?
2849 3313 2989 3388 quid
3016 3313 3074 3368 in
3103 3331 3198 3369 me
3219 3313 3594 3386 singulariter
3616 3329 3766 3371 com.

2155 3402 2442 3460 miserunt
2467 3403 2742 3476 episcopi,
2773 3405 2837 3458 ut
2867 3402 2948 3459 eis
2976 3403 3180 3458 saltem
3197 3401 3554 3476 cogitatione
3568 3403 3764 3458 obesse

2155 3491 2436 3548 voluerim
2461 3509 2476 3561 ;
2504 3492 2830 3566 praesertim
2851 3508 2983 3547 cum
3014 3507 3132 3548 non
3152 3491 3482 3556 inimicum,
3522 3492 3627 3548 sed
3657 3491 3764 3548 ﬁde

2159 3584 2218 3637 et
2239 3597 2414 3654 opere
2446 3579 2865 3636 amicissimum
2895 3579 3163 3654 graviora
3191 3579 3448 3654 pericula
3465 3579 3765 3653 pertulisse

2161 3669 2469 3742 contigerit
2486 3670 2514 3726 ?
2545 3671 2683 3726 Ecce
2703 3687 2902 3726 coram
2919 3671 3036 3726 Deo
3055 3669 3114 3724 in
3125 3669 3348 3725 Christo
3365 3685 3486 3725 non
3514 3669 3766 3726 mentior

2161 3758 2311 3832 (Gal.
2345 3776 2384 3826 ι,
2417 3759 2527 3831 20),
2553 3758 2709 3832 quia,
2738 3758 2938 3814 audita
2973 3757 3409 3831 insequentium
3435 3759 3762 3814 conclama-

2163 3847 2340 3914 tione,
2368 3849 2519 3902 ultra
2549 3863 2725 3919 quam
2759 3845 2869 3902 dici
2926 3847 3106 3918 possit
3135 3846 3378 3914 indolui,
3430 3846 3763 3902 recordatus

2161 3935 2416 4008 pristina
2447 3934 2714 3991 amicitia
2745 3937 2802 3990 et
2827 3933 3240 3990 beneﬁciorum
3268 3933 3416 3990 tanti
3457 3934 3586 4004 viri,
3611 3935 3762 4006 cujus

2163 4024 2262 4078 nix
2287 4023 2490 4097 capitis
2519 4023 2902 4079 reverendum
2931 4023 3206 4091 ostendit,
3236 4025 3476 4096 excepta
3496 4021 3762 4098 primatis

2161 4111 2614 4186 prarogativaet
2640 4112 2984 4170 sacerdotati
3017 4111 3220 4167 infula.
3243 4111 3368 4176 Qua
3391 4111 3764 4184 suggestione

2160 4215 2260 4256 vos
2283 4201 2504 4274 decepi,
2536 4204 2600 4257 ut
2618 4204 2867 4257 vestram
2897 4199 3367 4256 benevolentiam
3393 4199 3636 4272 optimis
3669 4216 3761 4254 au-

2161 4289 2410 4357 ferretis,
2457 4291 2610 4346 male
2639 4289 2860 4346 meritis
2884 4289 3224 4345 conferretis
3243 4289 3274 4344 ‘?
3299 4289 3452 4344 Num
3480 4305 3592 4361 ego
3619 4289 3762 4344 Deus

2161 4395 2290 4434 sum
2322 4378 2421 4450 qui
2451 4381 2638 4434 mutat
2663 4380 2912 4446 mentes,
2942 4380 3131 4433 mutat
3166 4394 3350 4450 regna
3378 4381 3438 4432 et
3467 4375 3764 4451 tempora?

458 4473 754 4544 majestas,
773 4488 941 4544 aqua
970 4467 1134 4528 lance
1173 4474 1377 4543 pensat
1411 4472 1707 4542 utriusque
1729 4473 2058 4538 auctoritas,
2083 4484 2137 4544 D
2161 4465 2306 4522 Vere
2331 4467 2519 4522 fateor
2542 4484 2637 4523 me
2663 4468 2952 4540 magicam
2975 4465 3267 4540 ignorare,
3289 4482 3395 4522 nec
3407 4465 3628 4539 aliquid
3643 4481 3761 4520 ma-

458 4565 522 4618 ut
551 4560 776 4635 prosint
804 4560 1065 4616 Ecclesia
1082 4578 1255 4633 quam
1281 4560 1535 4616 Christus
1546 4558 1799 4615 redemit
1813 4575 1914 4614 suo
1927 4575 2058 4614 san-

455 4651 668 4724 guine;
701 4667 838 4705 nam
875 4650 1025 4706 illius
1049 4649 1375 4705 sublimitas
1403 4650 1533 4720 lege
1571 4647 1804 4703 Domini
1831 4646 2062 4718 spirita-

453 4741 586 4797 liter
607 4741 835 4814 populis
885 4739 1246 4814 pronuntiat,
1281 4754 1458 4812 quam
1487 4736 1650 4792 istius
1695 4737 1988 4808 majestas,
2015 4736 2060 4791 si

451 4847 685 4887 necesse
698 4829 790 4898 sit,
817 4846 1112 4885 armorum
1133 4827 1473 4884 defensione
1489 4825 1862 4882 commendat
1883 4841 1896 4880 :
1925 4842 2064 4898 qua-

451 4923 692 4994 propter
743 4919 1066 4974 cavendum
1122 4920 1208 4972 est
1251 4933 1326 4972 ne
1356 4916 1428 4971 ab
1480 4914 1724 4970 invicem
1777 4913 2057 4982 resilient,

2161 4555 2353 4610 larum
2375 4555 2595 4611 artium
2641 4555 2924 4612 didicisse.
2966 4555 3128 4612 Unde
3154 4555 3249 4610 ille
3291 4553 3393 4628 qui
3430 4555 3504 4610 de
3553 4554 3658 4609 hac
3701 4567 3760 4606 re

2163 4645 2377 4700 contra
2407 4661 2497 4700 me
2529 4645 2811 4718 queritur,
2837 4643 3138 4700 neminem
3165 4645 3378 4715 prater
3396 4642 3762 4699 vosincusare

2161 4730 2406 4800 videtur,
2423 4733 2542 4806 qui,
2566 4734 2764 4789 relicto
2778 4733 3013 4789 tramite
3033 4731 3760 4806 aquitatis,beneﬁciorum

2162 4819 2284 4891 ejus
2313 4821 2764 4878 vicissitudinem
2794 4823 3115 4894 rependere
3136 4820 3484 4892 neglexistis.
3517 4823 3630 4876 Aut
3655 4819 3762 4875 ior-

2160 4911 2309 4964 tasse
2359 4911 2538 4984 regia
2590 4910 2907 4984 majestatis
2961 4909 3364 4966 auctoritatem
3411 4904 3756 4966 contemno!

451 5026 699 5082 quorum
732 5002 2057 5064 adinvicemministeriaconcordant.Sedcon-
2161 4997 2772 5074 Quantulumcumque
2821 5017 2919 5056 vos
2948 4999 3326 5070 exacerbavit,
3353 4995 3760 5054 fexacerbando

447 5099 865 5154 cordiaeorum
895 5097 956 5152 in
990 5095 1228 5151 diversis
1259 5092 1462 5148 ofﬁciis
1482 5096 1644 5148 tanto
1662 5091 1768 5148 sibi
1789 5091 2054 5159 consulit,
2161 5087 2430 5159 irritavit,
2482 5089 2768 5145 irritando
2827 5088 3090 5155 oﬂ'endit,
3150 5087 3502 5145 offendendo
3537 5087 3761 5159 placare

447 5191 666 5260 quanto
686 5186 1046 5243 unanimiter
1066 5183 1420 5240 consulendo
1435 5183 1504 5238 de
1519 5180 1796 5238 commini
1811 5180 2054 5236 utilitate
2157 5183 2410 5250 distulit,
2469 5183 2526 5236 et
2554 5196 2660 5254 pro
2691 5179 2902 5234 talibus
2931 5177 3222 5234 beneﬁciis
3247 5177 3498 5233 miratur
3519 5175 3625 5232 sibi
3662 5174 3763 5228 im-

445 5277 640 5330 sentit.
690 5276 775 5330 Ob
813 5276 924 5330 hoc
958 5274 1332 5346 antiquorum
1393 5271 1768 5328 conciliorum
1826 5269 2055 5342 paginis
2163 5273 2340 5346 pendi
2373 5269 2720 5327 munuscula
2739 5269 2910 5340 justa
2931 5262 3762 5341 recompensationis;necsibi

443 5366 825 5436 praeﬁguntur
878 5363 1119 5418 nomina
1163 5363 1586 5434 imperatorum
1635 5361 1722 5414 vel
1752 5359 2052 5413 consulum
2153 5363 2406 5434 imputat
2435 5360 2591 5434 quod
2607 5357 2954 5432 promeruit,
2986 5358 3086 5414 sed
3115 5357 3336 5412 crimen
3349 5355 3655 5411 traest‘erre
3677 5351 3758 5406 ni-

442 5469 691 5526 quorum
717 5453 912 5507 favore
964 5467 1315 5522 magnorum
1371 5449 1572 5504 habita
1615 5451 1748 5504 sunt
1793 5448 2053 5504 consulta
2158 5451 2298 5508 titur
2327 5450 2386 5506 in
2415 5448 2734 5524 perniciem
2760 5446 3005 5504 insontis
3036 5466 3050 5503 :
3082 5446 3128 5502 si
3159 5447 3317 5502 enim
3345 5445 3491 5500 nihil
3535 5459 3633 5499 vos
3657 5458 3759 5498 no-

443 5541 866 5614 episcoporum,
893 5541 992 5612 qui
1025 5556 1257 5612 semper
1283 5539 1442 5611 prius
1472 5539 1786 5609 diligenter
1833 5535 2048 5592 discus-
2151 5539 2334 5596 cuissr
2388 5537 2627 5612 putavit,
2683 5537 2820 5592 dum
2875 5537 3073 5591 nostra
3127 5535 3277 5604 tulit,
3349 5535 3606 5608 profecto
3656 5546 3756 5586 nec

442 5634 643 5686 serunt
671 5631 741 5688 de
773 5628 1191 5700 ﬁdeipuritate,
1215 5643 1358 5699 quos
1380 5628 1624 5683 concilio
1650 5625 1858 5699 dignos
1885 5641 2046 5700 repe-
2158 5629 2429 5688 dominos
2459 5629 2792 5689 nostrarum
2846 5642 3044 5682 rerum
3074 5641 3218 5694 esse,
3267 5641 3377 5680 nec
3434 5624 3758 5680 defensores

437 5721 625 5780 rirent
675 5737 746 5778 ex
801 5717 1026 5776 ordine.
1091 5715 1506 5788 Quamobrem,
1553 5714 1818 5791 piissimi,
1862 5733 2035 5778 more
2155 5717 2419 5789 credidit;
2447 5717 2493 5778 si
2517 5719 2714 5776 autem
2753 5715 3020 5790 credidit,
3045 5732 3144 5774 vos
3168 5731 3403 5774 meeum
3439 5712 3604 5787 lasit,
3651 5726 3754 5770 nec
