3882 6222
179 407 281 471 ξω

1592 404 2137 473 APOLOGETICUS.

3409 412 3516 468 470

178 546 236 584 se
259 526 470 605 laesisse
512 524 841 603 ignoravit.
889 525 1002 581 Cur
1030 525 1207 598 igitur
1254 542 1349 595 me
1402 524 1811 593 declamatorie
1833 529 1887 588 A
1914 524 2058 583 dacii
2086 526 2430 598 cupiditates
2449 543 2578 584 suas
2606 542 2831 601 pravas,
2863 525 2967 599 ipsi
2988 525 3249 582 nituntur
3266 528 3516 584 condere

181 616 446 673 accusat?
473 632 577 670 cur
609 614 757 671 mihi
785 614 892 671 soli
925 614 1172 687 imputat
1202 615 1357 687 quod
1376 614 1536 670 illum
1569 616 1811 687 gravat?

179 706 266 760 Au
299 704 447 760 scire
474 707 711 777 potero,
768 702 994 776 quoties
1024 702 1243 774 legatos
1282 702 1432 770 misi,
1487 702 1710 775 quoties
1740 703 1811 757 de

180 811 321 871 pace
354 794 584 865 rogavi,
616 793 848 865 quoties
879 809 973 847 me
1018 792 1336 863 supplicem
1386 792 1609 848 obtuli?
1637 791 1813 847 Testis

183 882 330 938 mihi
354 885 443 937 est
472 883 624 937 Deus
656 880 838 953 quod,
875 882 1026 935 salvo
1067 879 1198 950 jure
1227 880 1405 936 nostri
1454 879 1811 945 monasterii,

185 971 261 1029 ad
282 970 494 1025 omnia
526 986 656 1043 quae
680 967 1024 1040 regulariter
1049 967 1386 1038 injunxisset
1408 968 1814 1039 obtemperare

182 1062 430 1132 paratus
460 1058 566 1125 fui,
600 1060 679 1124 et,
706 1056 750 1111 si
775 1054 989 1128 aliquid
1012 1057 1149 1111 mali
1175 1057 1516 1124 commerui,
1540 1059 1814 1113 manente

185 1164 392 1211 rerum
425 1147 598 1220 copia
620 1146 977 1213 inconcussa,
1011 1145 1411 1219 episcoporum
1431 1147 1586 1217 justa
1604 1147 1816 1219 jacule'

182 1240 277 1297 tur
318 1236 379 1290 in
414 1252 515 1291 me
544 1234 863 1301 sententia;
913 1233 1045 1306 quia
1070 1233 1190 1305 ipse
1214 1236 1386 1301 solus,
1421 1238 1483 1289 ut
1512 1234 1811 1303 debuerat,

182 1340 497 1396 nunquam
516 1323 675 1394 justo
707 1321 974 1395 amplius,
1027 1322 1135 1377 nisi
1178 1322 1536 1379 clandestina
1582 1339 1809 1379 exsecu-

185 1412 369 1478 tione,
399 1411 462 1466 in
488 1427 583 1465 me
608 1409 893 1465 desaeviet.
922 1410 1060 1465 Novi
1089 1410 1247 1465 enim
1280 1428 1456 1484 quam
1478 1415 1735 1467 austerus
1753 1411 1810 1466 in

182 1500 428 1555 Letaldo
459 1497 779 1553 Miciacensi
830 1499 1115 1554 monacho
1148 1498 1341 1567 fuerit,
1375 1517 1549 1571 quem
1604 1500 1813 1555 oblitus

183 1587 538 1643 reverentiae
561 1586 929 1641 sacerdotalis
956 1586 1231 1657 injuriose
1264 1591 1321 1643 et
1348 1588 1472 1643 sine
1515 1587 1642 1642 ullis
1669 1587 1815 1661 legi-

184 1677 293 1732 bus
322 1675 599 1730 tractavit
623 1692 637 1743 ;
665 1674 763 1746 qui
792 1674 838 1728 si
864 1675 1165 1745 epistolam
1188 1676 1446 1748 Gregorii
1496 1675 1568 1730 ad
1591 1676 1813 1749 Lupum

187 1765 467 1821 abbatem
484 1762 737 1835 legisset,
755 1763 1010 1835 profecto
1026 1780 1326 1836 nunquam
1345 1767 1578 1819 tantum
1598 1764 1816 1820 facinus

1912 613 2069 684 leges
2118 631 2339 670 novas:
2376 615 2473 671 sed
2532 615 2841 687 Apostolus
2868 612 3036 668 nobis
3086 615 3387 669 consulens
3439 616 3520 671 eis

1912 701 2158 757 occurrit
2182 720 2194 757 :
2226 702 2288 759 St
2314 706 2430 776 quis
2454 704 2615 769 vobis,
2636 703 2919 776 inquiens,
2948 700 3096 773 aliud
3124 705 3521 758 annuntiaverit

1904 797 2103 861 pra’ter
2128 790 2183 845 id
2216 791 2356 863 quod
2382 792 2669 862 accepistis,
2702 792 2982 845 anathema
3040 792 3107 843 sit
3136 788 3305 859 (Gal,
3365 807 3403 857 ι,
3445 791 3518 861 9).

1917 876 2081 941 Quod
2112 881 2422 937 anathema
2452 884 2733 952 quantum
2768 878 3085 934 cavendum
3109 877 3185 931 sit
3208 878 3354 932 liber
3374 879 3526 933 Judi-

1916 981 2045 1022 cum
2079 967 2349 1033 ostendit,
2404 967 2500 1022 ubi
2542 967 2789 1040 legitur:
2823 967 3127 1021 Attat/coma
3162 970 3217 1022 in
3248 967 3417 1020 medio
3449 974 3529 1020 tui

1915 1059 2010 1119 est,
2039 1053 2222 1122 Israel,
2256 1073 2360 1109 non
2376 1058 2574 1126 poteris
2602 1063 2742 1110 stare
2760 1072 2935 1110 coram
2956 1056 3191 1111 inimicis
3218 1055 3523 1127 tuis(/osue

1915 1159 2015 1211 vu,
2049 1142 2156 1214 t3).
2185 1144 2327 1198 Nam
2350 1144 2505 1216 quod
2532 1144 2730 1210 leviter
2749 1144 3368 1200 excommunicandum
3400 1162 3517 1199 non

1915 1232 2011 1300 sit,
2036 1236 2095 1287 et
2123 1233 2277 1305 quod
2294 1234 2623 1289 membrum
2652 1233 2857 1288 Christi
2888 1251 2922 1288 a
2947 1250 3187 1305 corpore
3219 1250 3347 1288 cum
3369 1234 3524 1305 gravi

1915 1321 2114 1377 dolore
2166 1323 2545 1378 resecandum
2607 1322 2699 1390 sit,
2749 1322 3123 1378 manifestum
3173 1324 3232 1377 in
3287 1321 3527 1378 concilio

1913 1410 2182 1465 Africano
2214 1413 2384 1483 caput
2411 1415 2526 1466 est:
2558 1432 2585 1461 «
2619 1411 2905 1479 Quandiu,
2939 1411 3147 1483 inquit,
3197 1428 3527 1466 excommu-

1915 1499 2105 1554 nicato
2128 1516 2245 1555 non
2277 1499 2791 1555 communicaverit
2824 1516 2958 1555 suus
2987 1500 3306 1573 episcopus,
3338 1500 3529 1555 eidem

1916 1587 2181 1660 episcopo
2214 1589 2285 1644 ab
2326 1588 2450 1644 aliis
2480 1606 2597 1644 non
2623 1589 3085 1644 communicetur
3115 1588 3413 1661 episcopis,
3470 1592 3532 1642 ut

1916 1675 2101 1748 magis
2141 1679 2336 1733 caveat
2380 1677 2679 1749 episcopus
2738 1695 2810 1733 ne
2861 1677 3013 1733 dicat
3059 1676 3118 1732 in
3173 1693 3529 1751 quemquam

1918 1765 2072 1835 quod
2103 1764 2226 1820 aliis
2287 1765 2647 1821 documentis
2704 1766 3043 1822 convincere
3093 1783 3210 1822 non
3261 1769 3525 1837 potest.»

185 1855 613 1926 perpetrasset:
652 1873 681 1902 ‹‹
711 1850 997 1915 Quoniam
1026 1853 1467 1926 multae,inquit,
1491 1853 1818 1909 occasiones
1842 1840 1895 1903 B
1920 1851 2217 1923 Siquidem
2245 1853 2524 1925 quidquid
2554 1854 2615 1907 in
2640 1854 2885 1910 Ecclesia
2927 1856 3011 1922 fit,
3052 1855 3162 1910 nisi
3193 1854 3531 1910 auctoritate

185 1944 245 1998 in
278 1940 696 2013 deceptatione
724 1940 1129 2011 religiosarum
1159 1958 1539 2013 personarum
1569 1958 1603 1997 a
1630 1941 1819 2014 pravis

184 2031 324 2099 illic,
359 2033 427 2084 ut
458 2028 692 2095 dicitur,
732 2029 1065 2084 hominibus
1096 2029 1493 2101 exquiruntur,
1523 2030 1819 2102 presbyte-

186 2137 318 2175 rum
349 2117 652 2191 prsedictaz
684 2117 945 2172 Ecclesia;
969 2118 1307 2173 nullomodo
1338 2118 1682 2191 privandum
1727 2117 1822 2172 de-

184 2208 654 2279 ponendumque
685 2221 1009 2273 censemus,
1041 2205 1150 2260 nisi
1184 2222 1353 2261 causa
1382 2205 1821 2278 specialitercri-

186 2296 367 2352 minis
396 2296 705 2367 exigente;
740 2294 895 2349 unde
922 2311 1150 2350 necesse
1168 2300 1253 2349 est
1278 2297 1360 2362 ut,
1393 2295 1439 2349 si
1473 2312 1587 2367 qua
1615 2297 1816 2351 contra

188 2401 324 2441 eum
353 2382 697 2455 hujusmodi
726 2384 964 2454 querela
993 2382 1319 2450 surrexerit,
1366 2400 1484 2438 non
1516 2384 1669 2439 solus
1696 2382 1819 2455 epi-

188 2488 397 2543 scopus
424 2470 671 2531 civitatis
696 2486 928 2527 causam
958 2470 1273 2538 examinet,
1301 2471 1401 2526 sed
1422 2471 1694 2527 adhibitis
1713 2455 1818 2527 sibi

188 2560 550 2632 coepiscopis
597 2559 714 2614 suis
764 2559 957 2615 subtili
1005 2559 1443 2631 investigatione
1499 2561 1813 2633 perquirat,

190 2654 501 2722 quatenus,
536 2648 758 2704 cunctis
806 2648 1170 2703 concorditer
1200 2648 1612 2719 judicantibus,
1642 2666 1814 2721 cano-

193 2738 335 2793 nica
360 2737 740 2793 districtionis
761 2753 1004 2792 censura
1033 2740 1132 2791 aut
1160 2753 1322 2792 reum
1336 2737 1510 2792 ferire
1528 2742 1627 2792 aut
1656 2737 1820 2793 inno-

193 2830 427 2881 centem
461 2826 643 2899 possit
673 2826 991 2883 absolvere.
1024 2847 1051 2875 »
1101 2826 1359 2897 Denique
1390 2826 1546 2897 quod
1595 2843 1821 2895 excom-

194 2914 508 2969 municatis
527 2931 621 2968 me
641 2913 935 2968 miscuisse
966 2913 1185 2982 asserit,
1205 2914 1254 2985 ej
1265 2931 1328 2968 us
1347 2915 1610 2987 exemplo
1623 2914 1819 2987 utique

194 3003 327 3070 feci,
360 3002 462 3076 qui
492 3003 643 3058 ﬁlios
670 3001 848 3056 Belial
889 3006 1173 3057 nocturno
1200 3002 1501 3058 latrocinio
1528 3002 1587 3057 in
1624 3020 1819 3059 meam

1921 1941 2157 1995 Patrum
2188 1940 2475 2011 fulciatur,
2508 1942 2819 2006 simulatio,
2856 1960 2973 1998 non
3002 1944 3208 1997 veritas
3218 1943 3529 2013 judicatur;

1926 2031 1985 2084 et
2013 2028 2221 2084 scimus
2268 2030 2314 2085 si
2345 2047 2460 2103 qua
2489 2030 2851 2087 simulatores
2890 2035 2949 2085 et
2994 2030 3182 2085 callidi
3222 2032 3536 2103 provocant

1919 2115 2068 2172 iram
2100 2116 2223 2184 Dei,
2276 2135 2349 2173 an
2398 2119 2697 2192 presbyter
2742 2121 2826 2174 vel
2878 2118 3177 2191 episcopus
3204 2117 3532 2185 habebitur,

1918 2204 2018 2279 qui
2047 2208 2251 2261 contra
2280 2207 2685 2262 auctoritatem
2717 2224 3009 2263 canonum
3042 2207 3344 2262 ordinatur
3371 2205 3398 2259 ‘?
3423 2206 3537 2260 Aut

1920 2293 2041 2348 sine
2074 2294 2406 2349 authentica
2438 2295 2853 2367 degradatione
2868 2297 3173 2368 presbyter
3197 2295 3283 2349 vel
3315 2293 3533 2365 episco-

1918 2398 2024 2452 pus
2053 2382 2295 2437 cessabit
2318 2384 2388 2439 ab
2421 2383 2595 2439 ofﬁcii
2625 2386 2710 2438 sui
2737 2384 3019 2439 munere?
3046 2383 3313 2455 Nunquid
3342 2382 3536 2437 crede-

1918 2486 2045 2524 mus
2100 2471 2666 2526 excommunicatum
2721 2488 2895 2543 quem
2929 2489 3047 2527 non
3077 2471 3375 2527 remordet
3403 2487 3537 2525 con-

1917 2557 2155 2613 scientia
2180 2558 2437 2627 criminis
2458 2577 2563 2631 pro
2597 2576 2709 2632 quo
2738 2560 2947 2616 debeat
2974 2559 3386 2615 communione
3416 2558 3535 2630 pri-

1918 2645 2081 2719 vari?
2108 2647 2265 2701 Tunc
2295 2646 2455 2702 enim
2500 2648 2655 2719 justa
2703 2648 3222 2704 excommunicatio
3262 2647 3531 2719 pastoris,

1920 2734 2152 2805 quando
2184 2735 2464 2791 canonica
2488 2735 2708 2791 vocatio
2738 2736 2796 2791 in
2817 2754 2981 2792 reum
3015 2736 3321 2809 praecessit,
3354 2740 3412 2790 et
3441 2735 3537 2790 ille

1918 2825 2148 2889 reatum
2179 2840 2346 2879 suum
2374 2824 2478 2878 sub
2502 2824 2682 2895 judici
2712 2826 2975 2880 Ecclesiae
3007 2825 3297 2896 corrigere
3329 2824 3535 2892 noluit,

1921 2927 2105 2983 eoque
2132 2912 2306 2967 modo
2319 2912 2569 2967 elatione
2598 2913 2888 2968 tumidum
2912 2931 2945 2969 a
2963 2913 3116 2969 sanis
3130 2913 3325 2969 ovibus
3346 2928 3538 2984 segre-

1921 2998 2040 3070 gat,
2066 3016 2241 3071 quem
2271 2999 2464 3055 divino
2488 3000 2704 3071 judicio
2744 3002 3174 3074 segregandum
3204 3018 3322 3056 non
3368 3000 3536 3071 igno-

194 3108 404 3149 necem
432 3093 762 3165 grassantes
790 3090 1027 3161 recepit,
1042 3093 1351 3163 postquam
1374 3107 1473 3147 eos
1488 3092 1823 3148 anathema.
1847 3123 1895 3188 α
1922 3091 2038 3156 rat;
2072 3092 2131 3143 et
2158 3088 2291 3161 quia
2320 3088 2381 3144 in
2434 3106 2601 3146 suum
2652 3093 2945 3162 pastorem
3008 3089 3540 3146 excommunicatus

186 3179 474 3242 .tizaverat
500 3196 635 3235 suus
663 3177 1124 3249 archiepiscopus
1160 3178 1463 3251 singularis
1513 3179 1706 3236 meriti
1732 3180 1819 3236 Si-

192 3268 430 3342 guinus,
462 3270 523 3323 et
551 3267 674 3323 Odo
721 3266 1167 3328 Carnotensium
1207 3267 1524 3340 episcopus,
1564 3285 1669 3323 nec
1699 3286 1819 3325 non

193 3361 256 3414 et
274 3358 373 3414 alii
404 3373 639 3430 magnae
668 3355 800 3412 vitae
822 3357 881 3410 et
902 3355 1154 3428 religiosi
1174 3356 1299 3411 viri.
1320 3357 1435 3412 Hoc
1458 3374 1595 3413 sane
1625 3360 1819 3430 palam

196 3434 509 3513 omnibus,
550 3446 697 3503 sicut
738 3461 969 3516 magnae
1025 3445 1383 3501 auctoritatis
1430 3448 1534 3515 est,
1581 3447 1823 3503 asseruit

194 3537 357 3610 quod
386 3550 566 3593 nemo
599 3533 783 3607 possit
804 3550 937 3589 eum
952 3533 1476 3603 excommunicare,
1496 3535 1593 3607 qui
1621 3552 1821 3591 emen-

194 3625 425 3681 dationi
473 3626 534 3679 et
565 3621 941 3678 satisfactioni
989 3622 1259 3691 intendit,
1316 3623 1637 3695 praesertim
1690 3640 1823 3679 cum

190 3731 381 3787 usque
430 3712 505 3768 ad
545 3710 998 3767 satisfactionem
1029 3727 1351 3784 congruam
1400 3729 1565 3768 suam
1597 3712 1718 3786 ipse
1767 3716 1826 3768 et

193 3803 295 3859 alii
326 3801 583 3874 episcOpi
609 3800 980 3871 praetendant
1005 3800 1423 3856 maledictionis
1448 3800 1821 3857 sententiam-

193 3894 381 3948 Porro
409 3890 508 3963 qui
531 3889 622 3945 vel
652 3890 797 3961 quot
830 3887 1110 3945 interesse
1137 3888 1391 3945 debeant
1409 3905 1645 3945 reorum
1678 3889 1823 3945 obli-

190 3980 445 4052 gationi,
476 3977 577 4051 qui
602 3978 686 4032 vel
723 3978 868 4049 quot
896 3993 1099 4032 eorum
1130 3976 1501 4045 absolutioni,
1540 3994 1824 4050 nusquam

191 4086 296 4126 me
313 4066 526 4141 legisse
557 4065 824 4135 memini,
843 4064 949 4121 nisi
972 4065 1033 4121 in
1055 4065 1471 4139 degradatione
1492 4067 1823 4126 sacerdotis.

186 4158 450 4215 Tantum
476 4154 841 4229 evangelicus
861 4172 1052 4211 sermo
1098 4155 1293 4227 prodit
1316 4156 1474 4227 quod
1500 4158 1553 4212 si
1568 4174 1821 4227 peccave-

184 4254 269 4304 nt
302 4250 426 4303 inte
442 4247 631 4316 frater
663 4250 804 4312 tuus,
831 4246 1034 4316 corripe
1052 4261 1173 4299 eum
1202 4246 1339 4298 inter
1358 4250 1408 4300 te
1425 4245 1602 4315 ipsum
1623 4244 1819 4302 solum:

188 4339 249 4393 εἰ
300 4343 351 4393 te
404 4334 659 4401 audierit,
736 4332 969 4388 lucratus
1018 4333 1119 4387 eris
1161 4332 1390 4402 fratrem
1428 4340 1620 4399 tuum;
1674 4350 1719 4388 si
1776 4340 1824 4389 te

190 4442 303 4480 non
328 4422 586 4491 audierit,
644 4420 734 4477 dic
768 4418 1052 4489 Ecclesiae;
1105 4420 1263 4494 quod
1313 4422 1362 4475 si
1406 4419 1673 4477 ecclesiam
1716 4438 1822 4478 non

191 4513 458 4581 audierit,
490 4513 558 4566 sit
601 4509 696 4566 tibi
715 4510 853 4565 sicut
880 4509 1116 4564 ethnicus
1150 4516 1200 4565 et
1218 4508 1541 4581 publicanus
1595 4508 1816 4581 (Matth.

187 4619 354 4672 xvm,
387 4606 477 4668 l5,
514 4598 624 4672 l7).
657 4599 798 4654 Ecce
819 4597 1024 4653 divinas
1055 4596 1438 4653 miserationis
1462 4600 1682 4670 regula,
1708 4616 1823 4672 qua

181 4692 474 4765 jubemur
499 4704 738 4745 reorum
768 4686 909 4742 alios
959 4686 1257 4743 audientes
1315 4686 1413 4759 pia
1462 4688 1819 4743 correctione

189 4780 476 4838 secretius
523 4793 792 4850 arguere,
874 4775 1014 4832 alios
1067 4792 1187 4832 non
1241 4775 1541 4831 audientes
1590 4777 1819 4848 publica

189 4871 530 4928 invectione
590 4867 901 4938 objurgare
952 4882 1131 4938 usque
1179 4865 1253 4921 ad
1306 4882 1473 4920 aures
1527 4865 1812 4922 Ecclesiae.

192 4960 308 5017 Sed
334 4956 608 5031 nunquid
638 4955 868 5029 publica
893 4954 1137 5010 invectio
1177 4957 1457 5010 secretam
1506 4953 1810 5027 indulgen-

193 5051 361 5120 tiam,
388 5047 643 5112 sustulit,
672 5046 774 5101 aut
796 5047 1014 5100 secreta
1043 5044 1287 5100 invectio
1317 5043 1605 5115 publicam
1631 5044 1817 5101 indul-

194 5142 457 5214 gentiam
487 5134 752 5194 ademit?
766 5135 851 5188 An
882 5135 1109 5206 publica
1132 5132 1381 5189 invectio
1409 5132 1697 5206 publicam
1725 5134 1814 5191 in-

198 5229 580 5304 dulgentiam,
610 5227 672 5280 et
700 5225 918 5278 secreta
947 5222 1189 5279 invectio
1203 5227 1483 5279 secretam
1513 5222 1816 5295 indulgen-

199 5319 332 5376 tiam
355 5313 642 5393 requirit?
668 5313 849 5367 Porro
876 5312 970 5384 qui
983 5311 1154 5368 oﬁ'ert
1174 5328 1383 5367 munus
1395 5329 1522 5367 sum
1541 5312 1613 5367 ad
1633 5313 1813 5369 altare

200 5427 308 5467 non
328 5410 409 5467 ibi
438 5399 917 5464 reconciliabitur
946 5401 1087 5457 mihi
1136 5417 1242 5473 pro
1274 5402 1507 5469 scelere,
1535 5418 1649 5473 qua
1678 5418 1816 5473 pro-

197 5500 333 5559 ditus
383 5501 474 5556 est
506 5487 828 5551 Ecclesia)?
859 5486 1074 5561 (Matth.
1102 5507 1154 5558 v,
1205 5488 1321 5564 23.)
1372 5489 1416 5545 Ο
1446 5489 1745 5561 tempora!
1781 5507 1814 5545 o

189 5606 408 5653 mores:
444 5585 630 5645 Certe
653 5575 756 5651 qui
772 5577 966 5634 volunt
982 5577 1211 5652 exsequi
1228 5576 1288 5634 in
1315 5577 1631 5635 fabrateria
1651 5594 1816 5634 men-

1920 3180 2412 3248 peccaverat,eum
2426 3179 2571 3233 alter
2583 3177 2878 3234 absolvere
2891 3179 3201 3234 necdebuit
3216 3177 3531 3250 necpotuit.

1918 3265 2120 3333 Porro,
2143 3264 2469 3338 quicunque
2494 3266 2659 3321 fratri
2681 3284 2812 3322 meo
2832 3268 2888 3322 in
2910 3284 3003 3322 me
3024 3268 3287 3339 peccanti
3310 3283 3539 3323 excom-

1920 3353 2378 3409 municationem
2392 3353 2829 3421 intorserit,non
2846 3354 2939 3409 ille
2961 3354 3010 3410 ei
3024 3359 3325 3426 peccatum
3348 3354 3542 3411 dimit-

1921 3442 2011 3509 tit,
2040 3443 2142 3497 sed
2167 3459 2274 3513 ego
2301 3443 2362 3499 in
2389 3460 2563 3514 quem
2589 3443 2915 3515 peccavit,'a
2931 3460 3043 3515 quo
3071 3443 3537 3499 excommunica-

1922 3530 2095 3585 tionis
2144 3532 2301 3586 malo
2344 3547 2591 3601 regnum
2618 3535 2869 3586 vestrum
2896 3535 3158 3603 purgate,
3186 3530 3539 3591 serenissimi

1924 3618 2230 3692 principes,
2284 3618 2418 3691 quia
2451 3618 2541 3673 vix
2570 3621 2655 3673 est
2679 3619 2737 3673 in
2777 3636 2844 3673 eo
2873 3618 3075 3690 aliquis
3104 3618 3410 3672 hominum
3443 3619 3540 3690 qui

1924 3708 2129 3764 saltem
2155 3706 2366 3763 idcirco
2385 3706 2915 3763 excommunicatus
2932 3723 3048 3761 non
3063 3706 3155 3774 sit,
3180 3705 3457 3779 quoniam
3477 3706 3535 3761 in

1924 3796 2185 3852 convivio
2225 3798 2313 3852 vel
2341 3796 2494 3868 pacis
2520 3796 2713 3851 osculo
2744 3794 3240 3851 excommunicato
3274 3794 3535 3850 adhaesit.

1925 3887 2213 3941 Praeterea
2243 3886 2510 3941 dominos
2536 3901 2699 3940 meos
2716 3901 2846 3940 cum
2859 3884 3221 3939 familiariter
3238 3884 3538 3955 alloquens

1923 3973 2080 4029 bona
2109 3974 2343 4043 suadeo,
2381 3976 2698 4029 multorum
2753 3973 3001 4042 animos,
3048 3972 3185 4042 scio,
3212 3975 3415 4027 contra
3444 3989 3539 4027 me

1924 4062 2172 4132 concito,
2199 4063 2363 4135 juxta
2393 4063 2533 4118 illud
2560 4063 2773 4118 Comici
2798 4080 2811 4118 :

2078 4170 2380 4234 Obsequium
2410 4170 2615 4230 amicos,
2645 4173 2828 4234 veritas
2851 4170 3021 4219 odium
3039 4168 3192 4234 parit.

2234 4230 2525 4295 (Tramws
2553 4234 2608 4281 in
2636 4232 2852 4292 Andria,
2883 4237 2985 4282 Act.
3017 4230 3055 4292 Ιζ
3084 4247 3219 4281 scen.
3243 4245 3292 4280 ν.
3316 4230 3363 4281 1.

1920 4332 2002 4388 De
2018 4347 2265 4405 quorum
2278 4330 2645 4386 animositate
2679 4348 2797 4386 non
2828 4332 3080 4386 multum
3110 4346 3367 4399 moveor,
3390 4329 3541 4386 dulce

1920 4421 2077 4478 decus
2105 4438 2300 4488 meum,
2334 4419 2648 4489 Rodberte,
2684 4436 2857 4492 quem
2904 4422 3075 4476 atavis
3112 4419 3319 4490 regibus
3339 4419 3540 4473 editum

1923 4510 2063 4583 (28‘)
2081 4508 2274 4565 divina
2285 4507 2469 4580 pietas
2481 4508 2747 4580 perduxit
2760 4509 2832 4564 ad
2845 4509 3007 4581 regni
3022 4508 3313 4579 fastigium
3325 4549 3339 4573 ,
3354 4507 3398 4561 si
3412 4511 3541 4578 post

1919 4598 2105 4653 Deum
2137 4602 2194 4654 et
2240 4602 2467 4654 sanctos
2512 4598 2634 4670 ejus
2663 4601 2850 4654 vestro
2907 4597 3230 4671 specialiter
3257 4599 3541 4652 sustenter

1919 4688 2125 4744 auxilio
2147 4691 2205 4743 et
2225 4687 2484 4757 consilio,
2518 4688 2676 4761 cujus
2707 4688 3068 4744 mentionem
3100 4686 3158 4743 in
3193 4686 3541 4759 quotidianis

1919 4777 2276 4833 orationibus
2290 4776 2434 4833 meis
2448 4794 2747 4850 nunquam
2766 4777 3315 4849 prmtereo,tandem
3329 4774 3542 4844 capitu—

1915 4866 2079 4921 latim
2134 4866 2435 4922 subtexam
2494 4866 2628 4921 huic
2678 4865 2932 4922 indiculo
2964 4882 3092 4937 quae
3122 4863 3372 4919 maxime
3409 4863 3543 4915 sunt

1916 4955 2262 5028 corrigenda
2293 4955 2349 5011 in
2382 4958 2570 5011 vestro
2596 4955 2868 5027 imperio,
2901 4971 3007 5009 nec
3036 4956 3236 5009 tamen
3267 4952 3391 5006 haec
3413 4966 3540 5004 ver-

1914 5045 2003 5102 bis
2024 5045 2190 5113 meis,
2216 5045 2317 5100 sed
2343 5042 2693 5099 authenticis
2723 5045 3052 5096 sanctorum
3087 5042 3273 5108 dictis,
3301 5043 3363 5094 ut
3386 5042 3540 5110 post-

1920 5134 2163 5190 modum
2177 5133 2474 5205 episcOpos
2495 5129 2773 5187 moveatis
2788 5129 2911 5183 haec
2932 5130 3208 5184 canonice
3226 5128 3543 5183 emendare

1924 5223 1987 5278 in
2018 5222 2134 5277 suis
2163 5220 2437 5277 conciliis.

2001 5310 2275 5366 Primitus
2306 5309 2377 5363 de
2408 5308 2522 5362 fide
2548 5305 2861 5361 dicendum
2888 5304 3125 5372 credidi,
3174 5320 3349 5375 quam
3382 5304 3549 5359 alter-

1925 5398 2198 5455 nantibus
2225 5395 2414 5451 choris
2446 5398 2504 5449 et
2548 5394 2607 5448 in
2658 5392 2897 5448 Francia
2950 5395 3007 5447 et
3036 5392 3190 5463 apud
3216 5392 3544 5463 Anglorum

1925 5485 2232 5542 Ecclesiam
2277 5482 2487 5537 variari
2512 5480 2724 5537 audivi.
2754 5481 2864 5536 Alii
2909 5480 3126 5549 dicunt,
3154 5484 3218 5535 ut
3259 5478 3532 5548 arbitror,

1922 5573 2238 5631 secundum
2262 5570 2662 5641 Athanasium,
2697 5570 2965 5644 «spiritus
2992 5573 3221 5629 sanctus
3244 5587 3278 5627 a
3296 5570 3465 5625 Patre
3481 5571 3544 5625 et
