3882 6222
1775 320 1827 351 /

381 413 479 468 471

1385 408 1442 470 S.
1509 401 1803 470 ABBONIS
1863 409 2151 472 ABBATIS
2202 403 2700 470 FLORIACENSIS

3599 419 3710 477 472

384 534 524 591 Filio
552 553 669 592 non
698 535 900 602 factus,
921 551 1028 594 nec
1053 542 1296 605 creatus,
1327 557 1432 596 nec
1474 539 1702 614 genitus
1728 541 1826 596 sed
1855 556 1990 613 pro-
2010 545 2067 604 Α
2095 555 2272 612 quam
2295 537 2514 594 litteras
2543 555 2577 593 a
2607 537 3072 594 Lothariensibus
3099 539 3340 613 accepit,
3371 539 3580 612 quibus
3611 558 3713 598 me

384 626 594 680 cedens
613 643 626 680 :
647 646 674 674 »
705 626 798 681 alii
811 644 942 684 vero
959 631 1203 696 tantum,
1227 649 1254 681 σ
1277 629 1758 700 Spiritussanctus
1773 647 1807 684 a
1824 630 1993 684 Patre

384 717 444 767 et
472 713 615 767 Filio
646 731 763 769 non
786 716 966 772 factus
985 734 1092 772 nec
1112 721 1354 783 creatus,
1378 717 1478 772 sed
1507 718 1879 790 procedens,»
1896 717 1993 788 qui

385 800 548 868 dum,
577 801 636 855 id
665 803 821 874 quod
833 807 936 871 est,
952 822 1046 859 nec
1066 807 1275 876 genitus
1291 805 1993 878 subtrahunt,synodicam

385 887 584 944 domni
613 889 874 964 Gregorii
897 909 957 947 se
986 893 1146 966 sequi
1177 893 1439 962 credunt,
1468 893 1566 948 ubi
1597 893 1678 949 ita
1703 896 1789 948 est
1816 892 1992 966 scrip-

383 978 541 1032 tum:
587 1000 615 1028 «
639 977 881 1049 Spiritus
905 985 1136 1037 sanctus
1166 997 1272 1037 nec
1301 981 1528 1054 genitus
1557 983 1660 1049 est,
1692 998 1800 1037 nec
1828 979 1991 1052 inge-

383 1064 556 1133 nitus,
569 1067 670 1121 sed
686 1070 912 1122 tantum
935 1070 1310 1140 procedens.»
1323 1072 1403 1125 De
1414 1071 1530 1126 fine
1543 1087 1772 1143 quoque
1789 1068 1994 1124 mundi

383 1169 579 1209 coram
625 1157 838 1226 populo
885 1173 1218 1214 sermonem
1249 1157 1310 1213 in
1357 1157 1606 1213 Ecclesia
1643 1157 1992 1214 Parisiorum

382 1242 840 1298 adolescentulus
871 1245 1080 1312 audivi,
1113 1247 1269 1318 quod
1290 1246 1484 1302 statim
1514 1245 1680 1302 finito
1711 1247 1868 1302 mille
1893 1263 1994 1301 an-

381 1347 591 1386 norum
605 1349 850 1386 numero
867 1333 1246 1390 Antichristus
1272 1334 1590 1402 adveniret,
1605 1339 1662 1390 et
1679 1352 1796 1390 non
1814 1335 1990 1406 longo

381 1422 509 1491 post
542 1423 809 1492 tempore
851 1421 1168 1478 universale
1191 1423 1477 1494 judicium
1505 1423 1868 1478 succederet:
1902 1423 1992 1478 cui

380 1507 780 1577 prwdicationi
813 1527 880 1564 ex
911 1511 1232 1582 Evangeliis
1261 1528 1327 1566 ac
1379 1511 1723 1582 Apocalypsi
1759 1515 1817 1566 et
1843 1511 1990 1566 libro

382 1595 652 1664 Danielis,
671 1614 784 1669 qua
811 1599 969 1670 potui
993 1599 1224 1666 virtute,
1253 1599 1452 1654 restiti.
1479 1599 1735 1670 Denique
1753 1601 1811 1654 et
1831 1615 1990 1654 erro-

379 1697 507 1738 rem
537 1683 634 1756 qui
667 1685 736 1739 de
764 1685 879 1740 ﬁne
913 1687 1115 1741 mundi
1144 1687 1382 1742 inolevit
1410 1687 1587 1742 abbas
1615 1704 1778 1743 meus
1807 1688 1992 1742 beata:

381 1773 686 1828 memoriae
716 1773 1036 1830 Richardus
1092 1775 1282 1848 sagaci
1325 1775 1524 1831 animo
1556 1776 1836 1847 propulit,
1862 1779 1994 1848 post

2091 628 2444 700 respondere
2465 625 2660 698 jussit;
2685 643 2822 682 nam
2851 627 3011 682 fama
3033 644 3184 700 pene
3202 631 3389 684 totum
3416 631 3717 686 mundum

2093 715 2454 786 impleverat,
2475 715 2651 786 quod,
2675 715 2907 786 quando
2927 715 3307 771 Annuntiatio
3327 717 3636 774 Dominica
3653 718 3718 774 in

2093 803 2402 857 Parasceve
2433 801 2761 874 contigisset
2787 803 3002 874 absque
3023 803 3140 858 ullo
3171 805 3439 877 scrupulo
3465 805 3601 862 finis
3614 823 3722 862 saa-

2092 890 2203 944 culi
2230 893 2398 946 esset.
2419 891 2500 944 De
2531 889 2694 946 initio
2717 889 2894 946 etiam
2943 891 3234 947 Adventus
3263 892 3362 966 qui
3391 897 3527 950 ante
3551 895 3720 950 Nati-

2091 977 2328 1034 vitatem
2346 977 2574 1035 Domini
2586 996 2689 1052 per
2698 978 2953 1050 singulos
2968 996 3152 1036 annos
3163 981 3372 1053 agitur,
3395 982 3717 1055 aliquando

2092 1084 2256 1124 error
2279 1066 2647 1140 gravissimus
2675 1067 2907 1136 exstitit,
2921 1067 3067 1123 alliis
3094 1068 3502 1126 inchoantibus
3519 1073 3656 1144 post
3683 1087 3720 1126 v

2093 1155 2335 1212 Kalend.
2361 1155 2716 1222 Decembris,
2745 1155 2870 1220 aliis
2891 1158 3048 1224 ante,
3081 1173 3214 1213 cum
3249 1175 3552 1232 nunquam
3583 1160 3719 1233 plus

2095 1248 2344 1316 quatuor
2365 1243 2782 1312 hebdomadas,
2804 1244 3010 1299 saltem
3040 1261 3220 1300 unam
3237 1245 3393 1302 diem
3416 1247 3720 1303 Adventus

2089 1333 2332 1400 habeat;
2367 1348 2612 1404 cumque
2639 1332 2710 1387 de
2737 1333 3071 1404 hujusmodi
3123 1333 3451 1390 diversitate
3479 1335 3719 1392 soleant

2093 1421 2494 1476 contentiones
2523 1421 2584 1475 in
2613 1419 2858 1475 Ecclesia
2877 1436 3153 1490 crescere,
3182 1423 3424 1478 concilio
3439 1423 3724 1479 determi-

2091 1509 2354 1564 nandum
2384 1511 2490 1577 est,
2517 1511 2580 1562 ut
2605 1524 2806 1563 omnes
2831 1507 2926 1580 qui
2958 1507 3017 1562 in
3051 1525 3120 1564 ea
3143 1509 3382 1564 vivimus
3406 1527 3594 1566 unum
3625 1528 3718 1567 sa-

2093 1597 2339 1670 piamus,
2395 1597 2551 1669 quod
2576 1599 2764 1651 vestra
2804 1595 3086 1652 industria
3133 1598 3433 1669 concedat,
3467 1599 3568 1672 qui
3607 1616 3720 1656 nos

2091 1685 2400 1741 unanimes
2427 1686 2548 1740 vult
2572 1684 2786 1740 habere
2815 1684 2874 1740 in
2898 1684 3072 1740 domo
3095 1703 3217 1743 sua.

1353 2036 1944 2153 SANCTI
2001 2036 2549 2150 ABBON
2566 2035 2716 2148 IS

1632 2207 2130 2266 FLORIACENSIS
2173 2207 2464 2266 ABBATIS

803 2342 2000 2510 COLLECTIO
2150 2343 3269 2508 CANONUM.

1317 2563 1522 2634 (Apud.
1553 2560 1762 2618 Mabill.
1793 2559 2072 2630 Analect.,
2104 2578 2236 2619 nov.
2268 2561 2431 2631 edit.,
2467 2577 2602 2635 pag.
2637 2563 2783 2634 133.)

1735 2809 2304 2901 MONITUM.

459 3087 606 3156 Abo,
661 3105 752 3144 seu
799 3086 978 3155 Abbo,
1033 3084 1408 3159 Floriacensis_
1433 3085 1614 3159 abbas,
1665 3086 1840 3159 hujus
1876 3104 2142 3142 canonum
2191 3086 2506 3159 collectionis
2537 3089 2748 3154 auctor,
2781 3087 2955 3159 qualis
2983 3091 3316 3159 quantusque
3344 3083 3540 3156 fuerit,
3571 3082 3719 3140 docet

392 3162 706 3227 Aimoinus,
739 3161 856 3230 ejus
878 3159 1198 3230 monachus,
1258 3159 1314 3212 in
1345 3157 1478 3212 libro
1503 3157 1568 3212 de
1596 3157 1756 3229 ipsius
1793 3158 1921 3214 Vita
1954 3175 1968 3212 :
2007 3176 2110 3230 quo
2137 3161 2193 3214 in
2225 3157 2355 3212 libro
2394 3159 2715 3230 ejusinecem
2743 3157 2889 3230 anno
2921 3157 3062 3212 £004
3098 3157 3377 3230 contigisse
3429 3161 3716 3212 memorat.

402 3233 598 3287 Varias
624 3227 832 3286 Abonis
865 3229 1250 3285 lucubrationes
1276 3236 1505 3285 recenset
1547 3231 1590 3282 is
1606 3227 1830 3301 auctor,
1857 3227 2040 3300 nempe
2067 3229 2150 3284 De
2177 3227 2438 3301 compote,
2493 3229 2658 3301 deque
2683 3228 2858 3301 solis,_
2869 3228 3008 3284 lunae
3035 3245 3098 3283 ac
3117 3227 3466 3301 planetarum
3502 3243 3673 3282 cursu
3697 3243 3714 3280 :

397 3303 794 3358 Collectaneum
846 3301 1162 3372 defensionis
1204 3308 1389 3355 contra
1445 3302 1742 3372 episcopum
1787 3298 2195 3372 Aurelianens.,
2249 3298 2654 3372 Apologeticum
2702 3299 2772 3354 ad
2797 3299 3086 3372 Hugonem
3117 3298 3518 3372 et‘Itotbertum
3549 3314 3712 3372 reges,

397 3376 669 3428 metricam
691 3369 965 3444 epistolam
985 3373 1056 3426 ad
1087 3372 1331 3427 Ottonem
1353 3369 1746 3444 imperatorem,
1779 3371 2012 3444 libellum
2040 3388 2196 3443 super
2215 3369 2477 3444 calculum
2510 3371 2753 3444 Victorii,
2777 3371 2946 3444 alium
2976 3373 3102 3425 item
3135 3369 3370 3425 libellum
3387 3369 3718 3444 decapituiis

400 3439 809 3516 euangelicis—ad
851 3443 1128 3498 Odz'lonem
1167 3439 1878 3510 abbatem—Cluniacensem;
1923 3443 1995 3497 ad
2035 3439 2146 3498 haec
2175 3443 2468 3567 complures
2496 3441 2761 3513 epistolas.
2795 3439 2997 3508 Quibus
3055 3441 3488 3496 commemoratis
3534 3439 3718 3494 subdit

400 3517 690 3567 Aimoinus
718 3518 774 3567 in
803 3532 918 3567 can.
954 3518 1045 3567 l3:
1082 3514 1343 3567 Existunt
1371 3517 1429 3567 et
1459 3514 1570 3567 alia
1601 3514 1674 3567 ad
1704 3513 1846 3567 alios
1875 3513 2045 3567 huius
2069 3513 2251 3567 sancti
2325 3515 2464 3567 atris
2487 3513 2720 3567 scriota.
2741 3529 2870 3567 ause
2899 3528 2973 3567 ne
3001 3511 3201 3567 lectori
3224 3511 3525 3566 fastidium
3543 3527 3716 3567 Rene-

2234 3531 2251 3566 ι

400 3513 690 3572 Aimoinus
718 3518 774 3570 in
803 3532 918 3586 cap.
954 3518 1045 3570 l3:
1082 3514 1343 3568 Existunt
1371 3517 1429 3568 et
1459 3514 1570 3586 alia
1601 3514 1674 3586 ad
1704 3513 1846 3586 alio_s
1875 3513 2045 3586 hujus
2069 3529 2204 3586 sane

2325 3515 2464 3585 atris
2487 3511 2720 3585 scripta,
2741 3529 2872 3585 qua}
2899 3528 2973 3585 ne
3001 3511 3201 3568 lectori
3224 3511 3525 3566 fastidium
3543 3527 3716 3585 gene-

403 3591 554 3654 rent,
587 3603 740 3642 nunc
769 3581 1002 3658 interim
1029 3589 1301 3658 tegantur
1328 3601 1434 3656 per
1453 3583 1864 3658 silentium.qIn
1893 3581 1974 3658 [iis
2005 3585 2258 3658 omnibus
2269 3583 2486 3658 nullam
2513 3581 2796 3658 superioris
2826 3581 3164 3658 Collectionis
3189 3585 3511 3658 mentionem
3537 3581 3712 3658 facit;

407 3653 574 3728 neque
601 3661 767 3713 etiam
795 3653 1117 3728 Sigebertus'
1133 3653 1422 3728 monaclius
1447 3655 1510 3708 de
1540 3656 1724 3728 Abone
1767 3656 1846 3708 ita
1885 3654 2098 3728 loquens
2128 3657 2184 3709 in
2204 3654 2309 3728 lib.
2339 3653 2424 3709 De
2448 3653 2788 3728 scriptoribus
2819 3655 3197 3728 ecclesiasticis,
3229 3671 3351 3728 cap,
3387 3657 3522 3728 i393
3553 3653 3713 3708 Abbo

411 3678 471 3712 ne
512 3678 574 3713 ue
601 3678 767 3713 etiam
795 3678 1104 3728 ozgeaertus
1133 3678 1420 3711 monacnus
1447 3678 1510 3708 ac
1540 3678 1724 3710 Λυυηε
1767 3678 1846 3708 ιιω
1885 3678 2098 3726 wquens
2128 3678 2184 3709 ιη
2218 3678 2309 3710 ιιυ.
2339 3678 2424 3709 ,υε
2448 3678 2788 3726 ,ςενῑριοηυυδ
2819 3678 3197 3721 εεσιεειιιεησιδ,
3229 3678 3350 3725 cap,
3387 3678 3522 3708 πονε
3553 3678 3713 3708 Λυυυ

411 3678 591 3786 ιὼῖηιε
619 3729 992 3804 Floriaccnsis
1030 3733 1312 3800 quantum
1342 3725 1693 3804 vallueritjin
1737 3728 1979 3804 utraque
2017 3725 2276 3804 scientia,
2308 3722 2579 3804 ostendit,
2621 3743 2752 3804 cum
2783 3743 2956 3804 super
2981 3727 3262 3804 cal_cul_u_t_n
3295 3724 3529 3804 [ἰαίνει-ἰῇ
3559 3739 3718 3804 com;

405 3804 706 3856 mentatus
737 3804 841 3854 est.
872 3792 1084 3855 Praeter
1118 3815 1384 3852 canonum
1410 3793 1781 3850 Collectionem
1805 3792 2026 3851 omisere
2051 3799 2213 3850 etiam
2251 3797 2408 3851 ambo
2443 3799 2534 3850 isti
2559 3792 2796 3852 auctores
2821 3792 3012 3850 librum
3033 3796 3116 3851 De
3152 3796 3280 3850 Vita
3299 3796 3363 3852 S.
3398 3792 3714 3851 Eadmundi

418 3872 720 3942 Anglorum
743 3875 899 3940 regis,
927 3871 1078 3940 cujus
1111 3876 1288 3942 tamen
1304 3867 1461 3942 libri,
1497 3869 1582 3919 uti
1603 3873 1652 3920 et
1665 3865 1948 3942 praedictae
1970 3867 2308 3942 collegtionis,
2329 3875 2607 3942 parentem
2629 3869 2800 3942 esseA
2813 3867 3410 3942 bonemqindubiumfst.

481 3936 639 3997 [liber
669 3936 1152 4010 Canonum,'quem
1174 3957 1238 3992 ex
1259 3939 1566 4010 bibliotheca
1603 3936 1892 4005 collegiate
1918 3938 2062 4010 apud
2089 3936 2394 3992 Lemovicas
2421 3938 2482 3994 S.
2515 3939 2796 3993 Martialis
2825 3940 3049 3994 ecclesia,
3077 3944 3254 3993 noster
3282 3939 3472 4010 Petrus
3508 3936 3717 3991 Treliu:

411 4016 565 4080 eruit,
599 4014 738 4066 mihi
764 4015 904 4066 visus
927 4007 1022 4064 est_
1033 4011 1144 4062 luce
1168 4009 1315 4063 haud
1342 4007 1609 4076 indignus,
1662 4015 1776 4080 tum
1799 4010 1923 4080 quia
1946 4007 2025 4064 ad
2053 4010 2404 4064 restituendas
2431 4016 2665 4064 veterum
2693 4025 2964 4066 canonum
3003 4011 3246 4066 lectiones
3285 4017 3336 4063 et
3364 4009 3591 4064 lacunas
3615 4023 3714 4080 non

400 4077 601 4155 parum
633 4083 922 4136 conducere
939 4087 1131 4155 potest,
1167 4081 1430 4155 tumqquia
1441 4096 1556 4155 quo
1587 4081 1642 4155 in
1665 4077 2126 4155 stalu'Francisca
2184 4081 2561 4155 respublican
2586 4087 2816 4152 tempore
2845 4087 2992 4149 esset,
3025 4099 3088 4155 cf
3121 4083 3204 4155 his
3246 4080 3544 4155 canonibus
3565 4077 3718 4152 facile

411 4149 638 4219 elicitur,
671 4169 818 4223 quos.
841 4149 1109 4224 medendis
1141 4153 1292 4221 regni
1308 4149 1556 4224 ’malisiac
1588 4151 1900 4224 infortuniis
1929 4152 2137 4222 collegit
2175 4149 2320 4220 A60,
2352 4157 2403 4224 et
2432 4149 2808 4224 Hugoniregi
2837 4158 2995 4224 atque
3015 4152 3287 4224 iRotberto
3319 4151 3443 4224 ejus
3461 4149 3578 4224 ﬁlio
3607 4165 3717 4206 cum

401 4232 563 4297 patre
592 4221 838 4297 regnanti
867 4223 1055 4297 obtulit
1081 4230 1206 4297 ante
1234 4238 1436 4297 annum
1468 4223 1608 4297 997_,_
1626 4223 1724 4292 qui
1753 4221 2005 4292 Hugonis
2027 4221 2298 4297 supremus
2334 4223 2463 4293 fuit.
2495 4221 2718 4297 Accedit
2742 4221 3148 4297 quod—nullase
3171 4221 3492 4295 suposititiis
3523 4223 3714 4297 ῌοηια-

413 4291 603 4350 norum
624 4294 938 4364 pontiﬁcum
963 4295 1194 4364 epistolis
1229 4294 1472 4348 collector
1499 4291 1756 4362 adducat,
1789 4291 2000 4348 tainetsi
2019 4291 2117 4364 per
2156 4295 2213 4350 id
2243 4291 2346 4348 tem
2385 4311 2444 4348 us
2468 4295 2732 4366 ejusmodi
2745 4291 3054 4350 subdititia:
3086 4291 3280 4352 littera
3309 4311 3447 4350 caeca
3476 4294 3718 4365 religione

413 4366 839 4419 admitterentur.
864 4363 1000 4419 Haec
1025 4380 1286 4419 canonum
1309 4364 1538 4418 collectio
1553 4365 1691 4418 inter
1720 4363 2056 4419 Canitularia
2085 4383 2269 4419 reaum
2295 4311 2638 4419 Ἐξαηεοναθη
2667 4383 2774 4419 non
2805 4367 3067 4419 immerito
3097 4383 3294 4419 censeri
3323 4371 3494 4419 potest
3529 4393 3544 4419 .-
3575 4363 3717 4419 cuius

397 4363 839 4422 admitterentur.
864 4363 1000 4422 Haec
1025 4380 1286 4420 canonum
1309 4364 1538 4436 collectio
1553 4365 1698 4436 inter,
1720 4363 2056 4435 Capitularia
2085 4383 2269 4436 regum

2351 4363 2638 4422 'rancbrwn
2667 4383 2774 4421 non
2805 4367 3067 4422 immerito
3097 4383 3294 4422 censeri
3317 4371 3494 4437 potest
3525 4393 3544 4433 ,-
3575 4363 3717 4434 cujus

414 4438 706 4506 inscriptio,
737 4453 898 4507 quam
926 4453 989 4490 es:
1016 4437 1349 4492 membraneo
1378 4435 1552 4490 codice
1573 4435 1798 4502 ﬁdeliter
1825 4436 2058 4504 exhibui,
2081 4435 2273 4492 rectius
2294 4437 2616 4492 instituenda
2635 4437 2844 4492 videtur
2866 4437 2962 4491 hoc
2987 4438 3171 4494 modo:
3198 4435 3512 4494 Ικειίηυκτ
3541 4449 3716 4490 cmo-

413 4524 524 4565 nas
560 4513 777 4564 Aeoms
815 4524 1054 4564 ABBATIS
1084 4525 1161 4564 an
1200 4509 1490 4564 Hunorum
1528 4523 1603 4562 ET
1624 4507 1994 4564 Roraaaruu
2038 4524 2169 4564 ειυς
2208 4523 2412 4564 manu
2447 4508 2814 4565 Famcoauu
2853 4521 3064 4564 REGES.
