3882 6222
420 415 524 472 475

1454 412 1513 469 S.
1561 409 1856 490 ABBONIS
1908 409 2203 467 ABBATIS
2247 412 2738 470 FLORIACENSIS
3634 421 3741 478 4⁸76

422 539 508 598 XI.
564 537 648 593 De
704 538 906 594 clericis
949 536 1124 591 electis
1173 534 1237 591 ab
1292 533 1694 604 aediﬁcatoribus
1775 529 2019 589 ecclesia—
2057 539 2112 598 Α
2141 550 2254 605 quo
2287 535 2422 590 dicit
2448 538 2617 590 Petro
2646 553 2658 590 :
2694 536 2779 590 Tu
2803 553 2852 589 es
2881 536 3096 604 Petrus,
3120 545 3170 592 et
3193 556 3349 609 super
3367 540 3506 595 hanc
3524 548 3746 612 petram

529 643 669 682 rum.

427 717 534 770 XII.
596 717 678 768 De
748 716 1080 771 ordinatione
1131 715 1214 769 vel
1273 713 1646 784 degradatione
1692 712 2023 784 presbytero-

534 804 596 839 ru
603 806 652 840 )ll
659 826 674 841 ο

427 877 561 931 XIII.
591 877 699 934 De,
721 892 777 930 eo
807 875 946 947 quod
972 876 1164 948 absque
1183 878 1412 947 pecunia
1444 875 1669 946 episcopi
1691 874 1908 929 debeant
1944 888 2026 926 or-

534 963 732 1019 dinari.

426 1054 555 1108 XIV.
588 1053 668 1107 De
695 1053 940 1108 electione
966 1053 1190 1108 abbatis.

426 1143 532 1199 XV.
565 1142 646 1196 De
675 1143 1008 1197 ordinatione
1033 1142 1251 1209 abbatis,
1286 1148 1335 1195 et
1383 1141 1446 1195 de
1470 1156 1675 1195 accessu
1703 1136 1930 1211 episcopi
1957 1134 2028 1189 ad

532 1234 929 1285 monasterium.

427 1321 558 1376 XVI.
577 1320 658 1374 De
679 1321 885 1386 abbate,
911 1318 1049 1392 quod
1076 1318 1315 1374 sacerdos
1340 1335 1444 1373 esse
1471 1318 1674 1373 debeat.

429 1410 584 1465 XVII.
617 1409 698 1462 De
730 1415 974 1463 accusato
1006 1409 1196 1462 abbate
1223 1407 1352 1479 quid
1384 1407 1650 1478 agendum
1677 1407 1766 1459 sit.

431 1498 609 1580 XVIII.
642 1497 725 1580 De
753 1498 1021 1580 monachis
1044 1505 1094 1552 et
1123 1496 1638 1564 sanctimonialibus,
1671 1499 1729 1550 ut
1772 1493 2030 1565 regulari-

539 1577 616 1623 ter
644 1577 847 1624 vivant.

401 1656 411 1666 ’
441 1660 569 1714 XIX.
603 1659 686 1713 De
716 1660 905 1714 abbate
934 1660 1005 1713 ad
1022 1675 1195 1729 regem
1214 1659 1536 1729 pertinente.

433 1749 534 1802 XX.
569 1750 652 1804 De
681 1755 876 1804 rectore
903 1747 1250 1802 Floriacensi.

433 1837 562 1891 XXI.
588 1837 670 1890 De
694 1836 982 1890 sacerdotio
1011 1835 1280 1888 monachi.

433 1925 584 1979 XXII.
616 1925 699 1978 De
723 1926 993 1979 monachis
1022 1943 1125 1978 non
1149 1922 1479 1976 servantibus
1497 1923 1847 1991 propositum.

432 2014 610 2075 XXIII.
644 2012 724 2070 De
756 2014 954 2068 clericis
975 2014 1073 2084 qui
1101 2011 1349 2066 monachi
1374 2011 1492 2079 ﬁeri
1517 2010 1719 2076 volunt,
1747 2016 1797 2063 et
1817 2007 2032 2062 deinso-

558 2102 719 2157 lentia
750 2105 1105 2173 episcoporum
1141 2103 1195 2155 in
1224 2101 1524 2155 monachos.

433 2189 605 2245 XXIV.
634 2191 717 2245 De
747 2192 947 2246 clericis
983 2193 1078 2262 qui
1119 2197 1337 2262 pr0pter
1365 2191 1680 2262 _‘vanitatem
1727 2187 2035 2257 efﬁciuntur

537 2281 801 2336 monachi.

437 2367 584 2422 XXV.
612 2367 695 2422 De
712 2369 1123 2440 possessionibus
1152 2366 1397 2434 ecclesiae,
1426 2367 1482 2418 in
1507 2363 1692 2436 quibus
1711 2363 1894 2418 clerici
1915 2361 2035 2416 (2di-

539 2456 723 2522 ﬁcant.

435 2544 608 2598 XXVI.
668 2544 750 2598 De
807 2544 1201 2599 sanctimoniali
1237 2544 1320 2598 vel
1367 2543 1622 2599 monacho
1687 2542 1745 2596 in
1792 2541 1882 2612 jus
1942 2557 2033 2594 υο-

536 2639 678 2686 cato.

434 2719 630 2785 XXVII,
659 2719 744 2775 De
771 2721 856 2776 his
883 2739 1002 2793 qua:
1021 2722 1320 2792 o/feruntur
1338 2719 1579 2777 ecclesiae.

435 2809 654 2865 XXVIII.
701 2811 786 2866 De
854 2811 1103 2881 episcOpis
1155 2809 1489 2864 invasoribus
1524 2809 1879 2880 praetermissa
1943 2823 2032 2876 sy-

541 2897 698 2952 nodo.

436 2986 613 3044 XXIX.
643 2988 727 3042 De
757 2989 1036 3042 tricennali
1048 2989 1463 3059 praescriptione.

433 3073 586 3128 XXX.
619 3075 700 3129 De
727 3076 845 3130 dote
868 3077 1223 3132 ecclesiarum.

438 3160 619 3219 XXXI.
644 3164 727 3220 De
751 3167 1004 3236 episcopo,
1038 3167 1168 3238 quid
1197 3165 1386 3222 habere
1414 3164 1594 3220 debeat
1624 3165 1688 3219 de
1729 3165 1960 3220 ecclesia.

438 3249 644 3310 XXXII.
676 3254 759 3309 De
789 3256 938 3310 rebus
964 3257 1186 3311 ecclesia:
1215 3263 1264 3311 et
1289 3256 1353 3311 de
1370 3257 1645 3327 proximis
1680 3254 2033 3325 fundatorum

543 3362 676 3415 ejus.

436 3432 662 3489 XXXIII.
691 3433 773 3489 De
791 3435 1094 3504 provisione
1113 3435 1366 3506 su/fragii
1387 3434 1762 3504 episcOporum.

437 3521 659 3593 XXXIV.
687 3522 772 3578 De
801 3523 1092 3595 indigentia
1131 3540 1315 3580 eorum
1344 3524 1438 3595 qui
1459 3539 1539 3578 res
1582 3539 1705 3577 suas
1735 3518 2040 3576 obtulerunt

542 3613 784 3668 ecclesia.

435 3699 638 3756 XXXV.
670 3701 752 3756 De
781 3704 1008 3757 avaritia
1033 3701 1382 3757 sacerdotum.

436 3789 664 3846 XXXVI.
695 3790 778 3846 De
808 3793 1004 3862 injuste
1041 3790 1532 3847 excommunicatis.

443 3876 694 3935 XXXVII.
716 3880 798 3935 De
822 3881 1045 3935 ecclesiis
1065 3887 1113 3934 et
1136 3897 1321 3934 earum
1342 3876 1708 3949 presbyteriis.

440 3984 714 4041 XXXVIII.
745 3985 832 4041 De
869 4004 926 4041 eo
960 3985 1098 4058 quod
1118 3987 1384 4058 episcopus
1410 3983 1623 4038 tertiam
1643 3985 1855 4052 partem
1881 3978 2039 4036 eccle-

546 4079 637 4130 sia:
655 4082 831 4146 potest
854 4075 981 4128 dare
998 4077 1088 4128 cui
1105 4073 1358 4129 voluerit.

436 4162 666 4220 XXXIX.
698 4163 780 4216 De
807 4164 1086 4218 sanctitate
1114 4164 1236 4217 vita
1253 4162 1583 4217 clericorum.

437 4251 548 4309 XL.
579 4253 661 4306 De
687 4250 818 4324 ﬁliis
845 4251 1194 4320 sacerdotum,
1223 4251 1308 4306 vel
1331 4252 1720 4307 ministrorum.

439 4343 572 4408 XLI,
604 4341 687 4394 De
716 4341 866 4395 rebus
885 4341 1109 4397 ecclesiae
1137 4340 1515 4414 dispensandis.

440 4437 599 4513 XLII.
639 4438 713 4495 Ut
742 4439 920 4495 nullus
945 4440 1214 4513 episcopus
1236 4441 1340 4496 sibi
1362 4439 1909 4511 cligatsuccessorem.

438 4525 621 4586 XLIII.
648 4527 732 4583 De
759 4527 1124 4586 Eucharistia.

433 4615 619 4672 XLIV.
653 4614 735 4672 De
763 4619 1152 4676 accusatoribus
1175 4620 1524 4676 sacerdotum.

442 4704 599 4778 XLV.
640 4705 724 4761 De
751 4709 1003 4780 episcopis
1025 4709 1080 4762 in
1099 4708 1376 4780 judicium
1402 4711 1689 4767 testimonii
1732 4727 1894 4778 causa
1923 4727 2042 4766 evo-

548 4797 702 4854 catis.
1195 4820 1203 4826 ·

443 4885 620 4943 XLVI.
653 4887 738 4944 De
773 4886 855 4942 his
878 4888 976 4960 qui
989 4892 1174 4942 contra
1195 4889 1491 4960 episcopum
1520 4887 1712 4943 habent
1735 4904 1969 4944 causam.

431 4975 638 5032 XLVII.
669 4977 753 5034 De
773 4978 1035 5033 aCCusatis
1063 4979 1332 5049 episcopis.

438 5066 664 5124 XLVIII.
696 5065 780 5122 De
811 5069 1118 5127 testimoniis
1145 5067 1470 5131 clericorum.

441 5154 622 5223 XLIX.
647 5155 730 5211 De
747 5157 1311 5228 frequentisacrzﬁcio.

435 5244 502 5299 -L.
521 5244 604 5300 De
631 5245 1004 5300 militantibus.

446 5333 534 5392 LI.
565 5333 650 5388 De
666 5334 936 5406 stipendiis
966 5335 1222 5396 militum.

437 5421 555 5492 LII.
590 5421 674 5476 De
698 5423 1050 5479 militantibus
1081 5425 1297 5480 clericis.

514 5511 558 5564 Ι.
593 5541 657 5551 -
685 5510 768 5564 De
795 5512 992 5574 honore
1012 5513 1357 5572 ecclesiarum
1396 5516 1445 5568 et
1474 5509 1934 5568 monasteriorum.

515 5598 767 5656 Ecclesia
795 5617 925 5675 qua
956 5602 1042 5656 est
1065 5601 1360 5674 templum
1386 5598 1489 5655 Dei
1517 5598 1645 5667 vivi,
1679 5614 1792 5671 quo
1823 5598 2045 5654 honore

439 5686 712 5750 habenda
741 5689 836 5768 sit,
867 5691 1112 5762 testatur
1157 5689 1280 5764 ipse
1330 5687 1615 5762 Dominus
1643 5687 1704 5761 in
1737 5687 2045 5768 Evangelia

2127 623 2395 692 aediﬁcabo
2423 624 2715 679 Ecclesiam
2748 641 2919 678 meam
2943 624 3160 696 (Matth.
3190 641 3307 694 XVI,
3333 628 3441 699 18).
3469 628 3615 692 Quia
3637 629 3745 700 igi-

2126 715 2218 766 tur
2250 713 2371 783 ipsa
2403 717 2486 767 est
2517 714 2856 781 oratorium,
2891 715 2961 769 de
2988 732 3100 787 quo
3135 717 3336 771 beatus
3360 718 3529 772 Pater
3560 720 3748 772 Bene-

2131 800 2312 854 dictus
2344 801 2480 855 dicit
2516 802 2591 870 (S.
2625 805 2947 857 BENEDICT.
2975 803 3110 876 Reg.
3145 821 3271 875 cap,
3306 806 3397 875 52)
3430 826 3442 860 :
3473 826 3503 858 «
3537 807 3745 861 Orato-

2130 889 2281 943 rium
2315 890 2423 944 hoc
2452 891 2523 944 sit
2549 892 2702 962 quod
2732 890 2957 958 dicitur,
2991 909 3094 946 nec
3124 893 3201 946 ibi
3233 893 3552 965 quidquam
3585 894 3748 949 aliud

2133 982 2337 1048 agatur
2363 983 2459 1033 aut
2491 981 2786 1034 condatur.
2823 1002 2848 1029 ››
2904 980 3327 1050 providendum
3377 986 3461 1036 est
3505 1000 3600 1050 ne,
3652 982 3747 1037 cui

2135 1065 2388 1120 Christus
2438 1067 2885 1121 fundamentum
2944 1072 3048 1134 est,
3085 1067 3142 1122 in
3195 1086 3328 1123 usus
3376 1070 3747 1124 saecularium

2130 1155 2513 1209 transferatur
2543 1158 2781 1226 propter
2808 1156 3041 1228 rapinas
3073 1173 3308 1211 suarum
3339 1175 3558 1224 rerum,
3607 1158 3750 1229 quia

2131 1243 2986 1314 perbibenturChristianiintus
3017 1246 3105 1299 vel
3125 1245 3266 1299 foris
3280 1244 3623 1301 violentiam
3654 1247 3748 1300 in-

2133 1346 2338 1400 gerere
2361 1333 2518 1386 atriis
2551 1334 2756 1387 domus
2788 1333 2909 1388 Dei.
2959 1333 3122 1388 Unde
3159 1334 3512 1388 Theodosius
3545 1338 3605 1389 et
3635 1335 3747 1389 Va-

2132 1417 2484 1474 lentinianus
2512 1421 2772 1494 Augusti,
2801 1421 2948 1476 libro
2967 1437 3122 1476 nono
3150 1423 3369 1494 legum,
3393 1423 3744 1493 capitulo3-i,

2130 1505 2436 1576 Antiocho,
2478 1510 2786 1580 praeposito
2811 1507 2969 1581 (Cod.
3014 1508 3235 1577 Theod.,
3270 1510 3368 1564 lib.
3400 1511 3574 1577 1x,tit.
3611 1511 3744 1580 45):

2133 1612 2165 1644 <<
2194 1595 2457 1662 Pateant,
2491 1597 2780 1668 inquiunt,
2808 1596 3024 1650 summi
3057 1597 3158 1651 Dei
3204 1599 3425 1668 templa
3478 1599 3746 1654 timenti-

2133 1681 2372 1749 bus,nec
2391 1686 2511 1738 sola
2539 1685 2740 1738 altaria
2761 1689 2819 1739 et
2844 1686 3163 1740 oratorium
3180 1687 3382 1759 templi
3405 1687 3748 1758 circumjec-

2135 1773 2558 1842 tum,quu:[al.,
2589 1772 2703 1843 qui]
2739 1773 3001 1828 ecclesias
3027 1773 3447 1844 quadripartito
3471 1774 3751 1829 intrinse-

2055 1853 2105 1911 B
2136 1877 2231 1914 cus
2248 1861 2535 1929 parietum
2561 1864 2724 1933 septu
2750 1861 3057 1928 concludit,
3083 1862 3156 1915 ad
3188 1861 3496 1917 tuitionem
3543 1863 3748 1918 confu-

2135 1948 2419 2018 gientium
2467 1950 2754 2003 sancimus
2806 1966 2925 2004 esse
2965 1949 3283 2021 proposita,
3314 1950 3412 2005 sed
3445 1967 3628 2024 usque
3676 1951 3749 2004 ad

2135 2040 2422 2091 extremas
2455 2038 2606 2092 fores
2638 2036 2911 2102 ecclesia},
2942 2055 3082 2108 quas
3109 2041 3340 2092 oratum
3368 2039 3626 2110 gestiens
3644 2055 3750 2110 po-

2138 2126 2302 2198 pulus
2338 2126 2553 2198 primas
2579 2126 2922 2198 ingreditur,
2955 2126 3424 2198 confugientibus
3451 2143 3621 2182 aram
3654 2145 3748 2191 sa-

2134 2215 2266 2268 lutis
2314 2231 2434 2269 esse
2476 2214 2859 2287 praecipimus;
2901 2218 2958 2269 et
3015 2215 3241 2271 aditum
3274 2215 3494 2291 pariter
3521 2214 3749 2287 templi,

2136 2319 2308 2374 quem
2333 2303 2620 2376 parietum
2650 2303 3054 2376 descripsimus
3103 2303 3312 2360 cinctu.
3350 2304 3419 2358 Et
3461 2308 3598 2376 post
3627 2305 3753 2358 loca

2137 2391 2382 2461 publica,
2408 2392 2616 2464 januas
2644 2391 2860 2464 primas
2891 2391 3142 2447 ecclesiae
3159 2391 3442 2464 quidquid
3471 2391 3651 2446 fuerit
3671 2391 3755 2446 in-

2139 2479 2442 2550 terjacens,
2463 2480 2576 2535 sive
2608 2481 2665 2534 in
2694 2480 2928 2550 cellulis,
2953 2480 3064 2534 sive
3098 2479 3154 2534 in
3185 2479 3474 2547 domibus,
3509 2480 3752 2534 hortulis

2139 2572 2195 2622 et
2226 2570 2466 2637 balneis,
2487 2570 2634 2624 areis
2657 2573 2828 2641 atque
2852 2569 3183 2643 porticibus,
3210 2571 3489 2642 confugas
3520 2569 3754 2624 interio-

2141 2657 2218 2712 ris
2247 2659 2448 2730 templi
2479 2659 2597 2713 vice
2623 2661 2870 2713 tueatur.
2899 2661 3011 2715 Nec
3042 2659 3100 2713 in
3134 2658 3494 2714 extrahendo
3542 2675 3642 2713 eos
3659 2675 3752 2712 co-

2140 2750 2310 2801 netur
2331 2748 2634 2820 quisquam
2663 2748 2964 2820 sacrilegas
2981 2765 3187 2802 manus
3209 2747 3751 2820 immittere,neque

2141 2835 2255 2906 (al.,
2278 2853 2350 2890 ne
2368 2836 2464 2907 qui
2496 2837 2629 2908 hoc)
2651 2855 2819 2891 ausus
2850 2837 2942 2903 sit,
2969 2854 3102 2891 cum
3135 2836 3448 2890 discrimen
3481 2853 3654 2889 suum
3678 2835 3753 2888 vi-

2138 2923 2291 2990 deat,
2330 2925 2402 2978 ad
2429 2925 2869 2996 expendendam
2904 2941 3079 2996 opem
3125 2925 3231 2996 ipsi
3264 2941 3498 2997 quoque
3552 2924 3748 2978 confu-

2138 3012 2318 3083 giant.
2337 3014 2490 3068 Hanc
2522 3017 2716 3067 autem
2741 3013 2908 3084 spatii
2928 3013 3295 3067 latitudinem
3319 3012 3452 3066 ideo
3479 3012 3748 3082 Indulge-

2073 3124 2121 3184 α
2142 3118 2288 3168 mus,
2326 3119 2396 3156 ne
2430 3102 2487 3156 in
2519 3101 2641 3172 ipso
2669 3101 2769 3157 Dei
2799 3103 3016 3174 templo
3044 3106 3102 3155 et
3130 3099 3512 3156 sacrosanctis
3559 3099 3748 3155 altari-

2141 3191 2246 3245 bus
2291 3191 2747 3263 confugientium
2783 3207 3136 3263 quemquam
3172 3207 3346 3245 mane
3392 3190 3483 3243 vel
3515 3205 3748 3261 vespere

2141 3279 2352 3334 cubare
2382 3281 2467 3334 vel
2499 3283 2841 3352 pernoctare
2871 3279 3061 3346 liceat,
3081 3277 3212 3351 ipsis
3232 3279 3347 3333 hoc
3377 3278 3603 3333 clericis
3630 3277 3751 3332 reli-

2139 3365 2328 3439 gionis
2354 3385 2524 3423 causa
2549 3367 2893 3425 vetantibus.
2925 3391 2955 3420 ο

2211 3458 2722 3513 Iarumanno.
2755 3455 3016 3511 Ecclesia:
3037 3460 3171 3512 sunt
3199 3455 3326 3509 loca
3346 3455 3470 3510 Deo
3485 3453 3749 3521 dicata,et

2141 3543 2270 3601 ideo
2287 3561 2438 3614 reos,
2467 3545 2563 3618 qui
2587 3546 2802 3601 ibidem
2828 3544 3108 3616 compulsi
3139 3543 3351 3598 timore
3365 3543 3745 3615 confugerint,

2143 3634 2224 3689 ita
2251 3637 2524 3690 tueantur
2553 3637 2615 3690 ut
2640 3636 2828 3690 nullus
2859 3634 2996 3690 locis
3027 3633 3236 3688 sanctis
3264 3633 3338 3687 ad
3361 3633 3745 3705 direptionem

2142 3741 2340 3780 rerum
2364 3724 2477 3780 vim
2509 3727 2607 3780 aut
2631 3741 2837 3780 manus
2862 3723 3066 3778 afferre
3089 3725 3442 3794 praesumat;
3462 3723 3566 3778 sed
3595 3720 3746 3793 quid-

2143 3815 2282 3886 quid
2311 3814 2480 3885 spatii
2509 3817 2595 3869 vel
2622 3814 2680 3868 in
2707 3813 3044 3886 porticibus,
3072 3814 3158 3868 vel
3188 3813 3250 3867 in
3281 3811 3435 3867 areis
3466 3813 3542 3867 ad
3573 3812 3741 3866 eccle-

2143 3903 2287 3957 siam
2321 3903 2717 3974 adjacentibus
2743 3903 3015 3974 pertinet,
3049 3903 3205 3956 velut
3237 3900 3524 3958 interiora
3551 3897 3740 3970 templi

2143 3992 2312 4064 prisci
2319 3991 2507 4064 pimus
2527 3992 2820 4058 custodiri,
2842 3995 2904 4045 ut
2921 4008 3048 4046 reos
3074 3990 3299 4046 timoris
3312 3990 3618 4046 necessitas
3634 4003 3739 4042 non

2143 4080 2506 4151 constringat
2520 4081 2673 4136 circa
2693 4079 2894 4138 alteria
2915 4083 3240 4146 manere,et
3264 4080 3394 4134 loca
3406 4074 3741 4135 venerabilia

2143 4171 2497 4243 polluantur.
2523 4170 2672 4226 Sane
2706 4168 2751 4222 si
2774 4170 2871 4240 qui
2895 4169 2967 4223 ad
2989 4171 3187 4223 sancta
3216 4170 3345 4222 loca
3359 4165 3737 4239 confugerint,

2144 4259 2387 4325 arma,si
2419 4277 2532 4330 qua
2549 4275 2741 4314 secum
2763 4257 3141 4330 portaverint,
3160 4274 3292 4312 mox
3323 4256 3740 4330 deponant,nec

2070 4378 2122 4438 D
2144 4364 2201 4410 se
2220 4348 2508 4403 aestiment
2524 4348 2708 4419 magis
2735 4363 3031 4403 armorum
3047 4345 3315 4418 praesidio
3331 4363 3512 4418 quam
3531 4347 3738 4400 sancto-

2142 4453 2274 4492 rum
2306 4437 2567 4492 locorum
2597 4436 2970 4492 veneratione
3001 4433 3258 4490 defendi.
3293 4433 3464 4498 Quod
3499 4434 3543 4489 si
3575 4433 3733 4502 depo-

2139 4541 2283 4582 nere
2318 4542 2484 4580 arma
2515 4525 2826 4593 noluerint,
2862 4527 2919 4579 et
2950 4523 3232 4579 sacerdoti
3266 4523 3357 4577 vel
3389 4521 3609 4578 clericis
3635 4535 3736 4575 non

2146 4615 2518 4685 crediderint,
2551 4614 2733 4670 sciant
2766 4631 2824 4669 se
2873 4617 3236 4669 armatorum
3286 4612 3506 4668 viribus
3534 4614 3736 4686 pertra-

2141 4703 2389 4770 hendos.
2431 4703 2488 4759 Si
2517 4721 2652 4759 vero
2685 4703 2892 4776 aliquis
2933 4703 3236 4760 extrahere
3271 4703 3343 4758 de
3376 4697 3730 4769 locis'sanctis

2144 4793 2466 4865 quemlibet
2495 4810 2660 4851 reum
2693 4809 3035 4865 quacunque
3067 4792 3296 4847 ratione
3323 4789 3732 4856 tentaverit,ca-

2146 4881 2309 4953 pitali
2340 4881 2617 4954 supplicio
2651 4898 2771 4936 esse
2794 4880 3216 4936 damnandum.

2147 4992 2214 5066 II.
2253 5020 2327 5032 —
2373 4987 2456 5044 De
2529 4988 2892 5072 defensoribus
2943 4986 3285 5050 ecclesiarum
3355 4985 3444 5048 vel
3496 4989 3736 5046 monaste-

2831 5077 2975 5118 rioru
2982 5077 3033 5118 m
3041 5100 3054 5113 .

2214 5149 2559 5206 Defensores
2571 5148 2940 5205 ecclesiarum
2961 5147 3057 5220 qui
3074 5147 3346 5202 dicuntur
3357 5144 3739 5212 hodie,contra

2147 5239 2549 5295 auctoritatem
2567 5241 2758 5312 legum
2773 5241 3130 5292 etcanonum
3144 5235 3250 5291 sibi
3269 5236 3591 5300 defendunt
3601 5228 3737 5308 quod

2149 5329 2340 5384 fuerat
2362 5327 2503 5399 juris
2534 5326 2927 5394 ecclesiarum,
2961 5326 3153 5397 sicque
3180 5324 3520 5380 violentiam
3542 5316 3737 5380 clericis

2152 5424 2210 5474 et
2239 5417 2538 5484 monachis
2568 5415 2908 5488 ingerendo,
2930 5431 3020 5470 res
3044 5413 3416 5482 ecclesiarum
3440 5429 3537 5482 seu
3560 5421 3740 5467 mona-

2148 5505 2463 5564 steriorum
2497 5504 2914 5560 usufructuario
2935 5502 3232 5573 diripiunt,
3267 5503 3504 5558 colones
3528 5501 3582 5554 in
3610 5511 3736 5568 pau-

2149 5598 2439 5670 pertatem
2469 5595 2761 5668 redigunt,
2788 5592 3177 5668 possessiones
3231 5590 3599 5670 ecclesiarum
3630 5599 3736 5640 non

2149 5687 2388 5760 augent,
2422 5685 2522 5744 sed
2550 5685 2853 5752 minuunt,
2905 5684 2964 5743 et
2992 5697 3244 5758 quorum
3264 5680 3606 5750 defensores
3628 5688 3738 5751 esse
