3882 6222
220 397 327 454 477

1524 390 1906 450 COLLECTIO
1951 390 2088 448 CAN
2093 390 2185 449 ON
2189 390 2284 448 ΠΜ

3447 393 3553 450 478

223 515 575 580 debuerant,
607 528 709 568 eos
739 516 991 570 vastant.
1018 514 1187 569 Patet
1214 531 1414 569 rerum
1443 513 1609 585 copia
1637 510 1855 568 cunctis
1878 521 1932 580 Α
1956 511 2127 566 certis
2154 509 2311 566 boris
2340 509 2696 566 orationibus
2725 507 3005 576 insistere,
3037 511 3174 564 ante
3212 510 3383 567 horas
3412 527 3551 568 cou-

222 601 494 659 hostibus
525 600 770 674 praedae,
806 617 912 656 uec
943 604 1154 673 parant
1182 603 1385 657 saltem
1417 604 1503 657 vel
1538 600 1724 656 verbis
1754 601 1855 656 ob-

223 692 408 758 viant,
440 693 509 744 ut
535 689 838 758 resistant,
873 690 971 762 qui
1001 708 1059 746 se
1088 695 1294 762 putant
1322 707 1439 746 non
1457 691 1585 763 jam
1614 690 1853 745 advoca-

225 782 339 845 tos,
372 777 478 832 sed
525 777 825 845 dominos,
879 777 1017 832 dum
1059 781 1188 850 post
1234 780 1561 834 abscessum
1600 778 1849 832 hostium

225 869 591 922 consumunt
636 865 921 937 quidquid
962 866 1136 921 fuerit
1175 868 1489 934 residuum,
1521 868 1687 938 juxta
1714 866 1853 921 illud

219 954 641 1028 propheticum
671 970 684 1008 :
714 953 1010 1008 Residuum
1051 973 1221 1010 eruca:
1269 956 1489 1010 comedit
1543 955 1759 1021 locusta,
1803 961 1852 1008 et

223 1043 503 1099 residuum
533 1042 751 1096 locustae
766 1043 990 1097 comedit
1006 1044 1247 1111 bruchus,
1268 1044 1541 1114 etc.(J0el.
1570 1061 1606 1106 ι,
1630 1044 1707 1115 4).
1739 1044 1847 1098 De-

223 1133 401 1204 nique
434 1130 656 1186 idcirco
686 1130 949 1186 videmus
981 1134 1243 1187 ecclesias
1274 1134 1609 1199 destructas,
1644 1149 1847 1187 mona-

222 1218 1171 1291 steriaqueedamdiruta,quaedam
1192 1221 1265 1276 ad
1281 1238 1572 1276 summam
1592 1220 1849 1292 inopiam

219 1310 625 1381 redacta,quaa
642 1308 932 1363 bonorum
946 1308 1203 1365 virorum
1217 1311 1584 1382 eleemosyna
1595 1310 1850 1381 aliquau-

221 1399 295 1455 do
321 1398 662 1453 ﬂoruerunt
692 1397 752 1452 in
785 1413 998 1468 magna
1031 1398 1234 1469 gloria,
1258 1398 1395 1470 quia
1417 1398 1583 1454 multi
1614 1416 1672 1453 se
1699 1398 1848 1453 ultro

221 1487 542 1542 offerentes
572 1486 676 1541 sub
722 1484 1114 1541 advocationis
1147 1487 1411 1554 obtentu,
1443 1486 1513 1542 de
1540 1486 1848 1560 possessio-

217 1577 410 1642 nibus,
458 1575 533 1630 de
587 1573 931 1640 redditibus,
985 1574 1056 1629 de
1102 1575 1487 1631 oblationibus
1534 1576 1849 1631 maximam

215 1664 559 1738 portionem
590 1661 989 1734 intercipiunt,
1022 1680 1197 1735 quam
1237 1663 1609 1718 ecclesiastici
1643 1680 1848 1735 capere

219 1752 574 1808 debuerant.
607 1751 770 1805 Unde
798 1754 864 1805 ut
892 1752 1019 1806 talis
1050 1752 1422 1823 praesumptio
1471 1756 1736 1817 cessaret,
1768 1752 1849 1807 ita

1957 615 2129 670 gruas
2166 615 2284 654 non
2336 600 2567 670 gustare
2609 598 2821 653 cibum.
2862 596 2958 652 Vae
2994 599 3137 652 enim
3179 604 3350 666 teme,
3402 601 3555 671 cujus

1955 706 2047 742 rex
2067 695 2139 742 est
2154 705 2310 759 puer,
2343 695 2392 743 et
2421 690 2574 758 cujus
2590 689 2855 759 principes
2881 704 3037 742 mane
3055 687 3333 741 comedunt
3351 687 3551 762 (Eccle.

1954 776 2148 847 x,16).
2178 777 2307 830 Haec
2346 776 2510 847 regni
2556 778 2999 847 prosperitatem
3048 775 3106 830 in
3157 778 3427 847 praesenti
3474 778 3556 833 fa-

1955 864 2131 932 ciunt,
2166 867 2223 919 et
2251 880 2450 936 regem
2482 864 2555 920 ad
2583 864 2832 920 ccelestia
2868 880 3049 935 regna
3078 864 3320 920 meliora
3348 866 3556 937 perdu-

1952 957 2107 1008 cunt.
2143 975 2171 1002 »

2374 1043 2461 1097 1V.
2492 1073 2562 1084 —
2586 1043 2669 1098 De
2715 1042 2968 1115 ﬁdelitate
3004 1044 3158 1113 regis,

2021 1130 2163 1185 Cum
2196 1130 2346 1201 regis
2375 1130 2760 1187 ministerium
2790 1132 2862 1186 sit
2897 1132 3070 1187 totius
3115 1130 3281 1203 regni
3326 1130 3553 1203 penitus

1950 1218 2186 1289 negotia
2215 1219 2517 1288 discutere,
2550 1238 2624 1276 ne
2654 1221 2791 1293 quid
2821 1221 2878 1275 in
2906 1221 2988 1275 eis
3030 1223 3208 1275 lateat
3232 1219 3545 1291 injustitiae,

1949 1309 2244 1379 quomodo
2280 1309 2353 1364 ad
2379 1312 2540 1364 tanta
2568 1309 2782 1382 poterit
2799 1310 3124 1377 subsistere,
3144 1309 3254 1364 nisi
3285 1326 3547 1365 annuen-

1951 1396 2103 1451 tibus
2122 1397 2405 1469 episcopis
2440 1400 2497 1453 et
2516 1400 2865 1470 primoribus
2891 1399 3101 1471 regni?
3127 1399 3195 1453 Et
3235 1414 3365 1453 cum
3395 1400 3549 1472 Apo-

1951 1485 2127 1540 stolus
2149 1485 2331 1541 dicat:
2350 1486 2526 1543 Deum
2552 1490 2744 1555 timete,
2773 1503 2944 1557 regem
2958 1488 3298 1557 honoriﬁcate
3323 1486 3376 1560 (1
3396 1487 3545 1542 Petr.

1950 1588 2012 1640 ιι,
2038 1574 2146 1645 17),
2170 1591 2283 1645 qua
2301 1577 2524 1631 ratione
2547 1576 2632 1630 sui
2668 1576 2969 1631 ministerii
2998 1577 3145 1630 vices
3179 1574 3465 1631 exercebit
3491 1575 3551 1630 iu

1950 1663 2380 1717 contumacium
2413 1664 2677 1734 perﬁdia,
2700 1664 2744 1718 si
2774 1665 2825 1718 ei
2850 1664 3131 1734 primores
3153 1663 3318 1737 regni
3344 1663 3551 1719 auxilio

1952 1751 2010 1802 et
2038 1750 2279 1805 concilio
2312 1768 2429 1805 nou
2460 1752 2768 1807 exhibeant
2797 1752 3058 1807 debitum
3088 1753 3373 1807 honorem
3423 1768 3554 1806 cum

218 1843 458 1895 cautum
491 1843 583 1894 est
608 1838 667 1893 in
700 1838 941 1894 concilio
970 1840 1265 1907 Africano,
1290 1857 1413 1910 cap.
1445 1843 1532 1895 64.
1570 1861 1601 1893 ‹‹
1632 1841 1848 1895 Placuit
1875 1835 1927 1893 B
1950 1837 2110 1891 omni
2128 1838 2609 1911 reverentia‘npse
2631 1840 2787 1893 enim
2810 1842 2961 1893 solus
2984 1857 3100 1894 non
3120 1840 3327 1894 sufﬁcit
3346 1839 3421 1894 ad
3438 1856 3561 1894 om-

217 1930 398 1984 etiam
425 1930 491 1982 ut
520 1930 727 1999 petant
757 1944 824 1981 ex
856 1928 1092 1982 nomine
1122 1928 1550 2000 provinciarum
1583 1929 1846 1984 omnium

216 2016 394 2088 legati
424 2015 774 2087 perrecturi,
804 2015 1136 2070 Vincentius
1167 2020 1223 2070 et
1253 2017 1640 2083 Fortunatius,
1666 2034 1700 2071 a
1726 2017 1847 2089 glo-

214 2104 553 2160 riosissimis
583 2103 1057 2176 imperatoribus,
1090 2107 1152 2158 ut
1184 2105 1323 2159 dent
1369 2104 1704 2161 facultatem
1737 2105 1837 2160 de-

215 2192 480 2249 fensores
511 2191 906 2247 constituendi
933 2192 1320 2261 scholasticos,
1346 2193 1443 2265 qui
1474 2194 1535 2249 in
1562 2197 1693 2249 actu
1711 2196 1847 2248 sunt

219 2283 307 2336 vel
338 2281 399 2336 in
428 2296 680 2335 munere
725 2280 1075 2335 defensionis
1111 2296 1437 2349 causarum,
1470 2285 1533 2337 ut
1564 2299 1728 2337 more
1758 2299 1845 2337 sa-

219 2370 529 2425 cerdotum
555 2367 869 2441 provinciae
907 2367 967 2422 id
1006 2367 1134 2440 ipsi,
1167 2368 1264 2441 qui
1297 2369 1697 2425 defensionem
1748 2387 1840 2426 ec-

219 2458 528 2513 clesiarum
564 2456 944 2529 susceperint,
975 2456 1231 2512 habeant
1249 2458 1584 2513 facultatem
1612 2476 1717 2531 pro
1737 2476 1839 2515 ne-

218 2546 389 2618 gotiis
421 2545 823 2613 ecclesiarum,
852 2544 1076 2617 quoties
1114 2546 1423 2601 necessitas
1472 2548 1837 2619 ﬂagitaverit,

217 2634 307 2689 vel
337 2634 413 2689 ad
445 2633 847 2690 obsistendum
878 2634 1305 2707 obrepentibus,
1328 2637 1415 2691 vel
1429 2636 1501 2691 ad
1521 2637 1841 2694 necessaria

222 2721 601 2795 suggerenda
631 2721 859 2793 ingredi
884 2722 1143 2792 iudicum
1175 2725 1499 2779 secretaria.
1533 2745 1561 2775 ››

615 2811 707 2864 111.
740 2841 810 2849 -
838 2809 921 2865 De
959 2812 1249 2866 ministerio
1290 2814 1445 2882 regis.

288 2898 469 2964 Quale
488 2897 882 2953 ministerium
919 2899 1071 2970 regis
1086 2898 1179 2966 sit,
1203 2902 1260 2954 et
1282 2900 1400 2971 ipse
1427 2900 1511 2955 sui
1531 2899 1702 2955 ofﬁcii
1733 2918 1838 2957 no-

214 2987 375 3043 mine
388 2987 612 3059 prodit,
634 2990 691 3042 et
702 2988 880 3043 totius
893 2988 1059 3059 regni
1078 2992 1344 3060 suscepta
1359 3006 1493 3045 cura
1512 2990 1836 3053 innotescit;

1949 1924 2046 1979 nia
2070 1925 2237 1996 regni
2266 1926 2445 1980 utilia.
2471 1926 2683 1981 Idcirco
2717 1927 3002 1998 partitoin
3021 1928 3147 1981 aliis
3178 1944 3374 1995 onere,
3407 1943 3549 1998 quos

1947 2012 2153 2083 dignos
2183 2014 2365 2067 credit
2393 2015 2636 2080 honore,
2670 2015 3046 2069 honorandus
3075 2017 3161 2068 est
3189 2017 3247 2067 et
3274 2015 3394 2085 ipse
3434 2015 3549 2069 sin-

1945 2116 2078 2157 cera
2098 2102 2504 2170 devotione,ne
2522 2103 2646 2174 quis
2667 2102 2718 2156 ei
2739 2103 3100 2157 contradicat
3117 2103 3549 2174 quomodocuu-

1946 2206 2079 2262 que,
2112 2189 2248 2261 quia
2275 2192 2371 2263 qui
2384 2193 2641 2262 potestati
2668 2193 2880 2259 resistit,
2910 2190 3017 2244 Dei
3061 2191 3394 2245 ordinatiom‘
3419 2191 3546 2245 resi-

1940 2280 2035 2333 stit
2055 2279 2230 2350 (Rom.
2264 2296 2384 2347 xm,
2414 2280 2523 2352 12).
2553 2279 2849 2352 Siquidem
2874 2284 2937 2335 ut
2968 2279 3173 2335 melius
3203 2282 3288 2333 est
3316 2295 3434 2334 non
3454 2296 3549 2335 vo-

1945 2383 2075 2422 vere
2101 2384 2276 2440 quam
2307 2373 2437 2440 post
2468 2374 2663 2425 votum
2690 2387 2809 2424 non
2838 2369 3103 2435 reddere,
3122 2368 3203 2423 ita
3229 2367 3436 2423 melius
3460 2371 3546 2422 est

1942 2456 2208 2511 electioni
2228 2456 2504 2529 principis
2523 2474 2643 2513 non
2673 2458 3028 2513 subscribere
3056 2474 3231 2529 quam
3252 2459 3382 2528 post
3408 2455 3543 2511 sub-

1943 2543 2315 2617 scriptionem
2341 2547 2589 2600 electum
2621 2550 2999 2601 contemnere
3033 2547 3115 2600 vel
3164 2545 3540 2618 proscribere,

1941 2634 2481 2706 quandoquidemiu
2505 2637 2684 2691 altero
2710 2636 2990 2692 libertatis
3008 2650 3173 2690 amor
3193 2630 3543 2699 laudatur,in

1940 2722 2123 2777 altero
2148 2723 2364 2777 servilis
2375 2724 2737 2779 contumacia
2748 2725 2931 2795 probo
2946 2724 3272 2778 datur.'l‘res
3288 2736 3541 2792 namque

1940 2810 2249 2866 electiones
2264 2813 2564 2883 generales
2584 2812 2865 2875 novimus,
2890 2829 3134 2884 quarum
3156 2828 3271 2866 una
3286 2813 3371 2865 est
3389 2807 3542 2880 regis

1938 2898 2025 2951 vel
2054 2898 2437 2970 imperatoris,
2468 2901 2648 2954 altera
2678 2900 2980 2970 pontiﬁcis,
3012 2899 3182 2954 tertia
3212 2896 3452 2953 abbatis.
3472 2896 3541 2950 Et

1939 2985 2190 3055 primam
2223 2988 2458 3059 quidem
2491 2988 2626 3042 facit
2666 2988 2977 3044 concordia
3006 2988 3178 3043 totius
3219 2986 3417 3058 regni;
3450 3001 3538 3039 se-

213 3092 319 3131 nec
347 3075 544 3147 magis
575 3077 694 3131 ulla
738 3076 1027 3131 sententia
1074 3076 1334 3131 animum
1378 3078 1531 3147 regis
1579 3079 1650 3133 ad
1688 3080 1836 3134 bene
1866 3085 1912 3147 ί]
1937 3075 2189 3130 cundam
2218 3093 2352 3131 vero
2384 3077 2737 3132 unauimitas
2762 3078 2971 3133 civium
3000 3081 3057 3132 et
3084 3077 3221 3132 cleri
3250 3093 3264 3144 ;
3303 3073 3537 3130 tertiam

216 3165 513 3236 agendum
536 3163 785 3236 subrigit
796 3181 971 3237 quam
997 3164 1354 3220 diversorum
1372 3166 1704 3238 principum
1726 3169 1835 3222 cle‘

210 3253 434 3308 ruentia
450 3251 758 3325 proposita
776 3253 880 3308 sub
905 3253 1203 3325 exemplis,
1237 3254 1371 3327 quia
1401 3257 1459 3308 et
1473 3254 1832 3311 Constantini

212 3339 590 3412 imperatoris
618 3342 1002 3397 mansuetudo
1031 3343 1300 3397 laudatur
1317 3343 1467 3398 inter
1494 3343 1832 3399 dissidentes

212 3428 538 3501 episcopos,
568 3432 629 3483 et
648 3429 917 3484 Marciani
942 3445 1091 3501 pura
1116 3430 1257 3485 ﬁdes
1279 3430 1429 3486 inter
1445 3432 1744 3486 haereticos
1774 3436 1833 3488 et

210 3517 714 3573 orthodoxos.Sed
730 3518 801 3572 de
822 3518 1072 3573 externis
1090 3519 1828 3592 quidloquor,etloqueudo

205 3603 661 3673 immoror,cum
680 3605 754 3660 ad
776 3606 1267 3679 dispensationem
1290 3608 1619 3680 reipublicae
1650 3612 1708 3664 et
1726 3609 1832 3663 uti-

207 3693 432 3750 litatem
444 3693 826 3749 ecclesiarum
848 3697 1012 3749 tanta
1024 3694 1201 3749 fuerit
1216 3694 1400 3766 pietas
1431 3712 1496 3749 ac
1523 3695 1833 3766 prudentia

209 3781 485 3851 Caroli,et
499 3782 604 3837 ﬁlii
626 3783 750 3854 ejus
775 3782 1081 3838 Ludovici?
1118 3783 1283 3838 Certe
1301 3783 1531 3856 utrique
1552 3801 1656 3856 pro
1680 3788 1829 3841 tem-

205 3886 344 3942 pore
366 3889 434 3927 ac
460 3872 696 3927 ratione
714 3875 997 3927 noverant
1021 3889 1258 3943 parcere
1274 3872 1541 3944 subjectis
1555 3876 1612 3927 et
1632 3873 1827 3929 debel-

205 3958 322 4015 lare
352 3961 661 4033 superbos.
691 3960 856 4015 Unde
879 3977 945 4016 ex
971 3961 1151 4030 libris,
1188 3960 1286 4034 qui
1335 3978 1403 4015 ex
1438 3961 1694 4016 conciliis
1742 3963 1829 4017 sui

205 4048 490 4122 temporis
515 4049 706 4105 eﬁecti
731 4052 865 4104 sunt
877 4066 1008 4105 cum
1021 4050 1142 4121 subj
1153 4049 1380 4106 ectioue
1403 4050 1827 4123 episcoporum,

206 4138 608 4211 quautafacile
627 4142 714 4194 est
733 4137 1001 4211 reperiri,
1016 4155 1348 4210 expressum
1382 4139 1531 4194 libro
1558 4157 1619 4207 ιι,
1640 4155 1768 4211 cap.
1802 4144 1822 4196 l

208 4225 453 4292 (Concil.
479 4227 665 4282 Paris.
684 4231 782 4296 v1),
804 4230 934 4297 post
964 4227 1157 4300 aliqua
1189 4244 1201 4282 :
1238 4251 1265 4278 «
1296 4227 1520 4283 Iustitia
1548 4228 1701 4300 regis
1724 4232 1829 4305 est,

204 4316 515 4372 nominem
542 4315 757 4389 injuste
774 4333 880 4388 per
891 4317 1214 4389 potentiam
1235 4316 1591 4390 opprimere,
1611 4318 1732 4373 sine
1746 4334 1834 4373 ac-

206 4404 469 4475 ceptione
485 4421 871 4477 personarum
889 4405 1040 4460 inter
1052 4405 1100 4459 vi
1112 4421 1239 4460 rum
1254 4410 1311 4461 et
1322 4406 1652 4479 proximum
1666 4424 1832 4463 suum

210 4488 482 4562 judicare,
511 4494 753 4548 advenis
786 4497 845 4548 et
882 4494 1114 4567 pupillis
1164 4496 1222 4549 et
1246 4494 1431 4549 viduis
1461 4495 1829 4551 defensorem

214 4595 340 4651 esse,
374 4582 535 4638 furta
565 4582 864 4649 cohibere,
900 4583 1181 4638 adulteria
1211 4582 1442 4655 punire,
1465 4583 1827 4656 iniquosnon

214 4670 817 4743 exaltare,impudicos
831 4674 888 4725 et
903 4670 1215 4727 histriones
1228 4689 1346 4727 non
1365 4671 1585 4727 nutrire
1596 4671 1825 4745 ,impios

212 4757 270 4814 de
292 4764 451 4816 terra
468 4758 1063 4834 perdere,parricidas
1080 4762 1472 4835 etpejerantes
1491 4761 1679 4817 vivere
1700 4779 1819 4817 non

210 4845 403 4917 sinere,
435 4846 711 4905 ecclesias
756 4847 1079 4917 defensare,
1111 4866 1396 4922 pauperes
1442 4850 1820 4923 eleemosynis

214 4936 355 4992 alere
375 4955 390 5006 ;
407 4937 603 5009 justos
624 4952 803 5007 super
821 4935 988 5008 regni
1007 4938 1244 5009 negotia
1259 4937 1631 5007 constituere,
1656 4957 1820 4995 senes

208 5029 257 5081 et
267 5026 555 5100 sapientes
574 5028 639 5081 et
656 5022 882 5080 sobrios
895 5025 1253 5082 consiliarios
1266 5027 1817 5101 habere,magorum

207 5119 256 5170 et
289 5116 659 5172 hariolorum
702 5114 1287 5188 pythonissarumque
1318 5116 1820 5189 superstitionibus

202 5218 306 5262 non
318 5206 658 5271 intendere,
684 5201 1045 5260 iracundiam
1066 5205 1580 5277 diﬁ‘erre,patriam
1593 5207 1821 5263 fortiter

200 5295 403 5366 etjuste
416 5296 637 5350 contra
658 5290 1017 5348 adversarios
1039 5293 1373 5363 defendere;
1398 5312 1504 5366 per
1528 5297 1726 5351 omnia
1754 5296 1814 5351 in

194 5383 302 5443 Deo
330 5384 547 5453 vivere,
578 5379 1065 5456 prosperitatibus
1108 5399 1226 5438 non
1269 5385 1489 5439 elevare
1526 5384 1809 5453 animum,

1935 3163 2123 3218 sanius
2144 3166 2445 3220 consilium
2459 3166 2787 3221 omnobialis
2802 3165 3285 3238 congregationis.
3308 3165 3375 3218 Et
3394 3179 3537 3218 una-

1935 3267 2177 3324 quazque
2198 3270 2315 3308 non
2329 3270 2434 3325 pro
2455 3254 2742 3309 saecularis
2762 3254 3030 3309 amicitia:
3056 3253 3243 3327 gratia
3271 3253 3359 3308 vel
3402 3267 3535 3325 pre-

1931 3339 2141 3407 tio,sed
2154 3341 2227 3395 ad
2240 3358 2401 3396 suam
2425 3342 2851 3412 professionem
2876 3359 2981 3414 pro
3004 3342 3284 3413 sapientia
3301 3342 3387 3396 vel
3406 3340 3536 3395 vita:

1934 3427 2163 3482 merito.
2198 3430 2376 3483 Porro
2404 3429 2701 3483 ordinatus
2732 3448 2830 3485 rex
2859 3431 2930 3484 ab
2981 3430 3253 3485 omnibus
3296 3427 3538 3484 subditis

1930 3515 2109 3570 ﬁdem
2141 3515 2248 3571 sibi
2291 3521 2652 3571 sacramento
2680 3518 2875 3590 exigit,
2917 3536 2990 3573 ne
3028 3519 3088 3573 in
3122 3517 3407 3589 aliquibus
3443 3533 3534 3571 re-

1932 3603 2032 3675 gni
2058 3604 2143 3659 sui
2174 3605 2385 3661 ﬁnibus
2412 3606 2694 3660 discordia
2722 3605 2992 3679 generari
3029 3607 3225 3677 possit.
3260 3605 3401 3660 Hinc
3431 3605 3535 3660 ha-

1930 3693 2032 3748 bes
2057 3693 2331 3767 scriptum
2380 3695 2441 3749 in
2489 3694 2730 3749 concilio
2777 3696 3053 3750 Toletano
3094 3711 3147 3749 1v
3176 3709 3190 3748 :
3223 3695 3411 3747 «Post
3445 3692 3536 3747 in-

1930 3781 2128 3837 stituta
2147 3784 2411 3855 quaedam
2430 3782 2789 3838 ecclesiastici
2808 3782 3027 3838 ordinis
3044 3784 3128 3837 vel
3152 3782 3537 3853 decreta,qua3

1930 3870 2003 3925 ad
2024 3872 2413 3943 quorumdam
2436 3871 3422 3943 pertinentdisciplinam,postremo
3437 3885 3538 3924 uo-

1929 3960 2017 4015 bis
2053 3961 2270 4016 cunctis
2300 3961 2695 4017 sacerdotibus
2720 3960 3006 4017 sententia
3034 3965 3119 4016 est
3165 3977 3271 4032 pro
3322 3960 3533 4014 robore

1930 4053 2263 4104 nostrorum
2293 4068 2497 4121 regum
2530 4052 2587 4105 et
2613 4051 2921 4106 stabilitate
2971 4050 3159 4122 gentis
3203 4048 3532 4122 pontiﬁcale

1931 4138 2203 4193 ultimum
2233 4138 2337 4193 sibi
2362 4141 2480 4195 Deo
2499 4140 2692 4211 judice
2719 4140 2870 4195 ferre
2901 4138 3537 4195 decretum.Multarum

1934 4227 2144 4299 quippe
2162 4228 2443 4298 gentium,
2467 4232 2531 4282 ut
2570 4229 2727 4283 fama
2757 4233 2861 4295 est,
2884 4231 3049 4283 tanta
3084 4230 3270 4284 exstat
3292 4225 3537 4299 perﬁdia

1935 4315 2286 4383 animorum,
2317 4318 2378 4371 ut
2404 4317 2580 4371 ﬁdem
2608 4322 2970 4372 sacramento
3002 4317 3352 4389 promissam
3378 4313 3531 4387 regi-

1933 4404 2038 4459 bus
2069 4405 2181 4458 suis
2213 4420 2437 4460 servare
2468 4407 2870 4469 contemnant,
2901 4408 2959 4460 et
2979 4423 3078 4461 ore
3091 4406 3366 4461 simulent
3379 4405 3537 4477 jura-

1930 4493 2113 4547 menti
2142 4493 2737 4565 profcssionem,dum
2766 4494 3022 4549 retinent
3052 4498 3248 4550 mente
3279 4493 3536 4564 perﬁdiae

1929 4580 2310 4654 impietatem.
2342 4583 2545 4638 Jurant
2590 4583 2823 4655 regibus
2866 4583 3000 4651 suis,
3031 4587 3091 4639 et
3133 4584 3311 4640 ﬁdem
3359 4599 3537 4655 quam

1926 4671 2806 4746 polliccntur,przevaricant,nec
2827 4676 3097 4730 metuunt
3112 4676 3383 4731 volumen
3395 4671 3537 4727 illud

1916 4760 2119 4830 judicii
2144 4761 2265 4830 Dei,
2289 4778 2393 4834 per
2413 4762 2873 4835 quodinducitur
2898 4763 3536 4833 maledictiomultaque

1917 4865 2218 4921 pmnarum
2233 4851 2606 4906 comminatio
2619 4869 2790 4923 super
2801 4868 2899 4906 eos
2914 4852 3009 4922 qui
3011 4852 3033 4921 j
3044 4851 3282 4905 urantin
3298 4848 3538 4906 nomine

1920 4937 2153 4994 Domini
2174 4940 2553 4995 mendaciter.
2574 4940 2902 5011 Quzeigitur
2916 4956 3046 5010 spes
3071 4939 3279 4993 talibus
3307 4937 3535 5009 populis

1921 5032 2126 5084 contra
2141 5030 2334 5083 hostes
2353 5028 2751 5083 laborantibus
2766 5027 2876 5082 erit
2891 5027 2917 5081 ‘2
2933 5043 3061 5097 quae
3081 5026 3225 5080 ﬁdes
3238 5026 3387 5080 ultra
3400 5042 3534 5082 cum

1924 5118 2051 5173 aliis
2082 5117 2352 5188 gentibus
2381 5116 2441 5171 in
2472 5133 2614 5188 pace
2644 5115 2933 5170 credenda
2961 5115 2990 5169 ‘I
3027 5114 3182 5187 quod
3207 5113 3392 5170 foedus
3415 5131 3535 5171 non

1918 5206 2292 5261 violandum?
2312 5205 2518 5277 quaain
2546 5204 2801 5258 hostibus
2822 5204 3017 5273 jurata
3042 5202 3273 5275 sponsio
3303 5218 3537 5273 perma-

1919 5295 2104 5361 nebit,
2133 5293 2368 5365 quando
2400 5309 2506 5346 nec
2556 5290 2692 5363 ipsis
2720 5289 2967 5361 propriis
3011 5290 3245 5363 regibus
3276 5290 3535 5362 juratam

1914 5384 2093 5439 ﬁdem
2126 5379 2525 5435 conservant?
2551 5377 2679 5451 quis
2693 5378 2847 5432 enim
2877 5378 3021 5435 adeo
3034 5379 3281 5435 furiosus
3309 5383 3414 5449 est,
3437 5393 3535 5454 qui

197 5476 383 5530 cuncta
417 5473 677 5529 adversa
703 5467 996 5540 patienter
1037 5470 1215 5540 ferre,
1250 5471 1429 5527 ﬁdem
1468 5473 1809 5528 catholicam
1911 5470 2085 5539 caput
2109 5483 2276 5521 suum
2309 5482 2490 5521 manu
2532 5466 2770 5538 propria
2805 5467 3072 5524 desecet?
3097 5468 3203 5539 Illi,
3235 5472 3299 5525 ut
3329 5472 3534 5527 uotum

193 5568 244 5633 in
260 5563 443 5623 Deum
463 5560 721 5629 habere,
737 5555 881 5614 ﬁlios
904 5575 1036 5617 suos
1058 5576 1178 5617 non
1200 5559 1389 5617 sinere
1414 5560 1592 5636 impie
1611 5576 1806 5633 agere,
1911 5564 2017 5633 est,
2048 5559 2430 5627 immemores
2452 5556 2651 5627 salutis
2681 5575 2818 5633 suae,
2843 5559 3084 5636 prppria
3112 5578 3293 5633 manu
3316 5559 3535 5634 seipsos
