3882 6222
438 467 542 524 479
1469 471 1524 526 S.
1561 471 1810 527 ABONIS
1851 471 2139 529 ABBATlS
2187 463 2680 530 FLORIACENSIS
3614 476 3698 536 480

437 590 805 658 interimunt,
832 591 890 645 in
925 590 1260 664 semetipsos
1292 609 1533 664 suosque
1573 610 1738 664 reges
1779 596 2041 667 proprias
2062 599 2117 656 Α
2138 595 2399 650 Habeant
2428 600 2623 649 autem
2655 594 3112 660 immunitatem,
3145 596 3356 650 sortitis
3405 601 3699 656 muneribus

441 679 829 733 convertendo
857 678 1020 733 vires.
1051 682 1115 733 Et
1157 698 1288 734 cum
1339 681 1615 735 Dominus
1646 682 1830 737 dicat:
1859 683 2041 737 Nolite
2142 683 2607 738 extraordinariis
2629 685 2686 736 et
2716 683 3122 737 lucrativorum
3155 684 3546 755 descriptione.
3579 711 3602 736 n

435 771 652 836 tangere
697 768 919 822 christos
970 785 1110 824 meos
1167 769 1338 840 (Psal.
1384 787 1487 834 CIV,
1537 773 1660 840 l5);
1710 775 1766 824 et
1816 772 1990 825 David
2023 789 2035 826 :
2231 773 2314 824 Vl.
2346 802 2412 810 —
2439 773 2521 826 De
2542 773 2823 841 praceptis
2853 771 3115 839 regalibus
3151 771 3238 825 vel
3265 774 3621 843 imperialibus.

438 854 586 922 Quis,
619 855 825 928 inquit,
855 857 1092 912 extendet
1121 874 1338 911 manum
1363 876 1515 911 suam
1546 861 1600 912 in
1631 858 1902 914 Christum
1931 860 2042 913 Do-
2210 859 2762 914 Gloriosissimorum
2781 875 2984 930 regum
3001 860 3259 931 potentia
3272 860 3703 919 stabilelirmum-

435 945 589 1010 mini,
613 951 662 997 et
683 947 926 1000 innocens
945 948 1044 999 erit
1059 948 1135 1016 ?(l
1158 946 1292 1016 Reg,
1320 964 1466 1012 xxvr,
1503 947 1558 1018 9)
1585 946 1693 1000 illis
1719 964 1822 1001 nec
1858 949 2037 1002 vitare
2141 965 2250 1018 que
2283 965 2404 1002 esse
2432 947 2611 1002 voluit
2648 947 2929 1019 quidquid
2974 949 3147 1002 verbo
3189 949 3276 1003 vel
3324 965 3491 1019 opere
3535 953 3702 1020 praci-

434 1037 622 1088 metus
652 1038 737 1088 est
761 1035 1100 1106 perjurium,
1131 1053 1234 1090 nec
1269 1037 1500 1108 regibus
1530 1037 1645 1090 suis
1675 1037 1889 1092 inferre
1919 1037 2036 1092 exi-
2139 1035 2352 1107 piendo
2386 1035 2700 1101 constituit,
2737 1035 2989 1090 maxime
3021 1037 3176 1107 quod
3204 1037 3276 1090 ad
3308 1037 3596 1094 utilitatem
3622 1041 3703 1094 Ec-

431 1121 598 1176 tium.
643 1123 908 1178 Hostibus
935 1125 1146 1196 quippe
1173 1125 1315 1179 ﬁdes
1359 1124 1509 1196 pacti
1541 1127 1729 1193 datur,
1763 1143 1868 1180 nec
1915 1126 2034 1180 vio-
2139 1124 2322 1178 clesia:
2350 1141 2583 1178 suorum
2607 1140 2911 1195 procerum
2929 1124 3392 1195 suggestibnibus
3411 1130 3584 1181 ratum
3606 1145 3704 1183 esse

431 1210 605 1277 latur,
639 1211 694 1265 id
731 1215 835 1279 est,
880 1211 922 1265 si
962 1213 1111 1266 bello
1144 1213 1286 1267 fides
1313 1215 1483 1280 valet,
1517 1218 1734 1285 quanto
1768 1215 1952 1286 magis
1976 1215 2035 1268 in
2130 1211 2433 1282 judicavit.
2470 1211 2833 1282 Quapropter
2866 1211 3286 1284 quiprmceptis
3311 1214 3582 1285 regalibus
3598 1233 3706 1271 con-

431 1298 546 1353 suis
571 1301 852 1354 servanda
880 1299 1006 1355 est?
1050 1300 1426 1371 Sacrilegium
1469 1302 1678 1374 quippe
1711 1306 1814 1369 est,
1847 1303 1890 1356 si
1916 1302 2035 1356 vio-
2138 1300 2388 1366 tradicit,
2423 1317 2479 1353 se
2512 1317 2710 1370 regem
2744 1317 2859 1354 non
2892 1300 3132 1370 diligere
3164 1319 3271 1356 nec
3314 1302 3511 1358 timere
3552 1309 3708 1360 osten-

431 1388 579 1440 letur
628 1404 662 1441 a
692 1388 960 1459 gentibus
1011 1406 1217 1460 regum
1271 1407 1506 1444 suorum
1552 1391 1832 1461 promissa
1874 1390 2034 1456 fides,
2141 1387 2243 1455 dit,
2277 1388 2597 1458 prtesertim
2627 1404 2755 1441 cum
2788 1388 3110 1458 priscorum
3136 1389 3392 1445 virorum
3415 1391 3707 1448 fulcituras-

431 1477 566 1548 quia
597 1494 713 1531 non
745 1478 929 1530 solum
964 1477 1020 1531 in
1044 1477 1124 1531 eis
1147 1479 1209 1530 ﬁt
1237 1478 1385 1549 pacti
1425 1479 1823 1548 transgressio,
1852 1479 1951 1532 sed
1983 1482 2038 1532 et
2139 1476 2412 1543 sertione,
2433 1493 2605 1546 quam
2634 1477 3023 1531 authenticam
3056 1495 3174 1533 non
3201 1478 3428 1551 ignorat
3457 1483 3704 1538 esse.Nam

431 1565 489 1618 in
513 1563 695 1618 Deum
727 1565 993 1637 quidem,
1022 1565 1080 1620 in
1112 1567 1272 1637 cujus
1319 1567 1557 1622 nomine
1590 1568 1890 1639 pollicetur
1917 1567 2038 1638 ipsa
2142 1565 2421 1619 Dominus
2453 1565 2590 1618 dicit
2620 1582 2636 1617 :
2663 1565 2724 1619 St
2773 1568 2888 1636 quis
2937 1566 3120 1636 diligit
3159 1585 3263 1633 me,
3313 1587 3558 1623 sermones
3595 1589 3706 1624 meos

431 1653 758 1725 promissio.
795 1675 822 1702 ››
2143 1653 2366 1706 servabit
2394 1652 2708 1720 (Joan.x1v,
2739 1654 2849 1724 22).
2887 1653 2992 1717 Qui
3025 1671 3166 1727 ergo
3210 1673 3412 1727 regem
3453 1657 3582 1725 odit,
3611 1659 3707 1712 odit

928 1745 990 1798 v_
1023 1776 1094 1784 _
1117 1744 1198 1799 De
1225 1745 1537 1817 privilegiis,
2138 1744 2493 1812 praeceptum
2513 1741 2681 1808 illius;
2701 1757 3000 1796 sermones
3019 1743 3195 1797 etiam
3220 1743 3706 1815 irreprehensibiles

504 1832 778 1886 Romanae
817 1836 873 1886 et
903 1834 1228 1904 apostolicze
1260 1834 1408 1888 sedis
1456 1833 1764 1887 auctoritas
1814 1832 2033 1888 Christo
2138 1828 2566 1898 reprehendere
2616 1829 2842 1900 quaerit.
2878 1829 2990 1884 Sed
3030 1831 3186 1886 unde
3216 1832 3327 1886 hoc
3356 1832 3598 1904 contigit,
3621 1834 3706 1888 nisi

430 1920 677 1974 Domino
704 1921 1052 1992 propitiante
1074 1923 1321 1993 refulget
1341 1939 1444 1994 per
1461 1922 1839 1977 universalem
1861 1922 2035 1976 totius
2057 1920 2106 1978 B
2137 1933 2204 1970 ex
2235 1915 2415 1970 nimia
2441 1917 2885 1972 mansuetudine
2911 1918 3101 1989 regis?
3129 1919 3340 1974 Omnia
3375 1922 3524 1976 enim
3553 1922 3702 1977 nimia

431 2007 585 2061 orbis
615 2008 942 2062 Ecclesiam.
977 2009 1090 2063 Nec
1138 2009 1375 2077 mirum,
1408 2026 1539 2064 cum
1580 2010 1838 2080 ejusdem
1889 2010 2036 2064 sedis
2138 2009 2369 2085 nocent.
2397 2008 2708 2075 Propterea
2730 2007 3276 2078 deniquejubemur
3295 2008 3502 2072 habere
3517 2010 3700 2083 Simpli-

429 2097 729 2166 pontiﬁces
745 2098 1458 2170 beatiPetri,quiprinceps
1476 2102 1559 2153 est
1575 2099 2032 2165 totiusEcclesite,
2139 2093 2372 2175 Citatem
2405 2095 2800 2148 columbinam
2833 2111 2897 2149 ac
2928 2097 3324 2167 serpentinam
3345 2099 3613 2166 astutiam,
3646 2117 3701 2153 ne

425 2183 733 2239 videantur
753 2185 899 2240 vices
915 2187 1535 2258 gerere.AChristianis
1549 2205 1776 2259 quoque
1792 2188 2039 2258 impera-
2139 2181 2212 2236 ad
2239 2185 2545 2259 utramque
2573 2187 2799 2254 partem
2829 2184 2901 2238 sit
2933 2185 3336 2240 vehementior
3363 2187 3592 2254 animus,
3627 2187 3704 2258 qui

427 2273 646 2328 toribus
664 2274 812 2328 hanc
837 2275 1105 2329 eamdem
1128 2276 1503 2330 obtinuerunt
1524 2275 1934 2347 singularitatis
1948 2293 2039 2330 ex-
2139 2270 2320 2325 nescit
2344 2287 2570 2325 servare
2601 2272 2839 2326 modum
2864 2273 2990 2344 plus
3007 2291 3174 2346 aequo
3203 2275 3418 2330 anxius.
3452 2275 3703 2347 Siquidem

427 2362 756 2416 cellentiam
786 2365 848 2417 ut
874 2364 1130 2418 fundatis
1158 2364 1575 2434 episcopalibus
1604 2363 2039 2431 ecclesiis,viro-
2141 2375 2259 2413 non
2293 2358 2362 2413 de
2395 2359 2680 2430 imperiali
2709 2364 3021 2432 praecepto,
3070 2363 3172 2417 sed
3219 2364 3289 2418 de
3327 2363 3574 2418 indiculis
3608 2364 3703 2435 epi-

423 2465 554 2504 rum
575 2467 675 2506 seu
700 2450 1227 2505 sanctimonialium
1242 2452 1626 2516 monasteriis,
1649 2454 1836 2522 legem
1857 2468 2035 2523 quam
2137 2447 2415 2501 stolarum
2441 2464 2672 2501 suarum
2692 2448 2799 2501 hoc
2834 2449 3067 2504 Carolus
3093 2451 3393 2522 proposuit
3415 2451 3638 2506 edictum
3658 2451 3701 2505 in

425 2539 604 2592 semel
637 2537 741 2591 sub
771 2539 1387 2594 excommunicationis
1426 2541 1796 2594 anathemate
1846 2541 2033 2610 impo-
2134 2534 2281 2589 libro
2306 2552 2358 2588 ιν
2388 2536 2622 2606 capilul.
2667 2553 2924 2591 suorum.
2956 2561 2983 2586 «
3020 2538 3077 2593 Si
3110 2541 3240 2610 quis
3268 2541 3481 2595 litteras
3517 2543 3703 2596 nostras

425 2626 690 2693 suissent,
724 2642 1045 2697 nunquam,
1071 2627 1180 2681 nisi
1207 2629 1514 2683 necessitas
1543 2628 2036 2699 impediret,dein-
2136 2623 2484 2694 despexerit,
2518 2623 2575 2677 id
2604 2628 2687 2678 est
2727 2625 3146 2694 tractatoriam,
3189 2645 3317 2699 quin
3347 2631 3570 2699 propter
3593 2626 3700 2682 mis-

425 2729 558 2786 ceps
587 2715 919 2785 perderent.
955 2715 1118 2770 Unde
1151 2715 1231 2770 ita
1260 2717 1438 2771 habes
1469 2717 1744 2787 scriptum
1787 2715 1845 2770 in
1894 2732 2031 2771 con-
2132 2727 2222 2766 sos
2253 2711 2614 2781 recipiendos
2659 2711 3062 2783 dirigitur,aut
3088 2715 3341 2770 honores
3369 2733 3506 2788 quos
3538 2715 3698 2780 habet,

424 2801 553 2856 cilio
583 2803 834 2871 Nicmno,
868 2819 990 2873 cap.
1022 2805 1074 2856 6.
1108 2822 1138 2855 ε
1169 2805 1422 2876 Antiqua
1452 2805 1809 2860 consuetudo
1841 2821 2029 2859 serve-
2133 2797 2400 2866 amittat;
2435 2804 2534 2854 aut
2555 2799 2613 2854 in
2645 2802 2770 2855 loco
2803 2801 2860 2855 in
2889 2819 3002 2873 quo
3026 2803 3333 2873 praedictos
3354 2804 3544 2858 missos
3564 2801 3700 2857 susci-

423 2891 519 2944 tur
539 2906 644 2960 per
672 2890 1006 2962 Egyptum,
1036 2891 1271 2962 Lybiam
1318 2895 1376 2946 et
1429 2892 1812 2964 Pentapolim,
1865 2893 1945 2947 ita
1970 2896 2033 2947 ut
2132 2903 2269 2958 pere
2296 2887 2514 2954 debuit,
2539 2889 2740 2942 tandiu
2771 2890 3019 2945 resideat
3049 2894 3106 2945 et
3131 2891 3203 2947 de
3235 2893 3347 2948 suis
3387 2893 3547 2947 rebus
3576 2894 3702 2963 lega-

421 2977 841 3033 Alexandrinus
893 2979 1190 3050 episcopus
1246 2980 1455 3034 horum
1505 2981 1768 3036 omnium
1819 2981 2032 3036 habeat
2132 2975 2319 3030 tiones
2350 2975 2480 3030 illuc
2513 2975 2809 3030 venientes
2839 2978 3127 3050 suscipiat,
3185 2997 3301 3052 quo
3342 2999 3509 3053 usque
3537 2980 3697 3035 animo

420 3069 788 3140 potestatem,
839 3067 973 3139 quia
1022 3072 1078 3121 et
1107 3068 1261 3122 urbis
1310 3070 1507 3124 Romae
1539 3069 1804 3140 episcopo
1837 3070 2030 3142 parilis
2133 3066 2328 3117 nostro
2360 3063 2711 3119 satisfactum
2737 3065 2949 3120 habeat
2981 3083 2994 3120 :
3031 3067 3126 3139 qui
3155 3085 3291 3124 vero
3322 3070 3600 3141 epistolam
3623 3084 3700 3122 no-

422 3171 550 3209 mos
578 3158 682 3210 est.
712 3155 990 3211 Similiter
1012 3160 1206 3211 autem
1229 3160 1286 3211 et
1309 3159 1837 3230 apudAntiochiam
1859 3163 2030 3214 caete-
2058 3210 2100 3230 η
2131 3154 2311 3205 stram
2343 3168 2686 3224 quocunque
2719 3151 3093 3225 m0d0,jussu
3122 3161 3320 3213 nostro
3361 3157 3430 3212 ad
3461 3156 3698 3229 palatium

422 3260 629 3315 rasque
644 3245 1394 3317 provinciassuisprivilegia
1411 3250 1708 3300 serventur
1722 3248 2026 3302 ecclesiis.»
2055 3210 2102 3269 ϐ
2132 3239 2324 3294 veniat
2357 3249 2413 3294 et
2444 3241 2515 3294 ad
2541 3243 2898 3296 voluntatem
2927 3249 3187 3300 nostram
3239 3263 3546 3319 congruam
3587 3244 3696 3298 stul-

498 3335 660 3400 Ilem,
707 3334 1016 3388 Gngccmus
1045 3335 1242 3389 101mm
1280 3335 1547 3407 episcopo
1580 3337 1764 3408 (ΟΜ-ες,
1797 3336 1896 3391 lib,
1930 3353 2026 3403 vn,
2129 3327 2271 3382 titiae
2304 3345 2419 3382 sua:
2450 3329 2887 3400 castigationem
2921 3333 3183 3403 accipiat.
3212 3336 3280 3388 Et
3307 3335 3350 3389 si
3379 3337 3541 3390 homo
3562 3333 3694 3396 liber,

427 3436 519 3492 ep.
551 3424 640 3488 33,
665 3422 786 3476 ind.
820 3427 888 3490 ί).
2131 3415 2188 3471 id
2212 3420 2296 3471 est
2328 3417 2720 3473 ministerialis
2752 3421 2996 3488 comitis,
3031 3423 3140 3478 hoc
3182 3424 3403 3491 fecerit,
3437 3424 3695 3484 honorem,

494 3533 522 3561 «
548 3511 726 3566 Grave
759 3511 930 3567 nimis
960 3516 1018 3567 et
1047 3517 1248 3569 contra
1274 3515 1628 3570 sacerdotale
1652 3518 1877 3570 constat
1907 3532 2028 3570 esse
2133 3509 2593 3581 qualemcunque
2623 3509 2913 3578 habuerit.
2942 3511 3055 3566 Sive
3083 3513 3448 3568 beneﬁeium-
3471 3511 3693 3574 amittat;

418 3600 800 3673 propositum,
828 3601 1165 3674 cujusquam
1191 3603 1526 3658 monasterii
1561 3604 1856 3676 privilegia
1889 3605 2028 3658 olim
2133 3599 2190 3650 et
2213 3596 2257 3650 Si
2288 3614 2480 3652 servus
2506 3598 2712 3665 nuduS,
2746 3599 2819 3653 ad
2839 3601 3037 3670 palum
3067 3604 3324 3674 vapulet,
3350 3605 3406 3658 et
3434 3603 3586 3672 caput
3603 3599 3696 3670 ejus

417 3687 641 3743 indulta
672 3689 1049 3757 confundere,
1085 3694 1142 3745 et
1187 3692 1260 3746 ad
1306 3692 1555 3757 irritum,
1591 3709 1717 3763 qua:
1749 3696 1881 3747 sunt
1923 3709 2028 3765 pro
2132 3686 2497 3740 tondeatur.»

419 3777 612 3848 quiete
636 3777 933 3848 disposita,
963 3779 1068 3833 niti
1100 3779 1402 3834 deducere.
1441 3779 1634 3842 Questi
1676 3780 1871 3851 itaque
1897 3784 2030 3835 sunt
2202 3773 2313 3832 VII.
2342 3806 2410 3814 —
2430 3774 2512 3830 De
2536 3775 2841 3847 diﬂ'erentia
2867 3782 3297 3834 testammtorum
3324 3787 3372 3834 et
3390 3777 3637 3851 precariis.

419 3865 585 3920 nobis
616 3867 884 3921 monachi
911 3871 1024 3922 tua:
1053 3867 1364 3921 diaeceseos
1391 3866 1525 3937 quia
1545 3885 1644 3922 suo
1675 3869 2026 3923 monasterio
2205 3861 2488 3926 Quoniam
2521 3867 3004 3920 testamentorum
3018 3867 3129 3921 alia
3145 3867 3294 3922 ﬁunt
3308 3867 3449 3924 dotis
3474 3864 3692 3926 nomine.

417 3955 683 4026 quasdam
716 3959 919 4010 contra
949 3972 1038 4020 ea,
1074 3971 1202 4025 qua:
1237 3971 1271 4008 a
1295 3954 1809 4024 praedecessoribus
1830 3957 2028 4011 vestris
2131 3951 2242 4005 alia
2266 3953 2621 4007 hereditatis
2647 3954 2986 4022 donatione,
3023 3956 3134 4010 alia
3165 3956 3237 4010 de
3270 3958 3437 4012 rebus
3461 3951 3690 4016 ecclesias,

418 4043 698 4113 permissa
726 4059 791 4096 ac
808 4045 983 4113 longa
1003 4043 1416 4096 consuetudine
1445 4047 1666 4098 servata
1681 4049 1832 4112 sunt,
1870 4046 2026 4100 festi-
2129 4057 2271 4110 quas
2299 4041 2613 4096 abalienari
2641 4045 2726 4096 est
2743 4043 2996 4111 difﬁcile,
3031 4048 3086 4098 et
3117 4045 3387 4100 dicuntur
3409 4042 3688 4118 prazcarize:

421 4130 571 4184 netis
603 4130 873 4184 inducere
904 4134 962 4183 et
991 4130 1289 4201 antiquam
1321 4132 1747 4188 ordinationem
1774 4134 2024 4206 quadam
2130 4129 2380 4198 exceptis
2405 4129 2513 4196 his,
2533 4135 2668 4185 sunt
2693 4136 2984 4204 praecepta
3016 4135 3253 4205 regalis,
3275 4135 3331 4190 id
3360 4139 3442 4190 est
3471 4129 3694 4204 imperia-

416 4217 736 4287 prmjudicii
755 4217 1006 4272 novitate
1029 4219 1277 4275 turbare.
1305 4220 1554 4276 Proinde
1575 4223 1643 4278 de
1657 4223 2024 4279 hisfraterni-
2127 4215 2215 4282 lis,
2255 4217 2526 4288 jussionis
2556 4220 2896 4274 auctoritate
2933 4222 3227 4289 roborata,
3263 4225 3466 4296 quibus
3493 4233 3690 4276 consen-

418 4307 601 4359 tatem
624 4308 872 4359 vestram
895 4307 1198 4362 hortamur
1220 4308 1504 4378 affatibus,
1533 4315 1612 4379 ut,
1641 4311 1686 4366 si
1718 4312 1797 4366 ita
1818 4315 1922 4379 est,
1952 4314 2023 4368 ab
2127 4305 2692 4362 tiuntﬂomanorum
2715 4309 3055 4379 pontificum
3076 4311 3379 4383 privilegia
3393 4312 3488 4365 sub
3508 4321 3691 4363 excom'

419 4393 541 4463 ejus
565 4411 624 4448 se
656 4394 920 4450 molestia
936 4397 1060 4452 sine
1089 4398 1279 4470 aliqua
1306 4399 1668 4454 excusatione
1705 4401 2020 4469 contineat,
2129 4394 2539 4449 municalionis
2567 4397 2938 4452 anathemate
2973 4399 3223 4453 decreta.
3253 4401 3326 4454 At
3369 4416 3495 4454 vero
3533 4407 3690 4468 preca-

417 4484 476 4535 et
493 4499 620 4553 quas
650 4483 702 4538 ei
730 4487 864 4538 sunt
900 4486 1110 4541 diutius
1149 4488 1431 4543 custodita
1474 4489 1681 4544 nullius
1713 4491 2025 4546 occasionis
2048 4494 2100 4552 D
2129 4481 2251 4546 ria”
2288 4500 2416 4554 qum
2448 4501 2514 4538 ex
2541 4485 2923 4540 conventione
2976 4487 3144 4554 fiunt,
3189 4491 3247 4542 et
3291 4488 3539 4560 preCihus
3574 4482 3688 4538 Obli'

415 4573 603 4627 tentet
619 4575 991 4646 usurpatione
1006 4579 1327 4633 convellere
1349 4595 1363 4646 ;
1388 4579 1488 4633 sed
1511 4579 1946 4635 cunctaillibate
1969 4585 2026 4636 et
2129 4575 2363 4639 nentur:
2397 4571 2521 4626 alia?
2548 4573 2651 4627 50b
2686 4574 2966 4644 qum-libet
2996 4576 3256 4646 Ρθτεοοίε
3285 4575 3604 4631 οθηδιιδίίίθτ
3623 4585 3688 4624 Γθ⁹

415 4659 542 4715 sine
558 4663 673 4717 ulla
688 4663 1314 4738 studeatrefragatione
1331 4684 1584 4735 servare,
1609 4672 1666 4722 et
1683 4669 1808 4738 plus
1829 4669 1934 4723 sibi
1967 4670 2026 4725 in
2128 4659 2402 4715 tinentur
2433 4678 2536 4715 “SH
2577 4662 2915 4730 ἲῐύοῖυᾶτίο,
2944 4664 3070 4719 alite
3119 4683 3224 4738 per
3267 4657 3685 4721 Comm“ultionis

415 4749 990 4809 eodemmonasterio
1007 4771 1182 4826 quam
1195 4756 2022 4827 praedecessorihussuislicuit,
2127 4750 2580 4823 emphyteosim,
2598 4751 2755 4806 idest
2779 4756 3163 4811 contractum:
3184 4773 3312 4828 quae
3342 4755 3406 4809 fit
3433 4771 3496 4809 eo
3525 4747 3682 4810 modo,

411 4839 638 4894 noverit
682 4858 801 4897 non
849 4841 1042 4900 licere.
1079 4865 1106 4892 »
1130 4845 1273 4898 Item
1328 4844 1386 4900 in
1446 4845 1669 4916 legibus
1719 4863 1847 4920 cap,
1896 4851 2020 4902 510,
2127 4857 2240 4912 quo
2265 4840 2510 4894 habetur
2541 4840 2600 4894 in
2631 4840 2778 4896 libro
2812 4842 3200 4898 Conciliorum
3236 4845 3402 4900 tertio
3441 4843 3558 4915 (33),
3586 4849 3682 4904 03P-

411 4929 942 4987 «Possessionesad
962 4931 1259 5003 religiosas
1284 4932 1489 4989 domos
1512 4935 1868 5004 pertinentes
1895 4938 2024 4991 nul-
2127 4931 2195 4984 22
2226 4945 2238 4983 ί
2265 4951 2292 4979 ι(
2328 4930 2603 4985 Ρτθοᾶτίεὲ
2645 4948 2678 4985 a
2721 4931 2957 4986 nemine
3007 4933 3078 4988 de
3130 4933 3299 4988 rebus
3347 4920 3685 4988 ecclesia-ciliCis

411 5016 532 5071 lam
564 5018 1012 5092 descriptionem
1045 5023 1383 5093 agnoscant,
1410 5022 1517 5076 nisi
1547 5024 1624 5078 ad
1652 5026 2024 5082 constructio—
2128 5016 2251 5072 fieri
2283 5022 2732 5089 Prasumantur,
2766 5020 2872 5074 nisi
2901 5024 3183 5092 quantum
3216 5021 3284 5077 de
3312 5020 3684 5094 qualitatecon'

412 5121 551 5160 nem
581 5107 802 5164 viarum
826 5110 914 5164 vel
941 5110 1208 5180 pontium
1239 5111 1667 5182 aedificationes,
1692 5113 1772 5169 ita
1797 5118 2018 5184 tamen,
2123 5114 2278 5171 venti
2309 5115 2431 5187 [ul.,
2465 5117 3045 5179 convenientildatur
3073 5136 3140 5174 ex
3192 5118 3444 5191 proprio,
3484 5111 3680 5186 duplum

411 5193 457 5248 si
480 5194 794 5252 habuerint
823 5198 1208 5268 possessiones
1238 5199 1392 5255 intra
1417 5201 1778 5258 territorium
1809 5205 2022 5259 consti-
2125 5205 2441 5278 accipiatur
2488 5224 2555 5261 ex
2607 5207 2778 5263 rebus
2834 5209 3107 5276 ecclesiaz,
3140 5208 3200 5263 in
3229 5225 3330 5263 suo
3362 5210 3573 5261 tantum
3607 5193 3682 5270 qui

408 5284 561 5339 tutas
581 5283 729 5341 illius
745 5285 1006 5356 civitatis,
1035 5287 1092 5344 in
1125 5305 1240 5361 qua
1295 5288 1654 5345 desideratur
1693 5291 2021 5364 descriptio.
2127 5295 2351 5351 dederit
2377 5297 2638 5366 nomine,
2671 5298 2718 5352 si
2767 5314 2856 5352 res
2897 5298 3160 5371 proprias
3219 5302 3276 5354 et
3321 5291 3682 5353 ecclesiasticas

481 5443 710 5536 βξ)λί
725 5446 862 5536 liber
909 5445 1074 5530 Cone.
1109 5451 1289 5536 tertio;
1318 5450 1375 5536 id
1397 5451 1665 5536 ‘habetur
1688 5451 1761 5536 ‘in
1794 5469 1920 5536 cap.
1955 5458 2023 5509 22
2126 5475 2191 5536 ex
2223 5457 2376 5536 libro
2425 5458 3034 5536 Con_c_ilioru_m_t_ertio
3081 5459 3139 5514 id
3189 5459 3324 5514 citet
3349 5457 3488 5536 Abo,
3526 5446 3681 5536 innuit

409 5517 1150 5603 concilii_M_eldensis_anno
1188 5521 1296 5575 845
1319 5522 1529 5603 habiti;
1553 5523 1709 5603 quod
1725 5517 2021 5603 decretum
2124 5530 2364 5603 fortasse
2390 5531 2697 5603 concilium
2748 5531 3031 5586 Meldense
3057 5548 3158 5586 suo
3191 5537 3444 5603 tempore
3476 5517 3526 5581 in
3554 5519 3680 5578 codi-

407 5604 481 5685 βξ
505 5591 768 5685 capitalis
786 5591 995 5673 synodi
1027 5591 1778 5685 l‘ieleaf‘ensis‘desurnptqrn
1807 5600 1912 5685 est,
1937 5614 2022 5679 re-
2122 5601 2282 5685 cibus
2305 5617 2441 5654 mss.
2460 5601 3045 5685 habuissenrationern
3081 5603 3215 5685 libri
3251 5591 3401 5685 tertii
3432 5600 3682 5685 intercou-

404 5658 593 5716 latuni
607 5677 640 5716 a
658 5658 1271 5789 Βθῗὴοηθὶηιὼμῡθ
1285 5658 1677 5746 ecclesiasticis
1689 5658 2017 5740 disciplinis,
2121 5671 2270 5737 cilia,
2299 5688 2426 5742 quae
2457 5688 2492 5725 a
2521 5673 2707 5727 Caroli
2729 5673 2879 5729 Calvi
2909 5673 3236 5748 principatu
3264 5674 3336 5729 ad
3357 5688 3484 5728 eum
3497 5676 3679 5725 annum

396 5745 523 5804 cap.
550 5734 676 5805 363,
699 5749 735 5789 a
806 5732 1098 5792 urchardo
1133 5736 1279 5794 item
1300 5737 1358 5794 et
1384 5733 1677 5794 Gratiano.
1720 5737 1863 5795 Cum
1892 5757 2026 5798 vero
2117 5743 2410 5799 celebrata
2433 5741 2685 5801 fuerant.
