3882 6222
187 413 282 481 ἄδι

1496 421 1874 485 COLLEC’I‘IO
1923 425 2254 486 CANONUM

3399 428 3510 488 482

188 557 286 636 usu
313 535 634 636 fructuario
666 540 888 636 tenere.
918 537 1180 636 voluerit.
1226 540 1282 636 Si
1315 544 1515 636 autem
1544 560 1636 636 res
1661 562 1797 636 pro-
1829 578 1882 636 Α
1904 549 2419 620 poleosinTrojam
2438 551 2691 605 mutatus
2712 549 3122 606 est.Potestate
3148 552 3494 624 quoqueRo-

186 632 335 703 prias
364 631 435 685 ad
457 647 724 702 praesens
748 630 1049 696 dimiserit,
1083 649 1148 685 ex
1184 633 1354 686 rebus
1404 633 1801 688 ecclesiasticis

186 718 495 775 fructuario
527 736 637 772 usu
688 719 748 773 in
808 736 907 773 suo
939 724 1163 774 tantum
1213 720 1338 792 quis
1372 721 1607 775 nomine
1642 740 1798 777 assu-

185 813 326 874 mat,
355 808 492 880 quia
522 807 603 861 sic
631 825 729 861 eas
753 823 1155 880 quemcunque
1183 812 1410 862 tueatur
1449 814 1702 880 oportet,
1740 814 1801 864 ut

182 897 510 951 alienarum
540 895 1022 966 dispensatorem,
1071 912 1187 950 non
1221 897 1588 967 propriarum
1631 899 1803 969 largi-

182 989 374 1038 torem
413 985 533 1037 Eta
561 985 1013 1054 nullapotestate
1040 984 1166 1055 quis
1195 989 1434 1055 cogatur
1465 986 1652 1039 facere
1674 1004 1803 1056 pre.

181 1073 402 1126 cariam
435 1072 508 1125 de
539 1072 712 1125 rebus
733 1073 849 1126 Deo
877 1077 934 1125 et
959 1073 1170 1126 sanctis
1208 1073 1427 1138 dicatis,
1471 1090 1600 1128 cum
1649 1075 1796 1128 ratio

179 1165 236 1215 et
268 1178 404 1214 usus
431 1159 738 1214 obtineant
770 1159 1085 1224 neminem,
1123 1161 1217 1231 qui
1275 1178 1391 1214 non
1424 1163 1562 1227 vult,
1598 1167 1802 1217 contra

180 1249 499 1302 utilitatem
521 1250 581 1301 et
611 1247 897 1302 rationem
928 1249 1241 1317 prmstitum
1265 1249 1334 1302 de
1355 1250 1588 1320 proprio
1614 1251 1800 1304 facere

178 1335 560 1392 beneﬁcium.
582 1336 875 1406 Praecepta
888 1340 1080 1389 autem
1097 1321 1314 1408 regalia
1337 1353 1506 1406 super
1528 1338 1800 1407 precariis

176 1423 587 1478 ecclesiasticis
614 1423 759 1490 fieri,
795 1440 899 1478 nec
929 1424 1074 1477 ratio
1120 1424 1276 1491 sinit,
1331 1441 1435 1478 nec
1483 1426 1796 1480 auctoritas

175 1512 447 1584 quolibet
505 1512 680 1566 modo
731 1511 1034 1582 permittit,
1083 1513 1361 1584 quoniam
1409 1519 1702 1585 przecepta
1736 1515 1793 1570 in

167 1600 305 1670 jure
333 1599 722 1654 ecclesiastico
756 1599 986 1653 ﬁrmare
1009 1599 1319 1670 indignum
1346 1600 1571 1670 judicet
1603 1619 1797 1655 neces-

176 1703 236 1740 se
262 1689 353 1740 est
385 1687 661 1757 majestas
683 1686 864 1756 regia,
899 1686 1002 1739 nisi
1037 1687 1106 1740 ab
1143 1687 1530 1741 ecclesiastico
1566 1693 1793 1744 rectore

174 1777 479 1845 petantur.
511 1775 698 1828 lsdem
729 1777 922 1827 autem
943 1777 1128 1827 custos
1149 1774 1397 1828 ecclesiae
1424 1776 1795 1831 solertissime

1900 638 2060 693 mani
2093 639 2377 708 pontiﬁcis
2411 638 2717 709 Perigenes
2771 638 2828 692 in
2886 639 3068 693 Petris
3095 639 3394 693 ordinatus
3421 644 3506 694 est

1902 728 2526 798 episc0pus,nec[/.nec
2550 728 2687 797 non]
2709 731 2976 799 receptus
2998 727 3418 783 inthrouizatus
3448 730 3507 784 in

1902 816 2222 876 Corinthio,
2242 816 2510 870 defuncto
2534 817 2653 885 ejus
2668 815 3078 887 episc0po.i\'ec
3097 817 3166 870 de
3183 816 3270 870 his
3295 817 3508 872 miran-

1903 905 2062 971 dum,
2098 922 2228 958 cum
2258 905 2388 959 odio
2417 905 2745 959 habendam
2782 905 3035 958 Christus
3069 905 3283 971 docuit,
3335 923 3513 977 quam

1900 995 2204 1063 Apostolus
2231 1011 2466 1048 uxorem
2500 1010 2604 1047 nos
2624 993 2863 1064 diligere
2888 993 3178 1065 prmcepit.
3209 994 3517 1065 Gregorius

1903 1100 2131 1155 quoque
2151 1084 2220 1137 ab
2253 1083 2378 1137 aliis
2402 1083 2681 1155 episcopis
2699 1083 3008 1137 damnatos
3022 1101 3136 1136 sum
3158 1083 3516 1139 auctoritatis

1903 1171 2202 1242 privilegio
2237 1171 2492 1242 pristinis
2525 1172 2798 1242 gradibus
2830 1171 3520 1244 reformabat,episcopos

1902 1259 2123 1324 uuibat,
2157 1276 2511 1313 successores
2542 1259 2825 1331 episcopis
2856 1260 3030 1313 dabat
3054 1260 3245 1331 (Gneo.
3292 1261 3390 1315 lib.
3421 1275 3515 1330 lu,

1899 1347 2064 1414 epist.
2102 1349 2210 1416 ‘20).
2246 1348 2595 1402 Salonitanze
2628 1348 2868 1402 civitatis
2900 1348 3514 1418 episcopum,nomine

1899 1436 2366 1508 Maximum,quia
2390 1437 2647 1508 pecuniis
2666 1437 2962 1491 ordinatus
2984 1437 3375 1492 Simoniacam
3394 1439 3512 1492 hae.

1898 1525 2073 1578 resim
2108 1525 2446 1590 incurrerat,
2489 1526 2798 1596 Gregorius
2829 1526 3372 1581 excommunicavit.
3403 1527 3514 1591 Qui

1897 1613 2428 1667 excommunicatus
2461 1613 2661 1667 missas
2692 1615 2998 1667 celebravit
3025 1631 3036 1680 ;
3067 1617 3265 1668 tamen
3309 1618 3439 1685 post
3468 1621 3499 1670 7

1897 1717 2078 1755 annos
2095 1701 2436 1771 pcenitentia
2448 1701 2684 1755 ductum
2709 1719 2824 1756 sua:
2845 1702 2965 1756 sedi
2985 1703 3317 1769 restituit,et
3339 1703 3512 1774 pallio

1897 1789 2148 1854 donavit,
2182 1793 2416 1860 accepto
2462 1793 2828 1843 sacramento
2863 1790 2932 1843 de
2978 1790 3298 1844 interdictis
3340 1807 3512 1861 super

174 1866 382 1916 caveat
417 1879 488 1916 ne
521 1862 606 1915 sui
645 1861 863 1916 ordinis
906 1864 963 1913 et
991 1861 1384 1915 ecclesiastica:
1426 1879 1782 1918 communio-

1906 1893 2102 1948 :orpus
2122 1877 2665 1946 sanctiApollinaris
2701 1877 2816 1948 (lib.
2851 1893 2955 1943 v11,
2980 1879 3146 1948 epist.
3166 1883 3254 1945 82,
3274 1879 3397 1936 ind.
3422 1884 3504 1946 2).

174 1951 266 2004 nis
293 1951 447 2004 forte
481 1949 797 2003 immemor
843 1952 1045 2003 contra
1085 1949 1488 2004 auctoritatem
1544 1968 1797 2023 princep-

174 2040 306 2091 tum
337 2037 575 2108 regium
609 2053 714 2107 pro
749 2053 1089 2109 quacunque
1117 2039 1501 2093 assentatione
1535 2040 1658 2094 ﬁeri
1689 2057 1790 2109 pe-

175 2129 283 2182 tat.
315 2125 426 2188 Qui
456 2130 514 2179 et
561 2125 606 2178 si
639 2125 858 2191 fecerit,
897 2140 1014 2178 non
1067 2126 1371 2194 audiatur;
1413 2127 1456 2180 si
1511 2131 1707 2181 autem
1739 2131 1797 2182 et

174 2213 528 2278 obtinuerit,
561 2213 723 2283 regia
752 2213 1093 2266 discretione
1125 2217 1182 2266 et
1228 2213 1537 2286 episcopali
1574 2215 1793 2284 judicio

177 2299 340 2354 idem
369 2300 758 2367 rescindatur,
797 2303 855 2353 et
881 2301 1093 2372 petitor
1121 2301 1364 2370 iniustus
1389 2318 1492 2372 pro
1520 2302 1795 2374 principis

180 2387 404 2457 injusta
433 2386 806 2457 suggestione
837 2386 1009 2458 digne
1049 2387 1410 2459 corripiatur.
1446 2409 1473 2436 »

177 2493 321 2547 Vill.
382 2524 453 2533 —
508 2492 592 2546 De
648 2508 706 2548 eo
756 2492 897 2564 quod
952 2494 1229 2547 necessitas
1276 2493 1503 2547 excludit
1555 2494 1687 2563 leges
1745 2502 1794 2550 et

885 2596 1125 2636 canones.

253 2669 672 2725 Ecclesiasticae
697 2669 931 2740 regula),
946 2687 1086 2741 quas
1101 2670 1276 2724 Graeci
1302 2686 1551 2724 canones
1563 2676 1789 2740 vocant,

173 2776 209 2814 a
238 2758 462 2814 sanctis
491 2758 756 2812 Patribus
781 2762 912 2812 sunt
948 2759 1193 2812 iuventte
1225 2759 1456 2828 idcirco,
1488 2763 1548 2812 ut
1578 2761 1791 2832 absque

173 2849 292 2902 ullo
328 2846 553 2900 erroris
590 2846 853 2899 anfractu
883 2861 984 2916 per
1005 2845 1242 2915 justitiae
1272 2847 1538 2900 semitam
1561 2849 1789 2917 gradia-

167 2951 326 2989 mur.
360 2935 478 2988 Nec
531 2932 726 2986 diﬂ‘ert
773 2950 886 3004 qua
935 2949 1225 2987 canonum
1277 2934 1632 2989 institutione
1665 2937 1791 3007 quis

164 3023 478 3076 imbuatur
501 3021 576 3074 ad
607 3023 1036 3092 competentem
1064 3021 1399 3076 Christianze
1428 3021 1559 3076 ﬁdei
1575 3023 1791 3094 profes-

167 3109 584 3177 sionem,dum
599 3112 796 3163 tamen
818 3108 1096 3163 inotferiso
1112 3109 1348 3180 vestigio
1367 3110 1517 3164 viam
1533 3111 1790 3166 veritatis

167 3199 606 3270 ingressus,per
620 3197 892 3250 ducatum
907 3196 1196 3267 Evangelii
1215 3214 1333 3251 non
1353 3197 1582 3251 recedat
1599 3215 1631 3251 a
1649 3197 1787 3252 divi-

163 3286 251 3339 nis
272 3285 560 3340 oraculis.
585 3283 881 3348 Nonlenim
900 3284 1090 3338 omnis
1115 3284 1367 3339 inventio
1387 3285 1786 3340 necessitatem

160 3375 512 3438 comitatur,
549 3375 611 3425 ut
643 3371 753 3425 alio
784 3371 958 3425 modo
991 3371 1111 3425 ﬁeri
1140 3371 1492 3442 impossibile
1522 3373 1592 3426 sit
1633 3374 1787 3444 quod

158 3462 377 3534 aliquis
402 3460 630 3514 utiliter
657 3459 894 3513 invenit.
942 3459 1098 3513 Sicut
1128 3459 1185 3512 in
1227 3460 1467 3514 concilio
1518 3460 1787 3514 Africano

155 3551 334 3620 plura.
365 3551 587 3603 tractat
621 3547 780 3601 Osius
813 3547 1190 3601 Cordubensis
1221 3547 1293 3602 ad
1339 3547 1638 3618 placitum,
1663 3565 1788 3619 quae

151 3639 428 3693 libenter
461 3636 697 3708 suscipit
720 3635 962 3689 Ecclesia
982 3652 1084 3706 pro
1109 3635 1404 3689 verissima
1430 3635 1788 3690 institutione

148 3741 497 3780 canonum.
535 3724 698 3778 Unde
731 3723 1178 3778 considerandus
1209 3727 1293 3778 est
1323 3727 1610 3778 terrarum
1626 3725 1783 3791 situs,

147 3814 426 3887 qualitas
479 3816 838 3883 temporum,
880 3812 1188 3866 inﬁrmitas
1212 3811 1539 3878 hominum,
1574 3816 1631 3866 et
1660 3813 1784 3867 alia:

145 3901 551 3957 necessitates
581 3917 800 3964 rerum,
834 3916 960 3970 quae
989 3901 1177 3954 solent
1204 3902 1428 3953 mutare
1455 3901 1683 3970 regulas
1708 3900 1787 3954 di-

143 4005 474 4044 versarum
491 3989 1233 4058 provinciarum.Potestate
1258 3988 1431 4042 etiam
1454 3990 1636 4042 multa
1658 4006 1782 4042 mu-

144 4083 280 4133 tata
320 4081 461 4131 sunt
483 4093 586 4148 pro
619 4075 913 4130 communi
947 4075 1185 4129 utilitate
1219 4076 1611 4142 ecclesiarum,
1657 4095 1784 4148 quae

142 4182 346 4221 nemo
380 4164 761 4235 reprehendit
783 4163 1060 4217 ﬁdelium.
1101 4165 1165 4218 Et
1197 4163 1332 4234 quid
1359 4164 1620 4218 mirum?
1652 4183 1782 4218 cum

144 4268 607 4322 nonnunquam
655 4251 1026 4305 inveniantur
1068 4269 1319 4305 canones
1351 4251 1457 4304 sibi
1490 4253 1780 4306 contradi-

143 4347 390 4406 centes,
442 4343 500 4392 et
545 4339 699 4410 quod
740 4339 798 4392 iu
838 4340 1019 4393 altera
1050 4339 1291 4394 concilio
1336 4339 1687 4409 prazcipitur,
1723 4340 1783 4394 in

145 4431 356 4484 altero
384 4427 846 4498 prohibeturpec
871 4427 1029 4481 enim
1049 4427 1105 4481 id
1126 4428 1338 4481 frustra
1353 4428 1568 4481 factum
1593 4428 1781 4481 existi-
1810 4438 1860 4496 1)

146 4521 359 4580 mant,
385 4517 481 4587 qui
509 4532 613 4586 pro
637 4515 974 4586 temporalis
1001 4515 1125 4570 vita:
1153 4515 1460 4570 commodo
1483 4532 1781 4586 nunquam

148 4605 416 4676 cupiunt
447 4603 737 4658 declinare
765 4620 798 4656 a
829 4603 1038 4658 virtute
1070 4603 1138 4656 ad
1169 4603 1321 4670 vitia,
1354 4620 1456 4656 nec
1484 4620 1516 4656 a
1543 4604 1781 4658 veritate

151 4694 236 4748 ad
275 4692 673 4746 mendacium.
694 4691 910 4744 Namin
941 4691 1184 4746 decretis
1205 4693 1548 4762 pontiﬁcum
1575 4691 1782 4746 eadem

152 4783 319 4835 ratio
335 4781 545 4847 existit,
573 4796 826 4852 quorum
847 4782 1012 4832 tanta
1025 4780 1336 4834 auctoritas
1364 4782 1538 4844 est,ut
1557 4784 1783 4833 senten-

155 4870 260 4922 tiae
285 4869 678 4939 plurimorum
701 4867 870 4920 unius
884 4867 1126 4922 Romani
1153 4867 1435 4938 pontiﬁcis
1455 4870 1784 4938 exspectent

152 4957 468 5026 judicium.
496 4959 746 5027 Semper
765 4955 937 5026 igitur
959 4955 1016 5008 in
1032 4955 1238 5010 talibus
1257 4955 1664 5026 praeponderat
1678 4957 1785 5009 uti-

165 5046 294 5099 litas
326 5049 384 5100 et
413 5047 714 5110 honestas,
745 5059 860 5097 non
887 5044 1244 5110 illecebrosa,
1275 5061 1448 5115 quam
1468 5044 1651 5097 sancti
1677 5044 1781 5098 viri

172 5133 416 5205 fugiunt,
447 5131 896 5187 desideriorium
925 5134 1204 5202 voluptas.
1235 5133 1346 5186 Sed
1386 5149 1459 5186 ne
1496 5132 1782 5188 incassum

172 5225 300 5280 talia
313 5225 506 5280 dicere
535 5222 862 5288 videamur,
881 5223 1146 5293 exempla
1168 5220 1781 5293 pr0ponimus.’l‘rans-

167 5312 436 5386 migratio
470 5311 889 5384 episcoporum
920 5309 1214 5380 prohibita
1245 5313 1328 5363 est
1359 5309 1416 5363 in
1466 5309 1692 5363 Nicaana
1723 5313 1782 5364 et

166 5399 626 5460 Chalcedonensi
647 5396 890 5468 synodo;
925 5399 1262 5452 necessitate
1285 5399 1368 5451 vel
1390 5398 1633 5452 utilitate
1648 5415 1781 5451 con-

173 5504 303 5549 cessa
325 5497 416 5548 est
445 5493 506 5546 in
523 5485 897 5542 Antiocheno
920 5486 1184 5541 concilio.
1203 5486 1268 5538 Et
1294 5485 1633 5538 necessitate
1657 5484 1782 5554 qui-

173 5580 300 5652 dem,
319 5582 582 5655 pr0pter
598 5573 786 5643 frigus
809 5572 1023 5629 scilicet
1049 5573 1205 5645 quod
1225 5573 1346 5642 ejus
1370 5572 1556 5626 debile
1569 5587 1776 5641 corpus

163 5667 287 5732 rerre
321 5689 448 5727 non
481 5666 750 5740 poterat,
783 5659 1042 5719 Silvanus
1073 5661 1144 5716 ab
1176 5662 1362 5716 Attico
1391 5679 1456 5715 ex
1487 5659 1776 5731 Philippo-

2039 1983 2120 2036 lX.
2157 2011 2221 2022 —
2250 1985 2333 2038 De
2361 1983 2661 2052 differentia
2694 1983 2823 2052 legis
2873 1991 2922 2037 et
2952 1986 3363 2040 consuetudinis.

1968 2079 2123 2134 Sicut
2153 2097 2250 2135 rex
2275 2097 2309 2134 a
2334 2081 2591 2151 regendo
2626 2081 2852 2147 dicitur,
2887 2081 2965 2134 ita
2992 2085 3049 2134 et
3073 2084 3160 2135 lex
3181 2099 3213 2136 a
3235 2083 3503 2152 legendo.

1897 2168 2462 2240 QuaprOpterlegum
2479 2169 3076 2240 promulgatioregum
3097 2171 3297 2224 edictis
3311 2174 3508 2226 exten-

1897 2257 2068 2323 ditur,
2097 2261 2154 2311 et
2199 2259 2585 2328 unusquisque
2619 2257 2770 2310 infra
2801 2257 2885 2311 sui
2918 2258 3082 2328 regni
3133 2259 3278 2312 ﬁnes
3320 2259 3505 2332 impe-

1895 2346 2047 2400 rium
2083 2345 2470 2399 Christianum
2505 2345 2718 2415 pietate
2745 2345 3090 2416 exsequitur.
3134 2347 3232 2400 Cui
3266 2364 3506 2402 consue-

1895 2435 2034 2489 tudo
2063 2438 2262 2504 paret;
2295 2450 2422 2505 qua:
2453 2433 2497 2487 si
2531 2433 2771 2505 publicis
2802 2434 3145 2488 utilitatibus
3178 2451 3295 2488 non
3322 2435 3506 2506 impe-

1895 2523 2049 2577 ditur
2079 2523 2200 2593 ipsa
2230 2538 2333 2593 pro
2366 2523 2494 2592 lege
2526 2522 2796 2576 succedit.
2833 2523 2975 2576 Nam
3003 2522 3198 2576 Cicero
3226 2523 3286 2576 in
3311 2523 3507 2578 rheto-

1893 2611 2022 2666 ricis
2043 2611 2252 2665 harum
2279 2610 2720 2664 similitudinem
2746 2627 2809 2664 ac
2845 2609 3234 2664 ditferentiam
3255 2610 3334 2664 ita
3361 2610 3507 2664 deﬁ-

1893 2700 2113 2754 nitione
2149 2699 2402 2771 pandere
2435 2716 2549 2753 non
2585 2699 2905 2770 supersedit
2929 2698 3070 2768 (CIC.
3105 2698 3205 2756 lib.
3241 2715 3299 2765 ιι,
3324 2699 3386 2752 de
3410 2699 3506 2753 1n-

1892 2788 2058 2859 vent.)
2089 2811 2115 2837 «
2142 2787 2699 2857 Consuetudiuisjus
2731 2803 2850 2840 esse
2884 2791 3119 2857 putatur
3143 2786 3200 2840 in
3223 2787 3379 2858 quod
3411 2804 3505 2842 vo-

1892 2876 2110 2930 luntate
2143 2876 2410 2931 omnium
2441 2875 2562 2930 sine
2594 2877 2721 2946 lege
2751 2879 3000 2930 vetustas
3031 2875 3446 2946 comprobarit.
3479 2898 3506 2925 υ

1890 2965 2026 3018 Iura
2055 2981 2188 3018 vero
2236 2963 2499 3035 legitima
2526 2981 2593 3018 ex
2629 2963 2851 3034 legibus
2889 2962 3156 3034 cognosci
3196 2963 3508 3033 oportebit,

1891 3056 1948 3107 et
1969 3070 2002 3107 a
2023 3052 2239 3124 vulgari
2270 3051 2652 3123 intelligentia
2677 3051 2996 3106 remotiora
3018 3054 3180 3117 sunt;
3211 3051 3282 3104 ad
3311 3051 3510 3106 simili-

1820 3157 1866 3216 ρ
1890 3141 2153 3195 tudinem
2180 3157 2312 3195 vero
2335 3140 2612 3211 aliquam,
2648 3144 2746 3194 aut
2771 3140 2842 3194 ad
2867 3156 2993 3194 rem
3025 3139 3502 3209 ampliﬁcandam

1890 3245 2040 3300 saepe
2067 3232 2198 3283 sunt
2220 3227 2545 3282 inferenda.
2581 3228 2878 3293 Quocirca,
2904 3228 2947 3280 si
2968 3228 3115 3280 bene
3146 3227 3506 3293 memini,lex

1891 3319 1949 3371 et
1974 3334 2100 3371 mos
2131 3316 2347 3388 species
2377 3319 2508 3369 sunt
2552 3315 2719 3386 juris.
2769 3315 2912 3369 Nam
2953 3316 3040 3369 lex
3084 3318 3141 3369 et
3170 3303 3502 3386 principum

1891 3403 2222 3458 constitutio
2253 3403 2484 3474 scripta;
2516 3419 2642 3457 mos
2663 3418 2797 3456 vero
2829 3403 3185 3456 consuetudo
3215 3406 3498 3458 vetustate

1892 3492 2154 3564 probata,
2180 3507 2283 3545 nec
2305 3495 2502 3544 tamen
2531 3489 2758 3560 scripta.
2792 3491 2878 3542 An
2911 3493 3161 3542 vetustas
3211 3491 3356 3544 adeo
3397 3491 3504 3545 sibi

1890 3578 2178 3633 consensit
2199 3579 2257 3632 in
2277 3579 2430 3630 malo
2455 3581 2516 3631 ut
2536 3593 2767 3630 morum
2791 3576 3154 3647 disciplinam
3172 3579 3361 3630 nullus
3388 3579 3502 3631 vel-

1889 3667 1968 3720 let
1981 3665 2323 3737 aliquando?
2347 3664 2460 3719 Sed
2483 3665 2589 3718 hoc
2605 3679 2888 3734 nusquam
2912 3663 3175 3733 gentium
3195 3663 3504 3718 didicimus

1889 3755 2160 3808 omnibus
2204 3753 2539 3808 hominibus
2583 3751 2802 3805 bonum
2856 3754 3078 3804 natura:
3140 3750 3315 3804 etiam
3350 3753 3502 3806 male

1889 3843 2114 3914 agendo
2134 3842 2481 3896 amantibus.
2511 3839 2725 3895 Omnes
2748 3839 2923 3909 igitur
2938 3839 3205 3892 homines
3232 3839 3398 3893 bonis
3420 3841 3499 3894 le-

1887 3931 2074 4001 gibus,
2095 3934 2192 3984 aut
2209 3930 2375 3984 bonis
2399 3929 2656 3984 moribus
2679 3930 2916 3981 utantur
2937 3942 3168 3980 necesse
3185 3929 3287 3980 est.
3320 3927 3498 3982 Porro

1887 4019 2169 4090 quosdam
2191 4018 2604 4090 comperimus,
2641 4015 2736 4087 qui
2772 4032 2878 4069 nec
2910 4015 3076 4069 bonis
3112 4013 3369 4068 moribus
3397 4032 3493 4086 per

1887 4107 2389 4172 consuetudinem,
2426 4122 2530 4159 nec
2570 4105 2694 4158 ullis
2719 4103 2940 4174 legibus
2968 4119 3025 4156 se
3052 4102 3312 4157 subditos
3338 4103 3500 4158 arbi-

1887 4196 2145 4259 trentur;
2180 4197 2236 4246 et
2266 4193 2361 4264 qui
2378 4193 2499 4247 sine
2525 4193 2650 4263 lege
2677 4191 2892 4258 vivunt,
2913 4192 3178 4262 sinelege
3201 4193 3492 4264 peribunt.

1883 4301 1943 4354 Χ.
1975 4330 2047 4340 -
2077 4301 2158 4355 De
2188 4316 2244 4352 eo
2295 4299 2436 4370 quod
2462 4299 2754 4352 sacerdotes
2799 4298 3113 4352 mandatum
3173 4297 3244 4350 ad
3288 4306 3499 4368 gentem

2333 4395 2639 4441 extraneum
2673 4404 2778 4440 non
2805 4390 3046 4442 mittant.

1958 4488 2038 4540 Ex
2077 4486 2354 4540 Toletano
2388 4485 2631 4539 concilio
2660 4484 2746 4551 IV,
2775 4500 2902 4555 cap.
2939 4487 3042 4540 30:
3075 4507 3101 4533 «
3134 4483 3490 4539 Conﬁnitimi

1884 4574 2136 4628 hostium
2151 4573 2716 4644 sacerdotes,przeter
2738 4589 2836 4626 eos
2850 4573 2947 4644 qui
2965 4571 3124 4644 regia
3136 4575 3421 4644 potestate
3435 4571 3500 4625 li-

1885 4663 2134 4717 centiam
2149 4665 2630 4732 acceperunt,quc
2641 4660 2821 4715 dlibet
2834 4661 3019 4731 adgen
3031 4664 3149 4714 tem
3163 4664 3502 4715 extraneam

1885 4751 2228 4805 mandatum
2253 4751 2472 4804 occulte
2486 4749 2748 4819 accipere
2773 4749 2857 4803 vel
2879 4749 3127 4820 dirigere
3144 4766 3261 4803 non
3281 4764 3496 4818 praesu-

1887 4843 2068 4893 mant.
2104 4838 2210 4902 Qui
2261 4841 2457 4892 autem
2505 4836 2961 4907 deprehenditur
3009 4839 3180 4906 atque
3211 4833 3501 4888 convinci-

1885 4930 1998 4993 tur,
2029 4926 2399 4980 denuntiatus
2447 4925 2696 4998 principi
2730 4923 2883 4994 apud
2914 4922 3247 4983 concilium,
3279 4937 3497 4990 magna

1885 5014 2389 5070 animadversione
2418 5017 2476 5068 et
2507 5012 2800 5081 condigna
2828 5009 3185 5063 multabitur.
3221 5028 3248 5056 »

1884 5119 2128 5175 Xl—De
2156 5119 2358 5172 clericis
2382 5117 2554 5171 electis
2583 5117 2650 5168 ab
2679 5113 3089 5182 adiﬁcatoribus
3113 5110 3497 5166 venerabilia":

2216 5207 2475 5270 locorum,
2505 5204 2587 5256 vel
2615 5201 2910 5256 heredibus
2953 5217 3158 5255 eorum.

1953 5308 2014 5360 ln
2043 5305 2284 5376 legibus,
2305 5318 2432 5372 cap.
2456 5303 2559 5355 456
2591 5317 2602 5353 :
2637 5321 2664 5348 «
2688 5298 2743 5352 Si
2768 5299 2896 5369 quis
2918 5297 3232 5353 oratoriam
3253 5295 3496 5352 domum

1882 5393 2268 5458 aediﬁcaverit,
2291 5394 2349 5445 et
2367 5390 2486 5463 ipse
2502 5389 2589 5442 vel
2605 5387 2864 5441 haeredes
2884 5387 2932 5457 ej
2943 5405 3006 5441 us
3026 5385 3264 5440 clericos
3281 5385 3339 5439 in
3375 5385 3498 5457 ipsa

1884 5483 2060 5537 domo
2085 5496 2426 5533 consecrare
2453 5475 3062 5546 maluerint,sumptus
3082 5473 3494 5528 administran-

1882 5575 1966 5623 tes
2001 5567 2260 5639 ejusdem
2314 5566 2519 5620 domus
2549 5565 2877 5632 audiantur,
2919 5563 2964 5618 si
2994 5563 3199 5634 dignos
3226 5561 3492 5616 nomina-

1885 5656 2071 5709 verint
2098 5651 2366 5720 clericos;
2397 5653 2480 5708 sin
2514 5657 2708 5709 autem
2738 5654 2816 5709 illi
2849 5654 2990 5710 tales
3021 5652 3154 5715 sint,
3196 5654 3258 5706 ut
3289 5650 3496 5706 divinis
