3882 6222
161 442 245 504 489

1392 440 1770 503 COLLECTIO
1808 443 2157 503 CANONUM.

3335 442 3442 501 490

165 566 428 625 meliorem
456 566 642 625 vitam
670 564 836 642 sequi
866 566 1124 641 cupiunt,
1155 564 1369 623 liberos
1403 581 1499 622 eos
1523 564 1595 621 ab
1621 564 1737 639 epi-
1758 569 1813 629 Α
1847 564 1988 622 dant
2014 566 2263 639 parietes
2292 565 2563 635 ecclesiis,
2583 565 2848 623 volumus
2864 564 2993 621 utin
3001 564 3441 638 juramonaste-

162 675 300 732 scopo
325 657 383 712 in
417 657 794 713 monasteriis
820 657 1017 730 largiri
1041 659 1271 728 oportet
1307 656 1613 727 ingressus,
1635 671 1742 711 nec

160 746 388 802 interdici
406 745 778 818 propositum
800 762 1003 801 eorum
1025 744 1122 817 qui
1145 744 1219 799 ad
1231 743 1744 815 contemplationis

163 834 482 891 desiderium
517 834 767 888 transire
785 834 1070 889 nituntur.
1094 855 1122 883 »

214 926 341 979 Item
371 939 501 997 cap.
533 927 597 978 51
629 941 642 978 :
677 923 1055 977 «Nuntiatum
1084 925 1167 977 est
1198 921 1466 993 praesenti
1496 921 1739 977 concilio

159 1012 287 1085 quod
302 1012 582 1067 monachi
600 1010 909 1083 episcopali
926 1009 1170 1082 imperio
1189 1009 1376 1064 servili
1400 1010 1558 1081 operi
1582 1025 1742 1063 man-

156 1104 480 1174 cipentur,et
496 1103 637 1173 jura
672 1102 1162 1158 monasteriorum
1187 1104 1388 1157 contra
1411 1103 1623 1156 statuta
1653 1116 1741 1155 ca-

154 1207 349 1246 nonum
364 1191 565 1246 illicita
575 1191 1026 1264 praesumptione
1043 1189 1496 1262 usurpentur,ita
1508 1191 1570 1243 ut
1590 1203 1739 1258 pene

154 1279 319 1333 omnis
344 1297 413 1333 ex
441 1279 709 1335 camobio
746 1280 832 1349 [l.,
864 1296 1011 1350 pene
1050 1296 1117 1332 ex
1164 1277 1428 1333 coenobio
1459 1274 1737 1348 possessio

149 1367 273 1438 ﬁat],
319 1371 494 1440 atque
571 1367 804 1421 illustris
850 1366 1039 1438 portio
1094 1365 1299 1421 Christi
1365 1365 1437 1419 ad
1487 1362 1736 1436 ignomi-

149 1455 286 1509 niam
316 1455 774 1526 servitutemque
802 1451 1119 1525 perveniat.
1150 1454 1515 1524 Quapropter
1541 1468 1741 1506 mone-

148 1559 259 1597 mus
285 1559 387 1597 eos
406 1543 509 1613 qui
564 1544 813 1597 ecclesiis
846 1546 1121 1614 praesunt,
1153 1546 1216 1596 ut
1262 1542 1413 1596 ultra
1446 1541 1582 1595 talia
1620 1556 1738 1595 non

148 1635 509 1701 praesumant,
538 1631 638 1685 sed
654 1632 763 1685 hoc
784 1634 1011 1685 tantum
1032 1630 1138 1685 sibi
1160 1630 1219 1684 in
1238 1629 1603 1684 monasteriis
1614 1627 1736 1683 vin-

148 1718 321 1773 dicent
345 1718 845 1791 sacerdotesquod
872 1718 1215 1789 praecipiunt
1245 1733 1515 1783 canones,
1543 1715 1603 1770 id
1631 1719 1735 1784 est,

146 1807 447 1861 monachos
476 1806 551 1861 ad
566 1807 1059 1861 conversationem
1073 1808 1329 1860 sanctam
1350 1820 1734 1875 praemonere,

1844 657 1913 711 rii
1928 657 2050 712 sine
2077 658 2267 730 aliqua
2289 657 2623 713 difﬁcultate
2645 656 3125 729 revertatur,quia
3150 674 3255 713 nec
3270 676 3443 714 mun-

1845 746 2125 801 danarum
2171 748 2363 818 legum
2396 762 2502 800 nec
2543 762 2837 800 sacrorum
2888 763 3179 801 canonum
3228 749 3443 801 statuta

1842 833 2192 906 permittunt
2229 851 2319 888 res
2356 833 2690 888 monasterii
2732 834 2801 888 de
2834 834 2965 904 jure
3022 834 3143 903 ejus
3183 835 3443 905 quolibet

1841 921 2006 977 titulo
2039 921 2349 994 segregari.
2386 922 2745 994 Quapropter
2776 921 3154 976 donationem
3181 922 3442 993 ejusdem

1840 1012 2031 1077 terra},
2085 1027 2211 1081 qua:
2243 1012 2445 1065 contra
2473 1010 2761 1064 rationem
2780 1008 2932 1064 facta
2978 1009 3222 1077 est,sine
3250 1011 3442 1083 aliqua

1839 1098 2072 1152 restitue
2094 1098 2567 1153 contradictione.
2603 1119 2631 1147 »

1909 1188 2053 1242 item
2083 1186 2143 1240 in
2167 1187 2409 1259 Legibus
2435 1202 2559 1257 cap.
2590 1188 2728 1242 40’s:
2763 1210 2790 1237 «
2815 1186 2873 1242 Si
2899 1186 3025 1259 quis
3040 1188 3193 1242 mala
3211 1188 3324 1243 ﬁde
3350 1205 3443 1244 res

1808 1276 2059 1333 ,alienas
2085 1275 2357 1348 posidens
2378 1275 2704 1330 vendiderit
2733 1292 2848 1339 eas,
2888 1277 2975 1329 vel
3003 1276 3320 1343 donaverit,
3355 1278 3441 1331 vel

1840 1364 1949 1419 alio
1983 1365 2157 1418 modo
2194 1364 2551 1428 alienaverit,
2580 1364 2625 1417 is
2655 1368 2849 1418 autem
2908 1363 3003 1435 qui
3036 1382 3093 1417 se
3134 1365 3440 1421 dominum

1839 1469 2038 1508 earum
2070 1455 2249 1524 pulat,
2280 1454 2466 1508 sciens
2492 1454 2621 1519 hoc,
2665 1452 2971 1508 testatione
3004 1456 3358 1511 denuntiarit
3387 1456 3441 1511 ei

1838 1541 1934 1613 qui
1966 1558 2055 1595 res
2083 1541 2236 1612 cepit
2261 1541 2415 1595 intra
2434 1542 2787 1596 decennium
2819 1541 2971 1596 inter
2990 1548 3322 1614 praesentes,
3353 1548 3437 1601 vel

1837 1629 1989 1683 inter
2008 1630 2274 1684 absentes
2310 1629 2462 1683 intra
2480 1630 2815 1684 vicennium
2846 1648 2859 1697 ;
2896 1647 2988 1684 res
3017 1631 3261 1687 ﬁrmiter
3286 1634 3441 1705 apud

1838 1721 2186 1787 emptorem,
2233 1717 2319 1771 vel
2378 1716 2475 1789 qui
2507 1717 2885 1773 donationem
2923 1719 3163 1791 excepit,
3214 1723 3300 1775 vel
3328 1722 3437 1777 alio

1837 1806 2013 1860 modo
2032 1805 2408 1860 alienationes
2424 1808 2624 1859 nactus
2641 1808 2743 1871 est,
2768 1812 3167 1878 permaneant.
3189 1809 3351 1873 Quod
3369 1812 3435 1880 si,

143 1894 363 1950 abbates
415 1894 491 1949 ad
544 1894 738 1967 aliqua
785 1894 906 1964 [aI.,
964 1893 1217 1961 abbates,
1274 1892 1515 1965 aliaque]
1549 1892 1739 1947 ofﬁcia
1770 1890 2146 1966 Bignorante
2177 1894 2439 1960 domino,
2465 1894 2620 1948 mala
2638 1894 2751 1948 ﬁde
2780 1897 3435 1968 possessoralienaverit,

142 1983 449 2048 instituere,
493 1986 668 2054 atque
719 1985 882 2036 extra
925 1982 1189 2053 regulam
1232 1980 1384 2035 facta
1423 1979 1734 2051 corrigere.

142 2070 293 2135 Quod
319 2071 365 2125 si
381 2070 603 2142 aliquid
620 2070 677 2124 in
696 2071 1012 2125 monachos
1037 2068 1737 2124 canonibusinterdictum

137 2159 622 2231 prmsumpserint,
639 2162 737 2213 aut
756 2174 1031 2229 usurpare
1048 2157 1345 2229 quidpiam
1360 2155 1430 2210 de
1453 2157 1740 2210 monaste-

138 2247 200 2301 rii
227 2248 396 2303 rebus
425 2246 809 2316 tentaverint;
843 2263 962 2301 non
986 2245 1169 2301 deerit
1198 2245 1269 2300 ab
1300 2244 1409 2299 illis
1450 2242 1738 2300 sententia

140 2333 865 2410 excommunicationis,qui
879 2351 938 2391 se
956 2333 1225 2407 deinceps
1239 2348 1607 2406 nequaquam
1623 2348 1738 2387 sus-

136 2423 361 2478 tulerint
388 2424 460 2478 ab
480 2423 709 2478 illicitis.
736 2444 764 2472 n

131 2529 291 2586 XXIV.
321 2561 392 2571 —
421 2529 507 2585 De
528 2528 728 2584 clericis
755 2530 851 2601 qui
873 2533 1111 2601 propter
1138 2529 1432 2584 vanitatem
1482 2526 1733 2599 efﬁciun-

724 2599 811 2654 tur
862 2599 1128 2654 monachi.

196 2708 269 2762 Ex
298 2705 1056 2778 concilioCiesaraugustano
1081 2701 1729 2777 cap.6(Concil.Caesar.,

131 2795 219 2848 sub
245 2795 488 2860 Damus.)
520 2812 535 2850 :
583 2817 611 2844 α
650 2793 708 2850 Si
740 2794 865 2866 quis
894 2793 965 2848 de
992 2793 1211 2847 clericis
1256 2794 1496 2865 propter
1526 2793 1725 2847 luxum

134 2883 556 2955 vanitatemque
567 2884 985 2956 praesumptam
1008 2881 1078 2935 de
1099 2880 1289 2935 ofﬁcio
1307 2887 1513 2953 sponte
1527 2880 1729 2935 disces-

133 2970 284 3037 serit,
310 2988 373 3025 ac
402 2988 481 3037 se,
514 2972 668 3025 velut
694 2971 1128 3026 observatorem
1160 2968 1325 3041 legis,
1372 2969 1728 3024 monachum

134 3058 306 3113 videri
333 3059 599 3115 maluerit
627 3076 749 3114 esse
772 3074 948 3131 quam
970 3058 1264 3125 clericum,
1292 3057 1373 3113 ita
1400 3058 1469 3112 de
1493 3057 1730 3113 ecclesia

130 3148 537 3237 repellendum,
556 3150 639 3215 ut,
670 3147 781 3237 nisi
796 3146 1077 3237 rogando
1098 3148 1158 3200 et
1176 3145 1530 3237 obsecrando
1549 3145 1725 3237 pluri-
1755 3177 1802 3237 α

129 3234 233 3288 mis
262 3237 614 3308 temporibus
642 3235 1006 3301 satisfecerit,
1024 3251 1141 3291 non
1168 3233 1590 3306 recipiatur.Ab
1606 3234 1727 3289 uni-

125 3323 292 3378 versis
317 3324 598 3397 episc0pis
634 3323 854 3379 dictum
884 3325 969 3378 est
996 3324 1115 3378 :Ita
1140 3322 1260 3378 ﬁat.
1299 3343 1328 3372 »

381 3438 529 3497 XXV.
560 3468 629 3478 —
662 3435 749 3492 De
775 3437 1190 3510 possessionibus
1226 3435 1471 3493 ecclesia.

189 3543 265 3597 Ex
294 3544 404 3599 alio
422 3545 705 3600 Toletano
738 3543 981 3599 concilio
1012 3558 1136 3613 cap.
1161 3544 1195 3597 4
1224 3560 1236 3597 :
1274 3564 1303 3592 ‹‹
1336 3542 1393 3597 Si
1424 3541 1549 3616 quis
1584 3557 1725 3597 sane

123 3631 456 3688 clericorum
487 3634 708 3703 agellos
756 3633 841 3687 vel
868 3632 1122 3687 vineolas
1161 3631 1222 3685 in
1274 3631 1441 3686 terris
1472 3630 1726 3686 ecclesias

120 3718 219 3773 sibi
233 3719 430 3776 fecisse
454 3721 737 3792 probatur
754 3720 1146 3774 sustentanda
1166 3718 1294 3774 vitae
1320 3734 1511 3786 causa,
1544 3734 1725 3791 usque

118 3807 185 3861 ad
211 3806 369 3863 diem
393 3809 581 3864 obitus
592 3807 677 3863 sui
700 3808 1007 3878 possideat.
1031 3809 1163 3863 Post
1174 3824 1341 3862 suum
1362 3824 1494 3863 vero
1526 3807 1597 3863 de
1616 3808 1726 3862 hac

118 3894 225 3949 vita
239 3896 593 3968 discessum,j
604 3900 740 3952 uxta
756 3897 1017 3969 priorum
1033 3913 1322 3952 canonum
1337 3896 1724 3952 institutiones

110 3982 196 4052 jus
225 4002 395 4042 suum
418 3986 676 4042 ecclesiae
706 3985 995 4052 restituat,
1043 4002 1151 4040 nec
1191 3985 1632 4041 testamentario
1660 4001 1726 4040 ac

115 4074 455 4129 successorio
485 4075 620 4145 jure
649 4073 921 4146 cuiquam
949 4073 1245 4129 haaredum
1285 4074 1723 4146 prohaaredum-

114 4175 217 4229 que
239 4163 554 4234 relinquat,
596 4161 708 4216 nisi
738 4161 982 4216 forsitan
1013 4161 1103 4215 cui
1149 4161 1449 4232 episcopus
1479 4178 1583 4233 pro
1603 4178 1721 4218 ser-

112 4248 253 4303 vitiis
274 4251 383 4305 hac
413 4250 793 4323 praestatione
814 4249 1068 4305 ecclesiae
1096 4249 1295 4321 largiri
1323 4249 1587 4305 voluerit.
1621 4271 1649 4299 »

174 4329 513 4385 GREGORIUS
526 4331 740 4385 Joanm
763 4345 1047 4384 EPISCOPO
1068 4330 1269 4401 (Gaza.
1288 4330 1387 4385 lib.
1405 4346 1508 4397 vn,
1527 4333 1716 4403 ep.33,

110 4415 225 4471 ind.
262 4423 313 4473 I.

177 4422 225 4471 [ι.
262 4423 313 4473 I.

177 4528 203 4553 ‹‹
237 4422 434 4571 Quiesti
458 4510 598 4562 sunt
617 4506 889 4562 monachi
906 4509 1018 4562 tute
1036 4506 1346 4562 dioeceseos
1372 4508 1429 4562 te
1446 4506 1716 4579 quaedam

112 4590 176 4646 de
194 4596 555 4651 monasterio
574 4596 680 4650 sub
709 4594 861 4650 xenii
887 4595 1048 4667 quasi
1078 4595 1265 4665 specie
1288 4596 1603 4651 abstulisse.
1649 4598 1718 4653 Et

112 4680 233 4761 ideo
260 4701 495 4761 necesse
508 4688 627 4761 _est_
647 4686 728 4748 ut,
755 4683 954 4761 siquid
973 4684 1311 4739 indecenter
1334 4686 1536 4761 recolis
1555 4702 1714 4761 acce-

114 4754 273 4822 pisse,
304 4756 430 4811 sine
464 4754 749 4811 dilatione
778 4754 1064 4823 restituas,
1099 4772 1171 4810 ne
1196 4756 1714 4829 avaritiastegravi-

116 4842 194 4894 ter
217 4844 383 4916 culpa
396 4844 740 4914 redarguat,
767 4859 941 4913 quem
961 4844 1190 4915 largum
1209 4860 1350 4915 erga
1363 4847 1716 4902 monasteria

114 4932 471 4988 sacerdotalis
506 4932 697 5003 magis
728 4931 1007 4986 debuerat
1036 4933 1431 4988 muniﬁcentia
1469 4935 1711 4991 demon-

117 5019 299 5075 strare.
330 5020 523 5085 Questi
552 5036 786 5092 quoque
817 5023 949 5074 sunt
966 5021 1236 5076 monachi
1259 5022 1528 5078 abbatem
1546 5040 1712 5079 suum

117 5107 314 5163 terram
342 5110 444 5164 tibi
470 5108 806 5163 donationis
832 5108 1172 5164 concessisse
1193 5111 1297 5165 sub
1322 5114 1604 5184 praetextu
1625 5111 1711 5169 fa-

118 5191 384 5253 bricandae
406 5197 687 5253 ecclesiis.
719 5198 788 5251 Et
809 5197 960 5264 ideo,
990 5199 1269 5269 prmterid
1286 5201 1441 5272 quod
1466 5200 1710 5257 circum-

120 5336 263 5416 Quod
291 5359 596 5416 aggressus
628 5339 1209 5416 estgLupus,_tam_etsi
1242 5341 1297 5396 id
1332 5360 1629 5416 nunquam
1653 5347 1709 5400 in

119 5412 547 5485 controversiam
571 5414 863 5485 vocatum,
893 5414 977 5464 vel
1013 5412 1236 5485 audisse
1278 5431 1357 5480 se,
1390 5412 1490 5468 vel
1509 5417 1712 5485 legisse

120 5480 359 5558 fateatur.
373 5484 646 5558 Ejusdem
673 5483 794 5558 fere
816 5484 1142 5558 argumenti
1157 5486 1505 5558 esttiregorii
1525 5480 1713 5558 lilagni

120 5554 331 5624 cpistola
349 5552 555 5629 39',lib.
588 5556 675 5629 lt},
717 5552 790 5606 ad
824 5553 1172 5629 Desiderium
1198 5555 1257 5609 in
1283 5552 1461 5611 Gallia
1493 5552 1709 5629 episco-

118 5642 258 5697 pum,
299 5628 416 5699 qui,
451 5642 588 5699 cum
632 5624 1006 5699 Pancratium
1027 5627 1294 5679 clericum
1329 5629 1467 5681 olim
1517 5624 1707 5693 suum,

117 5695 295 5769 postea
316 5695 686 5754 monachum
707 5695 945 5763 factum,
996 5696 1054 5749 in
1081 5699 1390 5754 Ecclesium
1421 5700 1512 5755 cui
1536 5717 1706 5759 man~

588 5795 830 5851 ΡΑτιοι..
866 5792 1113 5854 CXXXIX.

1840 1998 1958 2036 non
1993 1982 2161 2035 aliter
2213 1981 2323 2035 hoc
2378 1981 2717 2053 praejudicet
2764 1982 3001 2037 domino
3053 1983 3160 2037 nisi
3202 1985 3441 2055 triginta

1839 2086 2127 2126 annorum
2152 2069 2402 2141 spatium
2434 2072 2790 2124 transactum
2834 2069 2924 2137 sit,
2960 2070 3219 2141 quamvis
3242 2072 3290 2126 is
3342 2072 3439 2144 qui

1840 2159 1984 2214 emit
2015 2159 2103 2213 vel
2156 2157 2268 2213 alio
2299 2158 2479 2213 modo
2511 2157 2885 2213 alienationes
2909 2160 3108 2212 nactus
3137 2162 3241 2227 est,
3270 2160 3440 2215 bonas

1836 2246 1973 2303 ﬁdei
2000 2262 2291 2320 possessor
2339 2246 2529 2301 fuerit.
2559 2267 2586 2297 »

1835 2337 2007 2391 XXVI.
2062 2365 2134 2378 —-
2220 2335 2304 2389 De
2352 2336 2628 2403 monacho,
2654 2334 2675 2459 it
2697 2334 2782 2390 vel
2822 2335 3223 2391 sanctimoniali
3246 2338 3302 2390 in
3346 2338 3442 2409 jus

2523 2423 2648 2459 voca
2676 2422 2732 2459 a.

2523 2422 2732 2463 vocata.

1906 2496 1985 2551 Ex
2011 2493 2425 2550 constitutione
2457 2499 2510 2562 2,
2539 2510 2664 2566 cap.
2688 2496 2756 2550 ’74
2779 2494 3005 2566 (Novell.
3029 2499 3119 2564 79,
3151 2512 3201 2551 c.
3234 2500 3283 2563 I)
3302 2514 3354 2552 ες
3382 2497 3443 2554 Si

1837 2584 1963 2658 quis
1978 2600 2108 2639 cum
2130 2583 2431 2638 monachis
2446 2584 2533 2638 vel
2561 2583 3093 2639 sanctimonialibus
3104 2586 3317 2641 habeat
3333 2586 3443 2641 liti-

1832 2674 2019 2746 gium,
2041 2690 2158 2729 non
2188 2674 2403 2729 audeat
2434 2688 2533 2728 eos
2554 2674 2627 2728 ad
2644 2672 2868 2729 civilem
2891 2674 3149 2746 judicem
3181 2693 3446 2733 accusare

1829 2765 1917 2818 vel
1933 2763 2250 2832 trahere,in
2270 2762 2602 2818 archisterio
2616 2764 2703 2818 vel
2718 2764 3069 2819 monasterio
3082 2764 3442 2833 constitutos;

1830 2852 1932 2906 sed
1955 2852 2142 2923 magis
2177 2852 2349 2906 adeat
2372 2851 2617 2905 civitatis
2633 2851 3094 2923 episcopumJlle
3117 2852 3272 2907 enim
3291 2853 3444 2908 msti-

1832 2940 2017 2995 mabit
2036 2944 2229 2994 utrum
2251 2939 2657 3012 repraesentari
2697 2940 3032 3013 principalis
3064 2957 3319 3012 persona
3350 2942 3447 3000 de-

1828 3028 1985 3096 beat,
2014 3045 2088 3083 an
2105 3044 2209 3099 per
2230 3027 2620 3096 defensorem,
2654 3044 3010 3100 egumenum
3036 3031 3121 3084 vel
3139 3031 3444 3101 apocrisia-

1830 3116 1981 3172 rium
1994 3116 2229 3171 defendi
2242 3133 2373 3170 cum
2392 3117 2553 3171 omni
2573 3117 2787 3173 scilicet
2806 3118 3129 3185 honestate,
3151 3118 3233 3173 ita
3252 3122 3314 3173 ut
3328 3120 3445 3190 epi-

1829 3221 2034 3277 scopus
2056 3204 2281 3276 legibus
2300 3205 2689 3261 etcanonibus
2720 3210 3174 3262 consentaneam
3206 3210 3440 3263 senten-

1828 3294 1972 3349 tiam
1995 3293 2395 3364 proferat.»De
2408 3295 3141 3367 temeratoribus,cap.4«Si
3154 3297 3279 3368 quis
3291 3298 3441 3352 hanc

1829 3381 2305 3437 constitutionem
2318 3380 2635 3447 violaverit,
2651 3381 2710 3435 in
2728 3382 3071 3453 magistratu
3088 3385 3322 3455 quidem
3336 3401 3438 3456 po-

1828 3468 2048 3524 situsIO
2068 3468 2348 3522 librarum
2379 3468 2503 3523 auri
2533 3484 2708 3539 paena
2738 3470 3105 3539 multabitur;
3140 3478 3440 3529 exsecutor

1828 3558 2025 3612 autem
2065 3555 2253 3610 litium
2284 3556 2644 3623 constitutus,
2664 3555 2725 3610 in
2757 3556 3041 3611 decanicis
3061 3560 3436 3616 ecclesiarum

1827 3644 2161 3700 recludatur
2181 3645 2579 3716 competentes
2600 3659 2801 3714 pcenas
2817 3643 3094 3714 luiturus;
3145 3649 3203 3700 et
3235 3651 3438 3718 postea

1828 3753 1946 3793 non
1978 3735 2329 3791 concedatur
2358 3734 2613 3790 ofﬁcium
2646 3735 2992 3791 exsecutoris
3020 3737 3259 3793 habere.
3292 3758 3321 3786 »

1825 3827 2021 3885 XXVII.
2057 3857 2128 3867 —
2178 3827 2265 3882 De
2285 3826 2366 3880 his
2418 3843 2536 3898 quae
2584 3843 2618 3880 a
2667 3826 2909 3895 ﬁdelibus
2933 3828 2988 3879 in
3041 3825 3273 3882 basilicis
3300 3830 3431 3900 o/fe-

2515 3914 2730 3951 runtur.

1896 3989 1974 4043 Ex
2005 3987 2251 4043 concilio
2282 3986 2671 4043 Aureliaeensi
2705 4003 2831 4060 cap.
2864 3989 2918 4041 ll
2967 3987 3135 4059 (conc.
3165 3986 3359 4043 Aurel.
3392 4007 3430 4058 ι,

1823 4092 1949 4150 cap.
1986 4076 2105 4147 l5):
2134 4098 2161 4127 «
2193 4077 2275 4131 De
2304 4075 2392 4131 his
2426 4093 2553 4149 quas
2574 4075 2859 4148 parochiis
2888 4076 2947 4131 in
2999 4077 3188 4146 terris,
3229 4077 3430 4146 vineis,

1824 4163 2126 4235 mancipiis
2150 4168 2323 4237 atque
2359 4163 2597 4237 peculiis
2629 4164 2953 4236 quicunque
2979 4165 3176 4221 ﬁdeles
3206 4167 3430 4225 obtule-

1824 4252 1964 4320 rint,
2007 4252 2380 4325 antiquorum
2440 4269 2732 4309 canonum
2765 4257 2977 4309 statuta
3007 4259 3325 4324 serventur,
3373 4262 3431 4313 et

1825 4341 2025 4397 omnia
2042 4341 2102 4396 in
2122 4341 2374 4414 episcopi
2386 4344 2671 4412 potestate
2690 4342 3111 4399 consistantDe
3124 4344 3212 4399 his
3229 4347 3427 4401 tamen

1740 4436 1792 4496 D
1824 4447 1951 4502 quae
1980 4430 2038 4485 in
2070 4430 2274 4486 altario
2297 4430 2659 4499 accesserint,
2691 4431 2862 4486 tertia
2884 4432 3130 4488 ﬁdeliter
3148 4433 3428 4505 episcopis

1821 4518 2138 4575 deferatur.
2174 4540 2203 4569 »

1886 4617 2108 4672 XXVIII.
2161 4646 2234 4659 -—
2255 4616 2339 4673 De
2361 4618 2615 4689 episwpis
2639 4618 2970 4743 znvasoribus
2988 4621 3353 4692 praetermissa

2507 4706 2637 4743 suno
2677 4707 2727 4743 ο.

2507 4706 2727 4760 synoao.

1888 4777 2237 4852 Exﬂconcilio
2268 4777 2834 4852 Carthaginistcap.
2880 4782 2945 4852 66
2990 4781 3152 4842 (conc.
3207 4780 3421 4850 A/ric.,

1813 4866 1901 4903 seu
1947 4847 2233 4920 Carlhag.,
2290 4867 2337 4904 c.
2372 4852 2461 4919 87,
2485 4847 2605 4905 vsub
2637 4847 2852 4905 Bon-if.
2891 4851 2909 4905 l
2972 4855 3031 4907 et
3078 4847 3300 4907 leest.
3336 4847 3418 4919 l)i

1817 4959 1845 4989 ‹‹
1866 4938 2083 4993 Placuit
2102 4941 2164 4993 ut
2194 4938 2442 5011 episcopi
2470 4955 2840 5011 quascunque
2871 4940 3134 4996 ecclesias
3160 4942 3245 4995 vel
3298 4943 3419 5015 ple-

1812 5026 1932 5095 bes,
1948 5045 2090 5102 quas
2111 5029 2185 5083 ad
2204 5045 2368 5084 suam
2396 5027 2733 5083 cathedram
2753 5027 3085 5085 existimant
3102 5032 3417 5100 pertinere,

1813 5132 1932 5170 non
1964 5117 2044 5170 ita
2094 5116 2435 5188 repetierint
2468 5119 2529 5170 ut
2564 5131 2762 5170 causas
2792 5131 2920 5169 suas
2966 5117 3245 5190 episcopis
3266 5121 3420 5190 judi-

1813 5206 2075 5261 cantibus
2105 5211 2303 5278 agant,
2349 5205 2447 5259 sed
2480 5204 2589 5259 alio
2623 5204 2911 5257 retinente
2960 5204 3255 5274 irruerint,
3304 5209 3418 5264 sive

1815 5347 2035 5418 cipatus
2061 5349 2232 5400 antea
2252 5346 2440 5418 fuerat
2470 5360 2744 5418 revocare
2793 5345 2981 5418 vellet,
3012 5347 3071 5396 ut
3100 5363 3170 5399 nc
3204 5346 3259 5401 id
3290 5350 3413 5400 ten-

1816 5414 1937 5471 tare
1970 5421 2241 5489 pergeret
2288 5415 2621 5489 admonitus
2649 5431 2681 5468 a
2709 5414 2982 5489 Gregorio
3035 5419 3138 5468 est.
3170 5418 3416 5488 Insignis

1814 5485 2173 5565 etiamneade
2204 5503 2266 5540 re
2294 5485 2534 5565 epistola
2555 5489 2737 5565 exstat
2759 5485 2911 5565 Petri
2942 5485 3413 5565 Venerabilis—al)-

1813 5556 2373 5629 balisCluniacensis
2398 5556 2469 5629 ad
2507 5558 2779 5611 Attonem
2814 5557 3145 5629 episcopum
3177 5560 3415 5615 Τι’ρισριιο

1810 5646 1929 5683 sem
1973 5628 2027 5680 in
2056 5628 2153 5680 lib.
2187 5644 2245 5693 ιι,
2273 5627 2513 5700 cpistola
2545 5632 2630 5682 50.

3142 5808 3207 5861 16
