3882 6222
411 444 515 501 495

1444 427 1502 486 S.
1543 424 1838 484 ABBONIS
1877 417 2165 480 ABBATIS
2206 415 2700 478 FLORIACENSIS

3609 412 3698 471 496

412 560 897 622 constitutionesa
917 551 1202 628 parochiis
1221 549 1435 607 habere
1457 549 1667 620 jubent
1690 547 2008 619 episcopos,
2031 547 2086 606 Α
2120 542 2381 598 habitare
2395 539 2534 613 jussi
2558 541 2710 606 sunt,
2727 555 2798 593 ne
2813 553 2942 592 cum
2969 534 3235 591 uxOribus
3248 531 3469 608 possint
3493 533 3700 590 carnale

413 659 476 711 ut
527 653 637 708 illis
688 649 821 712 alia,
851 662 978 717 quae
1031 644 1140 698 huc
1199 657 1375 711 usque
1448 639 1800 709 praesumpta
1857 637 2008 699 sunt,

413 743 793 813 denegantur.
819 737 935 790 Hoc
957 739 1060 798 est,
1089 747 1270 800 neque
1295 728 1353 781 in
1373 727 1624 796 angariis
1649 725 2014 796 presbyteros

413 837 510 888 aut
536 811 826 891 diaconos,
855 839 1040 894 neque
1069 820 1124 873 in
1157 816 1438 887 aliquibus
1469 814 1715 885 fatigent
1746 811 2011 866 indictio—

414 922 600 984 nibus,
631 934 702 970 ne
728 915 1030 969 vidcantur
1047 908 1104 962 in
1129 906 1374 961 Ecclesia
1395 904 1493 958 Dei
1515 904 1808 957 exactores
1827 899 2013 972 potius

414 1026 587 1083 quam
641 1005 740 1061 Dei
792 1000 1089 1074 pontiﬁces
1131 993 1440 1049 nominari.
1490 991 1553 1044 Hi
1603 1007 1735 1044 vero
1797 988 2009 1054 clerici,

417 1105 533 1154 tam
568 1096 774 1151 locales
805 1106 978 1162 quam
1013 1083 1340 1145 dioecesani,
1374 1081 1468 1152 qui
1514 1096 1571 1134 se
1622 1079 1692 1132 ab
1744 1078 2011 1148 episc0po

415 1186 639 1261 gravari
681 1177 1074 1252 cognoverint,
1123 1174 1385 1245 querelas
1429 1184 1557 1223 suas
1615 1167 1686 1222 ad
1725 1161 2016 1236 metropo-

415 1254 658 1331 litanum
702 1270 927 1324 deferre
979 1281 1096 1318 non
1139 1261 1446 1316 diti'erant:
1481 1257 1578 1328 qui
1625 1254 2016 1325 metropolita~

417 1383 521 1420 nus
555 1380 670 1417 non
711 1358 969 1414 moretur
1007 1349 1290 1423 ejusmodi
1330 1343 1811 1421 praesumptiones
1855 1359 2014 1397 coer-

417 1470 565 1510 cere.
602 1473 630 1500 ν

486 1537 771 1611 Eugenius
812 1550 980 1607 papa,
1024 1545 1149 1600 cap.
1195 1532 1257 1583 '21
1304 1522 1558 1596 (synodus
1593 1521 1816 1585 Rom.):
1853 1541 1878 1568 «
1911 1519 2023 1573 Mo-

418 1628 732 1685 nasterium
755 1624 840 1678 vel
872 1619 1199 1675 oratorium
1230 1613 1621 1670 constructum
1659 1607 1955 1674 canonice,
1991 1623 2024 1660 a

418 1716 676 1774 dominio
700 1707 1111 1766 constructoris
1131 1706 1238 1776 [eo]
1257 1703 1434 1757 invito
1456 1716 1570 1755 non
1589 1697 1921 1762 auferatur;
1957 1694 2022 1749 li-

419 1809 656 1877 ceatquc
687 1802 765 1856 illi
792 1799 1125 1872 presbytero
1158 1793 1245 1847 cui
1277 1789 1542 1854 voluerit,
1578 1804 1707 1842 cum
1737 1799 2025 1840 consensu

2116 648 2380 688 exercere
2396 629 2832 685 commercium.
2853 627 2964 681 Nos
2990 641 3124 679 vero
3148 640 3355 678 omnes
3378 622 3699 678 sacerdotes

2116 719 2483 793 atquelevitaa
2503 717 2794 771 insolubili
2815 717 2938 785 lege
2973 712 3431 782 constringimur
3462 712 3540 776 ut,
3566 728 3596 764 θ.
3622 711 3700 765 die

2115 808 2496 865 ordinationis
2512 802 3052 872 ucstrae,sobrietati
3075 817 3138 855 ac
3157 800 3450 872 pudicitiae
3469 801 3523 852 et
3548 800 3702 853 corda

2115 903 2312 954 nostra
2329 898 2592 968 mancipe
2601 913 2726 950 mus
2737 899 2793 949 et
2805 889 3399 964 corpora,dummodo
3413 905 3513 960 per
3526 888 3701 943 omnia

2114 990 2230 1043 Deo
2259 991 2451 1041 nostro
2483 985 2541 1039 in
2575 985 2661 1038 his
2685 1001 2812 1055 qum
2837 980 3096 1053 quotidie
3121 978 3422 1034 offerimus
3442 976 3700 1030 sacriﬁciis

2115 1079 2464 1150 placeamus.
2497 1073 2602 1138 Qui
2631 1088 2768 1143 ergo
2795 1068 3125 1142 ignorantia
3156 1069 3348 1139 lapsos
3378 1082 3436 1120 se
3469 1081 3583 1119 esse
3614 1064 3699 1119 de-

2115 1165 2372 1231 ﬂent,his
2389 1165 2498 1218 hac
2509 1161 2842 1217 conditione
2862 1156 3320 1212 misericordiam
3344 1153 3577 1209 dicimus
3597 1169 3699 1206 non

2117 1254 2471 1326 negandam,
2499 1252 2580 1317 ut,
2606 1250 2726 1304 sine
2749 1250 2863 1302 ullo
2885 1245 3121 1301 honoris
3148 1246 3489 1316 augmento,
3523 1242 3576 1294 in
3604 1242 3701 1295 hoc

2119 1359 2231 1415 quo
2265 1340 2470 1396 detecti
2500 1343 2651 1402 sunt,
2679 1337 2933 1408 quandiu
2965 1333 3228 1399 vixerint,
3257 1331 3447 1386 ofﬁcio
3471 1345 3701 1400 perseve-

2121 1434 2271 1497 rent,
2305 1431 2348 1483 si
2377 1433 2573 1482 tamen
2606 1430 2734 1498 post
2758 1428 2880 1480 hac
2909 1423 3274 1478 continentes
3302 1437 3362 1474 se
3402 1416 3700 1472 studuerint

2123 1517 2526 1580 exhibere.Qui
2551 1514 2977 1583 vero,exemplo
3002 1510 3206 1565 veteris
3229 1503 3698 1576 sacerdotii,quasi

2124 1607 2276 1661 licito
2302 1604 2570 1676 conjugio
2599 1607 2859 1666 utuntur,
2894 1599 3159 1654 noverint
3189 1614 3249 1651 se
3272 1596 3345 1649 ab
3371 1593 3523 1649 omni
3543 1593 3696 1646 eccle-

2125 1697 2347 1750 siastico
2382 1696 2628 1759 honore,
2669 1709 2782 1764 quo
2824 1689 3045 1760 indigni
3087 1687 3168 1742 usi
3211 1687 3370 1748 sunt,
3401 1681 3697 1752 apostolica:

2126 1784 2275 1840 sedis
2339 1782 2679 1838 auctoritate
2737 1780 3020 1850 dejectos,
3073 1791 3177 1830 nec
3249 1787 3504 1843 unquam
3557 1785 3699 1840 posse

423 1855 651 1877 ’““’”““‹ι”“
689 1855 716 1856 "
797 1855 810 1872 ι
964 1855 982 1869 υ

417 1896 501 1951 sui
532 1891 802 1966 episcopi,
844 1905 915 1942 ne
951 1885 1134 1939 malus
1165 1881 1254 1948 sit,
1286 1876 1724 1942 commendare,
1758 1874 1840 1927 ita
1867 1874 1927 1926 ut
1951 1871 2023 1926 ad
2052 1855 2102 1914 Β
2129 1873 2320 1927 divina
2370 1873 2677 1925 attrectare
2714 1866 2986 1939 mysteria
3041 1863 3315 1932 deinceps
3363 1859 3478 1913 ulla
3529 1859 3700 1910 nostra.

416 1964 690 2057 placitum
722 1975 968 2050 episcopi
1003 1970 1268 2026 sacerdos
1299 1966 1640 2022 obedienter
1669 1964 1952 2017 recurrat.
1997 1982 2024 2008 ››

487 2073 652 2136 Item,
703 2049 825 2136 cap.
875 2065 984 2118 2t:
1019 2080 1050 2112 «
1086 2055 1344 2130 Episcopi
1389 2054 1447 2107 in
1499 2051 1748 2123 propriis
1789 2049 1904 2103 suis
1941 2064 2029 2102 ec-

418 2161 597 2216 clesiis
663 2155 1024 2229 presbyteros
1092 2147 1384 2203 ordinent.
1446 2141 1611 2205 Quod
1675 2140 1720 2194 si
1781 2138 2022 2211 quilibet

419 2249 560 2304 alius
588 2247 766 2300 homo
797 2243 857 2296 in
889 2257 991 2294 sua
1044 2235 1276 2292 basilica
1313 2230 1464 2286 infra
1512 2229 1688 2284 trium
1740 2227 2028 2282 mensium

419 2337 688 2408 spatium,
723 2331 794 2386 ab
816 2329 1084 2402 episcopo
1137 2322 1412 2386 monitus,
1468 2318 1872 2390 presbyterum
1907 2330 2026 2368 non

417 2406 659 2486 miserit,
693 2419 991 2491 episcopus
1021 2410 1266 2486 principi
1284 2409 1559 2480 suggerat
1587 2408 1651 2459 ut
1681 2406 1788 2458 hoc
1819 2419 2024 2456 emen-

422 2515 536 2570 det.
574 2535 602 2562 ››

489 2605 656 2665 Item,
691 2613 815 2667 cap.
845 2599 910 2650 25
945 2609 957 2647 :
996 2613 1023 2640 »
1059 2589 1115 2645 Si
1148 2588 1451 2642 destructae
1481 2580 1733 2637 ecclesiae
1792 2581 1861 2635 de
1894 2595 2027 2649 pro-

421 2690 560 2763 priis
598 2687 768 2741 rebus
816 2676 1154 2742 reaadiﬁcari
1201 2692 1318 2729 non
1363 2669 1677 2744 potuerint,
1733 2685 1766 2723 a
1815 2668 2029 2738 populo

428 2776 610 2852 plebis
635 2771 1000 2829 auxiliantur.
1034 2789 1061 2815 »

497 2869 665 2924 Item,
688 2876 813 2932 cap.
845 2861 910 2912 26
946 2874 958 2911 :
993 2875 1024 2907 «
1055 2854 1250 2908 Nullus
1298 2849 1597 2922 episc0pus
1642 2863 1676 2901 a
1703 2846 1877 2914 .nullo
1924 2842 2032 2897 sibi

424 2955 679 3025 subjecto
712 2947 914 3003 clerico
949 2942 1292 2999 donationes
1341 2939 1492 2993 ultra
1537 2937 1748 2990 statuta
1795 2935 2032 2990 Patrum

426 3043 634 3113 exigat,
669 3054 772 3092 nec
805 3033 1088 3106 angariat.
1122 3049 1152 3082 ι

2128 1959 2515 2031 indulgentia,
2549 1959 2662 2012 sive
2693 1956 2764 2011 sit
2789 1955 3106 2026 episcopus,
3123 1951 3240 2006 sive
3271 1948 3582 2022 presbyter,
3601 1941 3697 1996 sive

2131 2049 2423 2104 diaconus.
2458 2067 2488 2100 ›

2130 2171 2339 2244 Χι.;-
2380 2172 2454 2224 De
2481 2171 2606 2242 ﬁliis
2637 2169 3086 2244 presbyterorum,
3126 2165 3208 2221 vel
3235 2165 3601 2236 episcoporum,
3634 2153 3704 2211 vel

2743 2241 3106 2294 diaconorum.

2201 2349 2278 2402 Ex
2309 2363 2467 2403 conc.
2497 2347 2677 2401 Tolet.
2710 2361 2787 2411 ix,
2821 2360 2945 2414 cap.
2989 2346 3053 2398 10
3086 2358 3098 2396 :
3135 2361 3166 2394 α
3204 2339 3541 2408 Quicunque
3585 2347 3697 2387 vero

2131 2437 2468 2491 clericorum
2518 2434 2588 2489 ab
2632 2433 2898 2504 episcopo
2961 2446 3137 2501 usque
3183 2429 3258 2482 ad
3316 2425 3702 2481 subdiaconum

2132 2525 2398 2596 deinceps
2427 2525 2515 2578 vel
2538 2540 2602 2577 ex
2625 2521 2866 2588 ancillae,
2900 2521 2982 2574 vel
3009 2536 3074 2573 ex
3100 2519 3371 2589 ingenuae
3398 2508 3700 2568 detestanda

2132 2614 2444 2681 connubio,
2460 2613 2516 2667 in
2540 2613 2760 2666 honore
2792 2609 3083 2664 constituti
3099 2607 3246 2661 ﬁlios
3265 2595 3700 2677 procrearint,illi

2132 2702 2365 2776 quidem
2388 2719 2452 2756 ex
2480 2701 2684 2773 quibus
2717 2697 2895 2771 geniti
2929 2698 3272 2768 probantur,
3303 2689 3571 2746 canonica
3589 2701 3698 2738 cen-

2132 2769 2262 2845 s-ura
2288 2769 2673 2857 damnentur;
2708 2769 2896 2859 proles
2941 2788 3140 2839 autem
3181 2782 3437 2836 alienata
3481 2775 3590 2846 [al.,
3620 2769 3702 2825 tali

2133 2881 2290 2938 nata]
2313 2878 2628 2950 pollutione
2653 2894 2770 2932 non
2789 2876 2973 2930 solum
3005 2875 3319 2945 parentum
3340 2863 3702 2923 haereditatem

2135 2981 2435 3040 nunquam
2480 2965 2738 3038 accipiet,
2787 2963 2886 3018 sed
2931 2952 3108 3016 etiam
3149 2960 3209 3012 in
3259 2957 3578 3013 servitutem
3605 2949 3704 3018 ejus

2133 3058 2404 3122 ecclesiae,
2427 3056 2497 3110 de
2523 3055 2682 3124 cujus
2703 3049 3016 3106 sacerdotis
3033 3049 3118 3102 vel
3143 3043 3395 3100 ministri
3421 3034 3704 3112 ignominia

431 3147 694 3204 XXXVII"
729 3173 795 3182 —
843 3141 925 3213 Dq
972 3155 1028 3213 eo
1078 3135 1218 3208 quod
1259 3135 1524 3213 θρίδίῖθρω
1580 3129 1768 3213 Ῐῗαᾶεῗιί
1822 3129 2032 3213 ίὲνίίαηῑ
2064 3138 2109 3200 C
2134 3146 2254 3200 nati
2285 3148 2437 3210 sunt,
2470 3143 2600 3213 jure
2632 3139 2872 3213 perenni
2901 3135 3350 3209 permanebunt.
3388 3129 3504 3186 Filii
3537 3127 3700 3180 autem

560 3222 774 3288 partem
812 3211 1054 3274 ecclesia,
1083 3201 1136 3261 Et
1158 3201 1330 3277 potest
1361 3201 1490 3259 dare
1522 3203 1610 3256 cui
1645 3201 1886 3254 voluerit.

501 3287 637 3376 Gap.
662 3321 715 3358 v1
747 3302 833 3371 (ea:
863 3300 966 3354 alio
997 3295 1241 3364 concilio)
1278 3310 1290 3346 :
1327 3313 1358 3345 ‹‹
1392 3292 1726 3362 Opportune
1769 3287 2032 3341 duximus

432 3392 885 3456 decernendum,
910 3392 971 3442 ut
997 3386 1296 3457 episcopus
1327 3379 1582 3444 tertiam,
1637 3393 1812 3449 quam
1852 3375 1922 3429 de
1949 3389 2034 3426 re-

432 3486 536 3540 bus
568 3480 819 3538 ecclesiae
840 3475 1138 3532 sanctione
1168 3473 1405 3526 Patrum
1431 3467 1687 3522 debitam
1715 3463 1823 3519 sibi
1853 3460 2031 3530 novit,

434 3576 532 3628 aut
561 3570 664 3644 ipsi
699 3566 948 3624 ecclesiae
970 3563 1130 3634 cujus
1160 3577 1252 3615 res
1282 3575 1402 3613 esse
1447 3554 1688 3629 patebit,
1736 3555 1836 3607 aut
1873 3549 2036 3606 alteri

434 3660 706 3726 ecclesiae,
731 3657 818 3712 cui
850 3648 1324 3726 elegit,conferre
1356 3643 1700 3709 decreverit;
1731 3645 1794 3695 ut
1819 3639 2038 3694 licitum

436 3752 671 3806 maneat
697 3749 754 3802 et
783 3725 1154 3799 irrevocabile
1187 3735 1362 3792 robur
1412 3733 1572 3803 cujus
1613 3727 1900 3784 sententia
1955 3725 2038 3780 fe-

438 3844 545 3896 rat.
580 3862 600 3887 ι

512 3931 656 3982 Item
695 3941 762 3978 ex
785 3922 1061 3976 Toletano
1087 3912 1292 3970 concil.
1315 3909 1398 3976 ni,
1425 3924 1552 3979 cap.
1582 3909 1612 3960 3
1642 3922 1654 3959 :
1688 3925 1718 3957 ς
1756 3903 1903 3958 Nulli
1921 3901 2041 3972 epi-

444 4030 751 4088 scoporum
800 4010 968 4063 liceat
1013 4022 1104 4059 res
1149 4001 1400 4055 alienare
1454 3993 1726 4060 ecclesiae,
1768 3993 2042 4064 quoniam

2132 3233 2494 3288 sacerdotum
2513 3231 2606 3303 qui
2629 3232 2761 3283 ante
2785 3225 3170 3282 sacerdotium
3195 3222 3317 3276 nati
3342 3221 3490 3281 sunt,
3511 3214 3700 3285 specta-

2133 3324 2260 3377 cula
2299 3319 2591 3376 saecularia
2637 3335 2754 3373 non
2802 3315 3132 3379 exhibeant,
3179 3311 3282 3365 sed
3324 3324 3427 3362 nec
3456 3299 3697 3374 spectent,

2133 3411 2266 3465 licet
2291 3410 2399 3464 hoc
2445 3406 2777 3463 Christianis
2807 3403 3073 3460 omnibus
3118 3399 3493 3454 interdictum
3523 3390 3616 3453 sit;
3655 3386 3701 3437 εί

2135 3498 2233 3552 ubi
2259 3495 2631 3568 blasphemia:
2663 3496 2794 3548 sunt
2821 3509 2937 3547 non
2970 3490 3267 3554 accedant,
3303 3487 3446 3541 sicut
3470 3478 3623 3535 habes
3651 3471 3696 3524 in

2139 3587 2378 3642 concilio
2409 3581 2866 3655 Carthagineusi,
2896 3596 3022 3651 cap.
3061 3583 3145 3634 15.
3189 3597 3220 3629 ››

2352 3711 2482 3766 XLI.
2526 3742 2557 3750 —
2609 3708 2691 3762 De
2719 3706 2868 3760 rebus
2894 3705 3118 3759 ecclesiae
3147 3693 3528 3771 dispensandi}.

2215 3819 2289 3872 Ex
2323 3814 2564 3871 concilio
2609 3811 2988 3868 Orientalium
3039 3807 3462 3880 episcoporum,
3493 3810 3604 3864 cap.
3633 3786 3701 3880 li.

2145 3908 2216 3961 de
2243 3903 2687 3978 praesumptione
2720 3897 2968 3970 episcopi
3006 3897 3064 3950 in
3095 3896 3266 3949 rebus
3289 3885 3565 3948 ecclesiae:
3601 3898 3626 3926 (ι
3651 3870 3697 3969 ξί

2243 3959 2267 3978 τ
2494 3959 2508 3973 .
2757 3959 2770 3970 .
2913 3959 2928 3968 .

2147 3995 2271 4068 quis
2287 3993 2605 4064 episcopus,
2629 3989 2784 4041 nulla
2814 3982 3205 4038 ecclesiasticae
3231 3976 3468 4036 rationis
3495 3959 3696 4024 necessi-

2147 4087 2266 4137 tate
2300 4079 2643 4150 compulsus,
2689 4075 2747 4128 in
2792 4090 2893 4127 suo
2941 4073 3114 4136 clero,
3158 4073 3257 4123 aut
3297 4064 3391 4120 ubi
3440 4059 3576 4114 forte
3607 4062 3697 4103 ῐιοιι

447 4111 505 4161 et
525 4078 944 4172 antiquioribus
961 4090 1276 4147 canonibus
1304 4087 1413 4140 hoc
1439 4083 1797 4155 prohibetur.
1826 4080 1883 4136 Si
1910 4078 2048 4151 quid

451 4207 607 4256 vero,
661 4168 817 4258 quod
860 4181 1166 4236 utilitatem
1223 4192 1341 4230 non
1391 4175 1587 4244 gravet
1641 4168 1910 4234 ecclesias,
1946 4183 2048 4237 pro

455 4257 725 4346 suffragio
754 4269 1175 4326 monachorum
1210 4264 1296 4318 vel
1347 4260 1716 4316 ecclesiarum
1768 4257 1841 4311 ad
1889 4271 2052 4310 suam

457 4363 792 4441 parochiam
808 4355 1219 4430 pertinentium
1244 4351 1528 4417 dederint,
1544 4350 1778 4404 ﬁrmum
1801 4347 2054 4411 maneat;

2153 4173 2238 4228 est
2259 4141 2576 4240 presbj'ter,
2616 4164 2685 4218 de
2725 4163 2894 4216 rebus
2924 4155 3322 4214 ecclesiasticis
3355 4141 3562 4219 aliquid
3587 4149 3700 4230 pr?-

2156 4221 2382 4240 ---πη
2429 4221 2450 4238 υ
2560 4221 2573 4228 ν
3653 4221 3662 4230 0

2156 4256 2460 4328 sumpserit
2518 4252 2788 4317 vendere,
2856 4263 2946 4303 res
2996 4247 3149 4319 ipsas
3200 4239 3450 4298 ecclesias
3499 4233 3706 4328 propin?

2157 4350 2480 4402 restaurare
2504 4344 2763 4412 cogatur,
2787 4341 2844 4392 et
2875 4338 2932 4391 in
2952 4333 3170 4407 judicio
3194 4331 3576 4404 episcoporum
3603 4313 3710 4407 delt:

459 4453 905 4530 peregrinorum
949 4462 1082 4500 vero
1119 4445 1203 4498 vel
1245 4441 1586 4497 clericorum
1634 4442 1691 4492 et
1739 4449 2059 4506 egenorum

463 4539 786 4601 necessitati
839 4538 992 4592 salvo
1028 4534 1159 4605 jure
1197 4529 1448 4586 ecclesiae
1501 4529 1772 4601 praestare
1826 4521 2064 4594 permit-

465 4635 665 4689 tuntur
695 4646 796 4702 pro
826 4631 1086 4698 tempore
1114 4638 1239 4695 quae
1275 4617 1589 4690 potuerint.
1628 4634 1660 4668 ›

642 4717 853 4774 XXXIX.
885 4745 940 4755 —
978 4714 1061 4768 De
1089 4711 1366 4765 sanctitate
1396 4709 1517 4761 vitae
1551 4705 1885 4760 clericorum.

539 4809 770 4868 Siricius
798 4821 948 4879 papa
972 4803 1030 4857 in
1053 4799 1296 4872 epistola
1317 4813 1443 4869 cap.
1475 4801 1505 4851 7
1541 4795 1751 4865 (Suum,
1785 4790 2023 4857 Decret.)
2052 4803 2066 4840 :

471 4899 807 4956 «Plurimos
849 4892 1172 4948 sacerdotes
1221 4885 1430 4941 Christi
1479 4886 1650 4953 atque
1703 4881 1900 4935 levitas
1946 4879 2074 4950 post

469 4995 646 5060 longa
668 4977 1118 5041 consecrationis
1140 4991 1255 5030 sua:
1273 4976 1560 5043 tempora,
1583 4973 1700 5023 tam
1731 4968 1801 5022 de
1819 4965 2076 5036 conjugi-

471 5081 574 5135 bus
597 5071 842 5148 propriis
872 5082 1046 5140 quam
1091 5063 1270 5118 etiam
1312 5060 1381 5114 de
1427 5057 1577 5129 turpi
1622 5056 1774 5111 coitu
1814 5054 2073 5108 sobolem

471 5164 776 5223 didicimus
794 5171 1142 5233 procreasse,
1167 5153 1224 5208 et
1248 5149 1471 5206 crimen
1494 5161 1661 5202 suum
1687 5145 1792 5199 hac
1815 5141 2074 5214 prmscri-

471 5254 671 5328 ptione
702 5247 1014 5305 defendere
1038 5242 1174 5315 quia
1194 5242 1252 5294 in
1278 5236 1470 5293 Veteri
1496 5237 1864 5291 Vestamento
1897 5247 2078 5285 sacer-

473 5318 702 5401 dotibus
733 5353 798 5392 ac
852 5331 1134 5390 ministris
1190 5324 1512 5402 generandi
1568 5323 1808 5378 facultas
1867 5318 2078 5390 legitur

475 5430 769 5490 attributa.
805 5422 919 5478 Sed
950 5421 1030 5475 illi
1060 5435 1164 5491 per
1189 5415 1610 5491 successionem
1642 5409 1871 5483 generis
1901 5407 2078 5478 elige-

473 5489 686 5577 bantur
706 5515 778 5568 de
801 5512 922 5567 sola
939 5489 1092 5564 tribu
1107 5505 1256 5574 Levi,
1273 5505 1479 5578 quibus
1501 5489 1648 5558 Deus
1683 5499 1820 5554 dicit
1848 5516 1861 5555 :
1888 5496 2084 5558 Sancti

476 5613 652 5672 estote,
684 5605 810 5676 quia
840 5617 932 5669 ego
958 5603 1172 5652 sanctus
1201 5612 1318 5648 sum
1346 5593 1488 5663 (Lev.
1531 5608 1643 5657 xxx,
1685 5589 1757 5664 2).
1814 5586 1977 5642 Unde
2027 5588 2084 5639 et

477 5694 742 5771 procula
769 5688 882 5745 suis
911 5683 1187 5742 domibus
1231 5697 1386 5738 anne
1423 5680 1559 5736 vicis
1593 5697 1710 5737 suae
1760 5679 1819 5735 in
1863 5675 2082 5748 templo

2082 4423 2133 4481 D
2162 4436 2342 4490 ciatur
2377 4390 2687 4495 inauditus,
2734 4390 3111 4496 cit—tanquam
3147 4390 3285 4476 furti
3331 4390 3427 4471 aut
3472 4390 3708 4463 latrocillii

2163 4539 2294 4580 reus
2325 4537 2358 4574 a
2387 4536 2486 4574 suo
2515 4519 2733 4572 honore
2767 4515 3042 4587 privetur.
3072 4532 3100 4559 ››

2237 4613 2403 4676 Item,
2453 4622 2578 4676 cap.
2617 4606 2678 4658 l6
2714 4620 2726 4657 :
2764 4576 2794 4654 λ
2828 4603 3134 4672 Episcopus
3178 4595 3390 4651 habeat
3419 4576 3710 4676 potestatein

2169 4701 2227 4754 in
2249 4698 2420 4752 rebus
2451 4693 2790 4757 ecclesim,ut
2810 4691 3099 4761 dispenset
3129 4683 3517 4740 necessitatem
3541 4665 3712 4761 patien-

2171 4787 2322 4844 tibus
2336 4800 2467 4839 cum
2491 4781 2651 4837 omni
2672 4777 2993 4834 reverentia
3015 4778 3072 4830 et
3090 4751 3710 4844 timoreDehpaﬂiCiPar‘f

2173 4890 2307 4930 eum
2331 4873 2560 4942 oportet
2584 4885 2711 4940 quae
2736 4864 3055 4920 necessaria
3075 4860 3287 4927 sunt,si
3312 4863 3501 4912 tamen
3526 4844 3626 4942 ipse
3640 4827 3712 4942 aut

2175 4915 2307 4930 νιν·-
2331 4915 2465 4942 νιινι
2481 4915 2559 4924 *ν’
2586 4915 2710 4940 νι-η-
2736 4915 2984 4920 --σνμεη
3215 4915 3227 4927 ι

2175 4961 2273 5035 qui
2317 4977 2446 5014 cum
2482 4973 2548 5012 eo
2587 4959 2718 5010 sunt
2764 4955 2969 5008 fratres
3009 4948 3367 5021 indiguerint
3406 4926 3617 5004 aliquid,
3643 4915 3715 4970 aut

3455 5024 3468 5035 Ὦ
3547 5033 3555 5035 ξ
3592 5017 3714 5035 -ηηρ.

2177 5047 2571 5106 necessitatem
2593 5045 2706 5098 ullo
2734 5041 2908 5096 modo
2935 5039 3242 5110 patiantur,
3268 5024 3564 5088 secundum
3591 5017 3714 5110 S‘an‘f‘

2178 5143 2300 5194 tum
2329 5134 2667 5206 Apostolum
2699 5104 3016 5185 dicentem:
3036 5126 3305 5180 Habentes
3326 5109 3579 5206 victuiztet

2176 5183 2431 5290 meatui,
2453 5223 2539 5276 his
2561 5220 2985 5275 contentisumus
3017 5214 3075 5287 (Ι
3101 5214 3240 5267 Tim.
3273 5227 3345 5276 Vl,
3378 5206 3446 5272 8),
3474 5193 3526 5290 Si
3560 5183 3713 5290 autin

2179 5331 2270 5371 res
2300 5311 2706 5368 ecclesiasticas
2723 5307 3020 5379 episcopus
3036 5303 3094 5357 in
3125 5317 3255 5356 suas
3274 5286 3572 5353 voluntates
3591 5277 3714 5379 usu:

2181 5419 2319 5478 pare
2350 5400 2610 5465 voluerit,
2635 5401 2691 5452 et
2716 5399 2873 5450 lucra
2902 5391 3152 5448 ecclesiae
3183 5393 3241 5444 et
3269 5385 3474 5442 fructus
3492 5361 3714 5478 agrarii:

2183 5449 2318 5478 ιη’-τ
2361 5449 2686 5465 ’ν--ν--νιυ
2721 5449 2729 5450 ί
2789 5449 2795 5450 ί
3572 5449 3614 5459 ,.

2183 5508 2302 5548 non
2316 5506 2448 5545 cum
2465 5488 2936 5560 presbyterorum
2953 5481 3034 5535 vel
3054 5479 3425 5535 diaconorum
3445 5449 3717 5560 consulo

2183 5536 2525 5560 ..νην--..Γ
2544 5536 2661 5556 --η
2781 5536 2820 5538 ,κ

2182 5577 2572 5644 taminaverit,
2589 5577 2686 5629 aut
2706 5572 2977 5626 fratribus
3005 5570 3088 5623 vel
3103 5568 3232 5622 ﬁliis
3244 5566 3330 5619 vel
3345 5536 3714 5668 quibuscunql:

2485 5667 2492 5668 ί
2631 5665 2639 5668 -
2720 5663 2734 5668 -
2795 5661 2810 5668 -
2887 5660 2918 5668 --
3039 5661 3049 5668 -
3129 5660 3198 5668 --
3384 5639 3630 5668 ικηρης

3550 5639 3630 5685 605

2187 5667 2528 5746 propin-quis
2557 5665 2674 5720 suis
2704 5660 2928 5718 dederit
2958 5660 3324 5732 potestatem,
3347 5651 3405 5707 ut
3432 5651 3525 5717 per
