3882 6222
190 507 281 575 ἇθπ

1452 500 1831 569 αοιιεατιο
1860 503 2224 565 ΕΑΝΟΝῙΙΜ.

3387 516 3491 569 498

197 631 460 687 laedantur
510 631 797 697 latenter,
862 630 1017 683 hunc
1053 628 1289 699 oportet
1326 626 1642 682 obnoxium
1691 624 2626 699 esseAEuchai-istiamintrepidus
2648 631 2704 682 et
2734 643 2983 685 securus.
3018 629 3130 683 Sed
3164 630 3268 683 hoc
3297 631 3367 684 de
3395 633 3491 684 illo

201 718 442 775 concilio.
476 717 762 773 Similiter
785 717 1153 790 presbyteros
1188 719 1246 771 et
1292 715 1585 783 diaconos,
1614 713 1660 768 si
1688 730 1784 769 ea-

200 809 334 879 dem,
364 807 602 875 faciant,
636 806 851 877 corripi
888 808 1190 876 oportet.»

285 917 434 972 XLII.
463 946 533 956 —
560 914 635 970 Ut
654 915 833 968 nullus
857 914 1021 984 eligat
1043 914 1147 968 sibi
1168 913 1460 984 episcopum
1479 927 1676 967 succes-

880 1002 1049 1040 sarem
1066 1026 1080 1038 .

260 1077 330 1130 Ex
371 1075 579 1131 concil.
613 1074 880 1130 Antioch.
915 1090 1040 1147 cap.
1075 1076 1142 1128 25
1174 1078 1337 1140 (conc.
1379 1072 1631 1129 Antioch.
1681 1069 1782 1126 sub

196 1164 327 1220 Iulio
353 1165 417 1219 P.
445 1165 491 1234 Ι)
527 1182 541 1219 :
579 1186 607 1214 ‹‹
632 1163 913 1235 Episcopo
946 1176 1063 1218 non
1094 1162 1266 1217 licere
1298 1178 1403 1234 pro
1433 1179 1492 1217 se
1534 1162 1782 1216 alterum

196 1269 570 1308 successorem
599 1252 707 1308 sibi
746 1250 1118 1317 constituere,
1150 1250 1284 1306 licet
1310 1250 1383 1305 ad
1415 1249 1629 1305 exitum
1654 1248 1783 1303 vitae

192 1339 679 1413 perveniat.0ued
711 1340 759 1394 si
787 1340 902 1395 tale
932 1338 1149 1410 aliquid
1177 1340 1395 1395 factum
1426 1338 1618 1405 fuerit,
1654 1335 1783 1392 irri-

195 1432 308 1484 tum
340 1445 464 1484 esse
491 1428 827 1500 hujusmodi
857 1428 1253 1484 constitutum.
1283 1426 1550 1482 Servetur
1587 1428 1781 1481 autem

180 1516 272 1588 jus
297 1515 735 1572 ecclesiasticum
757 1516 816 1571 id
842 1516 1167 1583 continens,
1189 1517 1457 1587 oportere
1473 1531 1591 1570 non
1618 1514 1785 1569 aliter

185 1604 333 1672 ﬁeri,
362 1604 472 1659 nisi
503 1618 639 1661 cum
669 1604 891 1676 synodo
914 1607 973 1660 et
992 1604 1211 1676 judicio
1238 1604 1660 1676 episcoporum,
1685 1603 1781 1675 qui

180 1695 308 1764 post
354 1692 576 1748 obitum
629 1692 974 1764 quiescentis
1014 1692 1361 1764 potestatem
1398 1692 1617 1747 habent
1645 1708 1780 1746 eum

182 1780 275 1853 qui
305 1781 514 1853 dignus
542 1782 840 1849 exstiterit,
879 1798 1244 1853 promovere.

248 1872 416 1937 Item,
465 1871 779 1925 GRBGORIUS
815 1872 1093 1927 ANA'romo
1142 1869 1777 1942 Constantinopolitano

177 1957 530 2015 subdiacouo
561 1958 849 2031 (61126011.,
876 1960 976 2016 lib.
1007 1963 1059 2027 9,
1091 1976 1183 2031 ep.
1214 1961 1325 2029 41).

244 2047 585 2118 «Nusquam
606 2063 859 2103 canones
880 2048 1222 2119 praecipiunt
1238 2051 1298 2104 ut
1317 2064 1422 2121 pro
1436 2046 1778 2119 aegritudine

173 2134 290 2205 (43)
323 2135 593 2213 episcopo
621 2137 978 2193 succedatur.
1020 2138 1087 2192 Et
1118 2137 1361 2192 omnino
1382 2137 1663 2208 injustum
1695 2139 1779 2191 est

170 2226 254 2289 ut,
277 2222 327 2277 si
356 2223 629 2279 molestia
653 2224 914 2296 corporis
944 2224 1360 2292 irruit,honore
1390 2240 1491 2280 suo
1523 2222 1779 2295 privetur

165 2314 446 2382 aegrotus,
488 2315 664 2383 atque
692 2311 824 2368 ideo
868 2312 978 2368 hoc
1008 2328 1110 2383 per
1150 2329 1255 2367 nos
1292 2312 1417 2368 ﬁeri
1452 2312 1778 2367 nullatenus

165 2402 463 2470 potest,ne
489 2403 791 2470 peccatum
813 2400 1011 2456 anima
1036 2417 1174 2456 mea
1194 2417 1261 2455 ex
1278 2400 1399 2471 ejus
1419 2399 1777 2472 depositione

160 2486 380 2545 veniat.
434 2486 550 2543 Sed
587 2488 1017 2560 suggerendum
1059 2492 1145 2545 est
1173 2492 1254 2557 ut,
1299 2488 1346 2543 si
1375 2488 1422 2543 is
1465 2488 1563 2560 qui
1602 2488 1775 2545 estin

162 2574 458 2646 regimine
492 2579 760 2647 aegrotat,
793 2577 1155 2649 dispensator
1180 2577 1263 2633 illi
1294 2577 1422 2632 talis
1450 2576 1777 2649 requiratur

163 2664 263 2734 qui
298 2665 478 2735 possit
505 2665 631 2735 ejus
661 2681 859 2721 curam
893 2682 1127 2721 omnem
1160 2668 1417 2737 agere,et
1439 2666 1629 2721 locum
1656 2666 1777 2737 ejus

162 2751 223 2807 in
254 2753 549 2824 regimine
580 2753 857 2823 ecclesiae,
892 2754 1017 2827 ipso
1048 2771 1165 2810 non
1189 2754 1468 2826 deposito,
1498 2771 1562 2811 ac
1588 2754 1646 2811 in
1679 2771 1774 2811 cu-

162 2840 356 2895 stodia
379 2840 624 2897 civitatis
652 2843 929 2913 implere;
956 2846 1017 2899 ut
1032 2859 1221 2914 neque
1241 2845 1389 2899 Deus
1411 2842 1777 2916 omnipotens

164 2927 523 2995 offendatur,
538 2946 727 3001 neque
757 2931 952 2987 civitas
982 2931 1309 2987 inveniatur
1336 2948 1458 2987 esse
1490 2932 1772 3003 neglecta.

164 3012 225 3068 Si
254 3032 393 3072 vero
426 3018 609 3073 isdem
631 3019 1382 3075 reverentissimusJoannes
1406 3020 1646 3075 fortasse
1668 3035 1772 3090 pro

164 3104 436 3161 molestia
490 3122 593 3161 sua
634 3100 871 3177 petierit
917 3109 979 3162 ut
1026 3108 1098 3163 ab
1141 3107 1501 3179 episcopatus
1550 3108 1772 3163 honore

1888 714 2037 781 dico,
2076 731 2250 787 quem
2301 715 2567 788 capitalia
2610 720 2845 789 peccata
2880 733 2996 771 non
3031 721 3292 789 gravant.
3344 718 3489 774 Nam

1886 819 2059 874 quem
2080 803 2479 875 mortaliapost
2491 805 2842 878 baptismum
2866 808 3171 862 commissa
3192 810 3485 878 premunt,

1878 890 2086 945 hortor
2110 891 2364 962 primum
2410 892 2637 965 publica
2666 893 3005 965 poenitentia
3031 894 3386 963 satisfacere,
3432 899 3489 950 et

1884 979 1965 1034 ita
1995 981 2306 1035 sacerdotis
2350 981 2566 1053 judicio
2607 981 3039 1037 reconciliatum
3085 983 3485 1039 communioni

1883 1068 2159 1138 sociari,si
2178 1071 2295 1124 vult
2314 1086 2428 1125 non
2446 1070 2801 1141 adjudicium
2820 1073 2905 1125 vel
2935 1072 3483 1127 condemnationem

1883 1158 2293 1214 Eucharistiam
2312 1159 2749 1232 percipere.Sed
2768 1162 2825 1215 et
2854 1163 3073 1215 secreta
3097 1162 3483 1217 satisfactione

1881 1246 2022 1302 solvi
2054 1247 2324 1303 mortalia
2353 1248 2597 1303 crimina
2642 1266 2762 1303 nou
2796 1266 3095 1321 negamus,
3124 1250 3224 1304 sed
3259 1253 3482 1305 mutato

1880 1334 2039 1409 prius
2063 1336 2318 1392 saeculari
2347 1337 2568 1405 habitu,
2602 1340 2665 1392 ut
2692 1337 2986 1410 religionis
3014 1338 3199 1394 studio
3225 1355 3329 1409 per
3356 1339 3483 1394 vitae

1881 1425 2325 1494 correctionem,
2368 1427 2669 1499 etjugem,
2712 1426 2829 1482 imo
2862 1431 3207 1500 perpetuum
3240 1430 3479 1496 luctum,

1883 1512 2192 1569 miserante
2220 1515 2357 1583 Deo,
2395 1517 2622 1571 veniam
2655 1519 3058 1588 consequatur,
3096 1517 3175 1571 ita
3205 1517 3484 1572 duntaxat

1882 1603 1947 1655 ut
1992 1602 2283 1656 contraria
2322 1619 2427 1675 pro
2466 1603 2556 1657 his
2593 1621 2720 1676 quae
2750 1604 3012 1676 paenitet,
3050 1622 3167 1661 non
3198 1605 3314 1672 [al.,
3346 1605 3482 1659 deost

1880 1690 2023 1750 non]
2048 1693 2266 1761 agat,et
2292 1691 2705 1746 Eucharistiam
2734 1693 3001 1748 omnibus
3030 1692 3331 1748 Dominicis
3349 1710 3480 1766 sup-

1875 1777 2006 1849 plex
2039 1794 2216 1849 usque
2248 1779 2320 1832 ad
2349 1782 2600 1835 mortem
2626 1780 2922 1852 percipiat.
2952 1800 2983 1833 ι»

1953 1866 2261 1937 Gregorius
2278 1866 2467 1939 (Gneo.
2481 1910 2494 1936 ,
2511 1870 2564 1922 in
2582 1886 2714 1939 resp.
2734 1887 2767 1923 χ
2782 1869 2853 1923 ad
2872 1872 3122 1940 interrog.
3138 1870 3186 1924 A
3200 1871 3475 1941 uguslz’m):

1795 1971 1847 2031 Β
1878 1975 1910 2010 ς
1929 1956 2150 2010 Sanctae
2170 1956 2595 2011 communionis
2617 1957 2952 2029 mysterium
2967 1957 3175 2012 mulier
3187 1958 3481 2030 percipere

1881 2048 2178 2100 menstruo
2212 2048 2476 2116 tempore
2503 2062 2618 2101 non
2653 2046 2823 2100 debet
2849 2046 3162 2117 prohiberi.
3196 2045 3253 2099 Si
3285 2050 3477 2100 autem

1879 2149 1946 2188 ex
1986 2132 2358 2189 veneratione
2405 2150 2621 2205 magna
2661 2151 2779 2190 non
2818 2134 3115 2206 praesumit
3161 2133 3476 2205 percipere,

1880 2222 2169 2281 laudanda
2192 2223 2423 2279 est.Sed
2454 2224 2499 2278 si
2530 2226 2998 2297 perceperit,nou
3022 2222 3354 2294 judicanda.
3374 2224 3477 2278 Bo-

1879 2327 2088 2367 narum
2112 2311 2324 2384 quippe
2350 2311 2636 2368 mentium
2666 2315 2751 2366 est
2772 2311 2849 2367 ibi
2870 2311 3061 2383 aliquo
3088 2311 3263 2367 modo
3288 2312 3481 2384 culpas

1874 2416 2006 2456 suas
2035 2417 2348 2473 agnoscere
2378 2400 2475 2455 ubi
2521 2402 2688 2473 culpa
2713 2416 2831 2455 non
2862 2402 2967 2467 est,
3002 2400 3138 2472 quia
3170 2416 3320 2471 smpe
3355 2400 3478 2454 sine

1876 2491 2044 2564 culpa
2073 2490 2263 2563 agitur
2292 2491 2447 2564 quod
2478 2490 2636 2545 venit
2660 2507 2725 2544 ex
2756 2492 2942 2562 culpa.
2973 2490 3134 2545 Unde
3151 2490 3325 2545 etiam
3346 2506 3477 2544 cum

1877 2578 2180 2643 esurimus,
2206 2578 2330 2634 sine
2371 2579 2539 2650 culpa
2572 2579 2951 2647 comedimus,
2984 2578 3189 2650 quibus
3217 2595 3283 2632 ex
3313 2579 3480 2650 culpa

1876 2667 2050 2740 primi
2097 2667 2350 2723 hominis
2373 2671 2566 2723 actum
2610 2670 2695 2722 est
2726 2670 2788 2722 ut
2816 2666 3152 2724 esuriamus.
3192 2667 3479 2722 Menstrua

1870 2756 2035 2811 enim
2065 2757 2417 2813 consuetudo
2436 2756 2771 2811 mulieribus
2801 2772 2919 2811 non
2952 2754 3144 2827 aliqua
3173 2756 3340 2827 culpa
3369 2758 3476 2819 est,

1876 2844 2141 2905 videlicet
2162 2863 2288 2917 qua:
2320 2844 2660 2901 naturaliter
2688 2844 2887 2901 accidil
2914 2862 2927 2912 ;
2959 2844 3060 2899 sed
3093 2847 3289 2898 tamen
3321 2843 3477 2915 quod

1876 2938 2084 2989 natura
2109 2934 2232 3007 ipsa
2256 2934 2455 2990 vitiata
2471 2937 2577 3003 est,
2597 2937 2660 2988 ut
2682 2933 2859 2989 etiam
2886 2932 3008 2987 sine
3038 2932 3345 2987 voluntatis
3366 2935 3478 2986 stu-

1874 3022 1971 3079 dio
1997 3022 2256 3079 videatur
2276 3040 2396 3079 esse
2421 3023 2660 3095 polluta,
2683 3039 2749 3077 ex
2780 3022 2947 3092 culpa
2975 3021 3130 3077 venit
3159 3020 3383 3089 vitium,
3416 3020 3476 3075 in

1872 3126 1985 3181 quo
2016 3111 2286 3184 seipsam,
2318 3112 2500 3183 qualis
2522 3128 2625 3183 per
2633 3110 2917 3182 judicium
2948 3110 3100 3164 facta
3126 3109 3198 3164 sit
3218 3110 3477 3164 humana

160 3189 379 3247 debeat
404 3210 607 3249 vacare
634 3211 648 3260 ;
683 3212 751 3251 eo
769 3195 1107 3267 petitionem
1124 3196 1344 3267 scripto
1374 3196 1547 3251 dante
1576 3211 1775 3251 conce-
1805 3256 1846 3272 η
1872 3201 2490 3272 natura,cognoscit,ut
2515 3199 2820 3271 humo,qui
2854 3200 3083 3269 culpam
3114 3202 3318 3268 sponte
3341 3215 3472 3269 per-

159 3276 428 3336 dendum
456 3285 563 3337 est.
589 3256 786 3338 Aliter.
800 3287 994 3340 autem
1017 3300 1123 3339 nos
1139 3284 1199 3339 id
1225 3256 1415 3340 facere
1445 3300 1550 3355 pro
1581 3283 1772 3340 omni-
1801 3256 1848 3315 Ο
1872 3256 2141 3359 ρεινθνίι,
2172 3256 2610 3358 reatum'culpaa
2642 3256 2833 3360 portet
2863 3256 3087 3340 inv-itus.
3128 3256 3313 3356 Atque
3341 3256 3471 3336 ideo

155 3369 421 3436 potentis
448 3369 551 3426 Dei
582 3371 795 3427 timore
812 3372 1162 3428 omnimodo
1188 3388 1306 3428 non
1326 3371 1774 3436 valemus.Quod
1868 3375 2106 3431 feminea
2126 3376 2339 3449 seipsas
2367 3375 2753 3443 considerent,
2776 3378 2835 3430 et
2864 3373 2987 3428 siin
3022 3376 3318 3428 menstrua
3342 3387 3474 3426 cou-

142 3455 201 3511 ei
238 3455 357 3511 hoc
382 3461 588 3529 petere
622 3458 911 3529 noluerit;
946 3460 1100 3533 quod
1147 3459 1401 3532 piissimo
1430 3458 1772 3532 imperatori
1860 3465 2198 3537 suetudine:
2218 3466 2289 3520 ad
2328 3469 2757 3521 sacramentum
2799 3465 3081 3521 Dominici
3122 3463 3377 3534 corporis
3415 3464 3473 3517 et

147 3547 506 3617 cumplacet,
527 3546 811 3619 quidquid
827 3548 996 3620 jubet
1017 3549 1228 3617 facere,
1253 3548 1314 3605 in
1343 3548 1466 3619 ejus
1495 3551 1581 3604 est
1604 3551 1769 3619 pote-
1866 3553 2170 3624 sanguinis
2197 3554 2469 3608 accedere
2509 3570 2625 3608 non
2669 3556 3052 3625 praesumant,
3084 3553 3156 3606 de
3185 3568 3287 3605 sua
3314 3554 3472 3604 recta

142 3633 325 3688 state.
360 3634 522 3690 Sicut
551 3635 733 3702 novit,
758 3636 877 3706 ipse
906 3637 1334 3706 provideat,nos
1358 3637 1767 3693 tantummodo
1867 3640 2329 3697 consideratione
2360 3642 2665 3697 laudandae
2691 3644 2851 3710 sunt;
2886 3640 3025 3694 dum
3046 3656 3179 3694 vero
3207 3638 3279 3693 ad
3292 3636 3471 3710 perci-

134 3718 209 3775 in
261 3721 632 3796 depositione
678 3740 798 3779 non
824 3724 1002 3780 faciat
1028 3725 1381 3798 permisceri.
1415 3726 1581 3791 Quod
1631 3742 1765 3782 vero
1864 3729 2143 3801 piendum
2178 3747 2246 3786 ex
2283 3730 2567 3801 religiosas
2599 3729 2728 3785 vita:
2766 3726 3179 3783 consuetudine
3209 3724 3471 3796 ejusdem

136 3805 277 3878 ipse
288 3809 619 3883 imperator
631 3811 854 3880 fecerit,
880 3813 926 3868 si
947 3814 1292 3869 canonicum
1305 3815 1409 3882 est,
1436 3814 1762 3886 sequimur;

136 3895 192 3952 si
218 3914 363 3954 vero
396 3900 747 3957 canonicum
774 3917 895 3957 non
922 3905 1026 3969 est,
1051 3902 1111 3957 in
1143 3904 1447 3974 quantum,
1478 3902 1599 3959 sine
1631 3918 1763 3976 pec-

134 3988 280 4042 cato
308 3992 523 4046 nostro
553 4006 882 4061 possumus,
912 3994 1231 4062 portamus.
1274 4012 1303 4042 »

549 4077 727 4133 XLIII.
758 4108 832 4119 —
871 4079 956 4134 De
991 4081 1374 4135 communione.

215 4165 581 4225 Aucusnuus
608 4166 666 4223 in
711 4167 1103 4225 ecclesiasticis
1131 4169 1361 4241 Regulis
1390 4168 1503 4243 (44)
1534 4187 1657 4245 cap.
1694 4176 1763 4233 23

148 4255 365 4316 (auctor
399 4255 658 4326 Dogmat.
678 4256 831 4323 eccl.)
857 4274 917 4312 :«
941 4256 1207 4322 Quotidie
1227 4258 1594 4319 Eucharistite
1611 4278 1764 4317 com-

1860 3820 2124 3893 mysterii
2190 3836 2390 3876 amore
2458 3818 2794 3891 rapiuntur,
2859 3815 3247 3889 reprimendae
3300 3812 3471 3884 (sicut

1861 3909 2258 3980 praediximus)
2283 3925 2401 3964 non
2433 3911 2586 3965 sunt.
2624 3930 2652 3957 »

1932 3997 2004 4051 Et
2024 3996 2195 4052 infra.
2230 4019 2259 4049 «
2291 3995 2562 4068 Vigilanti
2600 4013 2734 4052 vero
2764 3997 2962 4051 mente
2996 3992 3356 4065 pensandum
3384 3992 3470 4045 est

1864 4085 2021 4161 quod
2074 4085 2133 4139 in
2164 4089 2364 4141 monte
2400 4085 2537 4141 Sina
2564 4085 2845 4141 Dominus
2883 4085 3174 4140 locuturus
3229 4082 3464 4154 populo,

1862 4173 2021 4255 prius
2038 4175 2309 4230 eumdem
2321 4176 2601 4247 populum
2620 4174 2908 4230 abstinere
2925 4191 2959 4228 a
2974 4170 3301 4227 mulieribus
3318 4186 3468 4242 pra:-

1863 4263 2110 4335 cepit.Et
2137 4263 2183 4318 si
2206 4263 2323 4318 illic
2353 4264 2451 4319 ubi
2481 4263 2762 4321 Dominus
2789 4279 2894 4334 per
2923 4264 3248 4317 creaturam
3274 4258 3466 4314 subdi-

153 4342 504 4399 munionem
558 4344 877 4417 percipere,
926 4363 1033 4401 nec
1080 4347 1273 4415 laudo,
1323 4363 1429 4417 nec
1475 4348 1760 4420 vitupero.

160 4425 442 4487 Omnibus
457 4427 657 4489 tamen
673 4433 874 4489 diebus
888 4434 1202 4491 Dominicis
1213 4439 1763 4495 communicandum

1860 4354 1983 4407 tam
2030 4351 2364 4407 hominibus
2410 4352 2776 4423 loquebatur,
2826 4354 2990 4406 tanta
3027 4349 3352 4422 provisione
3382 4350 3468 4401 est

1862 4441 2153 4496 munditia
2176 4440 2432 4512 corporis
2460 4440 2756 4513 requisita,
2780 4444 2843 4495 ut
2869 4440 2966 4513 qui
2997 4441 3168 4495 verba
3193 4437 3293 4493 Dei
3321 4435 3465 4491 reci-

158 4515 381 4591 hortor,
413 4523 459 4577 si
484 4526 684 4580 tamen
710 4540 879 4580 mens
906 4524 966 4580 in
997 4525 1203 4582 affectu
1231 4528 1507 4598 peccandi
1530 4545 1648 4585 non
1666 4530 1758 4585 sit.
1781 4541 1835 4602 1)
1863 4533 2090 4601 perent,
2116 4529 2451 4585 mulieribus
2481 4528 2636 4584 misti
2667 4546 2783 4585 non
2803 4531 3012 4597 essent,
3046 4531 3261 4601 quanto
3279 4524 3467 4596 magis

154 4605 301 4667 Nam
318 4611 640 4669 habentem
661 4613 851 4669 adhuc
864 4614 1217 4671 voluntatem
1240 4616 1515 4688 peccandi
1536 4618 1762 4688 gravari
1860 4618 2159 4685 mulieres,
2187 4635 2316 4691 quas
2344 4634 2549 4690 corpus
2579 4617 2997 4689 omnipotentis
3027 4616 3128 4673 Dei
3157 4613 3463 4686 accipiunt,

160 4698 349 4770 magis
378 4700 882 4757 dieoEucharistia:
900 4703 1477 4777 perceptione,quam
1504 4707 1760 4779 purgari.

164 4782 229 4838 Et
247 4785 402 4857 ideo,
428 4789 687 4863 quamvis
701 4790 828 4863 quis
845 4793 1079 4863 peccato
1100 4791 1457 4862 mordeatur,
1488 4796 1764 4867 peccandi

170 4871 235 4929 de
256 4881 463 4934 cetera
495 4896 613 4935 non
644 4879 860 4937 habeat
880 4880 1256 4949 voluntatem,
1291 4885 1349 4937 et
1376 4883 1766 4941 communica-

167 4964 318 5022 turus
356 4967 668 5025 satisfaciat
688 4968 964 5039 lacrymis
982 4972 1041 5024 et
1066 4970 1442 5028 orationibus.
1470 4972 1599 5028 Haec
1629 4990 1760 5030 cum

162 5049 377 5124 fecerit,
416 5056 720 5111 conﬁdens
748 5056 822 5112 de
853 5057 1087 5113 Domini
1112 5058 1607 5134 miseratione,qui
1634 5078 1762 5134 pec-

166 5145 284 5197 cata
307 5143 416 5217 pia:
448 5143 797 5201 confessioni
830 5145 1046 5202 donare
1077 5148 1390 5218 consuevit,
1420 5150 1654 5206 accedat
1685 5151 1759 5208 ad

230 5266 336 5342 (ΑΒ)
366 5270 476 5342 Pro
505 5268 841 5342 (egritudine.
873 5270 1042 5324 Plura
1060 5271 1194 5342 ejus
1231 5272 1313 5327 rei
1344 5276 1557 5330 statuta
1584 5276 1760 5332 refert

164 5336 513 5428 gurcba‘rdus
533 5336 593 5395 in
613 5336 1321 5428 Decretorum_lib.'1‘,_cap.
1355 5348 1422 5400 88
1442 5349 1496 5400 et
1514 5364 1756 5428 sequen-

165 5410 338 5485 tibus.
368 5412 483 5485 Huc
528 5415 795 5485 spectant
841 5412 1105 5485 concilia
1135 5410 1418 5471 Meldense
1462 5410 1612 5471 anni
1631 5421 1756 5485 880,

164 5496 286 5559 ceu.
313 5484 416 5559 41;
452 5483 866 5559 Suessionense
898 5483 1114 5559 panni
1138 5488 1240 5541 853
1298 5503 1425 5559 can.
1463 5492 1517 5552 2,
1546 5493 1605 5543 et
1639 5483 1758 5559 epi-l

165 5553 307 5626 stola
331 5554 545 5626 Nicolai
585 5569 749 5626 papae
785 5556 805 5607 l
848 5553 919 5626 ad
957 5555 1325 5612 Wenisonem
1361 5553 1759 5613 Senonensem

162 5624 650 5752 ξιτῗὶξὲἓριξῗὲριιὶη
671 5625 744 5679 de
760 5624 1099 5681 Herimanui
1123 5628 1372 5702 episcopi
1398 5630 1761 5686 Nivernensis

162 5712 220 5751 in
353 5714 371 5751 ι
497 5737 511 5750 .

158 5712 511 5751 murmuate.

212 5766 341 5844 »(44)
396 5768 740 5842 Augustinus
793 5768 855 5828 in
904 5768 1081 5828 κεῖρε.
1127 5769 1368 5844 Regalis.
1414 5770 1650 5828 Librum
1691 5772 1764 5830 de

1863 4706 2148 4763 custodire
2176 4707 2234 4763 in
2276 4724 2335 4763 se
2367 4707 2715 4763 munditiam
2743 4708 2929 4763 carnis
2959 4708 3194 4773 debent,
3232 4722 3305 4759 ne
3341 4704 3466 4775 ipsa

1860 4794 2279 4851 inaestimabilis
2295 4796 2549 4869 mysterii
2569 4795 2969 4869 magnitudine
2982 4791 3466 4866 graventurt’ﬂinc

1863 4885 2038 4940 etiam
2067 4885 2141 4940 ad
2162 4885 2343 4940 David
2369 4886 2441 4942 de
2470 4885 2664 4957 pueris
2691 4884 2807 4940 suis
2853 4899 2956 4956 per
2984 4880 3347 4936 sacerdotum
3378 4876 3463 4930 di-

1861 4974 2006 5031 citur
2037 4977 2119 5039 ut,
2151 4974 2197 5029 si
2228 4992 2262 5029 a
2291 4975 2629 5030 mulieribus
2660 4972 2864 5029 mundi
2888 4972 3097 5036 essent,
3130 4981 3308 5040 panes
3335 4979 3464 5034 pro-

1858 5064 2161 5137 positionis
2187 5064 2690 5136 acciperent;quos
2715 5060 2955 5117 omnino
2975 5075 3089 5113 non
3114 5055 3460 5126 acciperent,

1858 5152 1965 5208 nisi
1992 5169 2091 5209 eos
2120 5152 2295 5208 David
2333 5152 2583 5207 mundos
2612 5166 2733 5205 esse
2763 5147 3057 5202 fateretur.
3081 5145 3237 5199 Tunc
3266 5143 3462 5197 autem

1858 5276 2242 5348 Dogmatibus
2292 5273 2685 5348 ecclesiasticis
2741 5269 3301 5348 intelligit__auctor;
3340 5267 3460 5348 “qui

1858 5342 2003 5403 libér
2032 5349 2239 5402 szeculo
2280 5364 2435 5401 nono
2469 5346 2705 5398 ineunte
2746 5359 2781 5396 a
2820 5342 3111 5396 nonnullis
3139 5342 3459 5410 Augustino

1858 5419 2000 5473 falso
2020 5417 2318 5488 ascriptus,
2343 5417 2531 5470 eidem
2562 5414 2825 5488 protinus
2840 5412 3149 5488 abrogatus
3170 5415 3254 5488 est
3282 5410 3461 5488 aviris

1861 5490 2063 5557 doctis,
2096 5482 2346 5542 maxime
2374 5504 2406 5541 a
2429 5482 2580 5540 clero
2615 5482 3080 5557 Lugdunensi'de
3106 5482 3461 5557 Gothescalci

1859 5554 2357 5613 causascribente
2392 5557 2663 5612 adversus
2698 5554 2983 5611 Joannem
3033 5556 3315 5622 Scottum,
3364 5554 3463 5627 qui

1858 5630 2029 5754 angui:
2053 5629 2206 5697 libri,
2235 5629 2397 5703 quasi
2425 5632 2575 5687 esset
2600 5626 2925 5701 Augustini,
2958 5626 3297 5684 auctoritate
3322 5626 3464 5683 abu-

1960 5716 1993 5754 a
2021 5714 2106 5754 ur.

1858 5703 2106 5756 tebatur.
