3882 6222
433 445 535 499 503

1461 439 1518 498 S.
1557 437 1851 498 ABBONIS
1889 433 2175 496 ABBATIS
2215 433 2706 495 FLORJACENSIS

3609 442 3698 501 504

431 565 584 637 peio,
615 564 712 636 qui
732 563 918 619 adhuc
945 563 1025 618 ita
1051 563 1436 619 nominandus
1486 567 1590 629 est,
1641 561 2030 634 pervenerint,

2137 570 2280 635 tero,
2313 585 2622 642 personam
2641 585 2771 624 cum
2799 567 3075 624 mandato
3095 566 3358 641 legaliter
3372 569 3516 626 facto
3537 576 3626 628 tua
3643 591 3698 628 ac

435 653 795 707 dissimulare
837 651 1079 706 minime
1109 651 1438 724 pertulistis.
1475 653 1585 707 Sed
1640 653 1690 706 ei
1719 651 1899 724 qualis
1927 649 2036 705 fuit

433 739 490 794 in
549 739 918 811 requisitione
949 757 1105 807 cura,
1137 741 1266 795 talis
1297 741 1493 795 fuisset
1549 741 1607 794 in
1659 739 2035 794 discusssione

432 827 730 886 subtilitas.
767 829 907 882 nihil
933 846 1000 882 ex
1029 845 1098 883 eo
1131 829 1285 900 quod
1317 829 1386 883 de
1417 846 1485 884 eo
1516 829 1732 883 dictum
1757 832 1862 894 est,
1895 827 2032 882 fuis-

431 920 518 970 set
544 916 919 986 ambiguum;
943 917 1043 971 sed
1073 920 1268 971 utrum
1291 933 1600 984 verum,an
1619 920 1766 970 esset
1795 932 2034 986 compo-

433 1004 629 1072 situm,
662 1005 956 1074 patuisset,
981 1005 1115 1076 quia
1125 1006 1250 1076 jam
1281 1009 1484 1060 contra
1511 1005 1701 1076 ipsum
1723 1004 1943 1060 dudum
1970 1003 2028 1056 in

433 1092 618 1148 Sicilia
647 1093 800 1165 apud
825 1094 1156 1148 reverendae
1174 1093 1473 1148 memoriae
1498 1093 1742 1148 fratrem
1769 1095 2034 1149 nostrum

428 1182 836 1236 Maximianum
869 1183 996 1236 talis
1049 1182 1310 1254 quaestio,
1362 1185 1425 1236 ut
1449 1181 1844 1253 cognovimus,
1875 1183 2034 1236 mota

429 1273 538 1327 est.
570 1270 682 1324 Sed
712 1271 846 1342 quia
863 1287 1032 1326 causa
1052 1271 1224 1342 ipsius
1251 1271 1462 1326 subtili‘
1482 1270 1722 1326 omnino
1737 1269 2034 1340 investiga-

428 1357 586 1413 tione
609 1359 850 1430 quaesita
879 1364 982 1428 est,
1015 1360 1284 1414 inventus
1313 1361 1399 1414 est
1429 1358 1830 1430 innocens,qui
1845 1358 2035 1412 fuerat

431 1449 724 1502 accusatus
764 1447 824 1502 in
861 1447 1125 1502 crimine.
1155 1448 1315 1503 Nunc
1353 1447 1550 1518 igitur,
1605 1445 1881 1520 quoniam
1939 1445 2037 1499 illa

431 1551 560 1606 quae
591 1537 792 1590 contra
805 1553 940 1590 eum
971 1536 1124 1592 dicta
1140 1540 1292 1604 sunt,
1312 1553 1428 1590 non
1460 1536 1564 1590 sub
1577 1535 1676 1590 illa
1699 1551 1826 1607 quae
1846 1533 2037 1588 decuit

432 1622 786 1679 districtione
803 1625 1044 1696 quaesita
1071 1629 1222 1692 sunt;
1255 1629 1313 1679 et
1323 1627 1485 1696 gesta
1502 1640 1628 1696 qua:
1659 1623 1864 1678 exinde
1883 1621 2036 1694 apud

429 1710 854 1768 fraternitatem
875 1715 1123 1768 vestram
1146 1713 1406 1768 confecta
1420 1715 1571 1778 sunt,
1597 1727 1783 1782 neque
1807 1711 1880 1765 ad
1898 1727 2034 1764 con-

431 1799 888 1868 demnationem,
932 1818 1119 1872 neque
1159 1801 1230 1856 ad
1263 1798 1679 1855 absolutionem
1735 1799 1860 1870 ejus
1899 1815 2033 1870 pro-

2131 659 2602 730 presbyterorum
2635 675 2732 713 seu
2763 657 3138 713 diaconurum
3155 661 3214 712 et
3229 657 3456 712 testium
3487 660 3699 716 subscri-

2133 747 2426 817 ptionibus
2437 749 2734 814 roborato,
2753 747 3043 818 gestisque
3059 763 3125 802 ex
3143 763 3307 802 more
3345 746 3520 803 indito
3537 752 3695 804 trans-

2135 834 2436 902 mittite,ut
2454 835 2732 906 quidquid
2752 852 2856 909 pro
2875 852 2936 891 re
2967 839 3161 902 actum
3189 835 3382 902 fuerit,
3413 835 3578 906 possit
3588 837 3698 907 jure

2135 923 2612 980 subsistere.Nam
2631 942 2735 980 nos
2758 941 2876 980 non
2906 925 3091 979 solum
3113 924 3240 992 tibi,
3273 924 3372 978 sed
3399 924 3563 979 etiam
3591 942 3696 980 om-

2135 1010 2322 1080 nibus,
2369 1013 2524 1083 quod
2552 1013 2773 1083 justum
2823 1012 3264 1084 legitimumque
3313 1011 3498 1078 fuerit,
3541 1013 3700 1082 parati

2135 1116 2352 1168 sumus,
2379 1101 2497 1156 Deo
2519 1101 2780 1172 juvante,
2803 1118 2907 1174 per
2933 1101 3132 1156 omnia
3172 1100 3476 1166 custodire,
3497 1102 3698 1156 tantum

2133 1191 2198 1242 ut
2225 1192 2304 1256 tu,
2337 1189 2494 1260 quod
2523 1189 2648 1261 lege
2675 1189 3024 1262 praecipitur,
3050 1189 3242 1244 facere
3275 1204 3390 1242 non
3417 1188 3648 1243 omittas.
3673 1209 3696 1237 »

2203 1277 2348 1332 Item
2367 1277 2702 1334 GREGORIUS
2728 1277 3016 1334 Cssromo
3045 1277 3274 1332 notario
3304 1279 3362 1330 et
3390 1275 3698 1332 chartulario

2135 1366 2418 1422 Ravennae
2449 1366 2570 1440 (lib.
2602 1385 2702 1434 vn,
2735 1383 2826 1438 ep.
2851 1365 3154 1438 8l,ind.2)
3179 1382 3192 1420 :
3223 1389 3251 1416 «
3273 1365 3553 1430 Quantum
3567 1365 3700 1420 credi

2133 1455 2239 1512 tibi
2268 1473 2302 1511 a
2332 1455 2518 1522 nobis,
2551 1457 2610 1510 et
2659 1455 3006 1510 necessarias
3047 1453 3206 1510 vides
3235 1470 3428 1508 causas
3482 1453 3698 1524 injungi,

2133 1548 2296 1601 tanto
2322 1547 2378 1599 te
2410 1543 2595 1616 magis
2622 1547 2927 1599 strenuum
2953 1542 3128 1598 debes
3163 1544 3223 1596 et
3249 1541 3544 1597 sollicitum
3566 1543 3699 1596 exhi-

2132 1633 2293 1690 bere.
2354 1631 2604 1688 Proinde
2651 1632 2697 1686 si
2751 1631 3004 1687 Maxinus
3055 1630 3422 1686 Salonitanus
3478 1631 3699 1703 praestita

2132 1723 2496 1778 sacramento
2510 1720 2823 1776 firmaverit
2837 1737 2897 1776 se
2918 1718 3238 1776 simoniaca
3266 1718 3467 1774 haeresi
3497 1735 3603 1774 non
3637 1723 3702 1774 te-

2136 1809 2260 1866 neri
2284 1828 2298 1878 ;
2331 1813 2504 1881 atque
2537 1809 2608 1864 de
2636 1808 2758 1864 aliis
2787 1811 3137 1880 antecorpus
3158 1808 3342 1867 sancti
3369 1807 3698 1877 Apollinaris,

427 1889 642 1944 bantur
673 1907 840 1961 posse
861 1889 1158 1944 sufﬁcere:
1188 1907 1304 1944 non
1326 1888 1461 1944 levis
1489 1905 1580 1943 res
1611 1887 1820 1960 agitur,
1855 1891 1917 1942 ut
1945 1887 2032 1942 in-

2137 1879 2544 1954 tantummodo
2576 1896 2900 1968 requisitus,
2934 1879 3237 1950 innoxium
3267 1912 3326 1949 se
3351 1893 3698 1966 responderit;

432 1981 597 2032 caute
630 1979 714 2032 vel
744 1979 803 2032 in
837 1981 1167 2032 transcursu
1187 1977 1395 2032 debeat
1411 1977 1659 2034 deﬁniri.
1693 1978 1837 2030 Nam
1859 1993 2034 2048 grave

429 2069 514 2122 est
544 2065 679 2120 satis
709 2069 766 2121 et
785 2066 1078 2134 indecens,
1112 2069 1176 2120 ut
1219 2066 1279 2120 in
1312 2083 1373 2120 re
1402 2065 1576 2120 dubia
1605 2069 1762 2120 certa
1809 2063 2033 2119 dicatur

426 2156 734 2212 sententia.
769 2158 837 2211 Et
859 2157 982 2212 haec
1035 2156 1270 2230 quidem
1315 2159 1479 2228 gesta
1507 2171 1627 2210 esse
1656 2156 1928 2226 poterant
1956 2153 2028 2207 ad

428 2245 823 2303 deﬁniendum
853 2245 1134 2314 idonea,si
1159 2245 1406 2302 accusati
1431 2263 1500 2300 ea
1517 2243 1796 2300 confessio
1825 2259 2026 2314 seque-

425 2339 586 2392 retur
619 2353 632 2392 :
683 2337 728 2392 si
755 2340 951 2392 tamen
997 2337 1264 2392 eamdem
1293 2333 1716 2391 confessionem
1745 2333 2028 2388 subtilitas

431 2425 874 2482 examinationis
899 2443 965 2480 ex
997 2425 1231 2480 occultis
1253 2423 1506 2490 eliceret,
1559 2426 1618 2476 et
1663 2439 1781 2478 non
1813 2420 2026 2477 aflictio

429 2516 744 2570 vehemens
774 2516 1144 2585 extorqueret
1173 2530 1188 2580 ;
1229 2531 1355 2585 quae
1386 2512 1721 2583 frequenter
1769 2511 1880 2566 hoc
1909 2511 2032 2582 agit

429 2607 492 2658 ut
517 2603 716 2658 noxios
743 2619 803 2658 se
833 2602 1002 2657 fateri
1059 2604 1343 2672 cogantur
1389 2601 1566 2656 etiam
1592 2599 1832 2655 innoxii.
1885 2599 2028 2654 Nam

429 2695 737 2766 postquam
763 2691 1036 2764 praefatus
1061 2691 1380 2764 episcopus,
1413 2693 1476 2746 ut
1511 2690 1738 2758 dicitur,
1791 2689 2030 2746 cruciari

429 2780 686 2836 custodia
709 2780 1069 2852 cremarique
1099 2779 1254 2834 fame
1280 2797 1338 2834 se
1366 2779 1588 2848 asserit,
1613 2779 1757 2834 scire
1787 2777 2026 2847 debetis,

429 2869 475 2925 si
505 2869 586 2926 ita
614 2873 720 2937 est,
744 2873 936 2924 utrum
963 2871 1170 2924 noceat
1215 2868 1260 2923 si
1289 2868 1366 2924 sic
1421 2869 1594 2924 fuerit
1637 2870 1861 2924 extorta
1890 2883 2026 2922 con-

429 2958 620 3014 fessio.
653 2957 923 3030 Nunquid
969 2958 1202 3030 quando
1259 2957 1608 3014 sententiam
1649 2959 1790 3012 tales
1847 2973 2031 3013 causa

431 3046 766 3120 suscipiunt,
798 3050 858 3102 et
898 3047 971 3101 ad
1021 3045 1218 3102 sedem
1261 3046 1638 3119 apostolicam
1685 3046 2028 3118 appellatur,

2135 1990 2194 2042 et
2223 1987 2293 2041 de
2325 1985 2719 2041 inobedientia
2750 2001 2852 2039 sua
2866 1984 3292 2056 paenitentiam,
3325 1983 3464 2037 sicut
3492 1983 3699 2054 deputa-

2133 2075 2335 2142 vimus,
2360 2073 2569 2146 egerit:
2619 2074 2880 2128 volumus
2908 2075 2989 2139 ut,
3026 2073 3100 2127 ad
3129 2071 3540 2127 consolandum
3567 2086 3697 2138 eum,

2131 2163 2434 2236 epistolam
2469 2179 2642 2236 quam
2675 2161 2748 2218 ad
2773 2178 2905 2216 eum
2939 2161 3394 2232 scripsimus,ubi
3441 2160 3490 2215 ei
3516 2163 3568 2216 et
3589 2177 3699 2231 gra-

2125 2252 2269 2308 tiam
2284 2255 2538 2308 nostram
2555 2249 3094 2306 etcommunionem
3112 2267 3220 2306 nos
3233 2249 3534 2306 reddidisse
3544 2247 3703 2320 signa-

2125 2341 2332 2409 vimus,
2365 2338 2720 2411 experientia
2747 2343 2846 2394 tua
2877 2339 3015 2394 dare
3056 2338 3286 2406 debeat;
3321 2339 3454 2410 quia
3489 2338 3619 2393 sicut
3649 2335 3698 2390 in

2128 2428 2490 2485 contumacia
2499 2426 2934 2500 persistentibus
2944 2442 3174 2482 severos
3193 2443 3315 2482 esse
3329 2443 3432 2481 nos
3443 2423 3697 2491 convenit,

2129 2517 2208 2572 sic
2235 2517 2450 2572 iterum
2476 2515 2790 2571 humiliatis
2805 2518 2862 2570 et
2871 2513 3292 2587 paenitentibus
3307 2530 3515 2587 negare
3533 2515 3696 2570 locum

2128 2606 2310 2662 veniae
2341 2623 2460 2662 non
2487 2605 2782 2661 debemus.
2815 2623 2849 2656 »

2201 2693 2448 2758 Quidam
2478 2692 2777 2766 episcopus
2802 2708 2906 2764 per
2934 2694 3362 2749 sacramentum
3393 2690 3698 2764 purgavitse

2129 2781 2371 2838 crimine
2399 2783 2536 2838 ante
2565 2797 2770 2853 corpus
2807 2780 2960 2836 beati
2989 2780 3161 2836 Petri.
3188 2781 3517 2836 Gasooaws
3541 2777 3608 2832 ad
3622 2777 3697 2831 Ju-

2131 2886 2449 2927 STINIANUM
2468 2870 2588 2939 [al.,
2615 2870 2938 2941 JUSTINUM]
2966 2869 3090 2940 (lib.
3147 2886 3210 2936 ιι,
3239 2885 3330 2942 ορ.
3363 2866 3454 2934 23)
3485 2883 3498 2921 :
3531 2889 3556 2916 (ε
3583 2867 3698 2920 Pro-

2129 2959 2323 3032 prium
2347 2960 2458 3014 hoc
2487 2959 2660 3014 habet
2687 2957 2909 3030 antiqui
2941 2957 3119 3012 hostis
3153 2955 3394 3023 invidia,
3427 2958 3487 3010 ut
3511 2969 3636 3026 quos
3649 2951 3697 3006 in

2129 3065 2438 3124 pravorum
2450 3047 2882 3120 perpetratione
2896 3047 3015 3102 Deo
3033 3047 3139 3102 sibi
3154 3046 3453 3102 resistente
3467 3043 3697 3113 decipere

432 3152 629 3192 nonne
683 3139 742 3190 et
769 3151 1017 3206 persona
1046 3152 1172 3208 quae
1197 3135 1508 3206 judicatur,
1539 3151 1790 3206 praesens
1815 3138 1902 3190 est
1927 3152 1942 3203 ;
1973 3136 2034 3189 et
2059 3158 2108 3218 α
2132 3155 2249 3194 non
2265 3140 2436 3206 valet,
2470 3137 2773 3208 opiniones
2792 3152 2993 3191 eorum
3016 3135 3248 3191 falsaad
3277 3149 3520 3207 praesens
3546 3131 3698 3186 simu-

433 3225 849 3280 districtissime
866 3227 1038 3297 atque
1051 3225 1124 3280 ab
1137 3224 1299 3280 omni
1313 3227 1500 3280 lacere
1515 3225 1718 3280 veritas
1734 3223 2031 3296 quaeritur,

429 3317 495 3368 ut
515 3317 651 3369 tunc
689 3314 732 3368 si
765 3315 973 3370 debeat
1019 3332 1256 3370 manere
1303 3315 1611 3382 sententia,
1640 3313 1982 3370 decernatur
2005 3313 2034 3368 ‘I

433 3403 670 3458 Necnon
691 3406 747 3458 et
775 3403 820 3457 si
850 3403 1155 3474 praedictus
1168 3404 1468 3476 episcopus
1480 3404 1553 3458 ad
1575 3403 1776 3458 sedem
1801 3405 2032 3473 aposto-

433 3490 603 3546 licam
630 3493 920 3564 appellare
961 3493 1224 3560 voluerit,
1277 3509 1446 3547 causa
1475 3491 1648 3563 ipsius
1677 3491 1920 3546 interius
1979 3494 2039 3546 et

434 3597 566 3636 cum
586 3580 745 3636 omni
763 3581 1063 3654 diligentia
1087 3584 1174 3636 est
1195 3581 1629 3654 perscrutanda.
1648 3580 1857 3636 Etideo
1879 3583 2036 3652 post-

434 3686 609 3742 quam
640 3673 698 3724 et
725 3686 972 3742 persona
985 3671 1192 3726 absens
1213 3673 1316 3738 est,
1373 3672 1432 3724 et
1459 3673 1620 3741 gesta
1648 3686 1776 3741 quae
1827 3668 1904 3724 ad
1934 3685 2039 3723 nos

435 3759 820 3827 transmisisti,
882 3759 1067 3826 nobis,
1127 3759 1271 3812 sicut
1321 3756 1514 3827 pazfati
1563 3773 1778 3823 sumus,
1829 3756 2038 3811 idonee

433 3849 758 3903 satisfacere
783 3865 902 3902 non
923 3847 1211 3914 videntur,
1227 3849 1447 3900 temere
1465 3843 1681 3916 aliquid
1703 3845 1774 3898 de
1785 3843 2038 3917 episcopi

437 3953 683 4008 persona
723 3936 1035 3990 decernere
1083 3951 1202 3988 non
1249 3932 1544 4000 debemus,
1576 3947 1684 3987 nec
1714 3948 2038 4004 possumus,

435 4043 508 4080 ne
534 4025 710 4096 (quod
740 4023 929 4096 absit!)
955 4021 1432 4094 reprehensibiles
1462 4020 1824 4077 inveniamur
1847 4021 1908 4076 in
1939 4037 2040 4076 no-

434 4113 586 4177 stris,
617 4113 826 4184 quibus
853 4111 1103 4166 aliorum
1115 4110 1248 4181 jure
1279 4109 1559 4181 competit
1578 4113 1893 4167 retractare
1915 4127 2038 4166 sen-

433 4200 664 4257 tentias.
697 4221 725 4250 »

505 4291 672 4354 Item,
705 4289 777 4342 de
825 4286 1094 4359 episcopo
1134 4304 1308 4360 quem
1343 4288 1658 4362 redarguit,
1707 4292 1862 4364 quod
1916 4307 2034 4347 non

433 4377 602 4434 utiles
616 4376 767 4431 viros
783 4376 841 4430 in
873 4393 1103 4432 causam
1134 4394 1296 4432 suam
1324 4377 1568 4448 miserit,
1588 4382 1646 4435 et
1664 4381 1822 4453 quod
1847 4396 2036 4436 sacra-

433 4470 633 4521 mento
664 4465 920 4536 praestita
949 4465 1006 4520 in
1036 4465 1285 4537 gratiam
1317 4468 1507 4524 rediit.

501 4556 830 4611 GREGORIUS
869 4557 1106 4611 MAXIMO
1135 4557 1402 4629 episcopo
1456 4557 1793 4614 Salonitano
1827 4559 1942 4630 (lib.
1973 4576 2032 4628 ιι,

431 4660 524 4716 ep.
576 4647 708 4710 l3):
758 4644 883 4700 Alia
929 4645 1164 4717 quidem
1211 4647 1422 4720 scripta
1479 4647 1551 4702 ad
1607 4648 2033 4705 fraternitatem

427 4736 592 4788 tuam
613 4737 786 4789 antea
803 4733 1251 4802 feceramus,sed
1270 4739 1328 4790 et
1341 4739 1606 4808 tempore
1631 4753 1746 4809 quo
1767 4737 2034 4794 homines

427 4825 576 4890 tuos,
611 4839 754 4896 quos
781 4823 854 4878 ad
885 4840 990 4878 nos
1017 4822 1239 4890 misisti,
1270 4825 1526 4880 relaxare
1556 4826 1862 4894 voluimus,
1893 4827 2030 4882 scri-

427 4912 604 4985 psisse
630 4916 686 4967 te
709 4912 1052 4985 quibusdam
1099 4911 1308 4966 nostris
1335 4913 1652 4984 comperio,
1685 4915 1843 4987 quod
1869 4916 2032 4972 Vete-

428 5017 636 5056 ranum
680 5001 1104 5073 presbyterum,
1153 5004 1324 5074 atque
1357 5002 1629 5073 Optatum
1667 5004 2031 5062 defensorem

426 5093 564 5144 tunc
597 5089 838 5144 minime
869 5089 929 5144 in
951 5106 1122 5145 causa
1143 5091 1606 5160 transmiseritis;
1642 5093 1932 5150 etidcrrco
1962 5111 2032 5150 ea

427 5194 555 5248 quin
576 5194 707 5232 cum
729 5177 864 5249 ipsis
885 5181 1010 5233 acta
1029 5181 1184 5244 sunt,
1208 5196 1327 5234 non
1349 5178 1559 5234 debere
1585 5179 2032 5240 subsistere.Sed

421 5265 692 5335 Thomas,
723 5265 972 5321 ecclesiae
997 5271 1108 5322 tuae
1135 5267 1424 5337 defensor,
1457 5285 1576 5324 non
1603 5269 1710 5324 hoc
1729 5271 1964 5328 verbum
2000 5289 2034 5327 a

424 5356 482 5406 te
506 5353 723 5407 dictum
738 5354 1050 5424 perhibuit.
1079 5355 1153 5409 Ex
1171 5372 1286 5426 qua
1311 5373 1373 5410 re
1392 5357 1518 5427 jam
1542 5374 1648 5413 nec
1661 5361 2031 5429 praesentium

425 5439 802 5511 portitoribus
819 5442 1148 5514 judicamus
1177 5460 1298 5499 esse
1315 5445 1774 5516 credendum,ne
1803 5447 1872 5502 de
1899 5447 2032 5520 ipsis

424 5545 654 5601 quoque
678 5534 806 5602 post
835 5531 940 5585 hos
966 5529 1226 5584 similiter
1251 5533 1554 5592 diceretur.
1577 5534 1719 5599 Quia
1748 5553 1887 5607 ergo
1910 5537 2032 5592 haec

423 5633 530 5672 nos
559 5619 720 5673 valde
742 5619 881 5673 fecit
900 5617 1197 5688 ambigere
1209 5622 1267 5673 et
1281 5625 1477 5678 cautos
1495 5639 1616 5678 esse
1637 5623 1848 5679 debere
1876 5641 2024 5693 prte-

419 5705 672 5775 monuit,
704 5705 750 5762 si
779 5721 1011 5762 causam
1031 5705 1199 5761 vultis
1223 5707 1414 5764 dicere
1443 5709 1784 5770 instructam
1813 5713 1887 5771 de
1917 5731 2028 5773 cae-

2133 3227 2306 3282 lando
2339 3226 2630 3281 dilaceret.
2665 3223 2947 3289 Quoniam
2992 3223 3170 3295 igitur
3197 3223 3482 3296 quaedam,
3527 3220 3698 3274 contra

2133 3313 2486 3370 sacerdotale
2498 3312 2880 3386 propositum,
2895 3312 2966 3367 de
2981 3312 3170 3366 Leone
3185 3311 3364 3366 fratre
3379 3313 3434 3366 et
3452 3305 3698 3377 coepisco-

2133 3419 2208 3476 po
2226 3405 2422 3457 nostro
2444 3400 2672 3456 sinister
2689 3415 2888 3456 rumor
2898 3402 3242 3472 asperserat,
3262 3402 3454 3454 utrum
3490 3409 3611 3452 vera
3627 3408 3696 3447 es-

2135 3495 2264 3547 sent
2283 3489 2542 3545 districta
2552 3489 2762 3544 diutius
2777 3489 3017 3544 fecimus
3034 3487 3405 3562 inquisitione
3437 3481 3696 3558 perquire-

2135 3596 2221 3646 re;
2243 3583 2301 3634 et
2327 3579 2546 3634 nullam
2577 3578 2636 3634 in
2666 3595 2756 3647 eo,
2780 3577 2850 3632 de
2878 3578 2968 3632 his
2989 3595 3117 3650 qua:
3149 3575 3310 3632 dicta
3337 3575 3574 3640 fuerant,
3598 3567 3698 3625 cul-

2136 3685 2273 3741 pam
2295 3667 2638 3724 invenimus.
2669 3667 2782 3723 Sed
2803 3683 2876 3722 ne
2919 3667 3060 3739 quid
3094 3665 3388 3721 videretur
3435 3661 3696 3723 omissum,

2138 3757 2292 3830 quod
2309 3759 2505 3812 nostro
2518 3754 2794 3828 potuisset
2812 3754 2972 3810 cordi
3013 3755 3257 3810 dubium
3303 3765 3610 3816 remanere,
3637 3742 3696 3800 ad

2136 3845 2290 3901 beati
2306 3845 2457 3900 Petri
2473 3843 2920 3900 sacratissimum
2933 3859 3140 3914 corpus
3151 3842 3394 3898 fecimus
3408 3850 3696 3896 sacramen-

2135 3935 2485 4005 tapraebere.
2514 3933 2726 3998 Quibus
2741 3930 3007 4004 prastitis
3029 3946 3248 4002 magna
3277 3945 3469 3986 sumus
3487 3923 3695 3982 exsulta-

2134 4023 2295 4080 tione
2311 4022 2670 4096 gavisi,quod
2696 4021 2792 4093 huj
2802 4019 3026 4076 usmodi
3042 4020 3440 4092 experimento
3455 4018 3695 4073 innocen-

2135 4117 2218 4172 tia
2233 4116 2354 4186 ejus
2373 4113 2668 4170 evidenter
2705 4109 2931 4166 enituit.
2955 4112 3064 4166 Pro
3087 4125 3202 4182 qua
3225 4126 3291 4167 re
3313 4107 3493 4181 gloria
3543 4105 3697 4159 vestra

2135 4205 2477 4278 praedictum
2497 4201 2686 4256 virum
2704 4215 2835 4255 cum
2857 4199 3017 4254 omni
3041 4198 3324 4254 charitate
3351 4193 3616 4268 suscipiat,
3645 4203 3696 4243 ac

2133 4293 2520 4352 reverentiam
2537 4290 2612 4358 ei,
2655 4289 2885 4364 qualem
2903 4287 3188 4344 sacerdoti
3215 4287 3401 4356 decet,
3428 4282 3692 4342 exhibeat:

2134 4401 2244 4440 nec
2277 4381 2544 4456 quaedam
2575 4377 2735 4435 cordi
2757 4379 3061 4432 remaneat
3097 4376 3165 4431 de
3193 4375 3305 4444 his,
3331 4391 3456 4448 qua:
3483 4367 3694 4445 purgata

2133 4475 2286 4541 sunt,
2323 4470 2618 4537 dubietas;
2650 4468 2751 4523 sed
2779 4466 2860 4521 ita
2905 4463 3292 4537 suprascripto
3318 4480 3418 4520 vos
3462 4460 3691 4532 episcopo

2133 4560 2497 4618 devotissime
2528 4559 2758 4630 oportet
2785 4554 3081 4610 adhaerere
3107 4551 3168 4608 in
3199 4551 3486 4618 omnibus,
3505 4549 3562 4603 ut
3581 4557 3692 4630 con-

2131 4667 2274 4724 grue
2291 4627 2678 4718 decenterque
2699 4646 2882 4700 Deum
2895 4641 2956 4696 in
2987 4641 3110 4714 ejus
3128 4657 3378 4713 persona
3396 4627 3690 4695 videamini,

2133 4739 2293 4810 cujus
2317 4735 2583 4792 minister
2609 4738 2718 4798 est,
2751 4733 3063 4788 honorare.
3087 4751 3116 4780 »

2129 4844 2280 4901 XLV.
2309 4875 2383 4886 —
2427 4842 2512 4898 De
2541 4842 2788 4914 episcopis
2829 4841 2886 4894 in
2917 4837 3194 4964 jitidicium
3241 4832 3526 4892 testimonii
3559 4839 3688 4885 causa

2805 4926 2960 4964 evoca
2987 4927 3050 4964 is.

2805 4926 3050 4966 evocans.

2201 5006 2280 5062 Ex
2309 5000 2716 5060 constitutione
2757 5015 2882 5072 cap.
2907 5001 2939 5054 9
2972 5015 2986 5055 :
3033 5021 3061 5050 «
3088 4997 3283 5056 Nullus
3313 4995 3592 5069 episcopus
3615 5000 3693 5040 co.

2125 5099 2298 5169 gatur
2323 5093 2396 5150 ad
2417 5089 2702 5164 judicium
2733 5089 2930 5146 venire
2951 5086 3181 5144 dicendi
3211 5080 3517 5142 testimonii
3533 5088 3690 5169 causis:

2129 5164 2232 5240 sed
2255 5181 2432 5256 judex
2453 5181 2526 5236 ad
2543 5179 2881 5254 episcopum
2911 5177 3106 5234 mittat
3135 5176 3432 5233 ministros
3453 5185 3590 5233 suos,
3623 5164 3690 5225 ιιι,

2130 5271 2436 5347 ριόροειιίδ
2478 5269 2688 5326 sanctis
2736 5267 3078 5341 Evangeliis,
3110 5266 3267 5339 quod
3295 5265 3399 5320 scit
3435 5259 3693 5347 episcopus

2131 5346 2304 5428 dicat,
2327 5359 2645 5416 secundum
2675 5359 2784 5414 hoc
2815 5353 2970 5430 quod
3001 5355 3392 5412 sacerdotibus
3418 5346 3691 5408 honestum

2129 5452 2233 5506 est.
2269 5471 2296 5498 ι»

2434 5536 2608 5592 XLVI.
2639 5565 2709 5576 ——
2735 5535 2818 5591 De
2847 5537 3104 5591 accusatis
3139 5532 3410 5606 episcopis.

2202 5627 2469 5700 Cap.iO:«
2498 5625 2693 5680 Nullus
2703 5623 3006 5696 episcopus
3031 5639 3220 5697 neque
3245 5637 3347 5696 pro
3368 5615 3690 5708 civili,nequ6

2129 5733 2238 5792 pro
2268 5712 2558 5772 criminati
2589 5729 2761 5772 causa
2797 5713 2952 5786 apud
3009 5711 3268 5788 quemvis
3299 5706 3567 5784 jndicem,
3597 5706 3690 5757 sive
