3882 6222
178 458 260 513 503

1426 444 1804 505 COLLEC’I‘IO
1849 445 2198 504 CANONUM.

3362 446 3466 502 506

178 578 373 633 civilem
402 576 520 631 sive
555 573 1266 648 militarem,perducatur
1297 573 1383 627 vel
1405 570 1759 635 exliibeatur,
1787 573 1841 632 Α
1864 586 2000 624 nem
2030 568 2175 623 illius
2199 584 2558 641 reparamus.
2589 586 2621 619 »
2654 565 2823 637 Cujus
2843 564 3272 635 reiexemplum
3297 565 3457 621 idem

182 666 269 721 nisi
294 665 609 736 imperialis
629 664 812 736 jussio
833 663 1189 736 processerit.
1220 662 1575 732 Magistratus
1605 659 1758 712 enim

181 756 257 827 qui
278 756 378 809 hoc
397 754 611 825 jubere
642 771 815 808 ausus
834 753 1027 819 fuerit,
1056 751 1366 806 amissione
1385 748 1668 819 cinguliet
1692 765 1758 801 xx

177 843 429 898 librarum
487 842 615 897 auri
666 841 1151 896 condemnatione
1193 840 1494 910 plectatur,
1528 841 1589 891 ut
1638 837 1757 891 istas

176 948 231 985 xx
258 932 407 986 librae
440 932 697 985 ecclesiae
724 931 1064 985 addicantur
1108 928 1266 997 cujus
1305 927 1600 996 episcopus
1631 941 1759 995 pro-

175 1019 289 1074 duci
310 1020 395 1073 vel
426 1018 686 1074 exhiberi
710 1019 899 1088 jussus
930 1021 1034 1071 est.
1066 1017 1201 1070 Litis
1227 1019 1421 1070 autem
1462 1016 1759 1068 exsecutor

170 1109 287 1178 post
311 1107 526 1177 cinguli
568 1106 943 1161 amissionem
984 1104 1287 1159 tormentis
1313 1102 1668 1173 subjiciatur,
1701 1104 1759 1154 et

169 1195 221 1250 in
250 1195 507 1249 exsilium
537 1195 823 1249 mittatur.
856 1216 883 1244 η

164 1301 353 1357 XLVII.
386 1332 453 1343 -
498 1302 581 1357 De
616 1303 698 1357 his
739 1304 837 1374 qui
880 1308 1064 1356 contra
1089 1300 1385 1372 episcopum
1412 1298 1604 1352 habent
1631 1315 1756 1352 cau-

892 1388 1025 1427 sam.

228 1459 362 1531 Cap.
389 1462 458 1514 37
492 1477 507 1514 :
536 1482 565 1509 ‹‹
598 1459 657 1516 Si
701 1459 940 1515 clericus
983 1461 1070 1515 vel
1126 1459 1171 1512 si
1212 1457 1338 1530 quis
1383 1456 1526 1511 alius
1557 1460 1757 1511 contra

162 1546 491 1617 episcopum
516 1550 757 1621 pr0pter
794 1549 1254 1620 qualemcunque
1294 1562 1524 1601 causam
1572 1544 1756 1599 audiri

157 1636 444 1701 maluerit,
491 1636 647 1708 prius
684 1636 1164 1708 metropolitanus
1204 1651 1406 1690 eorum
1438 1633 1754 1688 secundum

156 1726 376 1777 sanctas
413 1724 642 1795 regulas
693 1728 751 1779 et
798 1728 1021 1779 nostras
1070 1725 1225 1794 leges
1281 1722 1681 1789 discernat;et
1709 1722 1754 1775 si

156 1810 570 1881 quisjudicatis
591 1812 1021 1879 contradixerit,
1054 1813 1127 1866 ad
1170 1812 1561 1883 patriarcham
1607 1811 1754 1865 illius

1863 658 2062 712 doctor
2092 656 2409 723 subintulit,
2441 672 2572 709 cum
2604 655 2673 708 de
2720 653 2972 725 quodam
3018 651 3075 706 in
3131 652 3458 723 captivitate

1857 746 2070 811 vincto,
2103 744 2324 816 quoties
2355 745 2686 807 solveretur,
2727 740 3022 811 expressit.
3058 740 3209 809 Ejus,
3242 739 3453 810 inquit,

1859 850 2019 899 uxor,
2042 837 2252 903 putans
2272 848 2404 886 eum
2422 848 2539 885 esse
2560 834 2880 891 mortuum,
2899 828 3137 898 singulis
3158 827 3453 882 hebdoma

1861 922 2025 975 dibus
2043 937 2144 993 pro
2164 938 2230 974 eo
2252 919 2528 973 offerebat
2544 917 2902 984 sacriﬁcium;
2920 919 2997 982 et,
3014 918 3076 969 ut
3090 917 3207 986 ipse
3221 915 3462 969 domum

1857 1027 2113 1064 reversus
2130 1008 2501 1081 postmodum
2524 1005 2950 1077 agnovit,toties
2967 1005 3293 1058 solvebatur
3312 1018 3453 1075 quo-

1858 1098 1961 1153 ties
1984 1114 2087 1170 pro
2110 1098 2231 1167 ipso
2262 1095 2523 1151 salutaris
2552 1095 2737 1148 hostia
2763 1093 3144 1148 olferebatur.
3182 1112 3210 1140 ››

2326 1189 2384 1242 L.
2416 1218 2484 1228 —
2514 1186 2596 1240 De
2624 1184 2993 1239 militantibus.

1928 1277 2376 1347 Augustinus,de
2395 1275 2582 1331 verbis
2602 1274 2853 1341 Domini,
2876 1271 3116 1327 homilia
3142 1272 3235 1325 l9:
3256 1289 3288 1322 σε
3314 1269 3456 1325 Mili-

1860 1368 1980 1420 tare
1996 1384 2111 1420 non
2133 1368 2217 1419 est
2239 1363 2639 1431 delictum,sed
2654 1365 2892 1434 propter
2905 1360 3162 1432 praedam
3179 1358 3449 1427 militare,

1856 1459 2154 1526 peccatum
2171 1456 2391 1509 est.Nec
2409 1452 2827 1525 rempublicam
2852 1467 3053 1521 gerere
3075 1448 3454 1503 criminosum

1856 1551 1968 1616 est;
2001 1547 2241 1602 sedideo
2264 1562 2435 1617 agere
2446 1542 2861 1615 rempublicam
2886 1542 2945 1592 ut
2964 1555 3087 1593 rem
3108 1536 3453 1592 familiarem

1854 1636 2043 1708 potius
2072 1652 2304 1706 augeas,
2332 1633 2557 1688 videtur
2587 1648 2707 1685 esse
2736 1626 3086 1684 damnabile.
3140 1627 3453 1697 Propterea

1857 1728 2051 1779 autem
2070 1723 2431 1793 providentia
2453 1722 2701 1794 quadam
2724 1717 3101 1772 militantibus
3117 1717 3249 1769 sunt
3264 1713 3451 1785 stipen

1857 1812 1951 1867 dia
1976 1812 2306 1877 constituta,
2336 1828 2429 1875 ne,
2462 1811 2599 1863 dum
2641 1811 2902 1877 sumptus
2933 1803 3225 1876 quwritur,
3256 1802 3452 1874 praeda

154 1898 406 1969 regionis
434 1917 525 1955 res
554 1901 860 1968 referatur,
908 1904 965 1955 et
1002 1901 1095 1955 ille
1142 1902 1456 1955 secundum
1504 1917 1753 1954 canones
1782 1880 1831 1938 B
1853 1898 2308 1972 grassetur.lllud
2323 1902 2515 1951 autem
2546 1897 2711 1967 quale
2730 1894 3086 1961 est,[si]cum
3103 1892 3175 1946 ob
3191 1906 3452 1944 errorem

157 1991 211 2040 et
238 1988 425 2059 legem
449 1990 628 2044 finem
655 1991 707 2044 ei
738 1991 1009 2063 praebeat.
1040 1990 1098 2045 Si
1131 1994 1332 2044 contra
1356 1989 1751 2059 metropolita-

157 2091 291 2129 num
331 2077 493 2132 adire
528 2079 813 2149 quispiam
850 2080 1002 2147 velit,
1046 2078 1297 2149 regionis
1328 2079 1478 2133 illius
1506 2078 1751 2149 patriar-

155 2164 260 2217 cha
325 2165 620 2222 discernat
676 2168 998 2238 negotium.
1051 2167 1384 2240 Quicunque
1455 2167 1753 2238 episcopus

155 2252 303 2321 apud
328 2254 591 2325 quemvis
612 2255 870 2326 judicem
897 2260 1214 2324 accusatur,
1244 2257 1482 2311 omnino
1531 2257 1749 2309 nullam

155 2337 581 2411 ﬁdejussionem
606 2360 796 2416 neque
827 2345 1273 2416 promissionem
1303 2362 1406 2417 pro
1454 2345 1636 2415 litigio
1663 2345 1751 2398 fa-

157 2443 282 2523 cere
310 2433 711 2502 compellatur,
743 2434 820 2487 sie
844 2436 1043 2488 tamen
1075 2438 1135 2489 ut
1166 2450 1405 2505 operam
1430 2434 1527 2488 det
1556 2433 1749 2489 inlen-

154 2520 339 2572 siones
367 2521 425 2573 et
452 2536 648 2574 causas
680 2520 888 2577 actoris
920 2521 1245 2577 dissolvere.
1274 2543 1301 2569 η

380 2608 600 2661 XLVIII.
624 2639 693 2648 —
721 2608 805 2662 De
836 2611 1144 2663 testimoniis
1172 2609 1502 2664 clericorum.

220 2692 358 2764 Cap.
391 2698 477 2751 33.
503 2719 530 2745 «
564 2697 871 2768 Presbyter
904 2700 960 2752 et
985 2698 1259 2753 diaconus
1290 2698 1349 2752 in
1374 2715 1543 2754 causa
1571 2716 1745 2770 pecu-

148 2781 331 2836 niaria
359 2783 403 2837 si
425 2785 634 2839 falsum
660 2786 1059 2841 testimonium
1085 2787 1417 2853 dixerint,in
1439 2788 1744 2844 tormentis

146 2886 265 2925 non
292 2872 690 2943 subjiciantur,
715 2874 816 2928 sed
839 2891 944 2945 per
972 2877 1089 2929 tres
1119 2892 1302 2930 annos
1345 2881 1685 2945 separentur
1710 2895 1744 2933 a

145 2958 337 3015 divino
393 2962 732 3029 ministerio,
775 2966 833 3017 et
861 2964 1214 3018 monasterio
1262 2965 1580 3019 tradantur.
1632 2968 1741 3020 Pro

144 3045 539 3104 criminalibus
567 3050 748 3105 causis
778 3050 823 3106 si
844 3050 1050 3105 falsum
1079 3053 1474 3107 testimonium
1497 3054 1745 3109 dixerint

1854 1989 2106 2061 aliquem
2121 2005 2155 2042 a
2175 1986 2495 2041 senioribus
2518 1987 2860 2055 arguuntur,
2877 1986 2933 2034 et
2947 1981 3268 2050 imputatur
3282 1975 3452 2031 alicui

1855 2078 1924 2132 de
1957 2077 2065 2131 illis
2096 2093 2196 2130 cur
2222 2074 2409 2129 ebrius
2436 2074 2627 2139 fuerit,
2674 2088 2776 2124 cur
2822 2086 2911 2123 res
2950 2068 3167 2122 alienas
3193 2080 3451 2136 pervase-

1851 2166 1949 2231 rit,
1990 2166 2207 2219 czedem
2236 2181 2335 2219 cur
2381 2162 2741 2216 turbulentus
2786 2156 3103 2223 admiserit,
3134 2154 3330 2209 statim
3362 2168 3452 2206 re-

1851 2256 2133 2325 spondeat
2167 2271 2179 2307 :
2210 2253 2359 2316 Quid
2400 2250 2696 2305 habebant
2726 2248 2913 2301 facere
2958 2246 3135 2299 homo
3166 2239 3453 2297 saecularis

1852 2347 1910 2399 et
1940 2343 2149 2399 miles?
2179 2340 2447 2413 Nunquid
2493 2338 2846 2394 monachum
2878 2351 3001 2389 sum
3030 2331 3316 2403 professus
3354 2330 3453 2384 aut

1850 2433 2120 2488 clericum
2160 2430 2187 2485 ?
2220 2429 2390 2494 Quasi
2432 2428 2621 2483 omnis
2662 2425 2759 2498 qui
2804 2423 3039 2477 clericus
3071 2437 3188 2475 non
3219 2421 3306 2473 est
3349 2418 3449 2472 aut

1848 2520 2189 2588 monachus,
2216 2518 2397 2589 possit
2426 2517 2474 2570 ei
2506 2516 2675 2569 licere
2707 2512 2862 2586 quod
2890 2528 3009 2567 non
3035 2508 3186 2576 licet,
3222 2528 3251 2557 »ς

2202 2610 2285 2663 LI.
2314 2637 2383 2647 --
2412 2605 2496 2659 De
2529 2603 2799 2676 stipendiis
2838 2602 3091 2656 militum.

1916 2719 1947 2753 α
1978 2698 2196 2754 Dicitur
2229 2696 2543 2751 secundum
2589 2690 2963 2764 Evangelium
3000 2706 3012 2743 :
3046 2690 3442 2757 Interrogave-

1844 2793 1980 2843 runt
1998 2790 2281 2844 Joannem
2307 2789 2365 2840 et
2394 2784 2605 2839 milites
2639 2800 2651 2837 :
2687 2782 2829 2848 Quid
2850 2780 3114 2851 faciemus
3140 2783 3189 2830 et
3206 2773 3338 2829 nos?
3368 2771 3449 2827 ait

1845 2876 1955 2933 illis
1995 2879 2246 2932 Joannes
2292 2893 2305 2930 :
2350 2874 2636 2928 Neminem
2685 2870 3016 2934 concutiatis,
3052 2880 3214 2935 neque
3239 2863 3445 2918 calum-

1844 2971 1989 3022 niam
2017 2969 2253 3037 faciatis,
2277 2964 2365 3018 sed
2389 2965 2618 3019 contenti
2636 2965 2797 3016 estote
2811 2956 3079 3029 stipendiis
3095 2956 3271 3009 vestris
3284 2952 3442 3023 (Luc.

1845 3056 2053 3124 111,14).
2091 3055 2190 3108 Hic
2216 3054 2339 3123 jam
2372 3066 2721 3123 cognoscere
2772 3066 2829 3102 se
2866 3046 3038 3101 debet
3080 3042 3177 3115 qui
3211 3040 3443 3096 militat.

142 3120 691 3195 clericatushonore
718 3140 920 3194 nudati
948 3140 1219 3211 legitimis
1242 3142 1423 3211 poenis
1436 3142 1744 3212 subjician-
1771 3155 1817 3213 ρ
1844 3120 1967 3199 Non
2019 3120 2174 3199 enim
2218 3120 2469 3197 tantum.
2507 3140 2578 3193 de
2626 3138 2714 3193 his
2746 3133 3127 3191 militantibus
3152 3131 3449 3201 Scriptura

138 3226 256 3283 tur.
290 3227 492 3282 Caeteri
525 3232 722 3284 autem
768 3228 830 3282 in
870 3228 1099 3284 minore
1131 3230 1315 3301 gradu
1368 3229 1578 3297 clerici,
1637 3248 1743 3302 pro

138 3329 485 3388 quocunque
532 3317 674 3371 falso
729 3317 1082 3385 testimonio,
1116 3319 1318 3373 ordine
1363 3320 1742 3375 ecclesiastico

138 3402 366 3471 nudati,
413 3404 689 3476 legitimis
739 3407 1181 3463 coercitionibus
1240 3407 1637 3478 subjiciantur.
1682 3408 1740 3463 Si

134 3489 265 3560 quis
290 3496 495 3549 contra
520 3494 818 3562 clericum,
854 3497 939 3550 vel
962 3496 1338 3563 monachum,
1356 3497 1442 3551 vel
1463 3496 1743 3551 diaconis—

129 3593 281 3646 sam,
322 3584 411 3638 vel
449 3583 890 3651 monasterium,
940 3585 1024 3637 vcl
1078 3585 1477 3639 archisterium
1528 3586 1740 3642 habeat

128 3668 392 3741 aliquam
408 3672 717 3738 actionem,
738 3672 907 3727 adeat
930 3671 1086 3743 prius
1105 3673 1599 3745 religiosissimum
1618 3676 1739 3748 epi-

127 3771 400 3830 scopum,
431 3762 519 3816 cui
545 3777 748 3816 eorum
781 3761 1168 3833 unusquisque
1187 3763 1474 3833 subjectus
1493 3767 1579 3818 est
1603 3782 1615 3818 :
1640 3765 1735 3820 ille

128 3848 336 3902 autem
356 3866 480 3904 rem
500 3850 559 3903 in
582 3849 737 3920 ipsos
756 3849 1048 3905 decernat.
1074 3850 1240 3915 Quod
1282 3851 1328 3906 si
1358 3870 1503 3908 unus
1528 3870 1595 3908 ex
1620 3855 1739 3909 liti-

132 3935 433 4003 gatoribus
469 3938 887 3994 contradixerit
917 3939 1212 4010 judicatis,
1242 3944 1300 3994 et
1341 3959 1409 3996 ex
1448 3942 1735 4013 imperiali

132 4024 221 4077 vel
242 4024 506 4095 judiciali
529 4027 786 4098 jussione
818 4026 1116 4100 episcopus
1141 4028 1351 4097 videat,
1384 4030 1457 4085 ad
1482 4030 1733 4103 impera-

135 4111 328 4208 torem
357 4114 850 4208 veljudieemqui
857 4116 1053 4187 jussit,
1077 4117 1381 4172 referatur.
1417 4118 1474 4174 Si
1496 4120 1739 4192 dejudi—

138 4204 223 4255 cio
266 4204 644 4259 ecclesiastico
691 4204 845 4259 idem
889 4205 1167 4261 canonica
1216 4223 1387 4262 causa
1415 4210 1735 4281 emerserit,

140 4303 258 4344 non
288 4294 679 4364 magistratus,
721 4295 823 4349 sed
866 4295 1173 4367 religiosus
1213 4294 1513 4369 episcopus
1543 4315 1737 4355 secun-

142 4374 279 4433 dum
312 4398 499 4438 sacros
526 4400 779 4438 canones
807 4383 1075 4455 imponat
1105 4386 1340 4457 negotio
1364 4387 1564 4444 finem.
1595 4409 1628 4443 s

140 4462 310 4522 XLIX.
335 4502 403 4511 —
431 4470 706 4539 Quantum
732 4474 907 4543 prosit
942 4474 1192 4545 frequens
1228 4475 1424 4531 oblatio
1466 4480 1733 4549 sacriﬁcii.

209 4555 508 4630 Gregorius
543 4561 605 4617 in
634 4561 879 4616 homilia
909 4565 974 4618 37
1008 4564 1453 4636 Evangeliorum
1479 4585 1496 4620 :
1532 4587 1564 4619 ς
1595 4569 1737 4623 Pen-

146 4646 281 4714 sate,
302 4647 525 4716 fratres,
565 4666 745 4722 quam
772 4649 1091 4722 benignum
1120 4652 1211 4721 sit,
1245 4654 1401 4725 quod
1422 4654 1467 4709 is
1507 4656 1604 4727 qui
1635 4658 1739 4712 ad-

148 4738 309 4790 ventu
335 4754 432 4793 suo
459 4739 610 4793 valet
640 4739 994 4811 opprimere,
1020 4741 1211 4796 tardat
1228 4743 1737 4803 venire.Mittamus

146 4821 370 4881 adhunc
384 4826 735 4899 legationem
763 4831 1023 4883 nostram
1054 4828 1269 4899 ﬂendo,
1303 4831 1737 4902 tribuendo,sa—

148 4925 262 4966 cras
303 4914 511 4972 hostias
550 4915 869 4971 offerendo.
921 4917 1304 4990 Singulariter
1352 4938 1607 4994 namque
1662 4925 1735 4979 ad

150 4997 551 5060 absolutionem
579 5009 864 5071 nostram,
887 5006 1079 5061 oblata
1097 5024 1227 5062 cum
1258 5010 1527 5082 lacrymis
1555 5015 1613 5066 et
1627 5014 1736 5068 be-

150 5086 412 5189 nignitate
462 5094 697 5160 mentis,
731 5094 874 5149 sacri
908 5095 1102 5150 altaris
1142 5097 1328 5153 hostia
1367 5099 1732 5172 suffragatur,

151 5181 270 5246 quia
286 5181 330 5233 is
348 5182 443 5253 qui
462 5181 523 5236 in
541 5199 602 5237 se
619 5198 860 5253 surgens
878 5199 911 5237 a
927 5185 1168 5240 mortuis
1187 5187 1310 5257 jam
1328 5204 1445 5243 non
1464 5190 1730 5258 moritur,

152 5265 316 5325 adhuc
330 5287 431 5342 per
445 5272 598 5327 hanc
612 5271 673 5325 in
691 5287 793 5326 suo
809 5274 1080 5344 mysterio
1100 5291 1202 5346 pro
1227 5278 1393 5332 nobis
1416 5278 1626 5334 iterum
1640 5296 1734 5351 pa-

153 5354 291 5412 titur.
308 5361 447 5416 Nam
466 5359 697 5433 quoties
718 5360 768 5414 ei
808 5360 1054 5417 hostiam
1090 5381 1205 5419 sua:
1248 5366 1527 5437 passionis
1549 5368 1735 5422 offeri-

152 5459 281 5516 mus,
303 5451 468 5508 toties
490 5449 664 5506 nobis
683 5449 756 5504 ad
775 5451 1198 5508 absolutionem
1218 5459 1481 5511 nostram
1525 5457 1734 5528 passio-

193 5574 317 5654 _(46)
363 5574 596 5654 Exercet
636 5576 1063 5654 mercimonium.
1121 5578 1345 5654 Similia
1393 5583 1515 5637 fere
1558 5582 1735 5654 habet

145 5640 505 5731 Iiieronymus
526 5648 588 5731 in
600 5648 845 5731 epistola
868 5648 939 5703 ad
972 5650 1358 5731 Nepotianum
1384 5658 1586 5710 contra
1612 5652 1727 5731 cle-

148 5719 276 5774 ricos
298 5719 694 5792 negotiatores
714 5719 885 5791 atque
910 5719 1160 5779 avaritiae
1187 5723 1431 5796 deditos,
1454 5728 1512 5784 et
1530 5726 1734 5789 contra

1758 4433 1812 4491 D

1844 3233 2118 3306 loquitur,
2152 3231 2249 3304 qui
2285 3233 2508 3285 armata
2541 3227 2745 3282 militia
2775 3224 3130 3287 detinentur,
3167 3220 3267 3274 sed
3290 3218 3444 3291 quis-

1845 3305 1970 3395 quis
1997 3320 2219 3375 militia:
2241 3337 2356 3375 suae
2378 3318 2609 3388 cingulo
2641 3315 2839 3385 utitur,
2874 3308 3171 3383 dignitatis
3201 3324 3316 3362 suae
3329 3305 3439 3361 mi-

1842 3394 1925 3465 les
1972 3410 2289 3465 ascribitur.
2345 3408 2529 3476 Atque
2576 3404 2698 3457 haec
2752 3399 3038 3455 sententia
3085 3400 3276 3469 potest
3306 3394 3436 3463 dici,

1841 3498 2001 3554 verbi
2032 3498 2238 3569 gratia,
2283 3494 2578 3556 militibus,
2618 3488 3062 3562 protectoribus,
3107 3485 3441 3555 cunctisque

1840 3586 2177 3644 rectoribus.
2211 3583 2548 3654 Quicunque
2580 3579 2736 3634 enim
2762 3576 3050 3649 stipendia
3080 3574 3187 3628 sibi
3213 3570 3441 3643 publice

1839 3680 2069 3734 decreta
2099 3673 2487 3745 consequitur,
2520 3670 2566 3724 si
2595 3667 2843 3738 amplius
2882 3663 3108 3737 quierit,
3160 3664 3440 3733 tanquam

1838 3767 2223 3824 calumniator
2252 3765 2311 3818 et
2347 3775 2654 3817 concussor
2700 3753 2938 3810 Joannis
2977 3748 3264 3806 sententia
3301 3766 3439 3804 con-

1839 3860 2168 3915 demnatur.
2208 3854 2397 3927 Usque
2441 3852 2583 3906 adeo
2617 3850 2812 3903 autem
2860 3844 2969 3899 hoc
3010 3838 3275 3897 insolevit
3314 3854 3438 3893 ma-

1836 3949 1980 4013 lum,
2015 3948 2079 3999 ut
2091 3944 2217 4014 jam
2249 3940 2411 4014 quasi
2460 3957 2527 3993 ex
2564 3932 2978 3992 consuetudine
3009 3929 3335 3986 vendantur
3362 3928 3441 3981 le-

1838 4053 1959 4109 ges,
1988 4035 2433 4104 corrumpantur
2452 4030 2608 4101 jura,
2641 4023 2928 4080 sententia
2957 4022 3080 4093 ipsa
3107 4016 3325 4075 venalis
3344 4015 3438 4086 sit,

1839 4131 1897 4181 et
1925 4126 2083 4181 nulla
2105 4123 2230 4194 jam
2251 4137 2419 4176 causa
2449 4116 2627 4191 possit
2651 4131 2770 4170 esse
2792 4113 2913 4169 sine
2945 4127 3132 4167 causa.
3164 4129 3197 4162 ν

1839 4216 1948 4271 LII.
1979 4245 2052 4256 —
2082 4213 2164 4266 De
2196 4208 2552 4266 militantibus
2593 4205 2817 4270 clericis,
2865 4209 2914 4257 et
2940 4217 3120 4257 eorum
3148 4197 3438 4269 stipendiis.

1914 4328 1942 4355 «
1970 4304 2098 4357 Haec
2121 4298 2427 4365 sententia,
2461 4313 2588 4369 qua:
2615 4295 2687 4350 ad
2715 4293 2926 4348 milites
2953 4290 3228 4363 loquitur,
3252 4287 3442 4359 potest

1838 4394 2015 4450 etiam
2046 4390 2120 4446 ad
2144 4388 2379 4444 clericos
2405 4385 2747 4456 retorqueri,
2772 4382 2927 4455 quia,
2948 4379 3305 4436 etiamsinon
3329 4374 3440 4432 mi-

1837 4483 2003 4538 litare
2032 4480 2337 4535 videantur
2366 4476 2594 4540 saeculo,
2626 4476 2824 4527 tamen
2845 4471 2963 4525 Dee
2996 4468 3269 4533 militant,
3297 4465 3442 4519 sicut

1838 4574 1920 4630 ait
1944 4571 2248 4645 Apostolus
2288 4584 2300 4622 :
2334 4566 2507 4621 Nemo
2538 4562 2779 4617 militans
2802 4562 2915 4617 Deo
2932 4560 3174 4632 implicat
3201 4573 3253 4611 se
3280 4572 3442 4625 nego-

1840 4665 1926 4718 tiis
1971 4660 2305 4716 saecularibus
2349 4654 2430 4723 (II
2469 4654 2610 4708 Tim.
2652 4670 2711 4720 ιι,
2740 4654 2811 4718 4).
2845 4652 3142 4718 Videmur,
3171 4647 3437 4720 inquam,

1838 4767 1957 4806 non
1985 4748 2257 4809 militare,
2303 4742 2556 4799 remissis
2595 4758 2659 4797 ac
2701 4738 3015 4795 ﬂuentibus
3048 4736 3256 4793 tunicis
3289 4752 3305 4790 :
3338 4735 3439 4789 sed

1835 4840 2116 4895 habemus
2142 4834 2361 4890 militiae
2388 4836 2599 4889 nostra:
2620 4830 2938 4901 cingulum,
2953 4843 3065 4898 quo
3086 4823 3440 4880 castimonia:

1835 4927 2117 4984 interiora
2137 4922 2624 4994 constringamus.
2657 4919 2738 4972 De
2770 4932 2883 4988 quo
2902 4913 3133 4984 cingulo
3156 4910 3440 4966 Dominus

1836 5019 1916 5074 ait
1941 5036 1953 5074 :
1976 5018 2098 5075 Sint
2129 5014 2298 5069 lumbi
2324 5014 2483 5067 vestri
2494 5008 2791 5081 praecincti,
2810 5012 2858 5058 et
2880 5004 3100 5056 lucernae
3119 4999 3359 5053 ardentes
3383 5000 3439 5053 in

1835 5109 2080 5163 manibus
2131 5106 2311 5159 vestris
2363 5101 2519 5173 (Luc.
2580 5114 2674 5162 xu,
2731 5095 2840 5163 35).
2865 5094 3010 5148 Nam
3038 5093 3096 5144 et
3124 5088 3437 5143 catholicus

1835 5197 2071 5254 clericus
2100 5195 2203 5250 hac
2235 5190 2523 5246 sententia
2551 5185 2849 5240 retinetur.
2877 5180 2934 5235 Si
2962 5179 3119 5234 enim
3156 5194 3271 5232 non
3302 5193 3437 5232 con-

1834 5289 2025 5343 tentus
2054 5280 2353 5353 stipendiis
2382 5276 2554 5331 fuerit
2585 5290 2711 5343 qua:
2735 5273 2805 5326 de
2837 5268 3039 5326 altario
3071 5266 3430 5336 Dominoju-

1832 5375 2006 5429 bente
2029 5368 2419 5439 consequitur,
2447 5364 2547 5418 sed
2570 5365 2796 5416 exercet
2819 5354 3266 5415 mercimonium
3294 5354 3430 5428 (46),
3448 5354 3495 5387 ’θ

1832 5458 2272 5517 intercessiones
2302 5455 2374 5508 ad
2400 5450 2711 5508 Dominum
2744 5449 2960 5517 vendit,
2990 5447 3291 5503 viduarum
3308 5462 3433 5500 mu-

1834 5577 2448 5714 elqsplqctlppdiosis
2478 5578 2764 5651 obsequiis
2784 5579 3087 5636 viduarum
3107 5573 3433 5634 haamditati

1834 5674 1851 5714 ›
1897 5674 1942 5711 Sl
1987 5672 2043 5710 ia
2266 5690 2279 5703 .

1818 5672 2279 5714 ουειαιαῡεωιων.
