3882 6222
453 464 556 523 507
1481 468 1539 526 S.
1577 467 1869 525 ABBONIS
1909 464 2194 526 ABBATIS
2234 467 2732 527 FLORIACENSIS
3608 495 3685 547 ,ξοδ

454 603 595 640 nera
635 586 886 677 libenter
937 589 1320 659 amplectitur,
1367 589 1458 642 hic
1507 591 1834 660 negotiator
1866 591 2121 661 magisA
2153 590 2677 644 dimentaalliciant
2698 606 2872 660 quam
2902 592 3554 655 tormenta.Necinterest
3569 609 3686 677 apud

453 677 642 744 potest
671 675 849 728 videri
878 693 1051 746 quam
1084 677 1338 729 clericus.
1364 677 1476 730 Nec
1503 677 1691 730 dicere
1716 695 2015 747 possumus
2043 696 2054 732 :
2161 679 2468 732 Dominum
2513 683 2706 733 utrum
2747 679 2796 731 vi
2843 696 2915 732 an
2966 679 3435 741 circumventione
3481 675 3689 760 quis—res

454 762 635 815 Nemo
657 763 2054 834 nosinvasoresarguitviolentizc,nullusaccusat.
2161 767 2378 819 alienas
2422 770 2679 836 occupet,
2742 768 3059 822 dummodo
3091 785 3313 842 quoquo
3341 779 3493 844 pacto
3539 781 3691 834 teneat

457 848 625 912 Quasi
649 867 764 905 non
790 851 1080 905 interdum
1107 852 1390 922 majorem
1412 854 1670 922 praedam
1703 853 2059 908 viduisblan-
2162 854 2436 908 alienum.
2471 877 2497 903 ›ι

968 1182 1422 1322 VITA
1511 1184 2176 1323 SANCTI
2263 1185 3244 1326 EADMUNDI
3319 1157 3328 1162 ’

1549 1398 1744 1444 REGIS
1789 1397 2165 1444 ANGLORUM
2209 1398 2291 1443 ET
2334 1398 2673 1444 MARTYRIS

1064 1519 1446 1578 AUCTOBE
1491 1519 1807 1577 SANCTO
1854 1518 2180 1591 ABBONE
2222 1519 2540 1577 ABBATE
2586 1518 3150 1582 FLORIACENSI.

1269 1642 1448 1714 (Apud
1479 1641 1734 1709 Surium,
1762 1641 1904 1695 Acta
1933 1650 2256 1710 sanctorum,
2287 1643 2360 1698 ad
2387 1643 2541 1698 diem
2575 1646 2642 1698 20
2670 1646 2962 1718 novemb.)

1519 1918 2118 2006 PBZEFATIO
2181 1919 2743 2007 AUCTOBIS

1196 2103 1290 2157 AD
1322 2102 1751 2158 DUNSTANUM
1789 2101 2397 2157 ARCHIEPlSCOPUM
2428 2100 3024 2156 CANTHARIENSEM.

519 2347 768 2402 Domino
796 2350 1006 2400 sancta:
1028 2344 1488 2415 metropolitana:
1520 2345 2047 2399 Dorobernensium
2069 2350 2118 2407 B
2152 2345 2254 2399 tati
2288 2345 2648 2412 incumbere,
2678 2350 2740 2401 ut
2772 2363 2976 2402 eorum
3001 2346 3248 2402 ferventi
3282 2345 3548 2402 desiderio
3578 2343 3704 2398 satis-

445 2436 705 2490 Ecclesiaz
737 2434 1164 2506 archiepiscopo
1192 2435 1504 2499 DUNSTANO,
1539 2449 1670 2486 vere
1703 2433 1958 2486 moribus
1991 2436 2050 2485 et
2149 2435 2503 2501 facerem,ac
2536 2452 2638 2506 pro
2664 2435 2870 2489 virium
2902 2436 3174 2491 facultate
3207 2438 3491 2490 tantorum
3510 2446 3706 2504 Operum

451 2527 619 2577 astate
652 2526 901 2582 maturo,
937 2526 1088 2575 Anno
1118 2521 1490 2575 Floriacensis
1521 2521 1837 2574 monachus
1858 2521 2047 2586 levita,
2149 2523 2353 2575 seriem
2369 2523 2551 2592 perire
2567 2522 3231 2586 nonsinerem.Quorum
3246 2521 3706 2594 petitionicumpro

453 2609 558 2664 etsi
585 2609 877 2680 indignus.
907 2612 953 2663 A
1001 2609 1223 2663 Christo
1264 2608 1510 2663 Domino
1559 2609 1842 2678 irriguum
1882 2625 2050 2679 supe-
2152 2610 2234 2663 sui
2263 2610 2583 2664 reverentia
2604 2612 2818 2664 nollem
2838 2611 3269 2679 contradicere;
3299 2607 3608 2680 posthabitis
3627 2603 3705 2658 ali-

452 2696 570 2750 rius
595 2701 654 2751 et
685 2697 964 2768 irriguum
998 2696 1255 2750 inferius.
2152 2700 2496 2768 quantulum
2525 2699 2881 2753 smcularium
2914 2700 3240 2753 litterarum
3263 2697 3471 2762 studiis,
3499 2692 3635 2766 quasi
3654 2689 3707 2744 ad

526 2787 856 2856 Postquam,
914 2803 947 2839 a
1005 2789 1083 2848 te,
1134 2785 1474 2839 venerabilis
1523 2787 1714 2852 Pater,
1768 2785 2053 2856 digressus
2153 2786 2490 2840 interiorem
2523 2787 2732 2840 animae
2765 2787 3194 2858 philosophiam
3227 2805 3320 2841 me
3345 2784 3562 2849 contuli,
3604 2779 3708 2834 dum

450 2891 576 2930 sum
609 2891 739 2928 cum
793 2875 973 2927 multa
1005 2873 1298 2927 alacritate
1331 2874 1536 2940 cordis,
1569 2876 1628 2927 et
1659 2874 1731 2927 ad
1762 2877 2050 2927 monaste-
2155 2875 2296 2945 ejus,
2330 2875 2424 2946 qui
2471 2891 2602 2928 vere
2635 2875 3069 2946 philosophatus
3095 2879 3184 2930 est
3235 2875 3293 2928 in
3336 2875 3536 2927 throno
3566 2865 3708 2938 regni.

450 2963 626 3029 rium,
681 2963 838 3034 quod
885 2962 1056 3028 nosti,
1115 2963 1354 3016 festinus
1403 2963 1567 3029 redii,
1616 2966 1914 3034 coeperunt
1958 2978 2051 3015 me
2154 2962 2390 3016 virtutes
2419 2963 2666 3017 scribere
2689 2963 3270 3034 proposui:maxime
3302 2965 3489 3015 tamen
3513 2968 3708 3024 easque

452 3051 660 3106 obnixe
692 3051 728 3104 ii
759 3067 887 3104 cum
921 3051 1127 3121 quibus
1157 3051 1415 3104 fraterna
1468 3051 1746 3104 charitate
1787 3052 2054 3104 detentus
2155 3053 2285 3121 post
2311 3051 2431 3120 ejus
2462 3051 2684 3104 obitum
2716 3051 2905 3104 salculi
2928 3051 3204 3105 inaudita;
3221 3051 3383 3105 factae
3398 3042 3706 3115 suntzquibus

449 3139 794 3211 hospitando
848 3140 1125 3194 hactenus
1182 3139 1334 3209 degi,
1389 3141 1613 3209 pulsare
1651 3156 1828 3192 manu
1873 3137 2053 3192 sancti
2159 3155 2331 3192 nemo
2365 3139 2643 3206 crederet,
2674 3139 2777 3192 nisi
2808 3155 2901 3192 eas
2933 3142 3056 3193 tuas
3083 3132 3707 3198 assertionesirrefraga—

449 3227 750 3295 Desiderii,
770 3231 831 3281 ut
854 3227 1207 3282 mirabilium
1233 3229 1538 3298 patratoris
1560 3228 1879 3284 Eadmundi
1905 3227 2055 3296 regis
2157 3226 2284 3280 bilis
2331 3227 2642 3281 auctoritas
2693 3229 3038 3282 roborasset.
3094 3227 3395 3299 Siquidem
3432 3228 3507 3292 tu,
3538 3219 3615 3274 cui
3639 3215 3708 3270 nix

449 3317 509 3371 et
526 3316 794 3386 martyris
812 3315 1137 3388 passionem
1163 3315 1365 3369 litteris
1386 3315 2056 3386 digererem,asserentes
2157 3314 2358 3384 capitis
2388 3316 2541 3369 credi
2577 3316 2889 3388 compellit,
2948 3316 3182 3386 quando
3234 3313 3515 3369 referebas
3558 3309 3615 3362 de
3642 3319 3706 3367 εει.

446 3402 507 3458 id
538 3404 782 3474 posteris
808 3403 1198 3474 profuturum,
1227 3403 1329 3456 tibi
1348 3407 1603 3474 gratum,
1629 3421 1692 3457 ac
1709 3420 1853 3457 mea:
1867 3401 2056 3473 parvi-
2158 3417 2286 3473 quin
2318 3418 2470 3456 nunc
2501 3402 3042 3472 est,incorruptione
3076 3399 3491 3474 regis,quidam
3511 3392 3707 3462 diligen-

447 3490 581 3545 tatis
615 3492 769 3563 apud
808 3493 1131 3563 Anglorum
1161 3492 1433 3546 Ecclesias
1460 3508 1577 3546 non
1608 3491 1808 3546 inutile
1845 3507 2053 3544 monu-
2157 3490 2266 3543 tius
2314 3489 2611 3561 requisivit
2640 3494 2836 3544 utrum
2871 3491 2993 3544 haec
3023 3490 3103 3544 ita
3149 3507 3272 3544 esse
3306 3487 3545 3560 possent.
3575 3479 3707 3546 Cujus

450 3582 740 3634 mentum.
773 3580 1091 3634 Audierant
1117 3579 1274 3634 enim
1307 3581 1460 3651 quod
1481 3581 1606 3650 jam
1625 3579 2056 3650 pluribusigno-
2157 3577 2488 3649 quaestionis
2544 3577 2889 3648 ambiguum
2949 3578 3144 3631 volens
3174 3591 3442 3648 purgare,
3490 3575 3546 3624 tu
3575 3567 3706 3651 vasti?

445 3671 658 3734 ratam,
692 3685 725 3721 a
757 3668 999 3722 nemine
1030 3650 1338 3738 scriptam,
1359 3672 1457 3721 tua
1494 3668 1764 3721 sanctitas
1799 3685 1865 3721 ex
1904 3667 2022 3720 anti
2042 3697 2054 3708 ο
2077 3663 2122 3720 C
2156 3665 2376 3736 peritiaa
2402 3666 2718 3720 sacrarium
2743 3682 2847 3737 pro
2874 3669 3184 3737 [reserans]
3203 3665 3463 3734 exemplo
3480 3650 3705 3727 adjecisli,

447 3755 682 3828 quitatis
712 3756 999 3811 memoria
1027 3757 1348 3821 collectam,
1377 3755 1748 3809 historialiter
1778 3772 1872 3809 me
1904 3771 2050 3826 praa-
2156 3754 2498 3825 quodmulto
2531 3753 2715 3824 magis
2746 3753 3108 3807 audientium
3143 3751 3391 3807 attonita
3419 3745 3578 3802 corda
3602 3755 3704 3794 con-

445 3847 605 3899 sente
629 3844 915 3899 retulisset
947 3843 1184 3898 domino
1219 3843 1484 3896 Rosensis
1536 3844 1795 3897 Ecclesias
1834 3844 2054 3914 episco-
2156 3842 2346 3907 cussit,
2382 3841 2515 3912 quia
2545 3844 2774 3895 sanctus
2795 3841 3024 3895 Domini
3070 3841 3437 3903 Cuthbertus,
3469 3835 3709 3898 incompa-

442 3936 611 4004 po,et
639 3932 831 3986 abbati
855 3930 1192 3985 monasterii
1225 3925 1599 4000 quoddicitur
1617 3931 2050 4004 Mealmesbyry,
2155 3929 2349 3984 rabilis
2393 3929 2687 3983 confessor
2733 3931 2789 3982 et
2843 3929 3166 4000 episcopus,
3206 3945 3324 3983 non
3358 3926 3532 3981 solum
3561 3917 3706 3973 adhuc

442 4035 509 4074 ac
549 4019 676 4074 aliis
730 4019 950 4072 circum
993 4017 1406 4084 assistentibus,
1453 4018 1596 4072 sicut
1619 4022 1749 4073 tuus
1788 4036 1914 4074 mos
1942 4022 2049 4086 est,
2155 4020 2444 4088 exspectat
2485 4017 2640 4070 diem
2686 4017 2891 4087 primas
2937 4014 3381 4071 resurrectionis
3428 4005 3707 4073 incorrupto

441 4106 716 4160 fratribus
748 4123 894 4176 quos
923 4105 1134 4175 pabulo
1169 4105 1344 4159 divini
1376 4107 1533 4160 verbi
1567 4107 1769 4162 Latina
1795 4108 2054 4179 etpatria
2155 4122 2395 4177 corpore
2439 4105 2572 4177 (47),
2607 4106 2707 4159 sed
2753 4105 2927 4159 etiam
2966 4107 3230 4178 perfusus
3261 4101 3506 4175 quodam
3541 4089 3705 4179 blando

440 4192 642 4262 lingua
681 4208 914 4262 pascere
945 4208 1061 4246 non
1095 4192 1324 4247 desinis.
1362 4193 1574 4258 Quibus
1615 4177 1887 4250 fatebaris
1916 4213 2049 4250 ocu-
2154 4197 2375 4266 tepore.
2412 4193 2574 4256 Quod
2604 4209 2711 4264 ego
2734 4177 3031 4248 admirans
3056 4209 3163 4264 pro
3188 4191 3526 4263 argumento
3553 4177 3705 4241 habui.

439 4281 527 4334 los
555 4279 800 4333 suffusus
828 4280 1095 4351 laerymis
1126 4282 1281 4353 quod
1303 4299 1432 4337 eam
1455 4283 1659 4355 junior
1700 4284 1993 4339 didicisses
2020 4301 2054 4338 a
2156 4300 2268 4354 quo
2295 4282 2529 4337 tandem
2562 4282 2630 4337 ad
2660 4282 2840 4336 sancti
2870 4283 3025 4353 regis
3054 4287 3218 4353 gesta
3235 4273 3604 4335 elucubranda
3621 4280 3708 4321 cer-

444 4367 699 4438 quodam
731 4385 868 4422 sene
914 4370 1227 4442 decrepito,
1280 4372 1377 4444 qui
1435 4389 1566 4429 eam
1625 4373 1966 4444 simpliciter
1996 4376 2054 4427 et
2155 4373 2268 4425 tior
2289 4371 2516 4437 accessi,
2544 4371 2730 4425 fidens
2747 4372 2817 4425 de
2843 4371 2965 4442 ejus
2988 4373 3046 4424 et
3072 4371 3182 4425 tuis
3213 4357 3707 4436 incomparabilibus

441 4456 612 4526 plene
639 4455 751 4510 fide
785 4456 1072 4512 referebat
1103 4460 1512 4530 gloriosissimo
1544 4461 1667 4532 regi
1694 4462 2048 4527 Ethelstano,
2156 4460 2396 4528 meritis,
2435 4459 2524 4514 cui
2558 4459 2842 4530 primitias
2873 4459 2988 4514 mei
3016 4459 3232 4514 laboris
3259 4457 3705 4513 consecrans,sup-

434 4544 818 4615 jurejurando
852 4562 1109 4602 asserens
1131 4549 1286 4619 quod
1316 4549 1521 4604 eadem
1554 4550 1644 4604 die
1667 4549 2052 4604 fuissetarmi-
2152 4549 2380 4621 pliciter
2411 4549 2648 4603 obsecro
2678 4552 2738 4602 ut
2769 4549 2853 4602 vel
2888 4565 3004 4602 una
3053 4547 3144 4601 die
3192 4549 3386 4601 vertas
3427 4537 3557 4596 mihi
3581 4538 3706 4589 illum

441 4648 547 4704 ger
576 4632 730 4687 beati
757 4633 881 4703 viri,
913 4653 1027 4707 qua
1058 4653 1162 4706 pro
1197 4637 1421 4692 Christo
1449 4641 1670 4709 martyr
1691 4638 1976 4698 occubuit.
2153 4639 2333 4692 otium
2362 4638 2422 4691 in
2448 4639 2759 4691 honestum
2792 4635 3116 4708 negotium,
3160 4631 3474 4690 resecando
3509 4625 3622 4682 hinc
3643 4634 3708 4674 su-

385 4773 403 4781 _
508 4720 679 4792 Cujus
709 4724 1011 4778 assertioni
1037 4725 1171 4796 quia
1201 4725 1259 4778 in
1283 4729 1510 4780 tantum
1526 4726 2049 4782 ﬁdemaccommo-
2151 4728 2394 4798 perﬂua,
2433 4725 2751 4797 supplendo
2797 4724 3038 4787 hiantia,
3078 4724 3358 4796 quoniam
3389 4737 3453 4776 ex
3483 4731 3572 4772 ore
3615 4713 3706 4768 tuo.

438 4809 606 4878 dasti,
639 4813 702 4865 ut
721 4813 1123 4882 promptuario
1151 4815 1456 4868 memoriae
1505 4815 1681 4869 verba
1713 4831 1780 4869 ex
1818 4815 2045 4886 integro
2149 4819 2362 4886 przeter
2390 4815 2594 4870 seriem
2616 4813 2800 4868 ultimi
2838 4813 3121 4879 miraculi,
3157 4812 3362 4867 omnia
3390 4810 3708 4862 veracemse-

436 4899 802 4968 reconderes,
827 4918 955 4972 quae
975 4902 1686 4972 postmodumjunioribus
1701 4904 1919 4958 mellito
1944 4921 2043 4958 ore
2148 4907 2310 4958 cutus
2336 4919 2507 4960 verax
2541 4901 2771 4974 digessi,
2805 4902 3118 4956 exhortans
3150 4916 3360 4955 omnes
3391 4895 3463 4951 ad
3502 4887 3708 4946 mortem

439 4991 757 5057 eructares;
790 4992 1089 5060 ceperunt
1111 4990 1316 5045 fratres
1338 4991 1642 5047 instantius
1663 5008 1808 5048 mete
1837 4992 2042 5064 pusilli-
2067 4988 2119 5048 D
2147 4993 2294 5047 tanti
2321 4991 2610 5063 martyris.
2644 4991 2778 5046 Vale
2810 4992 2982 5045 Pater
3012 4989 3069 5045 in
3107 4989 3357 5046 Christo.

1476 5177 2166 5319 INCIPIT
2266 5178 2721 5318 VITA

510 5422 1136 5497 I.Ascitialiquandoin
1155 5426 1512 5483 Britanniam
1530 5429 2046 5501 precariomuuere
2149 5433 2256 5500 est,
2290 5431 2564 5500 Saxones,
2611 5431 2724 5486 Juti
2769 5434 2826 5486 et
2877 5428 3072 5502 Angli,
3123 5428 3385 5505 primum
3436 5415 3714 5480 Britonibus

440 5511 500 5567 in
521 5512 915 5585 perniciosum
937 5516 1210 5571 auxilium
1225 5520 1339 5570 tres
1359 5518 1677 5574 Germania:
1695 5519 1913 5592 populi,
1939 5520 2048 5575 hoc
2149 5520 2402 5576 interdiu
2427 5521 2588 5575 fuere
2622 5520 2875 5593 praasidii
2908 5521 3084 5590 (forte,
3117 5517 3433 5594 praesidio).
3478 5511 3576 5578 Qui
3611 5515 3713 5561 cum

512 5646 1021 5726 (47)Nota,lec_tor,
1050 5665 1177 5703 rem
1198 5649 1592 5726 admiratione
1624 5653 2046 5726 dignissimam.
2152 5670 2361 5726 corpus
2405 5653 2697 5726 integrum
2739 5657 3038 5724 repertum
3082 5657 3187 5710 est.
3231 5650 3398 5722 (Vide
3424 5643 3580 5703 Alani
3606 5632 3711 5709 C01)i

438 5715 620 5772 Porro
639 5719 839 5772 autem
870 5718 1048 5775 etiam
1081 5724 1283 5778 nostra
1301 5723 1470 5778 aetate
1482 5723 1652 5794 hujus
1674 5715 1732 5782 ἔ.
1753 5725 2052 5782 Cuthberti
2153 5715 2451 5797 dialogum
2473 5715 2560 5795 ll]:
2589 5742 2714 5797 cap.
2748 5715 2867 5799 29'.)
