3882 6222
223 492 325 548 509

1322 490 1475 550 VITA
1513 488 1570 549 S.
1613 490 1968 550 EADMUNDI
2005 490 2203 549 REGIS
2239 488 2440 549 ANGL.

3425 497 3529 555 5l0

226 610 431 683 sapius
460 612 615 667 bello
646 610 913 682 lacessiti,
944 629 1004 668 se
1034 615 1093 667 et
1117 630 1249 669 suos
1298 614 1670 669 defensarent
1713 616 1830 670 for-
1852 620 1909 679 Α
1931 616 2117 669 tatum
2146 617 2230 668 est
2256 613 2446 669 divino
2496 616 2639 669 nutu
2667 630 2680 667 :
2728 612 3004 686 quoniam
3034 628 3177 685 puer
3208 616 3325 670 toto
3352 631 3521 671 cona-

226 699 397 767 titer;
424 699 506 754 illi
529 717 669 755 vero
697 700 949 771 ignavia
967 719 1200 774 operam
1226 702 1448 769 dantes,
1469 703 1627 775 quasi
1651 705 1835 774 prole-

226 786 355 840 tarii
385 787 461 841 ad
488 789 674 843 solam
710 790 1064 861 voluptatem
1096 790 1255 844 domi
1284 791 1625 857 residerent,
1644 791 1729 844 fisi
1762 792 1832 845 de

224 874 439 931 invicta
468 877 817 932 fortitudine
866 877 1375 950 stipendiariorum
1408 878 1657 932 militum
1690 895 1832 949 quos

222 964 335 1018 sibi
363 964 787 1032 conduxerant,
839 965 989 1036 ipsos
1045 965 1286 1020 miseros
1318 965 1622 1035 indigenas
1654 966 1829 1020 domo

222 1052 529 1125 patriaque
574 1054 792 1124 pellere
847 1054 1189 1122 deliberant,
1240 1056 1585 1125 pactumque
1616 1056 1700 1108 est
1729 1070 1741 1109 :
1775 1056 1832 1107 et

222 1141 463 1195 exclusis
492 1141 825 1196 Britonibus
854 1145 1111 1196 statuunt
1130 1142 1281 1197 inter
1301 1160 1358 1197 se
1377 1143 1630 1197 dividere
1653 1143 1828 1198 victo-

220 1246 317 1283 res
342 1229 689 1301 alienigena
720 1230 1167 1297 insulam;bonis
1198 1232 1468 1286 omnibus
1497 1232 1829 1287 fecundissi-

220 1333 390 1385 nam;
421 1317 732 1389 indignum
756 1317 1084 1389 judicantes
1110 1336 1240 1373 eam
1273 1319 1615 1391 ignavorum
1638 1320 1824 1375 domi-

217 1406 320 1460 nio
359 1405 636 1472 detineri,
687 1422 815 1477 qua
876 1406 950 1461 ad
982 1407 1383 1463 defensionem
1412 1425 1573 1463 suam
1602 1408 1825 1463 idoneis

215 1496 413 1567 posset
468 1496 734 1565 prabere
785 1495 1167 1551 sufﬁcientem
1227 1497 1562 1553 alimoniam
1623 1502 1680 1552 et
1720 1514 1823 1569 op-

216 1582 377 1637 timis
400 1584 553 1639 viris.
600 1582 725 1647 Qua
753 1584 1049 1640 occasione
1094 1585 1334 1651 inducti,
1364 1586 1706 1641 orientalem
1736 1586 1821 1657 ip-

214 1671 334 1726 sius
358 1672 562 1727 insula
590 1677 835 1744 partem,
885 1690 1011 1745 qua
1052 1691 1229 1747 usque
1260 1674 1430 1729 hoiie
1462 1675 1658 1747 lingua
1706 1678 1821 1730 An-

214 1762 452 1832 glorum
485 1761 787 1833 Eastengle
829 1765 1083 1831 vocatur,
1130 1762 1331 1817 sortito
1377 1764 1614 1817 nomine
1645 1764 1817 1820 Saxo-

213 1865 322 1905 nes
350 1853 487 1902 sunt
508 1849 723 1920 adepti,
741 1849 882 1905 Jutis
901 1853 960 1905 et
980 1851 1173 1922 Anglis
1190 1852 1262 1906 ad
1288 1851 1400 1906 alia
1426 1852 1815 1919 tendentibus,

1934 702 2089 757 mine
2120 702 2344 757 virtutis
2369 701 2611 773 arripuit
2631 702 2898 774 gradum,
2926 719 3100 774 quem
3122 702 3313 758 divina
3341 704 3524 775 pietas

1932 791 2268 862 prasciebat
2289 791 2564 863 martyrio
2598 791 2939 845 ﬁniendum.

2006 880 2087 933 IV.
2119 881 2322 933 Nactus
2350 896 2483 934 vero
2513 880 2743 934 culmen
2771 879 3326 951 regiminis,quanta
3347 878 3522 934 fuerit

1931 966 1988 1021 in
2021 968 2306 1038 subjectos
2336 967 2726 1038 benignitatis,
2760 973 2989 1040 quanta
3013 968 3070 1022 in
3090 985 3386 1039 perversos
3407 968 3516 1024 dis-

1930 1056 2258 1125 tinctionis;
2292 1074 2407 1112 non
2440 1061 2525 1111 est
2555 1061 2764 1113 nostra
2793 1057 3076 1113 facultatis
3106 1059 3385 1125 evolvere,
3419 1055 3519 1130 qui

1929 1160 2050 1215 ejus
2080 1145 2343 1212 minima,
2377 1161 2489 1216 quo
2508 1146 2837 1200 conveniret
2867 1162 3154 1213 sermone,
3180 1162 3297 1201 non
3329 1162 3524 1219 possu-

1927 1251 2054 1289 mus
2075 1234 2427 1306 expedire.Si
2444 1235 2677 1307 quidem
2698 1234 3134 1291 itacolumbina
3148 1235 3525 1306 simplicitatis

1926 1323 2369 1378 mansuetudine
2428 1324 2770 1395 temperavit
2821 1324 3169 1395 serpentina
3199 1323 3525 1378 calliditatis

1923 1412 2215 1475 astutiam,
2248 1417 2310 1467 ut
2342 1431 2444 1467 nec
2475 1413 2695 1483 antiqui
2714 1413 2892 1467 hostis
2913 1412 3269 1482 deciperetur
3288 1412 3524 1466 simula-

1923 1502 2081 1556 tione
2099 1502 2483 1566 fraudulenta,
2513 1520 2617 1556 nec
2639 1502 3027 1572 malignorum
3050 1501 3356 1555 hominum
3380 1500 3522 1554 reci-

1923 1593 2087 1660 peret
2112 1593 2314 1643 contra
2338 1590 2621 1659 justitiam
2653 1589 2988 1651 sententias,
3014 1606 3139 1643 rem
3182 1606 3355 1660 quam
3383 1606 3512 1644 nes-

1921 1678 2128 1744 ciebat,
2154 1678 2588 1748 diligentissime
2619 1677 2987 1748 investigans,
3018 1678 3400 1749 gradiensque
3422 1677 3512 1731 via

1920 1765 2101 1835 regia,
2136 1782 2241 1818 nec
2273 1765 2599 1820 declinabat
2641 1766 2713 1819 ad
2742 1766 3059 1833 dexteram,
3093 1766 3423 1820 extollendo
3455 1782 3515 1820 se

1918 1852 1990 1907 de
2020 1853 2258 1919 meritis,
2291 1870 2396 1907 nec
2439 1854 2513 1908 ad
2536 1853 2868 1922 sinistram;
2900 1854 3327 1909 succumbendo
3366 1853 3514 1907 vitiis

216 1934 277 1989 in
300 1936 508 2008 quibus
528 1955 644 1993 sua
680 1939 846 1993 sortis
884 1939 1139 1995 funiculo
1181 1940 1526 2010 potirentur,
1569 1958 1642 1995 ne
1673 1945 1820 1996 esset
1842 1934 1893 1993 B
1918 1942 2188 1996 humana
2220 1941 2563 2013 fragilitatis.
2592 1943 2725 1996 Erat
2754 1960 2983 2014 quoque
3015 1943 3315 2013 egentibus
3332 1939 3517 2012 dapsi-

215 2040 349 2079 cum
381 2025 674 2081 sodalibus
704 2028 885 2082 ullum
918 2028 988 2083 de
1019 2029 1377 2099 possessione
1403 2028 1675 2099 litigium,
1700 2031 1822 2102 qui-

214 2114 323 2168 bus
350 2118 686 2186 suppeteret
704 2116 1027 2188 amplitudo
1056 2120 1222 2171 terra
1262 2117 1335 2171 ad
1356 2117 1641 2188 regnandi
1664 2134 1821 2174 emo-

214 2203 568 2258 lumentum.
597 2203 760 2258 Unde
782 2205 1025 2276 contigit
1064 2208 1145 2272 ut,
1190 2221 1292 2276 per
1317 2206 1585 2277 regiones
1613 2210 1670 2261 et
1690 2222 1821 2277 pro-

215 2289 430 2344 vincias
482 2291 683 2359 divisa,
739 2292 992 2363 primum
1025 2292 1282 2360 ducibus,
1328 2293 1536 2349 deinde
1587 2295 1820 2366 regibus

214 2377 506 2434 sufﬁceret
533 2396 651 2434 una
676 2379 994 2452 eademque
1025 2380 1340 2435 Britannia.

282 2468 349 2522 Il.
378 2469 453 2521 At
482 2468 764 2539 pradicta
793 2468 1088 2523 orientalis
1118 2485 1271 2541 pars,
1304 2486 1437 2524 cum
1490 2470 1636 2539 aliis,
1692 2475 1817 2527 tum

211 2571 283 2610 eo
311 2555 522 2611 nobilis
550 2556 797 2611 habetur
818 2557 972 2629 quod
1001 2556 1164 2628 aquis
1194 2574 1343 2629 pene
1376 2558 1631 2630 undique
1650 2560 1815 2615 allui-

210 2649 331 2699 tur:
364 2644 645 2716 quoniam
670 2662 705 2700 a
732 2646 1037 2700 subsolano
1051 2649 1108 2700 et
1135 2647 1282 2701 Euro
1300 2647 1549 2720 cingitur
1564 2649 1814 2717 Oceano,

210 2732 284 2786 ab
311 2733 604 2804 Aquilone
632 2749 787 2800 vero,
820 2733 1246 2789 immensarum
1275 2736 1551 2807 paludum
1579 2737 1813 2809 uligine;

211 2837 340 2892 qua
366 2821 961 2894 exorientes'propter
981 2823 1373 2894 aequalitatem
1400 2828 1569 2880 terra
1592 2826 1818 2881 amedi-

1918 2029 1987 2084 lis
2012 2029 2344 2096 liberaliter,
2373 2030 2600 2102 pupillis
2621 2034 2676 2084 et
2694 2030 2875 2084 viduis
2903 2029 3377 2084 clementissimus
3408 2043 3503 2097 pa-

1920 2120 2263 2191 ter,semper
2293 2119 2511 2173 habens
2537 2135 2655 2190 pra
2687 2118 2863 2173 oculis
2886 2118 3100 2171 dictum
3134 2115 3517 2186 illudSapien-

1912 2206 1988 2261 tis
2004 2207 2389 2280 :«Principem
2412 2210 2467 2261 te
2484 2205 3050 2261 constituerunt?noli
3064 2203 3382 2270 extolli,sed
3394 2205 3516 2258 esto

1917 2296 1976 2351 in
1998 2296 2106 2351 illis
2130 2295 2289 2368 quasi
2314 2313 2460 2350 unus
2489 2312 2556 2350 ex
2586 2295 2692 2349 illis
2716 2294 2909 2362 (Eccli.
2929 2292 3180 2365 xxxn,l).
3206 2311 3237 2344 s
3255 2292 3513 2364 Cumque

1916 2387 2038 2439 tam
2066 2383 2403 2455 conspicuus
2427 2383 2484 2439 in
2502 2383 2723 2439 Christo
2746 2387 2806 2438 et
2836 2381 3378 2437 Ecclesiaemineret
3405 2381 3505 2435 bo-

1916 2489 2125 2529 norum
2155 2478 2385 2527 actuum
2418 2471 2792 2538 ornamentis,
2824 2472 2947 2543 ejus
2978 2468 3341 2543 patientiam,
3372 2468 3517 2522 sicut

1917 2568 1976 2620 et
2003 2563 2185 2619 sancti
2230 2564 2359 2630 Job,
2390 2579 2689 2634 aggressus
2718 2564 2803 2615 est
2830 2559 3074 2631 experiri
3106 2558 3372 2612 inimicus
3398 2558 3506 2613 hu-

1916 2652 2077 2708 mani
2106 2652 2369 2723 generis:
2402 2651 2501 2723 qui
2526 2667 2593 2705 eo
2626 2649 2790 2704 bonis
2810 2650 2937 2720 plus
2955 2646 3310 2719 invidet,quo
3332 2661 3509 2717 appa-

1914 2740 2031 2796 ritu
2062 2743 2174 2811 (εἰς)
2200 2740 2367 2795 bona
2398 2739 2708 2794 voluntatis
2738 2740 2914 2792 caret.

1982 2830 2047 2884 V.
2083 2829 2359 2892 Quocirca
2390 2845 2568 2883 unum
2597 2845 2665 2882 ex
2694 2827 2806 2881 suis
2836 2824 3116 2881 membris
3145 2825 3198 2880 ei
3246 2823 3509 2880 adversa-

206 2909 371 2964 tnllio
400 2910 590 2965 ferme
637 2911 813 2965 totius
863 2911 1193 2977 Britannia,
1226 2929 1329 2984 per
1367 2917 1599 2969 centum
1657 2918 1715 2968 et
1745 2932 1812 2971 eo
1911 2917 2064 2973 rium
2093 2916 2356 2984 immisit,
2377 2916 2780 2989 qui,omnibus
2802 2932 2929 2987 qua
2944 2915 3224 2969 habuerat
3253 2912 3507 2985 undique

203 2998 456 3069 amplius
474 2995 813 3066 millia,cum
831 2997 1091 3053 maximis
1107 2999 1442 3055 ﬂuminibus
1456 3001 1815 3058 descendunt
1912 3005 2167 3072 sublatis,
2196 3004 2269 3059 ad
2299 3004 2745 3075 impatientiam,
2778 3004 2823 3058 si
2855 3006 3064 3074 posset,
3088 3018 3397 3073 erumpere
3420 3017 3512 3056 co-

202 3083 261 3139 in
294 3103 485 3143 mare.
514 3087 602 3167 Ab
634 3103 703 3141 ea
719 3089 914 3141 autem
942 3092 1106 3159 parte
1131 3106 1243 3160 qua
1258 3090 1340 3143 sol
1368 3090 1624 3161 vergitur
1649 3091 1707 3145 in
1726 3108 1814 3146 oc-
1914 3098 2098 3166 geret,
2130 3097 2212 3161 ut,
2268 3094 2597 3164 desperans,
2623 3094 2740 3148 Deo
2769 3094 2825 3147 in
2856 3093 3063 3146 faciem
3113 3091 3502 3146 benediceret.

201 3189 424 3237 casum,
448 3175 576 3246 ipsa
607 3175 901 3248 provincia
930 3176 1163 3248 reliqua
1185 3177 1384 3232 insula
1410 3181 1495 3233 est
1513 3179 1807 3248 continua;
1833 3208 1879 3268 Ο
1911 3182 2038 3236 Fuit
2066 3184 2259 3236 autem
2294 3182 2448 3236 idem
2479 3181 2852 3245 adversarius,
2884 3180 3093 3250 Inguar
3120 3180 3394 3234 vocabulo
3430 3176 3510 3232 di-

198 3265 258 3317 et
287 3263 366 3317 ob
396 3263 459 3317 id
473 3280 686 3334 pervia,-
714 3264 814 3317 sed
845 3280 918 3319 ne
944 3264 1146 3319 crebra
1183 3264 1503 3337 irruptione
1556 3268 1810 3324 hostium
1842 3263 1879 3268 ﬁ
1908 3276 2030 3327 ctus
2054 3289 2067 3326 :
2101 3272 2198 3343 qui
2226 3287 2357 3325 cum
2388 3272 2567 3325 altero
2595 3270 2796 3325 Hubba
2818 3268 3075 3341 (Stubba)
3098 3267 3510 3338 nomine,ejus-

194 3349 772 3423 incursetur,aggere
793 3352 1056 3407 adinstar
1071 3352 1288 3408 altioris
1303 3371 1450 3409 muri
1467 3354 1616 3409 fossa
1629 3356 1808 3412 humo
1909 3362 2043 3416 dem
2075 3358 2455 3430 perversitatis
2486 3359 2743 3425 homine,
2764 3357 2859 3411 ubi
2886 3358 3079 3412 divina
3107 3356 3508 3427 impediretur-

195 3438 609 3511 pramunitur.
668 3440 912 3494 Interius
959 3441 1133 3495 ubere
1162 3442 1347 3511 (foat.,
1381 3444 1591 3513 uberis)
1622 3446 1807 3516 gleba
1910 3447 2301 3513 miseratione,
2330 3448 2568 3501 conatus
2597 3449 2679 3500 est
2711 3444 2769 3499 in
2794 3443 3504 3499 exterminiumadducere

194 3527 338 3581 satis
363 3527 687 3582 admodum
702 3528 855 3594 lata,
875 3529 1175 3583 hortorum
1199 3547 1619 3603 nemorumque
1635 3549 1810 3589 ama-

196 3616 383 3669 nitate
413 3615 767 3687 gratissima,
800 3616 1055 3671 ferarum
1079 3618 1385 3674 venatione
1409 3619 1805 3693 insignis,pas~

195 3703 320 3757 cuis
338 3719 616 3774 pecorum
639 3707 696 3759 et
701 3708 1102 3775 jumentorum
1124 3723 1240 3761 non
1265 3707 1635 3764 mediocriter
1652 3709 1807 3765 ferti-

193 3791 288 3852 lis.
341 3793 425 3847 De
456 3792 691 3863 piscosis
742 3792 1077 3848 ﬂuminibus
1118 3794 1450 3863 reticemus,
1491 3814 1622 3853 cum
1673 3799 1807 3855 hinc

193 3895 355 3947 eam,
389 3884 454 3935 ut
482 3880 702 3936 dictum
726 3884 831 3948 est,
878 3881 1075 3953 lingua
1115 3882 1290 3937 maris
1320 3884 1604 3952 allambit,
1642 3886 1799 3955 inde,

188 3968 508 4039 paludibus
533 3968 1142 4040 dilatatis,stagnorum
1161 3970 1232 4025 ad
1252 3970 1363 4026 duo
1390 3973 1475 4026 vel
1492 3973 1601 4028 tria
1627 3974 1807 4030 millia

187 4057 585 4129 spatiosorum
615 4055 1056 4112 innumerabilis
1077 4059 1386 4115 multitudo
1441 4063 1802 4132 pratertluit.

189 4144 339 4208 Qua
362 4144 604 4218 paludes
633 4146 899 4216 prabent
912 4145 1166 4217 pluribus
1186 4149 1603 4204 monachorum
1618 4153 1805 4223 gregi-

186 4233 303 4287 bus
329 4236 559 4303 optatos
583 4232 855 4288 solitaria
885 4234 1335 4289 conversationis
1366 4236 1542 4304 sinus,
1597 4240 1801 4310 quibus

189 4318 401 4375 inclusi
433 4338 551 4375 non
580 4320 885 4393 indigeant
912 4323 1218 4380 solitudine
1265 4327 1466 4394 eremi,
1501 4345 1567 4382 ex
1595 4330 1802 4400 quibus

189 4412 330 4463 sunt
357 4409 540 4463 sancti
569 4410 989 4465 monachorum
1022 4412 1198 4483 patris
1251 4414 1540 4469 Benedicti
1576 4418 1803 4473 calibes

191 4495 524 4565 canobita,
557 4497 616 4551 in
648 4499 775 4553 loco
800 4500 1010 4554 celebri
1041 4502 1147 4556 hac
1183 4504 1548 4576 tempestate.

262 4586 353 4640 Ill.
385 4585 501 4641 Sed
525 4588 585 4640 ut
604 4586 677 4641 ad
702 4588 1063 4657 propositum
1092 4594 1474 4659 revertamur,
1498 4593 1630 4648 huic
1662 4611 1796 4666 pro-

193 4673 393 4729 vincia
411 4678 532 4729 tam
550 4674 731 4730 feroci
750 4679 878 4740 (rex
894 4676 1118 4747 fuit),ex
1131 4677 1501 4751 antiquorum
1518 4700 1799 4738 saxonum

196 4762 374 4817 nobili
392 4764 659 4835 prosapia
681 4763 1019 4833 oriundus,a
1031 4766 1305 4838 primavo
1321 4786 1435 4824 sua
1452 4771 1635 4825 atatis
1649 4774 1800 4827 tem-

197 4866 334 4921 pore
355 4854 542 4907 cultor
562 4851 1115 4910 veracissimuS'fidei
1131 4855 1606 4922 Christiana.Qui
1623 4860 1799 4915 atavis

195 4940 423 5011 regibus
445 4940 652 5008 editus,
670 4957 803 4995 cum
824 4942 989 4996 bonis
1002 4943 1245 5013 polleret
1258 4945 1800 5014 moribus,omnium

197 5030 769 5100 comprovincialium
785 5030 1045 5086 unanimi
1062 5032 1253 5089 favore
1268 5052 1385 5090 non
1401 5038 1623 5091 tantum
1641 5037 1799 5109 eligi-

199 5119 287 5171 tur
315 5135 380 5173 ex
411 5118 645 5190 generis
676 5119 1054 5188 successione,
1083 5124 1363 5192 quantum
1384 5124 1699 5196 rapitur,ut
1716 5127 1797 5181 eis

196 5210 459 5275 praeesset
487 5206 847 5280 sceptrigera
867 5210 1324 5280 potestate.Nam
1348 5215 1472 5266 erat
1493 5212 1545 5267 ei
1578 5213 1795 5284 species

197 5293 361 5366 digna
386 5294 662 5367 imperio,
683 5312 859 5367 quam
891 5297 1240 5352 serenissimi
1264 5299 1450 5354 cordis
1465 5300 1685 5372 jugiter
1699 5319 1792 5357 ve-

200 5383 456 5438 nustabat
486 5382 809 5454 tranquilla
838 5383 1087 5440 devotio.
1131 5387 1264 5440 Erat
1290 5387 1560 5442 omnibus
1580 5388 1792 5444 blando

209 5468 411 5543 eloquio
443 5471 714 5538 affabilis,
746 5472 1083 5527 humilitatis
1115 5475 1301 5545 gratia
1346 5477 1674 5547 praclarus,
1737 5480 1795 5530 et

205 5551 330 5614 inter
359 5578 489 5615 suos
512 5576 742 5615 coavos
772 5560 1021 5615 mirabili
1038 5564 1479 5619 mansuetudine
1504 5564 1792 5619 residebat

201 5639 449 5705 dominus
478 5651 705 5720 absque
740 5650 853 5704 ullo
895 5649 1046 5706 fastu
1080 5652 1380 5722 superbia.
1430 5653 1672 5725 Jamque
1705 5655 1789 5709 vir

197 5741 403 5796 sanctus
430 5738 789 5817 praferebat
815 5736 875 5793 in
901 5740 1078 5809 vultu,
1101 5740 1257 5814 quod
1282 5744 1483 5815 postea
1514 5742 1787 5801 manifes-

1908 3537 2083 3592 totius
2113 3535 2255 3589 fines
2285 3533 2613 3589 Britannia.
2650 3535 2760 3587 Nec
2790 3533 3022 3592 mirum.
3054 3547 3187 3586 cum
3238 3530 3505 3585 venerint

1907 3622 2161 3680 indurati
2191 3622 2404 3693 frigore
2426 3638 2541 3675 sua
2572 3620 2809 3675 malitia
2841 3620 2912 3673 ab
2944 3619 3040 3672 illo
3067 3622 3236 3672 terra
3261 3616 3499 3685 vertice,

1905 3730 2019 3785 quo
2032 3714 2227 3767 sedem
2257 3728 2419 3766 suam
2444 3710 2633 3782 posuit
2658 3709 2755 3781 qui
2774 3724 2875 3779 per
2896 3703 3502 3761 elationemAltissimo

1906 3801 2108 3857 similis
2137 3817 2256 3855 esse
2282 3799 2621 3870 concupivit.
2657 3797 2912 3868 Denique
2935 3797 3179 3857 constat,
3192 3794 3502 3864 juxtapro-

1907 3890 2093 3963 pheta
2116 3886 2470 3953 vaticinium,
2523 3886 2679 3958 quod
2731 3886 2801 3940 ab
2826 3883 3107 3956 Aquilone
3137 3881 3289 3935 venit
3328 3896 3503 3935 omne

1908 3979 2149 4045 malum,
2195 3977 2340 4031 sicut
2381 3976 2509 4047 pius
2533 3992 2697 4047 aquo
2729 3973 2980 4029 didicere
3011 3986 3319 4043 perperam
3353 3969 3504 4040 passi

1905 4066 2371 4136 adversosjactus
2390 4064 2644 4119 cadentis
2669 4067 2919 4129 tessera,
2942 4078 3054 4133 quo
3087 4057 3503 4132 aquilonalium

1904 4155 2166 4226 gentium
2216 4153 2432 4224 experti
2464 4156 2597 4207 sunt
2621 4151 2933 4216 savitiam;
2973 4167 3114 4222 quas
3142 4152 3365 4204 certum
3419 4149 3507 4203 est

1904 4245 2047 4298 adeo
2072 4242 2328 4297 crudeles
2357 4258 2477 4295 esse
2504 4241 2749 4295 naturali
2781 4240 3098 4306 ferocitate,
3147 4241 3210 4293 ut
3244 4236 3504 4293 nesciant

1902 4332 2067 4386 malis
2086 4330 2389 4385 hominum
2412 4330 2710 4384 mitescere
2731 4346 2743 4383 :
2762 4329 2991 4400 quando
3009 4327 3243 4399 quidem
3266 4326 3503 4399 quidam

1902 4437 1969 4475 ex
2002 4421 2083 4474 eis
2114 4420 2311 4492 populi
2342 4423 2644 4472 vescuntur
2674 4418 2941 4472 humanis
2980 4418 3270 4483 carnibus,
3303 4416 3402 4487 qui
3433 4433 3502 4471 ex

1826 4485 1879 4544 D
1899 4508 2050 4563 facto
2073 4485 2267 4562 Graca
2296 4508 2682 4577 appellatione
2712 4506 3161 4578 Anthropophagi
3202 4485 3499 4560 vocantur.

1895 4598 1936 4651 T
1942 4599 2172 4669 alesque
2186 4596 2449 4651 nationes
2462 4596 2761 4650 abundant
2778 4596 3040 4665 plurima
3054 4593 3501 4666 infraScythiam

1900 4703 2079 4758 prope
2113 4686 2509 4758 Hyperboreos
2542 4688 2792 4747 montes,
2816 4700 2944 4756 qua
2975 4683 3400 4750 antichristum,
3438 4684 3501 4737 ut

1900 4776 2445 4846 legimus,secutura
2466 4779 2597 4829 sunt
2613 4776 2747 4828 ante
2764 4790 2967 4828 omnes
2985 4774 3274 4843 gentes,ut
3286 4773 3502 4842 absque

1901 4865 2018 4918 ulla
2044 4863 2418 4918 miseratione
2460 4866 2769 4933 pascantur
2793 4860 3099 4915 hominum
3129 4858 3496 4926 cruciatibus,

1901 4952 1999 5025 qui
2029 4952 2420 5007 characterem
2466 4951 2663 5005 bestia
2708 4948 3003 5002 noluerint
3041 4944 3410 4999 circumferre
3441 4944 3501 4999 in

1898 5040 2203 5094 frontibus.
2238 5039 2399 5093 Unde
2428 5039 2551 5108 jam
2582 5035 2955 5108 inquietando
2984 5031 3365 5093 Christicolas.
3398 5049 3500 5105 pa-

1898 5145 2024 5184 cem
2056 5145 2187 5183 cum
2217 5126 2296 5182 eis
2325 5127 2540 5182 habere
2569 5119 3504 5196 nequeunt:maximeDani,Occi—

1896 5217 2083 5272 dentis
2108 5215 2443 5287 regionibus
2458 5214 2705 5269 nimium
2727 5210 2918 5280 vicini,
2938 5205 3216 5281 quoniam
3235 5207 3387 5262 circa
3406 5224 3501 5262 eas

1894 5306 2197 5377 piraticam
2220 5306 2488 5357 exercent
2503 5300 2899 5373 frequentibus
2926 5295 3263 5354 latrociniis.
3294 5297 3370 5351 Ex
3400 5312 3498 5352 eo-

1892 5412 2023 5449 rum
2056 5410 2195 5464 ergo
2222 5406 2437 5462 genere
2469 5389 2725 5461 pradicti
2758 5388 2930 5445 duces
2958 5390 3171 5457 Inguar
3209 5391 3267 5441 et.
3295 5386 3499 5441 Hubba

1893 5474 3392 5550 Nordanhumbrorum(Nordanimbrorum)primitus
3403 5492 3503 5547 ag-

1894 5568 2070 5639 gressi
2102 5580 2434 5637 expugnare
2464 5564 3015 5639 provinciam,gravi
3048 5564 3498 5638 depopulatione

1892 5659 2077 5711 totam
2108 5658 2497 5725 pervagantur
2526 5672 2593 5711 ex
2638 5653 2865 5712 ordine.
2927 5655 3187 5720 Quorum
3235 5652 3495 5731 pessimis

1904 5743 2204 5800 conatibus
2230 5743 2421 5802 nullus
2446 5744 2710 5804 resistere
2739 5746 2927 5817 potuit
2941 5761 3008 5803 ex
3031 5743 3499 5819 provincialibus,
