3882 6222
421 483 516 539 5H

1451 480 1508 534 S.
1548 476 1842 534 ABBONIS
1885 475 2172 533 ABBATIS
2211 476 2701 535 FLORIACENSIS

3607 489 3691 544 5t?

417 605 556 675 quin
606 605 993 658 multarentur
1040 603 1248 657 merita
1303 620 1563 673 superna?
1617 602 2030 672 indignationis
2050 615 2104 672 Α
2126 601 2396 672 indignus
2420 602 2768 673 judicaberis
2785 607 2840 657 et
2870 619 3072 674 regno.
3102 603 3167 658 Et
3188 603 3314 676 quis
3340 621 3453 659 non
3472 609 3528 658 ut
3544 610 3692 662 tanta:

419 692 525 758 ira,
560 696 768 761 agente
800 691 1062 746 ministro
1096 691 1410 761 iniquitatis
1435 693 1633 745 Hubba
1659 709 1857 761 :qucm
1879 708 2023 762 prze-

422 780 494 834 da
527 779 674 832 facta
705 782 914 849 lnguar
944 780 1174 850 reliquit
1196 780 1271 833 ibi
1303 778 1652 833 crudelitatis
1680 779 2026 844 socium,eta

420 867 637 921 boreali
670 871 829 938 parte
873 868 1138 920 orientali
1198 867 1382 921 subito
1415 871 1602 920 astans
1634 883 1762 919 cum
1797 882 2027 935 magna,

423 956 599 1009 classe
635 955 706 1008 ad
737 955 858 1024 ejus
878 956 1191 1025 quamdam
1226 955 1510 1009 civitatem
1545 958 1795 1008 latenter
1811 952 2031 1024 appulit

426 1043 608 1106 Quam
639 1043 850 1112 ignaris
883 1043 1094 1096 civibus
1117 1043 1751 1113 introgressus,ignil‘ms
1769 1058 2029 1094 creman-

426 1131 559 1185 dam
594 1130 789 1194 dedit;
820 1131 1790 1215 pueros,senes,cumjunioribnsin
1826 1129 2029 1198 plateis

426 1218 668 1272 civitatis
698 1218 925 1272 obviam
954 1219 1391 1288 factosjugulat,
1420 1222 1476 1271 et
1513 1219 1896 1272 matronalem
1929 1234 2026 1270 seu

429 1305 770 1376 virginalem
797 1306 1128 1376 pudicitiam
1147 1307 1390 1360 ludibrio
1407 1307 1750 1360 tradendum
1767 1306 2022 1358 mandat.

425 1393 656 1448 Maritus
681 1411 811 1448 cum
847 1395 1091 1465 conjuge
1108 1398 1206 1448 aut
1227 1399 1484 1448 mortuus
1515 1397 1611 1447 aut
1648 1393 2028 1448 moribundus

417 1481 650 1552 jacebat
675 1481 733 1534 in
754 1482 985 1536 limine:
1012 1482 1201 1536 infans
1219 1486 1416 1554 raptus
1451 1499 1484 1535 a
1516 1482 1717 1536 matris
1735 1482 2024 1546 uberibus,

429 1571 492 1622 ut
511 1571 701 1640 major
717 1574 867 1624 esset
887 1571 937 1640 ej
951 1572 1152 1637 ulatus,
1184 1571 1580 1625 trucidabatur
1602 1587 1795 1625 coram
1816 1572 2026 1623 mater-

429 1657 516 1711 nis
549 1658 861 1714 obtutibus.
903 1659 1147 1713 Furebat
1179 1659 1386 1730 impius
1418 1659 1580 1712 miles
1612 1661 1853 1712 lustrata
1884 1657 2028 1710 urbe

433 1745 692 1800 ardendo
719 1746 789 1799 ad
822 1747 1128 1815 ﬂagitium,
1162 1765 1273 1818 quo
1301 1752 1480 1818 possel
1515 1747 1737 1816 placere
1761 1749 2027 1816 tyranno,

431 1833 529 1905 qui
590 1835 711 1888 solo
746 1835 1098 1889 crudelitatis
1132 1835 1316 1889 studio
1341 1837 1589 1905 jusserat
1632 1835 1817 1905 perire
1872 1833 2033 1886 inno-

433 1921 573 1976 xios.

506 2009 996 2080 V].Cumquejam
1021 2010 2029 2064 multitudineinterfectorumltchaz-

444 2097 702 2151 meniam
735 2098 957 2152 rabiem
1005 2115 1120 2152 non
1162 2102 1388 2152 tantum
1431 2102 1826 2163 exsaturasset,
1859 2115 2035 2168 quan-

433 2187 559 2239 tum
595 2186 866 2256 fatigatus
893 2185 949 2240 in
981 2189 1276 2256 posterum
1301 2187 1628 2251 distulisset,
1653 2189 1855 2239 evocat
1870 2203 2034 2255 quos-

438 2273 572 2328 dam
592 2273 1023 2345 plebeios,quos
1044 2292 1144 2329 suo
1167 2274 1360 2343 gladio
1373 2274 1612 2328 credidit
1631 2291 1750 2327 esse
1767 2273 2034 2342 indignos

441 2377 506 2416 ac
546 2361 642 2416 ubi
698 2379 797 2416 rex
845 2379 1045 2415 eorum
1098 2365 1233 2415 tunc
1272 2361 1552 2429 temporis
1580 2361 1752 2414 vitam
1776 2361 2032 2429 degeret,

432 2449 710 2504 sollicitus
739 2452 1129 2520 perscrutator
1159 2449 1500 2518 investigare
1532 2449 1738 2502 studet.
1787 2448 1930 2500 Nam
1964 2447 2035 2500 ad

438 2554 574 2592 eum
606 2539 765 2591 fama
797 2541 1139 2607 pervenerat
1163 2536 1315 2607 quod
1348 2537 1502 2589 idem
1524 2553 1620 2589 rex
1652 2534 2035 2606 gloriosus,vi-

442 2625 650 2679 delicet
681 2625 1076 2691 Eadmundus,
1104 2624 1331 2678 ﬂorenti
1374 2627 1540 2677 aetate
1563 2622 1876 2677 etrobustis
1904 2621 2038 2675 viri-

441 2712 568 2777 bus,
619 2713 770 2767 bello
802 2729 906 2782 per
948 2712 1146 2767 omnia
1191 2716 1335 2765 esset
1379 2715 1674 2765 strenuus:
1713 2713 1772 2764 et
1828 2710 2036 2764 idcirco

441 2799 755 2853 festinabat
797 2800 1006 2870 passim
1042 2799 1165 2853 neci
1221 2800 1450 2853 tradere
1499 2816 1640 2870 quos
1674 2798 2040 2852 circumcirca

444 2891 676 2959 poterat
705 2889 982 2958 reperire,
1031 2907 1102 2942 ne
1154 2888 1391 2958 stipatus
1422 2887 1669 2941 militum
1703 2886 1935 2957 agmine
1966 2887 2038 2939 ad

439 2974 836 3030 defensionem
870 2993 1100 3030 suorum
1136 2981 1325 3047 posset
1348 2994 1442 3030 rex
1484 2976 1586 3029 sibi
1625 2975 1904 3040 resistere,
1939 2974 2034 3044 qui

438 3064 775 3118 morabatiir
822 3081 888 3118 eo
941 3069 1201 3134 tempore
1242 3066 1312 3119 ab
1369 3066 1507 3118 urbe
1543 3063 1762 3134 longius
1794 3063 1850 3116 in
1883 3062 2034 3129 villa,

441 3167 568 3223 quae
603 3151 799 3221 lingua
830 3169 1034 3206 eorum
1065 3152 1394 3223 Hagislidun
1410 3152 1614 3205 dicitur
1634 3154 1805 3222 [aqua
1824 3153 1880 3202 et
1901 3150 2037 3203 silva

433 3238 624 3293 vicina
645 3240 850 3293 eodem
873 3240 1109 3294 nomine
1128 3240 1384 3310 vocatur)
1401 3257 1412 3304 ;
1429 3240 1758 3293 existimans
1778 3237 2036 3308 impiissi-

440 3343 590 3389 mus,
623 3329 684 3380 ut
713 3345 771 3382 se
797 3329 880 3381 rei
915 3328 1120 3382 veritas
1152 3329 1423 3395 habebat,
1458 3328 1591 3400 quia
1625 3331 1873 3398 quantos
1903 3343 2034 3379 suus

439 3413 698 3468 funestus
741 3418 964 3470 satelles
1005 3419 1433 3488 praeoccuparet
1493 3415 1864 3469 adinteritum
1901 3430 2030 3484 per-

441 3502 669 3571 ducere,
694 3508 905 3573 tantos,
928 3506 971 3559 si
997 3506 1355 3560 dimicandus
1375 3507 1541 3571 esset,
1565 3504 1752 3574 regius
1769 3519 2032 3558 occursus

439 3589 499 3644 in
545 3593 797 3648 exercitu
849 3595 1217 3649 contraheret
1288 3594 1499 3648 minus.
1544 3593 1789 3648 Classem
1846 3606 2034 3662 qoque

436 3697 655 3770 absque
680 3699 870 3755 valida
893 3718 1070 3755 manu
1118 3719 1235 3756 non
1269 3700 1519 3754 audebat
1555 3699 1854 3762 deserere;
1898 3712 2040 3766 quo-

441 3784 624 3850 niam,
659 3790 813 3842 velut
847 3790 995 3861 lupis
1020 3788 1358 3859 vespertinis
1387 3803 1510 3841 mos
1541 3789 1645 3852 est,
1674 3785 1935 3839 clanculo
1967 3785 2041 3838 ad

434 3873 608 3944 plana
630 3876 1006 3943 descendere,
1035 3876 1300 3947 repetitis
1328 3873 1668 3945 quantocius
1701 3873 1851 3927 notis
1888 3871 2050 3926 silva-

442 3976 570 4016 rum
615 3963 888 4031 latibulis,
933 3965 1010 4018 sic
1058 3962 1358 4017 consuevit
1415 3960 1619 4014 eadem
1670 3963 1962 4015 Danorum
1994 3962 2052 4015 et

440 4049 762 4106 Alanorum
785 4051 972 4106 natio:
1009 4067 1139 4104 cum
1172 4049 1637 4120 semperstudeat
1661 4053 1824 4120 rapto
1840 4049 2047 4115 vivere,

442 4152 745 4208 nunquam
777 4143 975 4192 tamen
1007 4137 1223 4192 indicta
1273 4154 1470 4210 pugna
1520 4139 1712 4208 palam
1749 4136 2050 4192 contendit

439 4239 581 4278 cum
612 4225 797 4291 hoste,
838 4225 948 4280 nisi
995 4230 1288 4297 praeventa
1320 4225 1557 4294 insidiis,
1609 4227 1800 4281 ablata
1847 4243 1944 4298 spe
1977 4227 2050 4281 ad

447 4316 678 4384 portum
715 4313 946 4369 navium
978 4317 1297 4370 remeandi.

515 4401 632 4456 VII.
655 4403 1021 4475 Quapropter
1051 4404 1494 4480 circumspectus
1523 4405 2049 4477 plurimum,accito

451 4507 570 4547 uno
594 4509 661 4547 ex
687 4494 1201 4564 commilitonibus,
1221 4515 1351 4554 eum
1375 4497 1446 4552 ad
1471 4514 1691 4568 regem,
1723 4497 2052 4567 hujusmodi

445 4596 716 4637 curarum
747 4584 1086 4640 tumultibus
1106 4583 2053 4657 expeditum,dirigit,quiexploret

454 4684 582 4740 qua:
613 4669 684 4724 sit
715 4670 768 4724 ei
811 4687 1041 4726 summa
1065 4672 1149 4727 rei
1198 4671 1518 4738 familiaris,
1562 4670 1958 4741 improvisum,
1989 4673 2050 4724 ut

445 4757 709 4829 contigit,
735 4776 1000 4831 quwrens
1015 4761 1322 4833 subjugare
1341 4759 1712 4827 tormentis,si
1733 4759 1855 4829 ejus
1867 4760 2046 4813 nollet

446 4845 853 4917 obtemperare
882 4849 1156 4904 feralibus
1207 4849 1423 4904 edictis.
1485 4850 1608 4920 Ipse
1647 4864 1800 4914 eum,
1834 4847 2039 4919 grandi

443 4935 724 4990 comitatu
754 4938 1226 5006 succenturiatus,
1260 4939 1416 4992 lento
1454 4937 1598 5007 pede
1653 4935 2034 5007 subsequitur,

443 5025 502 5077 et
527 5023 738 5096 iniqum
757 5026 1062 5096 legationis
1085 5027 1279 5096 bajulo
1301 5026 1550 5096 imperat
1589 5026 1669 5090 ut,
1693 5024 1916 5078 timoris
1938 5041 2038 5096 pe-

442 5109 622 5166 riculo
641 5112 945 5178 nudus,ita
969 5113 1266 5168 incautum
1293 5112 1622 5168 adoriatur:
1655 5133 1682 5162 ‹‹
1717 5112 1891 5166 Terra
1923 5129 2042 5168 ma-

439 5198 607 5271 rique
653 5201 1000 5256 metuendus
1030 5202 1298 5276 dominus
1327 5205 1521 5256 noster
1568 5200 1798 5273 Inguar,
1832 5217 1929 5254 rex
1955 5201 2042 5256 in-

439 5286 807 5358 victissimns,
829 5289 1078 5344 diversas
1111 5293 1296 5344 terras
1330 5289 1682 5360 subjiciendo
1728 5289 2041 5358 sibiarmis,

441 5374 514 5429 ad
540 5376 710 5446 hujus
733 5377 1037 5447 provinciae
1071 5382 1331 5449 optatum
1365 5378 1519 5432 littus
1546 5395 1675 5431 cum
1704 5378 1898 5432 multis
1941 5396 2046 5433 na-

438 5461 602 5516 vibus
622 5463 980 5520 hiematurus
997 5467 1216 5536 appulit
1240 5484 1253 5533 ;
1288 5470 1460 5538 atque
1478 5466 1690 5522 ideirco
1716 5466 1954 5520 mandat
1984 5471 2046 5522 ut

439 5567 570 5605 cum
591 5567 657 5605 eo
685 5553 952 5624 antiquos
973 5555 1273 5608 thesauros
1304 5557 1360 5608 et
1382 5557 1653 5626 paternas
1676 5555 1919 5616 divitias,
1940 5557 2043 5611 sub

441 5653 510 5694 eo
522 5643 886 5711 regnaturus,
900 5641 1240 5713 dividas.Cuj
1251 5660 1312 5696 us
1324 5642 1369 5697 si
1390 5644 1711 5713 aspernaris
1723 5644 2043 5716 potentiam

440 5723 768 5788 innumeris
780 5729 1106 5802 legionibus
1126 5728 1352 5798 fultam,
1377 5731 1476 5786 tuo
1496 5731 1828 5804 praejudicio
1859 5733 1917 5788 et
1931 5732 2045 5788 vita

2126 690 2397 760 potentia:
2431 691 2744 744 insolenter
2774 691 2985 744 audeas
3009 692 3403 746 contradicere
3424 692 3451 746 ‘l
3496 693 3694 750 Marine:

2132 779 2491 848 tempestatis
2511 780 2762 850 procella
2783 779 2991 833 nostris
3003 779 3569 850 servitremigiis,nec
3584 783 3688 852 [nos

2132 871 2392 920 removet
2413 885 2446 920 a
2474 867 2764 938 proposito
2781 867 3012 921 directae
3033 867 3592 938 intentioniszquibus
3608 887 3694 925 nec

2130 957 2332 1027 ingens
2361 956 2614 1025 mugitus
2641 955 2786 1021 caeli,
2823 972 2925 1009 nec
2965 955 3149 1009 crebri
3178 956 3366 1025 jactus
3423 957 3693 1011 ﬂuminum

2132 1062 2388 1115 unquam
2421 1048 2760 1107 nocuerunt,
2808 1043 3035 1097 favente
3071 1043 3259 1114 gratia
3289 1045 3695 1099 elementorum.

2131 1134 2260 1187 Esto
2294 1133 2485 1204 itaque
2517 1149 2647 1184 cum
2678 1132 2784 1186 tuis
2806 1131 3074 1185 omnibus
3100 1131 3204 1184 sub
3246 1131 3354 1186 lioc
3382 1131 3696 1202 imperatore

2128 1222 2411 1288 maximo,
2446 1219 2532 1275 cui
2555 1221 2908 1274 famulantur
2934 1222 3224 1274 elementa
3255 1236 3360 1291 pro
3400 1219 3503 1274 sibi
3527 1219 3698 1273 innata

2127 1310 2452 1376 clementia;
2471 1309 2746 1381 quoniam
2763 1308 2915 1363 novit
2933 1307 3292 1378 piissimusin
3317 1306 3474 1362 omni
3498 1308 3697 1378 negotio

2129 1415 2362 1470 parcere
2397 1397 2666 1466 subjectis
2696 1401 2751 1451 et
2781 1397 3070 1450 debellare
3087 1395 3421 1466 superbos.»

2199 1488 2337 1543 Vlll.
2375 1486 2496 1551 Quo
2535 1485 2732 1540 audito
2753 1501 2850 1538 rex
2872 1483 3262 1539 sanctissimus
3279 1484 3393 1537 alto
3413 1480 3588 1537 cordis
3614 1481 3696 1536 do-

2129 1578 2251 1632 lore
2282 1576 2588 1646 ingemuit,
2622 1578 2697 1639 et,
2723 1571 2902 1628 accito
2936 1589 3050 1627 uno
3078 1572 3274 1626 exsuis
3305 1569 3594 1641 episc0pis,
3619 1568 3696 1640 qui

2129 1664 2180 1718 ei
2213 1668 2391 1718 erata
2422 1663 2674 1725 secretis,
2707 1661 2843 1733 quid
2874 1677 3046 1730 super
3078 1661 3164 1714 his
3183 1659 3527 1731 respondere
3552 1656 3696 1710 debe-

2130 1759 2219 1808 ret
2275 1753 2536 1807 consulit.
2600 1752 2856 1821 Cumque
2888 1751 3001 1815 ille,
3036 1748 3271 1802 timidus
3319 1763 3421 1818 pro
3451 1744 3698 1814 vitaregis

2133 1843 2204 1896 ad
2233 1841 2714 1896 consentiendum
2745 1839 2921 1908 pluris
2946 1838 3280 1891 hortaretur
3301 1832 3586 1902 exemplis,
3601 1847 3695 1896 rex,

2056 1915 2106 1972 Β
2134 1930 2357 2000 obstipo
2408 1929 2593 2000 capite
2645 1927 2904 1997 deﬁgens
2960 1925 3182 1979 lumina
3209 1925 3404 1988 terrm,
3435 1921 3696 1991 paululum

2135 2017 2426 2082 conticuit,
2452 2020 2507 2068 et
2538 2016 2615 2068 sic
2665 2015 2900 2069 demum
2955 2029 3057 2068 ora
3081 2011 3346 2066 resolvit:
3374 2009 3416 2063 Ο
3447 2007 3694 2079 episcope,

2134 2106 2241 2158 vivi
2261 2106 2332 2159 ad
2349 2105 2401 2158 id
2420 2102 2966 2176 pervenimus,quod
2986 2116 3286 2171 nunquam
3303 2096 3463 2152 veriti
3491 2091 3693 2148 sumus!

2134 2195 2271 2247 Ecce
2288 2193 2564 2248 barbarus
2581 2192 2798 2246 advena
2819 2189 3071 2245 districto
3088 2204 3224 2242 ense
3243 2185 3522 2240 veteribus
3543 2178 3696 2234 nostri

2134 2273 2298 2345 regni
2331 2273 2548 2327 colonis
2579 2271 2870 2338 imminet,
2890 2273 2947 2324 et
2976 2267 3273 2340 quondam
3305 2263 3435 2319 felix
3461 2261 3698 2331 indigena

2135 2362 2469 2433 suspirando
2497 2376 2735 2430 gemens
2765 2361 2934 2414 tacet.
2965 2357 3031 2410 Et
3072 2354 3296 2409 utinam
3329 2345 3701 2421 imprmsentia-

2135 2466 2264 2504 rum
2293 2448 2531 2503 vivendo
2559 2447 2769 2518 quique
2823 2446 3146 2516 gemerent,
3180 2457 3256 2495 ne
3289 2440 3522 2493 cruenta
3547 2433 3699 2488 caede-

2136 2539 2428 2610 perirent:
2486 2541 2767 2609 quatenus
2809 2534 3009 2604 patriae
3043 2529 3306 2586 dulcibus
3336 2526 3496 2591 arvis,
3551 2522 3698 2576 etiam

2138 2609 2232 2682 ine
2264 2628 2661 2691 occumbente,
2692 2623 3025 2691 superstites
3051 2621 3282 2680 ﬁerent,
3313 2619 3370 2671 et
3390 2615 3460 2669 ad
3484 2609 3699 2683 pristina

2137 2715 2424 2770 felicitatis
2441 2713 2688 2785 gloriam
2705 2710 3074 2784 postmodum
3089 2697 3702 2770 redirentl»Cuiepisco-

2137 2821 2268 2876 pus:
2297 2823 2326 2855 <<
2368 2802 2539 2867 Quos,
2592 2801 2796 2872 inquit,
2820 2803 2983 2870 optas
3018 2814 3138 2851 esse
3164 2791 3495 2866 superstites
3513 2787 3699 2876 patriae,

2137 2871 2265 2946 cum
2287 2893 2411 2961 jam
2445 2871 2912 2958 hostilisgladius
2962 2885 3049 2938 vix
3076 2879 3331 2954 aliquem
3359 2873 3631 2948 reliquerit
3656 2871 3698 2961 in

2137 2958 2308 3052 plena
2329 2980 2468 3033 urbe
2486 2979 2513 3031 ‘?
2541 2975 2830 3031 Hebetatis
2861 2973 3150 3028 securibus
3179 2974 3415 3024 tuorum
3456 2958 3702 3019 cadaveri-

2137 3071 2323 3134 bus,te
2351 3068 2685 3122 destitutum
2708 3061 3150 3125 milite,veniunt
3170 3058 3312 3113 loris
3329 3052 3698 3119 constringere.

2138 3159 2480 3228 Quaproter,
2509 3172 2627 3221 rex,
2658 3152 2958 3207 dimidium
2993 3149 3203 3204 animae
3239 3162 3406 3210 meae,
3442 3139 3542 3196 nisi
3578 3137 3700 3204 fuga!

2133 3245 2402 3318 praesidio
2434 3247 2533 3298 aut
2559 3241 2864 3297 deditionis
2891 3240 3137 3294 infausto
3169 3231 3488 3318 patrocinio
3522 3239 3700 3318 praeca-

2133 3307 2378 3400 veas,hic
2390 3331 2580 3388 statim
2598 3330 3372 3396 aderunttortores,quorum
3387 3312 3614 3372 nefando
3627 3307 3704 3400 ob-

2133 3422 2329 3494 sequio
2345 3417 2816 3493 pcenaslues.»Ad
2833 3418 2954 3472 haec
2973 3432 3068 3469 rex
3083 3403 3605 3468 beatissimuszulloc
3617 3397 3701 3451 θεῖ»

2135 3511 2394 3584 ait,qu0d
2417 3505 2862 3578 desidero,quod
2889 3503 3155 3558 omnibus
3169 3500 3316 3554 votis
3335 3499 3705 3584 anteponam?

2141 3577 2420 3671 supersim
2440 3597 2580 3651 meis
2594 3577 2940 3650 cbarissimis
2959 3590 3393 3659 ﬁdelibus,quos
3413 3577 3704 3672 cum

2144 3664 2501 3744 et-uxoribus
2524 3687 2582 3740 in
2604 3687 2748 3739 lecto
2768 3698 2968 3736 eorum
2993 3681 3216 3736 animas
3233 3673 3478 3731 furando
3497 3664 3704 3760 perdidit

2145 3780 2333 3854 pirata
2359 3772 2804 3832 truculentus.Et
2827 3770 2964 3843 quid
2987 3766 3247 3854 suggeris
3272 3765 3299 3819 ‘2
3317 3768 3378 3854 ut
3408 3762 3464 3854 in
3477 3760 3704 3847 extremis

2147 3850 2593 3934 vitaa,desolatus
2620 3878 2749 3916 meo
2765 3858 3031 3922 satellite,
3053 3853 3334 3926 fugiendo
3356 3850 3601 3935 inferam.
3618 3855 3703 3935 cri-

2149 3930 2511 4011 mennostraa
2533 3951 2732 4023 gloriae
2758 3947 2770 4001 l
2794 3947 3035 4019 Semper
3057 3943 3352 3998 delatoriae
3382 3930 3706 4023 accusationis

2148 4042 2499 4101 calumniam
2515 4038 2740 4104 evitavi,
2755 4017 3053 4107 nunquam
3071 4032 3288 4087 relictas
3309 4026 3517 4084 militiae
3531 4017 3704 4113 pro-bra

2149 4131 2412 4196 sustinui,
2433 4146 2499 4184 eo
2529 4127 2683 4200 quod
2712 4127 3021 4180 honestum
3054 4119 3195 4175 mihi
3244 4121 3392 4174 esset
3421 4129 3518 4186 pro
3549 4109 3702 4199 patriit

2150 4222 2299 4279 mori
2326 4239 2338 4275 :
2368 4224 2426 4275 et
2456 4235 2607 4274 nunc
2637 4234 2734 4272 ero
2789 4213 2904 4269 mei
2934 4209 3291 4267 voluntarius
3320 4204 3701 4291 proditor-uc“.l

2150 4327 2254 4382 pro
2282 4307 2588 4364 amissione
2645 4305 2974 4363 charorum,
3022 4300 3147 4370 ipsa
3201 4299 3295 4351 lux
3347 4296 3428 4349 est
3467 4276 3698 4382 fastigii“

2153 4374 2533 4470 bmnipotens
2562 4411 2756 4450 rerum
2781 4390 2998 4446 arbiter
3023 4387 3184 4444 testis
3213 4383 3434 4470 assistit
3467 4374 3604 4470 quod
3627 4381 3699 4464 mf!

2079 4507 2130 4567 D
2152 4506 2253 4544 seu
2291 4487 2482 4541 vivum
2528 4501 2627 4539 seu
2651 4483 2947 4537 mortuum
2967 4477 3156 4532 nullus
3180 4469 3475 4566 separabit.
3491 4484 3522 4521 ἃ
3549 4462 3699 4550 clla“:

2149 4541 2267 4633 tate
2285 4573 2605 4645 Christi,cuj
2616 4571 2745 4627 usin
2765 4567 3121 4624 confessione
3151 4541 3504 4635 baptismatis
3521 4541 3702 4645 susgepi

2150 4666 2428 4722 annulum
2460 4635 2614 4728 fidei,
2677 4656 3091 4716 abrenuntians
3136 4653 3364 4708 Satanze
3395 4649 3449 4702 et
3477 4635 3702 4728 omnibus

2147 4716 2562 4827 pompis—ejus.
2602 4716 2750 4812 'Qua
2795 4743 3211 4801 abrenuntians
3265 4733 3499 4827 contigit
3551 4729 3604 4783 ut

2143 4821 2376 4897 laudem
2398 4821 2463 4894 et
2479 4837 2722 4910 gloriam
2741 4837 2975 4890 aeterna:
2993 4828 3284 4886 Trinitatis
3302 4823 3465 4882 tertio
3486 4821 3700 4910 meret.“

2139 4927 2775 4995 consecrari,delibutus
2806 4923 2879 4977 ob
2906 4901 3700 5002 compendiumperennifflm

2137 5015 2473 5075 sanctiﬁcati
2499 5011 2820 5070 chrismatis
2845 5008 3242 5083 perunctione.
3265 5005 3454 5061 Primo
3483 4988 3699 5083 quidelm

2143 5109 2379 5178 accepta
2412 5105 2558 5159 stola
2587 5100 2793 5157 lavacri
2814 5098 3108 5165 salutaris;
3135 5093 3508 5178 secundo,pe}‘
3528 5075 3699 5178 οοηῧξς

2143 5161 2463 5252 ξῐιειιίοῐιθῐη
2477 5191 2791 5247 exhibitam
2807 5188 2919 5259 maj
2931 5161 3120 5241 usculo
3132 5161 3439 5257 pontiﬁcali
3451 5161 3699 5266 εἰὲηὲξδυιίῗ

2144 5285 2335 5349 tertio,
2387 5283 2483 5338 ubi
2531 5284 2719 5337 vestra
2765 5283 2822 5335 et
2871 5278 3043 5333 totius
3095 5273 3290 5348 p0puli
3334 5262 3700 5357 acclamatio?“3

2145 5391 2273 5430 usus
2301 5347 2428 5427 sum
2449 5373 2556 5427 hoc
2582 5370 2746 5442 regni
2778 5347 3168 5442 perfunctoria
3211 5359 3500 5443 potestate.
3533 5347 3700 5443 εἰςίιιιο

2146 5464 2444 5534 unguento
2487 5459 2738 5532 mysticae
2796 5452 3240 5512 consecrationis
3283 5442 3700 5534 tripliciterlrrt):

2144 5522 2322 5617 ratiis,
2355 5551 2673 5620 Anglorum
2697 5545 3024 5619 reipublicae
3057 5539 3278 5598 decrevi
3305 5538 3430 5610 pius
3469 5522 3697 5620 prodesse:

2147 5656 2324 5714 quam
2355 5617 2621 5710 Ρΐίέθδδθ,
2645 5617 3007 5708 aspernando
3039 5632 3281 5687 subdere
3310 5617 3697 5714 collajugofllf‘

2150 5700 2342 5786 divino
2355 5700 2616 5784 servitio.
2633 5700 2790 5781 Nu-nc
2813 5723 3079 5781 simulata
3090 5711 3478 5780 benevolentia
3493 5700 3698 5783 preten'
