  <div class='ocr_page' id='page_1' title='image "/cluster/home/n/w/nwhite01/storage/ocr_20150623/139/uva.x000829787/260.png"; bbox 0 0 3882 6222; ppageno 0'>
   <div class='ocr_carea' id='block_1_1' title="bbox 171 388 250 449">
    <p class='ocr_par' dir='ltr' id='par_1_1' title="bbox 171 388 250 449">
     <span class='ocr_line' id='line_1_1' title="bbox 171 388 250 449; baseline 0.025 -2"><span class='ocrx_word' id='word_1_1' title='bbox 171 388 250 449; x_wconf 66' lang='grc'><strong>313</strong></span> 
     </span>
    </p>
   </div>
   <div class='ocr_carea' id='block_1_2' title="bbox 1264 390 2358 454">
    <p class='ocr_par' dir='ltr' id='par_1_2' title="bbox 1264 390 2358 454">
     <span class='ocr_line' id='line_1_2' title="bbox 1264 390 2358 454; baseline 0.004 -4"><span class='ocrx_word' id='word_1_2' title='bbox 1264 390 1422 450; x_wconf 74' lang='lat' dir='ltr'><strong>VITA</strong></span> <span class='ocrx_word' id='word_1_3' title='bbox 1453 390 1510 451; x_wconf 89' lang='lat' dir='ltr'><strong>S.</strong></span> <span class='ocrx_word' id='word_1_4' title='bbox 1547 391 1905 451; x_wconf 79' lang='lat' dir='ltr'><strong>EADMUNDI</strong></span> <span class='ocrx_word' id='word_1_5' title='bbox 1930 392 2126 452; x_wconf 84' lang='lat' dir='ltr'><strong>REGIS</strong></span> <span class='ocrx_word' id='word_1_6' title='bbox 2156 392 2358 454; x_wconf 73' lang='lat' dir='ltr'><strong>ANGL.</strong></span> 
     </span>
    </p>
   </div>
   <div class='ocr_carea' id='block_1_3' title="bbox 3337 400 3450 461">
    <p class='ocr_par' dir='ltr' id='par_1_3' title="bbox 3337 400 3450 461">
     <span class='ocr_line' id='line_1_3' title="bbox 3337 400 3450 461; baseline 0.009 -1"><span class='ocrx_word' id='word_1_7' title='bbox 3337 400 3450 461; x_wconf 70' lang='lat' dir='ltr'><strong>5M</strong></span> 
     </span>
    </p>
   </div>
   <div class='ocr_carea' id='block_1_4' title="bbox 173 507 3446 588">
    <p class='ocr_par' dir='ltr' id='par_1_4' title="bbox 173 507 3446 588">
     <span class='ocr_line' id='line_1_4' title="bbox 173 507 3446 588; baseline 0.005 -24"><span class='ocrx_word' id='word_1_8' title='bbox 173 507 237 565; x_wconf 86' lang='lat' dir='ltr'><strong>dit</strong></span> <span class='ocrx_word' id='word_1_9' title='bbox 282 507 496 566; x_wconf 68' lang='lat' dir='ltr'><strong>callidae</strong></span> <span class='ocrx_word' id='word_1_10' title='bbox 540 527 661 567; x_wconf 67' lang='lat' dir='ltr'><strong>sum</strong></span> <span class='ocrx_word' id='word_1_11' title='bbox 713 511 1155 568; x_wconf 79' lang='lat' dir='ltr'><strong>machinationis</strong></span> <span class='ocrx_word' id='word_1_12' title='bbox 1198 512 1598 586; x_wconf 90' lang='lat' dir='ltr'><strong>muscipulam,</strong></span> <span class='ocrx_word' id='word_1_13' title='bbox 1632 531 1744 587; x_wconf 88' lang='lat' dir='ltr'><strong>qua</strong></span> <span class='ocrx_word' id='word_1_14' title='bbox 1766 519 1821 580; x_wconf 76' lang='grc' dir='ltr'><strong>Α</strong></span> <span class='ocrx_word' id='word_1_15' title='bbox 1846 514 2087 570; x_wconf 91' lang='lat' dir='ltr'><strong>tiaturus</strong></span> <span class='ocrx_word' id='word_1_16' title='bbox 2112 516 2274 572; x_wconf 87' lang='lat' dir='ltr'><strong>miles</strong></span> <span class='ocrx_word' id='word_1_17' title='bbox 2288 517 2495 588; x_wconf 87' lang='lat' dir='ltr'>pedem</span> <span class='ocrx_word' id='word_1_18' title='bbox 2525 517 2699 573; x_wconf 91' lang='lat' dir='ltr'><strong>domo</strong></span> <span class='ocrx_word' id='word_1_19' title='bbox 2726 518 3023 586; x_wconf 81' lang='lat' dir='ltr'><strong>extulerat,</strong></span> <span class='ocrx_word' id='word_1_20' title='bbox 3047 535 3177 575; x_wconf 90' lang='lat' dir='ltr'><strong>cum</strong></span> <span class='ocrx_word' id='word_1_21' title='bbox 3204 537 3334 578; x_wconf 90' lang='lat' dir='ltr'><strong>ecce</strong></span> <span class='ocrx_word' id='word_1_22' title='bbox 3353 524 3446 580; x_wconf 84' lang='lat' dir='ltr'><strong>ln-</strong></span> 
     </span>
    </p>
   </div>
   <div class='ocr_carea' id='block_1_5' title="bbox 170 598 1740 675">
    <p class='ocr_par' dir='ltr' id='par_1_5' title="bbox 170 598 1740 675">
     <span class='ocr_line' id='line_1_5' title="bbox 170 598 1740 675; baseline 0.003 -22"><span class='ocrx_word' id='word_1_23' title='bbox 170 615 354 654; x_wconf 83' lang='lat' dir='ltr'><strong>servum</strong></span> <span class='ocrx_word' id='word_1_24' title='bbox 379 598 592 655; x_wconf 83' lang='lat' dir='ltr'><strong>Christi</strong></span> <span class='ocrx_word' id='word_1_25' title='bbox 613 600 845 655; x_wconf 90' lang='lat' dir='ltr'><strong>irretire</strong></span> <span class='ocrx_word' id='word_1_26' title='bbox 866 601 1161 668; x_wconf 87' lang='lat' dir='ltr'><strong>deliberat,</strong></span> <span class='ocrx_word' id='word_1_27' title='bbox 1195 601 1441 655; x_wconf 87' lang='lat' dir='ltr'><strong>maxime</strong></span> <span class='ocrx_word' id='word_1_28' title='bbox 1458 619 1588 657; x_wconf 90' lang='lat' dir='ltr'><strong>cum</strong></span> <span class='ocrx_word' id='word_1_29' title='bbox 1608 620 1740 675; x_wconf 91' lang='lat' dir='ltr'><strong>pro-</strong></span> 
     </span>
    </p>
   </div>
   <div class='ocr_carea' id='block_1_6' title="bbox 171 686 1740 762">
    <p class='ocr_par' dir='ltr' id='par_1_6' title="bbox 171 686 1740 762">
     <span class='ocr_line' id='line_1_6' title="bbox 171 686 1740 762; baseline 0.003 -22"><span class='ocrx_word' id='word_1_30' title='bbox 171 686 328 753; x_wconf 83' lang='lat' dir='ltr'><strong>mittit,</strong></span> <span class='ocrx_word' id='word_1_31' title='bbox 344 688 500 759; x_wconf 90' lang='lat' dir='ltr'><strong>quod</strong></span> <span class='ocrx_word' id='word_1_32' title='bbox 529 689 698 743; x_wconf 89' lang='lat' dir='ltr'><strong>nobis</strong></span> <span class='ocrx_word' id='word_1_33' title='bbox 716 689 949 759; x_wconf 90' lang='lat' dir='ltr'><strong>largitas</strong></span> <span class='ocrx_word' id='word_1_34' title='bbox 972 705 1220 762; x_wconf 89' lang='lat' dir='ltr'><strong>superna</strong></span> <span class='ocrx_word' id='word_1_35' title='bbox 1244 689 1539 743; x_wconf 86' lang='lat' dir='ltr'><strong>concessit.</strong></span> <span class='ocrx_word' id='word_1_36' title='bbox 1558 689 1740 744; x_wconf 84' lang='lat' dir='ltr'><strong>Vitam</strong></span> 
     </span>
    </p>
   </div>
   <div class='ocr_carea' id='block_1_7' title="bbox 168 775 1736 849">
    <p class='ocr_par' dir='ltr' id='par_1_7' title="bbox 168 775 1736 849">
     <span class='ocr_line' id='line_1_7' title="bbox 168 775 1736 849; baseline 0.002 -21"><span class='ocrx_word' id='word_1_37' title='bbox 168 775 410 841; x_wconf 76' lang='lat' dir='ltr'><strong>indulget,</strong></span> <span class='ocrx_word' id='word_1_38' title='bbox 443 792 563 848; x_wconf 92' lang='lat' dir='ltr'><strong>qua</strong></span> <span class='ocrx_word' id='word_1_39' title='bbox 621 776 870 831; x_wconf 83' lang='lat' dir='ltr'><strong>necdum</strong></span> <span class='ocrx_word' id='word_1_40' title='bbox 899 793 1095 845; x_wconf 90' lang='lat' dir='ltr'><strong>careo;</strong></span> <span class='ocrx_word' id='word_1_41' title='bbox 1152 792 1397 845; x_wconf 84' lang='lat' dir='ltr'><strong>regnum</strong></span> <span class='ocrx_word' id='word_1_42' title='bbox 1430 777 1736 849; x_wconf 85' lang='lat' dir='ltr'><strong>promittit,</strong></span> 
     </span>
    </p>
   </div>
   <div class='ocr_carea' id='block_1_8' title="bbox 166 863 1735 937">
    <p class='ocr_par' dir='ltr' id='par_1_8' title="bbox 166 863 1735 937">
     <span class='ocr_line' id='line_1_8' title="bbox 166 863 1735 937; baseline 0.003 -20"><span class='ocrx_word' id='word_1_43' title='bbox 166 863 286 935; x_wconf 85' lang='lat' dir='ltr'><strong>quod</strong></span> <span class='ocrx_word' id='word_1_44' title='bbox 310 864 533 931; x_wconf 76' lang='lat' dir='ltr'><strong>habeo;</strong></span> <span class='ocrx_word' id='word_1_45' title='bbox 558 882 698 936; x_wconf 90' lang='lat' dir='ltr'><strong>opes</strong></span> <span class='ocrx_word' id='word_1_46' title='bbox 723 864 986 920; x_wconf 88' lang='lat' dir='ltr'><strong>conferre</strong></span> <span class='ocrx_word' id='word_1_47' title='bbox 1018 865 1192 937; x_wconf 92' lang='lat' dir='ltr'><strong>cupit,</strong></span> <span class='ocrx_word' id='word_1_48' title='bbox 1226 865 1429 937; x_wconf 87' lang='lat' dir='ltr'><strong>quibus</strong></span> <span class='ocrx_word' id='word_1_49' title='bbox 1460 883 1576 920; x_wconf 91' lang='lat' dir='ltr'><strong>non</strong></span> <span class='ocrx_word' id='word_1_50' title='bbox 1608 883 1735 937; x_wconf 93' lang='lat' dir='ltr'><strong>ego.</strong></span> 
     </span>
    </p>
   </div>
   <div class='ocr_carea' id='block_1_9' title="bbox 165 952 1740 1026">
    <p class='ocr_par' dir='ltr' id='par_1_9' title="bbox 165 952 1740 1026">
     <span class='ocr_line' id='line_1_9' title="bbox 165 952 1740 1026; baseline 0.002 -20"><span class='ocrx_word' id='word_1_51' title='bbox 165 953 249 1007; x_wconf 87' lang='lat' dir='ltr'><strong>Pro</strong></span> <span class='ocrx_word' id='word_1_52' title='bbox 274 952 356 1007; x_wconf 90' lang='lat' dir='ltr'><strong>his</strong></span> <span class='ocrx_word' id='word_1_53' title='bbox 385 968 527 1025; x_wconf 83' lang='lat' dir='ltr'><strong>ergo</strong></span> <span class='ocrx_word' id='word_1_54' title='bbox 559 954 1000 1026; x_wconf 89' lang='lat' dir='ltr'><strong>nuncincipiam</strong></span> <span class='ocrx_word' id='word_1_55' title='bbox 1019 954 1225 1008; x_wconf 82' lang='lat' dir='ltr'><strong>servire</strong></span> <span class='ocrx_word' id='word_1_56' title='bbox 1243 954 1464 1008; x_wconf 91' lang='lat' dir='ltr'><strong>duobus</strong></span> <span class='ocrx_word' id='word_1_57' title='bbox 1490 954 1740 1009; x_wconf 91' lang='lat' dir='ltr'><strong>dominis</strong></span> 
     </span>
    </p>
   </div>
   <div class='ocr_carea' id='block_1_10' title="bbox 163 1039 1737 1112">
    <p class='ocr_par' dir='ltr' id='par_1_10' title="bbox 163 1039 1737 1112">
     <span class='ocr_line' id='line_1_10' title="bbox 163 1039 1737 1112; baseline 0.002 -19"><span class='ocrx_word' id='word_1_58' title='bbox 163 1039 237 1112; x_wconf 84' lang='lat' dir='ltr'><strong>qui</strong></span> <span class='ocrx_word' id='word_1_59' title='bbox 278 1057 366 1095; x_wconf 89' lang='lat' dir='ltr'><strong>me</strong></span> <span class='ocrx_word' id='word_1_60' title='bbox 392 1041 499 1095; x_wconf 86' lang='lat' dir='ltr'><strong>sub</strong></span> <span class='ocrx_word' id='word_1_61' title='bbox 550 1040 774 1096; x_wconf 85' lang='lat' dir='ltr'><strong>Christo</strong></span> <span class='ocrx_word' id='word_1_62' title='bbox 831 1043 951 1096; x_wconf 91' lang='lat' dir='ltr'><strong>solo</strong></span> <span class='ocrx_word' id='word_1_63' title='bbox 981 1042 1185 1108; x_wconf 85' lang='lat' dir='ltr'><strong>vivere,</strong></span> <span class='ocrx_word' id='word_1_64' title='bbox 1232 1042 1334 1096; x_wconf 89' lang='lat' dir='ltr'><strong>sub</strong></span> <span class='ocrx_word' id='word_1_65' title='bbox 1366 1041 1587 1096; x_wconf 90' lang='lat' dir='ltr'><strong>Christo</strong></span> <span class='ocrx_word' id='word_1_66' title='bbox 1618 1043 1737 1097; x_wconf 88' lang='lat' dir='ltr'><strong>solo</strong></span> 
     </span>
    </p>
   </div>
   <div class='ocr_carea' id='block_1_11' title="bbox 160 1129 1529 1202">
    <p class='ocr_par' dir='ltr' id='par_1_11' title="bbox 160 1129 1529 1202">
     <span class='ocr_line' id='line_1_11' title="bbox 160 1129 1529 1202; baseline -0.001 -22"><span class='ocrx_word' id='word_1_67' title='bbox 160 1143 392 1199; x_wconf 85' lang='lat' dir='ltr'><strong>regnare,</strong></span> <span class='ocrx_word' id='word_1_68' title='bbox 427 1129 808 1199; x_wconf 72' lang='lat' dir='ltr'><strong>praesentibus</strong></span> <span class='ocrx_word' id='word_1_69' title='bbox 827 1130 1093 1202; x_wconf 84' lang='lat' dir='ltr'><strong>palatinis</strong></span> <span class='ocrx_word' id='word_1_70' title='bbox 1123 1129 1473 1185; x_wconf 92' lang='lat' dir='ltr'><strong>devoverim.</strong></span> <span class='ocrx_word' id='word_1_71' title='bbox 1502 1151 1529 1179; x_wconf 85' lang='grc'><strong>››</strong></span> 
     </span>
    </p>
   </div>
   <div class='ocr_carea' id='block_1_12' title="bbox 213 1217 1737 1291">
    <p class='ocr_par' dir='ltr' id='par_1_12' title="bbox 213 1217 1737 1291">
     <span class='ocr_line' id='line_1_12' title="bbox 213 1217 1737 1291; baseline 0.001 -20"><span class='ocrx_word' id='word_1_72' title='bbox 213 1217 287 1272; x_wconf 75' lang='grc' dir='ltr'><strong>ΙΧ.</strong></span> <span class='ocrx_word' id='word_1_73' title='bbox 323 1218 480 1272; x_wconf 84' lang='lat' dir='ltr'><strong>Tunc</strong></span> <span class='ocrx_word' id='word_1_74' title='bbox 512 1234 818 1273; x_wconf 88' lang='lat' dir='ltr'><strong>conversus</strong></span> <span class='ocrx_word' id='word_1_75' title='bbox 848 1219 920 1273; x_wconf 89' lang='lat' dir='ltr'><strong>ad</strong></span> <span class='ocrx_word' id='word_1_76' title='bbox 950 1236 1081 1273; x_wconf 90' lang='lat' dir='ltr'><strong>eum</strong></span> <span class='ocrx_word' id='word_1_77' title='bbox 1109 1218 1226 1291; x_wconf 86' lang='lat' dir='ltr'><strong>qui,</strong></span> <span class='ocrx_word' id='word_1_78' title='bbox 1275 1219 1345 1273; x_wconf 92' lang='lat' dir='ltr'><strong>de</strong></span> <span class='ocrx_word' id='word_1_79' title='bbox 1406 1219 1737 1273; x_wconf 89' lang='lat' dir='ltr'><strong>conditione</strong></span> 
     </span>
    </p>
   </div>
   <div class='ocr_carea' id='block_1_13' title="bbox 154 1305 1733 1378">
    <p class='ocr_par' dir='ltr' id='par_1_13' title="bbox 154 1305 1733 1378">
     <span class='ocr_line' id='line_1_13' title="bbox 154 1305 1733 1378; baseline 0.001 -19"><span class='ocrx_word' id='word_1_80' title='bbox 154 1305 291 1376; x_wconf 84' lang='lat' dir='ltr'><strong>regni</strong></span> <span class='ocrx_word' id='word_1_81' title='bbox 308 1307 622 1372; x_wconf 88' lang='lat' dir='ltr'><strong>locuturus,</strong></span> <span class='ocrx_word' id='word_1_82' title='bbox 636 1305 1059 1378; x_wconf 90' lang='lat' dir='ltr'><strong>abimpiissimo</strong></span> <span class='ocrx_word' id='word_1_83' title='bbox 1076 1308 1287 1378; x_wconf 90' lang='lat' dir='ltr'><strong>Inguar</strong></span> <span class='ocrx_word' id='word_1_84' title='bbox 1299 1306 1492 1361; x_wconf 85' lang='lat' dir='ltr'><strong>fuerat</strong></span> <span class='ocrx_word' id='word_1_85' title='bbox 1513 1307 1733 1362; x_wconf 89' lang='lat' dir='ltr'><strong>missus:</strong></span> 
     </span>
    </p>
   </div>
   <div class='ocr_carea' id='block_1_14' title="bbox 153 1393 1735 1467">
    <p class='ocr_par' dir='ltr' id='par_1_14' title="bbox 153 1393 1735 1467">
     <span class='ocr_line' id='line_1_14' title="bbox 153 1393 1735 1467; baseline 0.003 -23"><span class='ocrx_word' id='word_1_86' title='bbox 153 1412 179 1444; x_wconf 67' lang='grc' dir='ltr'><strong><em>ς</em></strong></span> <span class='ocrx_word' id='word_1_87' title='bbox 204 1393 554 1458; x_wconf 82' lang='lat' dir='ltr'><strong>Madefactus,</strong></span> <span class='ocrx_word' id='word_1_88' title='bbox 590 1393 796 1465; x_wconf 88' lang='lat' dir='ltr'><strong>inquit,</strong></span> <span class='ocrx_word' id='word_1_89' title='bbox 823 1411 1024 1449; x_wconf 90' lang='lat' dir='ltr'><strong>cruore</strong></span> <span class='ocrx_word' id='word_1_90' title='bbox 1060 1411 1347 1461; x_wconf 91' lang='lat' dir='ltr'><strong>meorum,</strong></span> <span class='ocrx_word' id='word_1_91' title='bbox 1376 1395 1577 1449; x_wconf 89' lang='lat' dir='ltr'><strong>mortis</strong></span> <span class='ocrx_word' id='word_1_92' title='bbox 1605 1412 1735 1467; x_wconf 86' lang='lat' dir='ltr'><strong>sup-</strong></span> 
     </span>
    </p>
   </div>
   <div class='ocr_carea' id='block_1_15' title="bbox 149 1481 1738 1553">
    <p class='ocr_par' dir='ltr' id='par_1_15' title="bbox 149 1481 1738 1553">
     <span class='ocr_line' id='line_1_15' title="bbox 149 1481 1738 1553; baseline 0.002 -19"><span class='ocrx_word' id='word_1_93' title='bbox 149 1481 294 1553; x_wconf 91' lang='lat' dir='ltr'><strong>plicio</strong></span> <span class='ocrx_word' id='word_1_94' title='bbox 317 1483 526 1553; x_wconf 90' lang='lat' dir='ltr'><strong>dignus</strong></span> <span class='ocrx_word' id='word_1_95' title='bbox 538 1481 851 1549; x_wconf 90' lang='lat' dir='ltr'><strong>exstiteras;</strong></span> <span class='ocrx_word' id='word_1_96' title='bbox 869 1483 989 1549; x_wconf 92' lang='lat' dir='ltr'><strong>sed,</strong></span> <span class='ocrx_word' id='word_1_97' title='bbox 1003 1484 1172 1553; x_wconf 88' lang='lat' dir='ltr'><strong>plane</strong></span> <span class='ocrx_word' id='word_1_98' title='bbox 1201 1482 1405 1537; x_wconf 90' lang='lat' dir='ltr'><strong>Christi</strong></span> <span class='ocrx_word' id='word_1_99' title='bbox 1424 1483 1536 1537; x_wconf 90' lang='lat' dir='ltr'><strong>mei</strong></span> <span class='ocrx_word' id='word_1_100' title='bbox 1551 1500 1738 1537; x_wconf 72' lang='lat' dir='ltr'><strong>exeni-</strong></span> 
     </span>
    </p>
   </div>
   <div class='ocr_carea' id='block_1_16' title="bbox 148 1570 1734 1642">
    <p class='ocr_par' dir='ltr' id='par_1_16' title="bbox 148 1570 1734 1642">
     <span class='ocr_line' id='line_1_16' title="bbox 148 1570 1734 1642; baseline 0.001 -19"><span class='ocrx_word' id='word_1_101' title='bbox 148 1571 284 1640; x_wconf 87' lang='lat' dir='ltr'><strong>plum</strong></span> <span class='ocrx_word' id='word_1_102' title='bbox 314 1573 561 1636; x_wconf 89' lang='lat' dir='ltr'><strong>secutus,</strong></span> <span class='ocrx_word' id='word_1_103' title='bbox 591 1570 726 1624; x_wconf 90' lang='lat' dir='ltr'><strong>nolo</strong></span> <span class='ocrx_word' id='word_1_104' title='bbox 758 1587 929 1641; x_wconf 89' lang='lat' dir='ltr'><strong>puras</strong></span> <span class='ocrx_word' id='word_1_105' title='bbox 950 1572 1374 1626; x_wconf 89' lang='lat' dir='ltr'><strong>commaculare</strong></span> <span class='ocrx_word' id='word_1_106' title='bbox 1408 1570 1734 1642; x_wconf 91' lang='lat' dir='ltr'><strong>manus,qui</strong></span> 
     </span>
    </p>
   </div>
   <div class='ocr_carea' id='block_1_17' title="bbox 147 1658 1737 1730">
    <p class='ocr_par' dir='ltr' id='par_1_17' title="bbox 147 1658 1737 1730">
     <span class='ocr_line' id='line_1_17' title="bbox 147 1658 1737 1730; baseline 0.001 -19"><span class='ocrx_word' id='word_1_107' title='bbox 147 1673 236 1727; x_wconf 90' lang='lat' dir='ltr'><strong>pro</strong></span> <span class='ocrx_word' id='word_1_108' title='bbox 265 1658 385 1727; x_wconf 89' lang='lat' dir='ltr'><strong>ejus</strong></span> <span class='ocrx_word' id='word_1_109' title='bbox 408 1658 670 1724; x_wconf 90' lang='lat' dir='ltr'><strong>nomine,</strong></span> <span class='ocrx_word' id='word_1_110' title='bbox 694 1658 738 1711; x_wconf 89' lang='lat' dir='ltr'><strong>si</strong></span> <span class='ocrx_word' id='word_1_111' title='bbox 773 1658 853 1712; x_wconf 91' lang='lat' dir='ltr'><strong>ita</strong></span> <span class='ocrx_word' id='word_1_112' title='bbox 877 1658 1201 1730; x_wconf 83' lang='lat' dir='ltr'><strong>contigerit,</strong></span> <span class='ocrx_word' id='word_1_113' title='bbox 1226 1659 1475 1713; x_wconf 90' lang='lat' dir='ltr'><strong>libenter</strong></span> <span class='ocrx_word' id='word_1_114' title='bbox 1502 1662 1737 1729; x_wconf 90' lang='lat' dir='ltr'><strong>paratus</strong></span> 
     </span>
    </p>
   </div>
   <div class='ocr_carea' id='block_1_18' title="bbox 144 1744 1733 1817">
    <p class='ocr_par' dir='ltr' id='par_1_18' title="bbox 144 1744 1733 1817">
     <span class='ocr_line' id='line_1_18' title="bbox 144 1744 1733 1817; baseline 0.001 -19"><span class='ocrx_word' id='word_1_115' title='bbox 144 1761 253 1799; x_wconf 88' lang='lat' dir='ltr'><strong>sum</strong></span> <span class='ocrx_word' id='word_1_116' title='bbox 281 1744 478 1799; x_wconf 84' lang='lat' dir='ltr'><strong>vestris</strong></span> <span class='ocrx_word' id='word_1_117' title='bbox 491 1745 988 1801; x_wconf 89' lang='lat' dir='ltr'><strong>telisoccumhere.</strong></span> <span class='ocrx_word' id='word_1_118' title='bbox 1019 1746 1152 1800; x_wconf 93' lang='lat' dir='ltr'><strong>ldeo</strong></span> <span class='ocrx_word' id='word_1_119' title='bbox 1183 1746 1399 1817; x_wconf 86' lang='lat' dir='ltr'><strong>pernici</strong></span> <span class='ocrx_word' id='word_1_120' title='bbox 1433 1746 1617 1816; x_wconf 88' lang='lat' dir='ltr'><strong>gradu</strong></span> <span class='ocrx_word' id='word_1_121' title='bbox 1643 1761 1733 1800; x_wconf 85' lang='lat' dir='ltr'><strong>re-</strong></span> 
     </span>
    </p>
   </div>
   <div class='ocr_carea' id='block_1_19' title="bbox 1848 604 3447 681">
    <p class='ocr_par' dir='ltr' id='par_1_19' title="bbox 1848 604 3447 681">
     <span class='ocr_line' id='line_1_19' title="bbox 1848 604 3447 681; baseline 0.007 -25"><span class='ocrx_word' id='word_1_122' title='bbox 1848 604 2216 675; x_wconf 88' lang='lat' dir='ltr'><strong>guarobviusj</strong></span> <span class='ocrx_word' id='word_1_123' title='bbox 2227 606 2724 677; x_wconf 87' lang='lat' dir='ltr'><strong>ubctbreviloquio</strong></span> <span class='ocrx_word' id='word_1_124' title='bbox 2744 606 3039 673; x_wconf 90' lang='lat' dir='ltr'><strong>utatur,illi</strong></span> <span class='ocrx_word' id='word_1_125' title='bbox 3059 608 3319 679; x_wconf 89' lang='lat' dir='ltr'><strong>pandens</strong></span> <span class='ocrx_word' id='word_1_126' title='bbox 3342 627 3447 681; x_wconf 89' lang='lat' dir='ltr'><strong>per</strong></span> 
     </span>
    </p>
   </div>
   <div class='ocr_carea' id='block_1_20' title="bbox 1840 693 3447 771">
    <p class='ocr_par' dir='ltr' id='par_1_20' title="bbox 1840 693 3447 771">
     <span class='ocr_line' id='line_1_20' title="bbox 1840 693 3447 771; baseline 0.005 -25"><span class='ocrx_word' id='word_1_127' title='bbox 1840 693 2038 747; x_wconf 87' lang='lat' dir='ltr'><strong>omnia</strong></span> <span class='ocrx_word' id='word_1_128' title='bbox 2067 710 2276 749; x_wconf 88' lang='lat' dir='ltr'><strong>arcana</strong></span> <span class='ocrx_word' id='word_1_129' title='bbox 2300 694 2446 764; x_wconf 79' lang='lat' dir='ltr'><strong>regis</strong></span> <span class='ocrx_word' id='word_1_130' title='bbox 2472 696 2695 749; x_wconf 90' lang='lat' dir='ltr'><strong>ultima.</strong></span> <span class='ocrx_word' id='word_1_131' title='bbox 2732 695 2869 759; x_wconf 85' lang='lat' dir='ltr'><strong>Quae</strong></span> <span class='ocrx_word' id='word_1_132' title='bbox 2898 695 2988 749; x_wconf 86' lang='lat' dir='ltr'><strong>ille</strong></span> <span class='ocrx_word' id='word_1_133' title='bbox 3030 696 3168 751; x_wconf 88' lang='lat' dir='ltr'><strong>dum</strong></span> <span class='ocrx_word' id='word_1_134' title='bbox 3191 699 3447 771; x_wconf 83' lang='lat' dir='ltr'><strong>exsequi-</strong></span> 
     </span>
    </p>
   </div>
   <div class='ocr_carea' id='block_1_21' title="bbox 1844 780 3448 853">
    <p class='ocr_par' dir='ltr' id='par_1_21' title="bbox 1844 780 3448 853">
     <span class='ocr_line' id='line_1_21' title="bbox 1844 780 3448 853; baseline 0.007 -21"><span class='ocrx_word' id='word_1_135' title='bbox 1844 780 2211 853; x_wconf 89' lang='lat' dir='ltr'><strong>tur,imperat</strong></span> <span class='ocrx_word' id='word_1_136' title='bbox 2241 786 2513 852; x_wconf 81' lang='lat' dir='ltr'><strong>tyrannus</strong></span> <span class='ocrx_word' id='word_1_137' title='bbox 2543 782 2919 837; x_wconf 80' lang='lat' dir='ltr'><strong>circumfundi</strong></span> <span class='ocrx_word' id='word_1_138' title='bbox 2954 798 3191 838; x_wconf 89' lang='lat' dir='ltr'><strong>omnem</strong></span> <span class='ocrx_word' id='word_1_139' title='bbox 3217 787 3448 844; x_wconf 85' lang='lat' dir='ltr'><strong>turbam</strong></span> 
     </span>
    </p>
   </div>
   <div class='ocr_carea' id='block_1_22' title="bbox 1838 869 3447 944">
    <p class='ocr_par' dir='ltr' id='par_1_22' title="bbox 1838 869 3447 944">
     <span class='ocr_line' id='line_1_22' title="bbox 1838 869 3447 944; baseline 0.006 -23"><span class='ocrx_word' id='word_1_140' title='bbox 1838 869 2344 936; x_wconf 90' lang='lat' dir='ltr'><strong>suoruminterius,</strong></span> <span class='ocrx_word' id='word_1_141' title='bbox 2367 871 2664 942; x_wconf 89' lang='lat' dir='ltr'><strong>solumque</strong></span> <span class='ocrx_word' id='word_1_142' title='bbox 2682 887 2878 940; x_wconf 81' lang='lat' dir='ltr'><strong>regem</strong></span> <span class='ocrx_word' id='word_1_143' title='bbox 2911 871 3115 939; x_wconf 89' lang='lat' dir='ltr'><strong>teneri,</strong></span> <span class='ocrx_word' id='word_1_144' title='bbox 3140 889 3313 944; x_wconf 89' lang='lat' dir='ltr'><strong>quem</strong></span> <span class='ocrx_word' id='word_1_145' title='bbox 3332 876 3447 931; x_wconf 90' lang='lat' dir='ltr'><strong>suis</strong></span> 
     </span>
    </p>
   </div>
   <div class='ocr_carea' id='block_1_23' title="bbox 1840 957 3443 1030">
    <p class='ocr_par' dir='ltr' id='par_1_23' title="bbox 1840 957 3443 1030">
     <span class='ocr_line' id='line_1_23' title="bbox 1840 957 3443 1030; baseline 0.006 -20"><span class='ocrx_word' id='word_1_146' title='bbox 1840 957 2060 1027; x_wconf 85' lang='lat' dir='ltr'><strong>legibus</strong></span> <span class='ocrx_word' id='word_1_147' title='bbox 2087 958 2358 1012; x_wconf 89' lang='lat' dir='ltr'><strong>rebellem</strong></span> <span class='ocrx_word' id='word_1_148' title='bbox 2376 960 2500 1029; x_wconf 92' lang='lat' dir='ltr'><strong>jam</strong></span> <span class='ocrx_word' id='word_1_149' title='bbox 2527 962 2892 1030; x_wconf 89' lang='lat' dir='ltr'><strong>cognoverat.</strong></span> <span class='ocrx_word' id='word_1_150' title='bbox 2916 960 3071 1014; x_wconf 87' lang='lat' dir='ltr'><strong>Tunc</strong></span> <span class='ocrx_word' id='word_1_151' title='bbox 3103 966 3329 1017; x_wconf 88' lang='lat' dir='ltr'><strong>sanctus</strong></span> <span class='ocrx_word' id='word_1_152' title='bbox 3343 980 3443 1020; x_wconf 90' lang='lat' dir='ltr'><strong>rex</strong></span> 
     </span>
    </p>
   </div>
   <div class='ocr_carea' id='block_1_24' title="bbox 1839 1044 3444 1123">
    <p class='ocr_par' dir='ltr' id='par_1_24' title="bbox 1839 1044 3444 1123">
     <span class='ocr_line' id='line_1_24' title="bbox 1839 1044 3444 1123; baseline 0.004 -25"><span class='ocrx_word' id='word_1_153' title='bbox 1839 1044 2209 1099; x_wconf 88' lang='lat' dir='ltr'><strong>Eadmundus</strong></span> <span class='ocrx_word' id='word_1_154' title='bbox 2238 1045 2294 1099; x_wconf 91' lang='lat' dir='ltr'><strong>in</strong></span> <span class='ocrx_word' id='word_1_155' title='bbox 2322 1047 2532 1118; x_wconf 91' lang='lat' dir='ltr'><strong>palatio</strong></span> <span class='ocrx_word' id='word_1_156' title='bbox 2580 1051 2641 1100; x_wconf 91' lang='lat' dir='ltr'><strong>ut</strong></span> <span class='ocrx_word' id='word_1_157' title='bbox 2692 1048 3020 1101; x_wconf 90' lang='lat' dir='ltr'><strong>membrum</strong></span> <span class='ocrx_word' id='word_1_158' title='bbox 3049 1047 3276 1112; x_wconf 88' lang='lat' dir='ltr'><strong>Christi,</strong></span> <span class='ocrx_word' id='word_1_159' title='bbox 3310 1068 3444 1123; x_wconf 88' lang='lat' dir='ltr'><strong>pro-</strong></span> 
     </span>
    </p>
   </div>
   <div class='ocr_carea' id='block_1_25' title="bbox 1829 1131 3445 1204">
    <p class='ocr_par' dir='ltr' id='par_1_25' title="bbox 1829 1131 3445 1204">
     <span class='ocr_line' id='line_1_25' title="bbox 1829 1131 3445 1204; baseline 0.006 -19"><span class='ocrx_word' id='word_1_160' title='bbox 1829 1131 1997 1202; x_wconf 87' lang='lat' dir='ltr'><strong>jectis</strong></span> <span class='ocrx_word' id='word_1_161' title='bbox 2024 1133 2201 1187; x_wconf 90' lang='lat' dir='ltr'><strong>armis</strong></span> <span class='ocrx_word' id='word_1_162' title='bbox 2225 1134 2465 1204; x_wconf 90' lang='lat' dir='ltr'><strong>capitur,</strong></span> <span class='ocrx_word' id='word_1_163' title='bbox 2490 1137 2547 1188; x_wconf 88' lang='lat' dir='ltr'><strong>et</strong></span> <span class='ocrx_word' id='word_1_164' title='bbox 2578 1134 2811 1189; x_wconf 89' lang='lat' dir='ltr'><strong>vinculis</strong></span> <span class='ocrx_word' id='word_1_165' title='bbox 2832 1134 3171 1191; x_wconf 91' lang='lat' dir='ltr'><strong>arctioribus</strong></span> <span class='ocrx_word' id='word_1_166' title='bbox 3192 1141 3445 1195; x_wconf 88' lang='lat' dir='ltr'><strong>arctatus</strong></span> 
     </span>
    </p>
   </div>
   <div class='ocr_carea' id='block_1_26' title="bbox 1838 1220 3445 1298">
    <p class='ocr_par' dir='ltr' id='par_1_26' title="bbox 1838 1220 3445 1298">
     <span class='ocr_line' id='line_1_26' title="bbox 1838 1220 3445 1298; baseline 0.005 -25"><span class='ocrx_word' id='word_1_167' title='bbox 1838 1220 2270 1291; x_wconf 88' lang='lat' dir='ltr'><strong>constringitur,</strong></span> <span class='ocrx_word' id='word_1_168' title='bbox 2300 1226 2470 1292; x_wconf 85' lang='lat' dir='ltr'><strong>atque</strong></span> <span class='ocrx_word' id='word_1_169' title='bbox 2500 1223 2779 1277; x_wconf 89' lang='lat' dir='ltr'><strong>innocens</strong></span> <span class='ocrx_word' id='word_1_170' title='bbox 2810 1223 3022 1277; x_wconf 88' lang='lat' dir='ltr'><strong>sistitur</strong></span> <span class='ocrx_word' id='word_1_171' title='bbox 3043 1228 3175 1279; x_wconf 89' lang='lat' dir='ltr'><strong>ante</strong></span> <span class='ocrx_word' id='word_1_172' title='bbox 3198 1226 3445 1298; x_wconf 91' lang='lat' dir='ltr'><strong>impium</strong></span> 
     </span>
    </p>
   </div>
   <div class='ocr_carea' id='block_1_27' title="bbox 1840 1306 3449 1382">
    <p class='ocr_par' dir='ltr' id='par_1_27' title="bbox 1840 1306 3449 1382">
     <span class='ocr_line' id='line_1_27' title="bbox 1840 1306 3449 1382; baseline 0.005 -22"><span class='ocrx_word' id='word_1_173' title='bbox 1840 1306 2065 1375; x_wconf 90' lang='lat' dir='ltr'><strong>ducem,</strong></span> <span class='ocrx_word' id='word_1_174' title='bbox 2097 1309 2255 1379; x_wconf 90' lang='lat' dir='ltr'><strong>quasi</strong></span> <span class='ocrx_word' id='word_1_175' title='bbox 2289 1308 2540 1363; x_wconf 90' lang='lat' dir='ltr'><strong>Christus</strong></span> <span class='ocrx_word' id='word_1_176' title='bbox 2561 1313 2693 1364; x_wconf 88' lang='lat' dir='ltr'><strong>ante</strong></span> <span class='ocrx_word' id='word_1_177' title='bbox 2722 1310 2967 1365; x_wconf 88' lang='lat' dir='ltr'><strong>Pilatum</strong></span> <span class='ocrx_word' id='word_1_178' title='bbox 2996 1312 3327 1382; x_wconf 62' lang='lat' dir='ltr'><strong>praesidem,</strong></span> <span class='ocrx_word' id='word_1_179' title='bbox 3352 1330 3449 1369; x_wconf 90' lang='lat' dir='ltr'><strong>cu-</strong></span> 
     </span>
    </p>
   </div>
   <div class='ocr_carea' id='block_1_28' title="bbox 1839 1395 3451 1470">
    <p class='ocr_par' dir='ltr' id='par_1_28' title="bbox 1839 1395 3451 1470">
     <span class='ocr_line' id='line_1_28' title="bbox 1839 1395 3451 1470; baseline 0.005 -21"><span class='ocrx_word' id='word_1_180' title='bbox 1839 1396 2004 1468; x_wconf 91' lang='lat' dir='ltr'><strong>piens</strong></span> <span class='ocrx_word' id='word_1_181' title='bbox 2034 1397 2154 1466; x_wconf 88' lang='lat' dir='ltr'><strong>ejus</strong></span> <span class='ocrx_word' id='word_1_182' title='bbox 2183 1395 2340 1468; x_wconf 88' lang='lat' dir='ltr'><strong>sequi</strong></span> <span class='ocrx_word' id='word_1_183' title='bbox 2371 1397 2632 1468; x_wconf 82' lang='lat' dir='ltr'><strong>vestigia.</strong></span> <span class='ocrx_word' id='word_1_184' title='bbox 2666 1397 2761 1469; x_wconf 90' lang='lat' dir='ltr'><strong>qui</strong></span> <span class='ocrx_word' id='word_1_185' title='bbox 2793 1415 2896 1470; x_wconf 90' lang='lat' dir='ltr'><strong>pro</strong></span> <span class='ocrx_word' id='word_1_186' title='bbox 2930 1399 3095 1453; x_wconf 90' lang='lat' dir='ltr'><strong>nobis</strong></span> <span class='ocrx_word' id='word_1_187' title='bbox 3117 1399 3451 1457; x_wconf 91' lang='lat' dir='ltr'><strong>immolatus</strong></span> 
     </span>
    </p>
   </div>
   <div class='ocr_carea' id='block_1_29' title="bbox 1838 1485 3448 1556">
    <p class='ocr_par' dir='ltr' id='par_1_29' title="bbox 1838 1485 3448 1556">
     <span class='ocr_line' id='line_1_29' title="bbox 1838 1485 3448 1556; baseline 0.004 -18"><span class='ocrx_word' id='word_1_188' title='bbox 1838 1488 1924 1538; x_wconf 90' lang='lat' dir='ltr'><strong>est</strong></span> <span class='ocrx_word' id='word_1_189' title='bbox 1949 1485 2134 1538; x_wconf 92' lang='lat' dir='ltr'><strong>hostia</strong></span> <span class='ocrx_word' id='word_1_190' title='bbox 2165 1500 2177 1537; x_wconf 88' lang='lat'><strong>:</strong></span> <span class='ocrx_word' id='word_1_191' title='bbox 2226 1485 2443 1537; x_wconf 88' lang='lat' dir='ltr'><strong>vinctus</strong></span> <span class='ocrx_word' id='word_1_192' title='bbox 2474 1485 2664 1556; x_wconf 90' lang='lat' dir='ltr'><strong>itaque</strong></span> <span class='ocrx_word' id='word_1_193' title='bbox 2713 1486 2905 1540; x_wconf 89' lang='lat' dir='ltr'><strong>multis</strong></span> <span class='ocrx_word' id='word_1_194' title='bbox 2950 1487 3137 1541; x_wconf 91' lang='lat' dir='ltr'><strong>modis</strong></span> <span class='ocrx_word' id='word_1_195' title='bbox 3171 1489 3448 1553; x_wconf 90' lang='lat' dir='ltr'><strong>illuditur,</strong></span> 
     </span>
    </p>
   </div>
   <div class='ocr_carea' id='block_1_30' title="bbox 1838 1571 3452 1644">
    <p class='ocr_par' dir='ltr' id='par_1_30' title="bbox 1838 1571 3452 1644">
     <span class='ocr_line' id='line_1_30' title="bbox 1838 1571 3452 1644; baseline 0.005 -20"><span class='ocrx_word' id='word_1_196' title='bbox 1838 1587 1902 1624; x_wconf 92' lang='lat' dir='ltr'><strong>ac</strong></span> <span class='ocrx_word' id='word_1_197' title='bbox 1936 1571 2193 1637; x_wconf 85' lang='lat' dir='ltr'><strong>tandem,</strong></span> <span class='ocrx_word' id='word_1_198' title='bbox 2226 1572 2526 1641; x_wconf 80' lang='lat' dir='ltr'><strong>fustigatus</strong></span> <span class='ocrx_word' id='word_1_199' title='bbox 2553 1573 2665 1627; x_wconf 92' lang='lat' dir='ltr'><strong>acri</strong></span> <span class='ocrx_word' id='word_1_200' title='bbox 2689 1574 2983 1641; x_wconf 85' lang='lat' dir='ltr'><strong>instantia,</strong></span> <span class='ocrx_word' id='word_1_201' title='bbox 3017 1576 3349 1644; x_wconf 88' lang='lat' dir='ltr'><strong>perducitur</strong></span> <span class='ocrx_word' id='word_1_202' title='bbox 3378 1578 3452 1632; x_wconf 90' lang='lat' dir='ltr'><strong>ad</strong></span> 
     </span>
    </p>
   </div>
   <div class='ocr_carea' id='block_1_31' title="bbox 1837 1658 3446 1734">
    <p class='ocr_par' dir='ltr' id='par_1_31' title="bbox 1837 1658 3446 1734">
     <span class='ocr_line' id='line_1_31' title="bbox 1837 1658 3446 1734; baseline 0.005 -23"><span class='ocrx_word' id='word_1_203' title='bbox 1837 1658 2151 1726; x_wconf 88' lang='lat' dir='ltr'><strong>quamdam</strong></span> <span class='ocrx_word' id='word_1_204' title='bbox 2182 1659 2449 1713; x_wconf 90' lang='lat' dir='ltr'><strong>arborem</strong></span> <span class='ocrx_word' id='word_1_205' title='bbox 2484 1659 2751 1715; x_wconf 89' lang='lat' dir='ltr'><strong>vicinam.</strong></span> <span class='ocrx_word' id='word_1_206' title='bbox 2805 1662 2891 1715; x_wconf 83' lang='lat' dir='ltr'><strong>Ad</strong></span> <span class='ocrx_word' id='word_1_207' title='bbox 2924 1679 3100 1733; x_wconf 90' lang='lat' dir='ltr'><strong>quam</strong></span> <span class='ocrx_word' id='word_1_208' title='bbox 3150 1665 3446 1734; x_wconf 89' lang='lat' dir='ltr'><strong>religatus,</strong></span> 
     </span>
    </p>
   </div>
   <div class='ocr_carea' id='block_1_32' title="bbox 1837 1744 3444 1820">
    <p class='ocr_par' dir='ltr' id='par_1_32' title="bbox 1837 1744 3444 1820">
     <span class='ocr_line' id='line_1_32' title="bbox 1837 1744 3444 1820; baseline 0.005 -21"><span class='ocrx_word' id='word_1_209' title='bbox 1837 1745 2031 1816; x_wconf 88' lang='lat' dir='ltr'><strong>ﬂagris</strong></span> <span class='ocrx_word' id='word_1_210' title='bbox 2062 1744 2357 1799; x_wconf 87' lang='lat' dir='ltr'><strong>dirissimis</strong></span> <span class='ocrx_word' id='word_1_211' title='bbox 2383 1745 2699 1800; x_wconf 88' lang='lat' dir='ltr'><strong>diutissime</strong></span> <span class='ocrx_word' id='word_1_212' title='bbox 2734 1752 2989 1816; x_wconf 82' lang='lat' dir='ltr'><strong>vexatur,</strong></span> <span class='ocrx_word' id='word_1_213' title='bbox 3024 1767 3129 1805; x_wconf 92' lang='lat' dir='ltr'><strong>nec</strong></span> <span class='ocrx_word' id='word_1_214' title='bbox 3179 1752 3444 1820; x_wconf 86' lang='lat' dir='ltr'><strong>vincitur,</strong></span> 
     </span>
    </p>
   </div>
   <div class='ocr_carea' id='block_1_33' title="bbox 143 1825 3448 1905">
    <p class='ocr_par' dir='ltr' id='par_1_33' title="bbox 143 1825 3448 1905">
     <span class='ocr_line' id='line_1_33' title="bbox 143 1825 3448 1905; baseline 0.003 -19"><span class='ocrx_word' id='word_1_215' title='bbox 143 1832 286 1887; x_wconf 88' lang='lat' dir='ltr'><strong>diens</strong></span> <span class='ocrx_word' id='word_1_216' title='bbox 299 1831 805 1899; x_wconf 86' lang='lat' dir='ltr'><strong>festinus,domino</strong></span> <span class='ocrx_word' id='word_1_217' title='bbox 823 1836 918 1888; x_wconf 91' lang='lat' dir='ltr'><strong>tuo</strong></span> <span class='ocrx_word' id='word_1_218' title='bbox 930 1834 1053 1888; x_wconf 73' lang='lat' dir='ltr'><strong>haec</strong></span> <span class='ocrx_word' id='word_1_219' title='bbox 1067 1849 1338 1905; x_wconf 91' lang='lat' dir='ltr'><strong>responsa</strong></span> <span class='ocrx_word' id='word_1_220' title='bbox 1350 1833 1544 1905; x_wconf 85' lang='lat' dir='ltr'><strong>perfer</strong></span> <span class='ocrx_word' id='word_1_221' title='bbox 1558 1850 1735 1905; x_wconf 76' lang='lat' dir='ltr'><strong>quan-</strong></span> <span class='ocrx_word' id='word_1_222' title='bbox 1758 1825 1810 1885; x_wconf 89' lang='lat' dir='ltr'><strong>B</strong></span> <span class='ocrx_word' id='word_1_223' title='bbox 1836 1849 2064 1903; x_wconf 90' lang='lat' dir='ltr'><strong>semper</strong></span> <span class='ocrx_word' id='word_1_224' title='bbox 2077 1832 2361 1887; x_wconf 88' lang='lat' dir='ltr'><strong>Christum</strong></span> <span class='ocrx_word' id='word_1_225' title='bbox 2378 1831 2695 1888; x_wconf 90' lang='lat' dir='ltr'><strong>invocando</strong></span> <span class='ocrx_word' id='word_1_226' title='bbox 2711 1836 2993 1891; x_wconf 88' lang='lat' dir='ltr'><strong>ﬂebilibus</strong></span> <span class='ocrx_word' id='word_1_227' title='bbox 3006 1839 3448 1904; x_wconf 90' lang='lat' dir='ltr'><strong>vocibus.Quare</strong></span> 
     </span>
    </p>
   </div>
   <div class='ocr_carea' id='block_1_34' title="bbox 138 1920 1731 1994">
    <p class='ocr_par' dir='ltr' id='par_1_34' title="bbox 138 1920 1731 1994">
     <span class='ocr_line' id='line_1_34' title="bbox 138 1920 1731 1994; baseline 0.001 -21"><span class='ocrx_word' id='word_1_228' title='bbox 138 1920 316 1975; x_wconf 89' lang='lat' dir='ltr'><strong>tocius:</strong></span> <span class='ocrx_word' id='word_1_229' title='bbox 338 1922 489 1975; x_wconf 88' lang='lat' dir='ltr'><strong>Bene</strong></span> <span class='ocrx_word' id='word_1_230' title='bbox 512 1920 661 1976; x_wconf 83' lang='lat' dir='ltr'><strong>ﬁlius</strong></span> <span class='ocrx_word' id='word_1_231' title='bbox 681 1921 1130 1994; x_wconf 89' lang='lat' dir='ltr'><strong>diabolipatrem</strong></span> <span class='ocrx_word' id='word_1_232' title='bbox 1150 1924 1313 1976; x_wconf 91' lang='lat' dir='ltr'><strong>tuum</strong></span> <span class='ocrx_word' id='word_1_233' title='bbox 1331 1921 1595 1987; x_wconf 83' lang='lat' dir='ltr'><strong>imitaris,</strong></span> <span class='ocrx_word' id='word_1_234' title='bbox 1614 1921 1731 1993; x_wconf 90' lang='lat' dir='ltr'><strong>qui,</strong></span> 
     </span>
    </p>
   </div>
   <div class='ocr_carea' id='block_1_35' title="bbox 137 2008 1731 2079">
    <p class='ocr_par' dir='ltr' id='par_1_35' title="bbox 137 2008 1731 2079">
     <span class='ocr_line' id='line_1_35' title="bbox 137 2008 1731 2079; baseline 0.001 -17"><span class='ocrx_word' id='word_1_235' title='bbox 137 2008 500 2079; x_wconf 89' lang='lat' dir='ltr'><strong>superbiendo</strong></span> <span class='ocrx_word' id='word_1_236' title='bbox 522 2010 929 2077; x_wconf 87' lang='lat' dir='ltr'><strong>intumescens,</strong></span> <span class='ocrx_word' id='word_1_237' title='bbox 951 2010 1092 2064; x_wconf 81' lang='lat' dir='ltr'><strong>coelo</strong></span> <span class='ocrx_word' id='word_1_238' title='bbox 1110 2010 1407 2077; x_wconf 89' lang='lat' dir='ltr'><strong>corruit,et</strong></span> <span class='ocrx_word' id='word_1_239' title='bbox 1429 2009 1731 2064; x_wconf 90' lang='lat' dir='ltr'><strong>mendacio</strong></span> 
     </span>
    </p>
   </div>
   <div class='ocr_carea' id='block_1_36' title="bbox 138 2096 1730 2169">
    <p class='ocr_par' dir='ltr' id='par_1_36' title="bbox 138 2096 1730 2169">
     <span class='ocr_line' id='line_1_36' title="bbox 138 2096 1730 2169; baseline 0.001 -20"><span class='ocrx_word' id='word_1_240' title='bbox 138 2112 224 2150; x_wconf 89' lang='lat' dir='ltr'><strong>suo</strong></span> <span class='ocrx_word' id='word_1_241' title='bbox 252 2097 573 2152; x_wconf 89' lang='lat' dir='ltr'><strong>humanum</strong></span> <span class='ocrx_word' id='word_1_242' title='bbox 621 2114 802 2169; x_wconf 91' lang='lat' dir='ltr'><strong>genus</strong></span> <span class='ocrx_word' id='word_1_243' title='bbox 832 2098 1117 2152; x_wconf 88' lang='lat' dir='ltr'><strong>involvere</strong></span> <span class='ocrx_word' id='word_1_244' title='bbox 1147 2097 1417 2168; x_wconf 88' lang='lat' dir='ltr'><strong>gestiens,</strong></span> <span class='ocrx_word' id='word_1_245' title='bbox 1454 2096 1730 2169; x_wconf 90' lang='lat' dir='ltr'><strong>plurimos</strong></span> 
     </span>
    </p>
   </div>
   <div class='ocr_carea' id='block_1_37' title="bbox 136 2185 1730 2258">
    <p class='ocr_par' dir='ltr' id='par_1_37' title="bbox 136 2185 1730 2258">
     <span class='ocr_line' id='line_1_37' title="bbox 136 2185 1730 2258; baseline 0.001 -20"><span class='ocrx_word' id='word_1_246' title='bbox 136 2202 235 2238; x_wconf 67' lang='lat' dir='ltr'><strong>suae</strong></span> <span class='ocrx_word' id='word_1_247' title='bbox 264 2202 446 2258; x_wconf 67' lang='lat' dir='ltr'><strong>pcenm</strong></span> <span class='ocrx_word' id='word_1_248' title='bbox 471 2185 751 2241; x_wconf 89' lang='lat' dir='ltr'><strong>obnoxios</strong></span> <span class='ocrx_word' id='word_1_249' title='bbox 776 2185 927 2240; x_wconf 89' lang='lat' dir='ltr'><strong>fecit.</strong></span> <span class='ocrx_word' id='word_1_250' title='bbox 953 2186 1121 2257; x_wconf 88' lang='lat' dir='ltr'><strong>Cujus</strong></span> <span class='ocrx_word' id='word_1_251' title='bbox 1147 2188 1396 2240; x_wconf 89' lang='lat' dir='ltr'><strong>sectator</strong></span> <span class='ocrx_word' id='word_1_252' title='bbox 1409 2185 1730 2258; x_wconf 70' lang='lat' dir='ltr'><strong>praecipuus</strong></span> 
     </span>
    </p>
   </div>
   <div class='ocr_carea' id='block_1_38' title="bbox 139 2273 1725 2346">
    <p class='ocr_par' dir='ltr' id='par_1_38' title="bbox 139 2273 1725 2346">
     <span class='ocr_line' id='line_1_38' title="bbox 139 2273 1725 2346; baseline -0.001 -19"><span class='ocrx_word' id='word_1_253' title='bbox 139 2289 218 2327; x_wconf 90' lang='lat' dir='ltr'><strong>me</strong></span> <span class='ocrx_word' id='word_1_254' title='bbox 246 2290 345 2328; x_wconf 90' lang='lat' dir='ltr'><strong>nec</strong></span> <span class='ocrx_word' id='word_1_255' title='bbox 374 2274 549 2328; x_wconf 90' lang='lat' dir='ltr'><strong>minis</strong></span> <span class='ocrx_word' id='word_1_256' title='bbox 571 2277 789 2328; x_wconf 86' lang='lat' dir='ltr'><strong>terrere</strong></span> <span class='ocrx_word' id='word_1_257' title='bbox 812 2276 1105 2346; x_wconf 68' lang='lat' dir='ltr'><strong>prazvales,</strong></span> <span class='ocrx_word' id='word_1_258' title='bbox 1142 2290 1246 2328; x_wconf 90' lang='lat' dir='ltr'><strong>nec</strong></span> <span class='ocrx_word' id='word_1_259' title='bbox 1278 2274 1504 2328; x_wconf 66' lang='lat' dir='ltr'><strong>blanda:</strong></span> <span class='ocrx_word' id='word_1_260' title='bbox 1536 2273 1725 2344; x_wconf 88' lang='lat' dir='ltr'><strong>perdi-</strong></span> 
     </span>
    </p>
   </div>
   <div class='ocr_carea' id='block_1_39' title="bbox 140 2360 1725 2434">
    <p class='ocr_par' dir='ltr' id='par_1_39' title="bbox 140 2360 1725 2434">
     <span class='ocr_line' id='line_1_39' title="bbox 140 2360 1725 2434; baseline 0.002 -21"><span class='ocrx_word' id='word_1_261' title='bbox 140 2360 293 2415; x_wconf 85' lang='lat' dir='ltr'><strong>tionis</strong></span> <span class='ocrx_word' id='word_1_262' title='bbox 308 2362 602 2417; x_wconf 90' lang='lat' dir='ltr'><strong>lenociniis</strong></span> <span class='ocrx_word' id='word_1_263' title='bbox 623 2361 877 2417; x_wconf 89' lang='lat' dir='ltr'><strong>illectum</strong></span> <span class='ocrx_word' id='word_1_264' title='bbox 911 2362 1180 2434; x_wconf 90' lang='lat' dir='ltr'><strong>decipies,</strong></span> <span class='ocrx_word' id='word_1_265' title='bbox 1214 2379 1387 2433; x_wconf 87' lang='lat' dir='ltr'><strong>quem</strong></span> <span class='ocrx_word' id='word_1_266' title='bbox 1421 2379 1484 2416; x_wconf 90' lang='lat' dir='ltr'><strong>ex</strong></span> <span class='ocrx_word' id='word_1_267' title='bbox 1520 2362 1725 2417; x_wconf 89' lang='lat' dir='ltr'><strong>Christi</strong></span> 
     </span>
    </p>
   </div>
   <div class='ocr_carea' id='block_1_40' title="bbox 142 2448 1728 2522">
    <p class='ocr_par' dir='ltr' id='par_1_40' title="bbox 142 2448 1728 2522">
     <span class='ocr_line' id='line_1_40' title="bbox 142 2448 1728 2522; baseline 0.001 -21"><span class='ocrx_word' id='word_1_268' title='bbox 142 2448 389 2505; x_wconf 89' lang='lat' dir='ltr'><strong>institutis</strong></span> <span class='ocrx_word' id='word_1_269' title='bbox 417 2450 703 2504; x_wconf 89' lang='lat' dir='ltr'><strong>inermem</strong></span> <span class='ocrx_word' id='word_1_270' title='bbox 735 2448 1005 2522; x_wconf 82' lang='lat' dir='ltr'><strong>reperies.</strong></span> <span class='ocrx_word' id='word_1_271' title='bbox 1053 2451 1370 2505; x_wconf 84' lang='lat' dir='ltr'><strong>Thesauros</strong></span> <span class='ocrx_word' id='word_1_272' title='bbox 1413 2452 1469 2504; x_wconf 91' lang='lat' dir='ltr'><strong>et</strong></span> <span class='ocrx_word' id='word_1_273' title='bbox 1501 2450 1728 2504; x_wconf 90' lang='lat' dir='ltr'><strong>divitias</strong></span> 
     </span>
    </p>
   </div>
   <div class='ocr_carea' id='block_1_41' title="bbox 141 2537 1725 2611">
    <p class='ocr_par' dir='ltr' id='par_1_41' title="bbox 141 2537 1725 2611">
     <span class='ocr_line' id='line_1_41' title="bbox 141 2537 1725 2611; baseline 0.001 -22"><span class='ocrx_word' id='word_1_274' title='bbox 141 2553 263 2608; x_wconf 85' lang='lat' dir='ltr'><strong>quas</strong></span> <span class='ocrx_word' id='word_1_275' title='bbox 291 2537 449 2593; x_wconf 89' lang='lat' dir='ltr'><strong>nobis</strong></span> <span class='ocrx_word' id='word_1_276' title='bbox 478 2539 753 2592; x_wconf 91' lang='lat' dir='ltr'><strong>hactenus</strong></span> <span class='ocrx_word' id='word_1_277' title='bbox 782 2538 1022 2592; x_wconf 89' lang='lat' dir='ltr'><strong>contulit</strong></span> <span class='ocrx_word' id='word_1_278' title='bbox 1041 2539 1292 2611; x_wconf 91' lang='lat' dir='ltr'><strong>pr0pitia</strong></span> <span class='ocrx_word' id='word_1_279' title='bbox 1323 2538 1609 2602; x_wconf 88' lang='lat' dir='ltr'><strong>divinitas,</strong></span> <span class='ocrx_word' id='word_1_280' title='bbox 1633 2555 1725 2591; x_wconf 92' lang='lat' dir='ltr'><strong>su-</strong></span> 
     </span>
    </p>
   </div>
   <div class='ocr_carea' id='block_1_42' title="bbox 143 2626 1723 2699">
    <p class='ocr_par' dir='ltr' id='par_1_42' title="bbox 143 2626 1723 2699">
     <span class='ocr_line' id='line_1_42' title="bbox 143 2626 1723 2699; baseline 0.001 -20"><span class='ocrx_word' id='word_1_281' title='bbox 143 2630 269 2687; x_wconf 87' lang='lat' dir='ltr'><strong>mat,</strong></span> <span class='ocrx_word' id='word_1_282' title='bbox 298 2629 595 2680; x_wconf 87' lang='lat' dir='ltr'><strong>consumat</strong></span> <span class='ocrx_word' id='word_1_283' title='bbox 623 2630 723 2680; x_wconf 86' lang='lat' dir='ltr'><strong>tua</strong></span> <span class='ocrx_word' id='word_1_284' title='bbox 745 2626 1078 2681; x_wconf 90' lang='lat' dir='ltr'><strong>insatiabilis</strong></span> <span class='ocrx_word' id='word_1_285' title='bbox 1118 2626 1357 2682; x_wconf 89' lang='lat' dir='ltr'><strong>aviditas</strong></span> <span class='ocrx_word' id='word_1_286' title='bbox 1382 2645 1396 2695; x_wconf 91' lang='lat'><strong>;</strong></span> <span class='ocrx_word' id='word_1_287' title='bbox 1427 2628 1723 2699; x_wconf 90' lang='lat' dir='ltr'><strong>quoniam,</strong></span> 
     </span>
    </p>
   </div>
   <div class='ocr_carea' id='block_1_43' title="bbox 142 2713 1727 2786">
    <p class='ocr_par' dir='ltr' id='par_1_43' title="bbox 142 2713 1727 2786">
     <span class='ocr_line' id='line_1_43' title="bbox 142 2713 1727 2786; baseline 0.003 -20"><span class='ocrx_word' id='word_1_288' title='bbox 142 2713 231 2766; x_wconf 86' lang='lat' dir='ltr'><strong>etsi</strong></span> <span class='ocrx_word' id='word_1_289' title='bbox 261 2714 362 2767; x_wconf 90' lang='lat' dir='ltr'><strong>hoc</strong></span> <span class='ocrx_word' id='word_1_290' title='bbox 391 2730 593 2785; x_wconf 88' lang='lat' dir='ltr'><strong>corpus</strong></span> <span class='ocrx_word' id='word_1_291' title='bbox 624 2713 901 2768; x_wconf 90' lang='lat' dir='ltr'><strong>caducum</strong></span> <span class='ocrx_word' id='word_1_292' title='bbox 930 2715 1198 2785; x_wconf 86' lang='lat' dir='ltr'><strong>etfragile</strong></span> <span class='ocrx_word' id='word_1_293' title='bbox 1222 2714 1553 2786; x_wconf 88' lang='lat' dir='ltr'><strong>confringas</strong></span> <span class='ocrx_word' id='word_1_294' title='bbox 1574 2716 1727 2770; x_wconf 90' lang='lat' dir='ltr'><strong>velut</strong></span> 
     </span>
    </p>
   </div>
   <div class='ocr_carea' id='block_1_44' title="bbox 139 2801 1726 2876">
    <p class='ocr_par' dir='ltr' id='par_1_44' title="bbox 139 2801 1726 2876">
     <span class='ocr_line' id='line_1_44' title="bbox 139 2801 1726 2876; baseline 0.004 -24"><span class='ocrx_word' id='word_1_295' title='bbox 139 2816 223 2853; x_wconf 82' lang='lat' dir='ltr'><strong>vas</strong></span> <span class='ocrx_word' id='word_1_296' title='bbox 251 2801 432 2868; x_wconf 85' lang='lat' dir='ltr'><strong>fictile,</strong></span> <span class='ocrx_word' id='word_1_297' title='bbox 459 2818 593 2856; x_wconf 88' lang='lat' dir='ltr'><strong>vera</strong></span> <span class='ocrx_word' id='word_1_298' title='bbox 616 2802 849 2856; x_wconf 89' lang='lat' dir='ltr'><strong>libertas</strong></span> <span class='ocrx_word' id='word_1_299' title='bbox 879 2802 1057 2856; x_wconf 88' lang='lat' dir='ltr'><strong>animi</strong></span> <span class='ocrx_word' id='word_1_300' title='bbox 1089 2812 1383 2876; x_wconf 81' lang='lat' dir='ltr'><strong>nunquam</strong></span> <span class='ocrx_word' id='word_1_301' title='bbox 1412 2803 1514 2857; x_wconf 89' lang='lat' dir='ltr'><strong>tibi</strong></span> <span class='ocrx_word' id='word_1_302' title='bbox 1541 2804 1627 2857; x_wconf 91' lang='lat' dir='ltr'><strong>vel</strong></span> <span class='ocrx_word' id='word_1_303' title='bbox 1654 2803 1726 2858; x_wconf 91' lang='lat' dir='ltr'><strong>ad</strong></span> 
     </span>
    </p>
   </div>
   <div class='ocr_carea' id='block_1_45' title="bbox 141 2889 1726 2961">
    <p class='ocr_par' dir='ltr' id='par_1_45' title="bbox 141 2889 1726 2961">
     <span class='ocr_line' id='line_1_45' title="bbox 141 2889 1726 2961; baseline 0.003 -21"><span class='ocrx_word' id='word_1_304' title='bbox 141 2894 483 2943; x_wconf 89' lang='lat' dir='ltr'><strong>momentum</strong></span> <span class='ocrx_word' id='word_1_305' title='bbox 508 2890 746 2944; x_wconf 89' lang='lat' dir='ltr'><strong>suberit.</strong></span> <span class='ocrx_word' id='word_1_306' title='bbox 765 2889 1065 2944; x_wconf 84' lang='lat' dir='ltr'><strong>Honestius</strong></span> <span class='ocrx_word' id='word_1_307' title='bbox 1084 2890 1243 2944; x_wconf 90' lang='lat' dir='ltr'><strong>enim</strong></span> <span class='ocrx_word' id='word_1_308' title='bbox 1275 2892 1361 2944; x_wconf 91' lang='lat' dir='ltr'><strong>est</strong></span> <span class='ocrx_word' id='word_1_309' title='bbox 1385 2894 1726 2961; x_wconf 91' lang='lat' dir='ltr'><strong>perpetuam</strong></span> 
     </span>
    </p>
   </div>
   <div class='ocr_carea' id='block_1_46' title="bbox 141 2974 1724 3049">
    <p class='ocr_par' dir='ltr' id='par_1_46' title="bbox 141 2974 1724 3049">
     <span class='ocr_line' id='line_1_46' title="bbox 141 2974 1724 3049; baseline 0.004 -21"><span class='ocrx_word' id='word_1_310' title='bbox 141 2974 433 3032; x_wconf 76' lang='lat' dir='ltr'><strong>defendere</strong></span> <span class='ocrx_word' id='word_1_311' title='bbox 460 2977 811 3045; x_wconf 89' lang='lat' dir='ltr'><strong>libertatem,</strong></span> <span class='ocrx_word' id='word_1_312' title='bbox 840 2978 883 3032; x_wconf 92' lang='lat' dir='ltr'><strong>si</strong></span> <span class='ocrx_word' id='word_1_313' title='bbox 910 2994 1027 3033; x_wconf 91' lang='lat' dir='ltr'><strong>non</strong></span> <span class='ocrx_word' id='word_1_314' title='bbox 1051 2978 1246 3043; x_wconf 89' lang='lat' dir='ltr'><strong>armis,</strong></span> <span class='ocrx_word' id='word_1_315' title='bbox 1265 2979 1467 3033; x_wconf 86' lang='lat' dir='ltr'><strong>saltem</strong></span> <span class='ocrx_word' id='word_1_316' title='bbox 1490 2978 1724 3049; x_wconf 89' lang='lat' dir='ltr'><strong>jugulis,</strong></span> 
     </span>
    </p>
   </div>
   <div class='ocr_carea' id='block_1_47' title="bbox 142 3065 1723 3138">
    <p class='ocr_par' dir='ltr' id='par_1_47' title="bbox 142 3065 1723 3138">
     <span class='ocr_line' id='line_1_47' title="bbox 142 3065 1723 3138; baseline 0.004 -24"><span class='ocrx_word' id='word_1_317' title='bbox 142 3077 303 3131; x_wconf 88' lang='lat' dir='ltr'><strong>quam</strong></span> <span class='ocrx_word' id='word_1_318' title='bbox 331 3080 625 3137; x_wconf 88' lang='lat' dir='ltr'><strong>reposcere</strong></span> <span class='ocrx_word' id='word_1_319' title='bbox 657 3065 927 3120; x_wconf 90' lang='lat' dir='ltr'><strong>amissam</strong></span> <span class='ocrx_word' id='word_1_320' title='bbox 952 3065 1282 3137; x_wconf 85' lang='lat' dir='ltr'><strong>lacrymosis</strong></span> <span class='ocrx_word' id='word_1_321' title='bbox 1316 3066 1723 3138; x_wconf 86' lang='lat' dir='ltr'><strong>querimoniis;</strong></span> 
     </span>
    </p>
   </div>
   <div class='ocr_carea' id='block_1_48' title="bbox 141 3125 1799 3226">
    <p class='ocr_par' dir='ltr' id='par_1_48' title="bbox 141 3125 1799 3226">
     <span class='ocr_line' id='line_1_48' title="bbox 141 3125 1799 3226; baseline 0.004 -25"><span class='ocrx_word' id='word_1_322' title='bbox 141 3125 527 3223; x_wconf 66' lang='lat' dir='ltr'><strong>quoniampro</strong></span> <span class='ocrx_word' id='word_1_323' title='bbox 560 3153 736 3208; x_wconf 88' lang='lat' dir='ltr'><strong>altero</strong></span> <span class='ocrx_word' id='word_1_324' title='bbox 768 3125 1087 3224; x_wconf 62' lang='lat' dir='ltr'><strong>gloriosum</strong></span> <span class='ocrx_word' id='word_1_325' title='bbox 1105 3158 1189 3208; x_wconf 90' lang='lat' dir='ltr'><strong>est</strong></span> <span class='ocrx_word' id='word_1_326' title='bbox 1209 3125 1378 3220; x_wconf 75' lang='lat' dir='ltr'><strong>mori,</strong></span> <span class='ocrx_word' id='word_1_327' title='bbox 1410 3169 1515 3226; x_wconf 92' lang='lat' dir='ltr'><strong>pro</strong></span> <span class='ocrx_word' id='word_1_328' title='bbox 1545 3125 1725 3208; x_wconf 84' lang='lat' dir='ltr'><strong>altero</strong></span> <span class='ocrx_word' id='word_1_329' title='bbox 1752 3125 1799 3186; x_wconf 67' lang='grc' dir='ltr'><em>α</em></span> 
     </span>
    </p>
   </div>
   <div class='ocr_carea' id='block_1_49' title="bbox 140 3242 1723 3314">
    <p class='ocr_par' dir='ltr' id='par_1_49' title="bbox 140 3242 1723 3314">
     <span class='ocr_line' id='line_1_49' title="bbox 140 3242 1723 3314; baseline 0.006 -26"><span class='ocrx_word' id='word_1_330' title='bbox 140 3251 264 3292; x_wconf 87' lang='lat' dir='ltr'><strong>vero</strong></span> <span class='ocrx_word' id='word_1_331' title='bbox 298 3242 600 3312; x_wconf 90' lang='lat' dir='ltr'><strong>opponitur</strong></span> <span class='ocrx_word' id='word_1_332' title='bbox 657 3243 1023 3296; x_wconf 89' lang='lat' dir='ltr'><strong>contumacia</strong></span> <span class='ocrx_word' id='word_1_333' title='bbox 1052 3242 1286 3308; x_wconf 89' lang='lat' dir='ltr'><strong>servilis,</strong></span> <span class='ocrx_word' id='word_1_334' title='bbox 1346 3242 1556 3314; x_wconf 89' lang='lat' dir='ltr'><strong>quippe</strong></span> <span class='ocrx_word' id='word_1_335' title='bbox 1606 3259 1723 3297; x_wconf 89' lang='lat' dir='ltr'><strong>ser-</strong></span> 
     </span>
    </p>
   </div>
   <div class='ocr_carea' id='block_1_50' title="bbox 136 3330 1722 3401">
    <p class='ocr_par' dir='ltr' id='par_1_50' title="bbox 136 3330 1722 3401">
     <span class='ocr_line' id='line_1_50' title="bbox 136 3330 1722 3401; baseline 0.003 -22"><span class='ocrx_word' id='word_1_336' title='bbox 136 3340 281 3392; x_wconf 78' lang='lat' dir='ltr'><strong>vum,</strong></span> <span class='ocrx_word' id='word_1_337' title='bbox 303 3346 663 3401; x_wconf 87' lang='lat' dir='ltr'><strong>quascunque</strong></span> <span class='ocrx_word' id='word_1_338' title='bbox 685 3330 907 3385; x_wconf 79' lang='lat' dir='ltr'><strong>domini</strong></span> <span class='ocrx_word' id='word_1_339' title='bbox 950 3331 1308 3385; x_wconf 83' lang='lat' dir='ltr'><strong>conditiones</strong></span> <span class='ocrx_word' id='word_1_340' title='bbox 1339 3331 1575 3399; x_wconf 90' lang='lat' dir='ltr'><strong>accepit,</strong></span> <span class='ocrx_word' id='word_1_341' title='bbox 1606 3347 1722 3384; x_wconf 90' lang='lat' dir='ltr'><strong>ser-</strong></span> 
     </span>
    </p>
   </div>
   <div class='ocr_carea' id='block_1_51' title="bbox 136 3410 1727 3489">
    <p class='ocr_par' dir='ltr' id='par_1_51' title="bbox 136 3410 1727 3489">
     <span class='ocr_line' id='line_1_51' title="bbox 136 3410 1727 3489; baseline 0.005 -26"><span class='ocrx_word' id='word_1_342' title='bbox 136 3410 245 3466; x_wconf 70' lang='lat' dir='ltr'><strong>vire</strong></span> <span class='ocrx_word' id='word_1_343' title='bbox 275 3417 552 3471; x_wconf 90' lang='lat' dir='ltr'><strong>convenit.</strong></span> <span class='ocrx_word' id='word_1_344' title='bbox 586 3417 644 3471; x_wconf 92' lang='lat' dir='ltr'><strong>Si</strong></span> <span class='ocrx_word' id='word_1_345' title='bbox 671 3434 767 3472; x_wconf 89' lang='lat' dir='ltr'><strong>eas</strong></span> <span class='ocrx_word' id='word_1_346' title='bbox 788 3418 1070 3488; x_wconf 91' lang='lat' dir='ltr'><strong>quaslibet</strong></span> <span class='ocrx_word' id='word_1_347' title='bbox 1093 3417 1316 3489; x_wconf 89' lang='lat' dir='ltr'><strong>iniquas</strong></span> <span class='ocrx_word' id='word_1_348' title='bbox 1334 3418 1570 3489; x_wconf 88' lang='lat' dir='ltr'><strong>respuit,</strong></span> <span class='ocrx_word' id='word_1_349' title='bbox 1595 3434 1727 3472; x_wconf 90' lang='lat' dir='ltr'><strong>reus</strong></span> 
     </span>
    </p>
   </div>
   <div class='ocr_carea' id='block_1_52' title="bbox 137 3501 1722 3577">
    <p class='ocr_par' dir='ltr' id='par_1_52' title="bbox 137 3501 1722 3577">
     <span class='ocr_line' id='line_1_52' title="bbox 137 3501 1722 3577; baseline 0.006 -26"><span class='ocrx_word' id='word_1_350' title='bbox 137 3501 435 3570; x_wconf 86' lang='lat' dir='ltr'><strong>majestatis</strong></span> <span class='ocrx_word' id='word_1_351' title='bbox 446 3505 514 3559; x_wconf 90' lang='lat' dir='ltr'><strong>ad</strong></span> <span class='ocrx_word' id='word_1_352' title='bbox 515 3505 538 3575; x_wconf 89' lang='lat' dir='ltr'><strong>j</strong></span> <span class='ocrx_word' id='word_1_353' title='bbox 548 3505 808 3560; x_wconf 90' lang='lat' dir='ltr'><strong>udicatur</strong></span> <span class='ocrx_word' id='word_1_354' title='bbox 820 3506 1115 3560; x_wconf 89' lang='lat' dir='ltr'><strong>servilibus</strong></span> <span class='ocrx_word' id='word_1_355' title='bbox 1128 3506 1436 3577; x_wconf 89' lang='lat' dir='ltr'><strong>suppliciis.</strong></span> <span class='ocrx_word' id='word_1_356' title='bbox 1454 3505 1566 3560; x_wconf 87' lang='lat' dir='ltr'><strong>Sed</strong></span> <span class='ocrx_word' id='word_1_357' title='bbox 1580 3510 1722 3572; x_wconf 90' lang='lat' dir='ltr'><strong>esto,</strong></span> 
     </span>
    </p>
   </div>
   <div class='ocr_carea' id='block_1_53' title="bbox 134 3589 1725 3666">
    <p class='ocr_par' dir='ltr' id='par_1_53' title="bbox 134 3589 1725 3666">
     <span class='ocr_line' id='line_1_53' title="bbox 134 3589 1725 3666; baseline 0.005 -27"><span class='ocrx_word' id='word_1_358' title='bbox 134 3589 314 3654; x_wconf 87' lang='lat' dir='ltr'><strong>gravis</strong></span> <span class='ocrx_word' id='word_1_359' title='bbox 332 3601 415 3646; x_wconf 85' lang='lat' dir='ltr'><strong>est</strong></span> <span class='ocrx_word' id='word_1_360' title='bbox 440 3593 608 3663; x_wconf 90' lang='lat' dir='ltr'><strong>hujus</strong></span> <span class='ocrx_word' id='word_1_361' title='bbox 632 3593 913 3648; x_wconf 87' lang='lat' dir='ltr'><strong>servitutis</strong></span> <span class='ocrx_word' id='word_1_362' title='bbox 933 3610 1093 3661; x_wconf 91' lang='lat' dir='ltr'><strong>usus;</strong></span> <span class='ocrx_word' id='word_1_363' title='bbox 1117 3599 1175 3648; x_wconf 93' lang='lat' dir='ltr'><strong>at</strong></span> <span class='ocrx_word' id='word_1_364' title='bbox 1204 3594 1431 3666; x_wconf 87' lang='lat' dir='ltr'><strong>gravior</strong></span> <span class='ocrx_word' id='word_1_365' title='bbox 1452 3593 1725 3648; x_wconf 89' lang='lat' dir='ltr'><strong>ulceratio</strong></span> 
     </span>
    </p>
   </div>
   <div class='ocr_carea' id='block_1_54' title="bbox 134 3679 1723 3753">
    <p class='ocr_par' dir='ltr' id='par_1_54' title="bbox 134 3679 1723 3753">
     <span class='ocr_line' id='line_1_54' title="bbox 134 3679 1723 3753; baseline 0.003 -23"><span class='ocrx_word' id='word_1_366' title='bbox 134 3689 256 3743; x_wconf 69' lang='lat' dir='ltr'><strong>quae</strong></span> <span class='ocrx_word' id='word_1_367' title='bbox 284 3680 422 3733; x_wconf 88' lang='lat' dir='ltr'><strong>solet</strong></span> <span class='ocrx_word' id='word_1_368' title='bbox 439 3680 593 3734; x_wconf 88' lang='lat' dir='ltr'><strong>nasci</strong></span> <span class='ocrx_word' id='word_1_369' title='bbox 610 3698 676 3735; x_wconf 88' lang='lat' dir='ltr'><strong>ex</strong></span> <span class='ocrx_word' id='word_1_370' title='bbox 694 3681 1021 3752; x_wconf 88' lang='lat' dir='ltr'><strong>hujusmodi</strong></span> <span class='ocrx_word' id='word_1_371' title='bbox 1046 3681 1386 3737; x_wconf 88' lang='lat' dir='ltr'><strong>infortunio.</strong></span> <span class='ocrx_word' id='word_1_372' title='bbox 1406 3679 1723 3753; x_wconf 85' lang='lat' dir='ltr'><strong>Siquidem,</strong></span> 
     </span>
    </p>
   </div>
   <div class='ocr_carea' id='block_1_55' title="bbox 134 3765 1727 3842">
    <p class='ocr_par' dir='ltr' id='par_1_55' title="bbox 134 3765 1727 3842">
     <span class='ocr_line' id='line_1_55' title="bbox 134 3765 1727 3842; baseline 0.005 -28"><span class='ocrx_word' id='word_1_373' title='bbox 134 3765 191 3813; x_wconf 91' lang='lat' dir='ltr'><strong>ut</strong></span> <span class='ocrx_word' id='word_1_374' title='bbox 221 3771 495 3822; x_wconf 90' lang='lat' dir='ltr'><strong>noverunt</strong></span> <span class='ocrx_word' id='word_1_375' title='bbox 510 3769 605 3840; x_wconf 91' lang='lat' dir='ltr'><strong>qui</strong></span> <span class='ocrx_word' id='word_1_376' title='bbox 619 3769 973 3842; x_wconf 89' lang='lat' dir='ltr'><strong>frequentius</strong></span> <span class='ocrx_word' id='word_1_377' title='bbox 986 3769 1382 3824; x_wconf 89' lang='lat' dir='ltr'><strong>ratiocinando</strong></span> <span class='ocrx_word' id='word_1_378' title='bbox 1401 3769 1727 3824; x_wconf 85' lang='lat' dir='ltr'><strong>forensibus</strong></span> 
     </span>
    </p>
   </div>
   <div class='ocr_carea' id='block_1_56' title="bbox 131 3851 1728 3928">
    <p class='ocr_par' dir='ltr' id='par_1_56' title="bbox 131 3851 1728 3928">
     <span class='ocr_line' id='line_1_56' title="bbox 131 3851 1728 3928; baseline 0.006 -26"><span class='ocrx_word' id='word_1_379' title='bbox 131 3851 306 3906; x_wconf 88' lang='lat' dir='ltr'><strong>causis</strong></span> <span class='ocrx_word' id='word_1_380' title='bbox 335 3854 633 3923; x_wconf 88' lang='lat' dir='ltr'><strong>intersunt,</strong></span> <span class='ocrx_word' id='word_1_381' title='bbox 649 3873 715 3910; x_wconf 91' lang='lat' dir='ltr'><strong>ex</strong></span> <span class='ocrx_word' id='word_1_382' title='bbox 744 3858 1199 3927; x_wconf 88' lang='lat' dir='ltr'><strong>repugnantibus</strong></span> <span class='ocrx_word' id='word_1_383' title='bbox 1220 3857 1370 3911; x_wconf 88' lang='lat' dir='ltr'><strong>facta</strong></span> <span class='ocrx_word' id='word_1_384' title='bbox 1383 3856 1728 3928; x_wconf 88' lang='lat' dir='ltr'><strong>complexio-</strong></span> 
     </span>
    </p>
   </div>
   <div class='ocr_carea' id='block_1_57' title="bbox 134 3938 1725 4017">
    <p class='ocr_par' dir='ltr' id='par_1_57' title="bbox 134 3938 1725 4017">
     <span class='ocr_line' id='line_1_57' title="bbox 134 3938 1725 4017; baseline 0.006 -29"><span class='ocrx_word' id='word_1_385' title='bbox 134 3938 216 3991; x_wconf 90' lang='lat' dir='ltr'><strong>nis</strong></span> <span class='ocrx_word' id='word_1_386' title='bbox 243 3945 664 4015; x_wconf 88' lang='lat' dir='ltr'><strong>consequentia,</strong></span> <span class='ocrx_word' id='word_1_387' title='bbox 696 3948 917 3999; x_wconf 88' lang='lat' dir='ltr'><strong>certum</strong></span> <span class='ocrx_word' id='word_1_388' title='bbox 949 3948 1034 3999; x_wconf 89' lang='lat' dir='ltr'><strong>est</strong></span> <span class='ocrx_word' id='word_1_389' title='bbox 1053 3944 1206 4016; x_wconf 89' lang='lat' dir='ltr'><strong>quia,</strong></span> <span class='ocrx_word' id='word_1_390' title='bbox 1240 3945 1285 3998; x_wconf 92' lang='lat' dir='ltr'><strong>si</strong></span> <span class='ocrx_word' id='word_1_391' title='bbox 1319 3945 1549 3999; x_wconf 89' lang='lat' dir='ltr'><strong>libertas</strong></span> <span class='ocrx_word' id='word_1_392' title='bbox 1581 3944 1725 4017; x_wconf 87' lang='lat' dir='ltr'><strong>peti-</strong></span> 
     </span>
    </p>
   </div>
   <div class='ocr_carea' id='block_1_58' title="bbox 134 4026 1722 4104">
    <p class='ocr_par' dir='ltr' id='par_1_58' title="bbox 134 4026 1722 4104">
     <span class='ocr_line' id='line_1_58' title="bbox 134 4026 1722 4104; baseline 0.003 -24"><span class='ocrx_word' id='word_1_393' title='bbox 134 4026 241 4091; x_wconf 79' lang='lat' dir='ltr'><strong>tur,</strong></span> <span class='ocrx_word' id='word_1_394' title='bbox 263 4033 453 4099; x_wconf 86' lang='lat' dir='ltr'><strong>procul</strong></span> <span class='ocrx_word' id='word_1_395' title='bbox 481 4032 657 4087; x_wconf 91' lang='lat' dir='ltr'><strong>dubio</strong></span> <span class='ocrx_word' id='word_1_396' title='bbox 681 4032 961 4087; x_wconf 87' lang='lat' dir='ltr'><strong>Dominus</strong></span> <span class='ocrx_word' id='word_1_397' title='bbox 985 4049 1084 4086; x_wconf 92' lang='lat' dir='ltr'><strong>suo</strong></span> <span class='ocrx_word' id='word_1_398' title='bbox 1115 4035 1454 4104; x_wconf 89' lang='lat' dir='ltr'><strong>contemptu</strong></span> <span class='ocrx_word' id='word_1_399' title='bbox 1476 4033 1722 4087; x_wconf 63' lang='lat' dir='ltr'><strong>la‘ditur.</strong></span> 
     </span>
    </p>
   </div>
   <div class='ocr_carea' id='block_1_59' title="bbox 135 4111 1725 4192">
    <p class='ocr_par' dir='ltr' id='par_1_59' title="bbox 135 4111 1725 4192">
     <span class='ocr_line' id='line_1_59' title="bbox 135 4111 1725 4192; baseline 0.006 -29"><span class='ocrx_word' id='word_1_400' title='bbox 135 4111 344 4171; x_wconf 83' lang='lat' dir='ltr'><strong>idcirco</strong></span> <span class='ocrx_word' id='word_1_401' title='bbox 392 4136 491 4173; x_wconf 89' lang='lat' dir='ltr'><strong>seu</strong></span> <span class='ocrx_word' id='word_1_402' title='bbox 543 4122 771 4192; x_wconf 90' lang='lat' dir='ltr'><strong>sponte,</strong></span> <span class='ocrx_word' id='word_1_403' title='bbox 828 4137 927 4175; x_wconf 91' lang='lat' dir='ltr'><strong>seu</strong></span> <span class='ocrx_word' id='word_1_404' title='bbox 983 4120 1194 4174; x_wconf 88' lang='lat' dir='ltr'><strong>invitus</strong></span> <span class='ocrx_word' id='word_1_405' title='bbox 1251 4121 1321 4175; x_wconf 92' lang='lat' dir='ltr'><strong>de</strong></span> <span class='ocrx_word' id='word_1_406' title='bbox 1367 4135 1592 4174; x_wconf 90' lang='lat' dir='ltr'><strong>carcere</strong></span> <span class='ocrx_word' id='word_1_407' title='bbox 1624 4136 1725 4174; x_wconf 92' lang='lat' dir='ltr'><strong>suo</strong></span> 
     </span>
    </p>
   </div>
   <div class='ocr_carea' id='block_1_60' title="bbox 135 4207 1726 4280">
    <p class='ocr_par' dir='ltr' id='par_1_60' title="bbox 135 4207 1726 4280">
     <span class='ocr_line' id='line_1_60' title="bbox 135 4207 1726 4280; baseline 0.006 -27"><span class='ocrx_word' id='word_1_408' title='bbox 135 4216 290 4259; x_wconf 88' lang='lat' dir='ltr'><strong>meus</strong></span> <span class='ocrx_word' id='word_1_409' title='bbox 315 4207 384 4261; x_wconf 86' lang='lat' dir='ltr'><strong>ad</strong></span> <span class='ocrx_word' id='word_1_410' title='bbox 412 4209 617 4264; x_wconf 63' lang='lat' dir='ltr'><strong>caelum</strong></span> <span class='ocrx_word' id='word_1_411' title='bbox 650 4208 835 4263; x_wconf 88' lang='lat' dir='ltr'><strong>evolet</strong></span> <span class='ocrx_word' id='word_1_412' title='bbox 863 4208 1007 4263; x_wconf 80' lang='lat' dir='ltr'><strong>liber</strong></span> <span class='ocrx_word' id='word_1_413' title='bbox 1039 4209 1287 4280; x_wconf 88' lang='lat' dir='ltr'><strong>spiritus,</strong></span> <span class='ocrx_word' id='word_1_414' title='bbox 1323 4209 1493 4262; x_wconf 67' lang='lat' dir='ltr'><strong>nulla:</strong></span> <span class='ocrx_word' id='word_1_415' title='bbox 1524 4224 1726 4263; x_wconf 89' lang='lat' dir='ltr'><strong>eman-</strong></span> 
     </span>
    </p>
   </div>
   <div class='ocr_carea' id='block_1_61' title="bbox 1836 1919 3448 1994">
    <p class='ocr_par' dir='ltr' id='par_1_61' title="bbox 1836 1919 3448 1994">
     <span class='ocr_line' id='line_1_61' title="bbox 1836 1919 3448 1994; baseline 0.004 -20"><span class='ocrx_word' id='word_1_416' title='bbox 1836 1919 2143 1974; x_wconf 86' lang='lat' dir='ltr'><strong>adversarii</strong></span> <span class='ocrx_word' id='word_1_417' title='bbox 2173 1919 2230 1972; x_wconf 93' lang='lat' dir='ltr'><strong>in</strong></span> <span class='ocrx_word' id='word_1_418' title='bbox 2262 1919 2519 1973; x_wconf 89' lang='lat' dir='ltr'><strong>furorem</strong></span> <span class='ocrx_word' id='word_1_419' title='bbox 2550 1921 2717 1988; x_wconf 86' lang='lat' dir='ltr'><strong>versi,</strong></span> <span class='ocrx_word' id='word_1_420' title='bbox 2749 1923 2907 1994; x_wconf 91' lang='lat' dir='ltr'><strong>quasi</strong></span> <span class='ocrx_word' id='word_1_421' title='bbox 2940 1924 3213 1991; x_wconf 90' lang='lat' dir='ltr'><strong>ludendo,</strong></span> <span class='ocrx_word' id='word_1_422' title='bbox 3262 1927 3334 1981; x_wconf 89' lang='lat' dir='ltr'><strong>ad</strong></span> <span class='ocrx_word' id='word_1_423' title='bbox 3369 1927 3448 1981; x_wconf 89' lang='lat' dir='ltr'><strong>si-</strong></span> 
     </span>
    </p>
   </div>
   <div class='ocr_carea' id='block_1_62' title="bbox 1837 2007 3443 2081">
    <p class='ocr_par' dir='ltr' id='par_1_62' title="bbox 1837 2007 3443 2081">
     <span class='ocr_line' id='line_1_62' title="bbox 1837 2007 3443 2081; baseline 0.004 -21"><span class='ocrx_word' id='word_1_424' title='bbox 1837 2024 2178 2078; x_wconf 88' lang='lat' dir='ltr'><strong>gnum,eum</strong></span> <span class='ocrx_word' id='word_1_425' title='bbox 2194 2010 2312 2061; x_wconf 89' lang='lat' dir='ltr'><strong>toto</strong></span> <span class='ocrx_word' id='word_1_426' title='bbox 2326 2023 2567 2078; x_wconf 91' lang='lat' dir='ltr'><strong>corpore</strong></span> <span class='ocrx_word' id='word_1_427' title='bbox 2588 2007 2926 2079; x_wconf 89' lang='lat' dir='ltr'><strong>sagittarum</strong></span> <span class='ocrx_word' id='word_1_428' title='bbox 2939 2010 3066 2064; x_wconf 88' lang='lat' dir='ltr'><strong>telis</strong></span> <span class='ocrx_word' id='word_1_429' title='bbox 3083 2011 3443 2081; x_wconf 88' lang='lat' dir='ltr'><strong>confodiunt,</strong></span> 
     </span>
    </p>
   </div>
   <div class='ocr_carea' id='block_1_63' title="bbox 1838 2094 3448 2171">
    <p class='ocr_par' dir='ltr' id='par_1_63' title="bbox 1838 2094 3448 2171">
     <span class='ocr_line' id='line_1_63' title="bbox 1838 2094 3448 2171; baseline 0.004 -23"><span class='ocrx_word' id='word_1_430' title='bbox 1838 2094 2291 2165; x_wconf 89' lang='lat' dir='ltr'><strong>multiplicantes</strong></span> <span class='ocrx_word' id='word_1_431' title='bbox 2311 2095 2685 2149; x_wconf 89' lang='lat' dir='ltr'><strong>acerbitatem</strong></span> <span class='ocrx_word' id='word_1_432' title='bbox 2705 2096 2987 2151; x_wconf 89' lang='lat' dir='ltr'><strong>cruciatus</strong></span> <span class='ocrx_word' id='word_1_433' title='bbox 3017 2098 3309 2154; x_wconf 83' lang='lat' dir='ltr'><strong>crebribus</strong></span> <span class='ocrx_word' id='word_1_434' title='bbox 3330 2101 3448 2171; x_wconf 80' lang='lat' dir='ltr'><strong>(sic)</strong></span> 
     </span>
    </p>
   </div>
   <div class='ocr_carea' id='block_1_64' title="bbox 1831 2180 3446 2259">
    <p class='ocr_par' dir='ltr' id='par_1_64' title="bbox 1831 2180 3446 2259">
     <span class='ocr_line' id='line_1_64' title="bbox 1831 2180 3446 2259; baseline 0.004 -24"><span class='ocrx_word' id='word_1_435' title='bbox 1831 2182 2023 2236; x_wconf 91' lang='lat' dir='ltr'><strong>lorum</strong></span> <span class='ocrx_word' id='word_1_436' title='bbox 2066 2181 2288 2249; x_wconf 88' lang='lat' dir='ltr'><strong>ictibus,</strong></span> <span class='ocrx_word' id='word_1_437' title='bbox 2318 2180 2593 2253; x_wconf 90' lang='lat' dir='ltr'><strong>quoniam</strong></span> <span class='ocrx_word' id='word_1_438' title='bbox 2625 2183 2863 2237; x_wconf 88' lang='lat' dir='ltr'><strong>vulnera</strong></span> <span class='ocrx_word' id='word_1_439' title='bbox 2892 2185 3220 2239; x_wconf 91' lang='lat' dir='ltr'><strong>vulneribus</strong></span> <span class='ocrx_word' id='word_1_440' title='bbox 3245 2186 3446 2259; x_wconf 89' lang='lat' dir='ltr'><strong>impri-</strong></span> 
     </span>
    </p>
   </div>
   <div class='ocr_carea' id='block_1_65' title="bbox 1838 2269 3445 2346">
    <p class='ocr_par' dir='ltr' id='par_1_65' title="bbox 1838 2269 3445 2346">
     <span class='ocr_line' id='line_1_65' title="bbox 1838 2269 3445 2346; baseline 0.003 -22"><span class='ocrx_word' id='word_1_441' title='bbox 1838 2271 2097 2336; x_wconf 89' lang='lat' dir='ltr'><strong>mebant,</strong></span> <span class='ocrx_word' id='word_1_442' title='bbox 2130 2271 2264 2324; x_wconf 89' lang='lat' dir='ltr'><strong>dum</strong></span> <span class='ocrx_word' id='word_1_443' title='bbox 2285 2269 2477 2339; x_wconf 89' lang='lat' dir='ltr'><strong>jacula</strong></span> <span class='ocrx_word' id='word_1_444' title='bbox 2498 2269 2703 2339; x_wconf 90' lang='lat' dir='ltr'><strong>jaculis</strong></span> <span class='ocrx_word' id='word_1_445' title='bbox 2737 2271 2928 2324; x_wconf 90' lang='lat' dir='ltr'><strong>locum</strong></span> <span class='ocrx_word' id='word_1_446' title='bbox 2962 2272 3198 2327; x_wconf 89' lang='lat' dir='ltr'><strong>dabant.</strong></span> <span class='ocrx_word' id='word_1_447' title='bbox 3241 2274 3445 2346; x_wconf 92' lang='lat' dir='ltr'><strong>Sicque</strong></span> 
     </span>
    </p>
   </div>
   <div class='ocr_carea' id='block_1_66' title="bbox 1831 2357 3445 2429">
    <p class='ocr_par' dir='ltr' id='par_1_66' title="bbox 1831 2357 3445 2429">
     <span class='ocr_line' id='line_1_66' title="bbox 1831 2357 3445 2429; baseline 0.003 -17"><span class='ocrx_word' id='word_1_448' title='bbox 1831 2358 2049 2413; x_wconf 86' lang='lat' dir='ltr'><strong>factum</strong></span> <span class='ocrx_word' id='word_1_449' title='bbox 2081 2361 2165 2412; x_wconf 88' lang='lat' dir='ltr'><strong>est</strong></span> <span class='ocrx_word' id='word_1_450' title='bbox 2196 2360 2257 2411; x_wconf 92' lang='lat' dir='ltr'><strong>ut</strong></span> <span class='ocrx_word' id='word_1_451' title='bbox 2277 2357 2627 2429; x_wconf 89' lang='lat' dir='ltr'><strong>spiculorum</strong></span> <span class='ocrx_word' id='word_1_452' title='bbox 2645 2358 2945 2413; x_wconf 88' lang='lat' dir='ltr'><strong>terebratis</strong></span> <span class='ocrx_word' id='word_1_453' title='bbox 2971 2361 3183 2415; x_wconf 87' lang='lat' dir='ltr'><strong>aculeis</strong></span> <span class='ocrx_word' id='word_1_454' title='bbox 3202 2361 3445 2417; x_wconf 85' lang='lat' dir='ltr'><strong>circum-</strong></span> 
     </span>
    </p>
   </div>
   <div class='ocr_carea' id='block_1_67' title="bbox 1831 2443 3447 2520">
    <p class='ocr_par' dir='ltr' id='par_1_67' title="bbox 1831 2443 3447 2520">
     <span class='ocr_line' id='line_1_67' title="bbox 1831 2443 3447 2520; baseline 0.003 -19"><span class='ocrx_word' id='word_1_455' title='bbox 1831 2446 2011 2501; x_wconf 88' lang='lat' dir='ltr'><strong>fossus</strong></span> <span class='ocrx_word' id='word_1_456' title='bbox 2042 2447 2327 2519; x_wconf 88' lang='lat' dir='ltr'><strong>palpitans</strong></span> <span class='ocrx_word' id='word_1_457' title='bbox 2350 2447 2634 2513; x_wconf 88' lang='lat' dir='ltr'><strong>horreret,</strong></span> <span class='ocrx_word' id='word_1_458' title='bbox 2662 2447 2813 2502; x_wconf 89' lang='lat' dir='ltr'><strong>velut</strong></span> <span class='ocrx_word' id='word_1_459' title='bbox 2844 2464 3013 2520; x_wconf 90' lang='lat' dir='ltr'><strong>asper</strong></span> <span class='ocrx_word' id='word_1_460' title='bbox 3049 2449 3314 2518; x_wconf 90' lang='lat' dir='ltr'><strong>hericius,</strong></span> <span class='ocrx_word' id='word_1_461' title='bbox 3348 2443 3447 2506; x_wconf 68' lang='lat' dir='ltr'><strong>aut</strong></span> 
     </span>
    </p>
   </div>
   <div class='ocr_carea' id='block_1_68' title="bbox 1827 2535 3445 2607">
    <p class='ocr_par' dir='ltr' id='par_1_68' title="bbox 1827 2535 3445 2607">
     <span class='ocr_line' id='line_1_68' title="bbox 1827 2535 3445 2607; baseline 0.003 -18"><span class='ocrx_word' id='word_1_462' title='bbox 1827 2535 2003 2607; x_wconf 88' lang='lat' dir='ltr'><strong>spinis</strong></span> <span class='ocrx_word' id='word_1_463' title='bbox 2022 2536 2205 2589; x_wconf 91' lang='lat' dir='ltr'><strong>hirtus</strong></span> <span class='ocrx_word' id='word_1_464' title='bbox 2229 2535 2491 2602; x_wconf 90' lang='lat' dir='ltr'><strong>carduus,</strong></span> <span class='ocrx_word' id='word_1_465' title='bbox 2521 2535 2578 2589; x_wconf 91' lang='lat' dir='ltr'><strong>in</strong></span> <span class='ocrx_word' id='word_1_466' title='bbox 2600 2536 2863 2605; x_wconf 90' lang='lat' dir='ltr'><strong>passione</strong></span> <span class='ocrx_word' id='word_1_467' title='bbox 2884 2537 3084 2591; x_wconf 88' lang='lat' dir='ltr'><strong>similis</strong></span> <span class='ocrx_word' id='word_1_468' title='bbox 3108 2538 3445 2594; x_wconf 86' lang='lat' dir='ltr'><strong>Sebastiano</strong></span> 
     </span>
    </p>
   </div>
   <div class='ocr_carea' id='block_1_69' title="bbox 1828 2622 3443 2697">
    <p class='ocr_par' dir='ltr' id='par_1_69' title="bbox 1828 2622 3443 2697">
     <span class='ocr_line' id='line_1_69' title="bbox 1828 2622 3443 2697; baseline 0.003 -20"><span class='ocrx_word' id='word_1_469' title='bbox 1828 2623 2061 2695; x_wconf 91' lang='lat' dir='ltr'><strong>egregio</strong></span> <span class='ocrx_word' id='word_1_470' title='bbox 2093 2623 2352 2694; x_wconf 86' lang='lat' dir='ltr'><strong>martyri.</strong></span> <span class='ocrx_word' id='word_1_471' title='bbox 2408 2622 2668 2695; x_wconf 89' lang='lat' dir='ltr'><strong>Cumque</strong></span> <span class='ocrx_word' id='word_1_472' title='bbox 2719 2640 2823 2678; x_wconf 91' lang='lat' dir='ltr'><strong>nec</strong></span> <span class='ocrx_word' id='word_1_473' title='bbox 2853 2624 2931 2678; x_wconf 90' lang='lat' dir='ltr'><strong>sic</strong></span> <span class='ocrx_word' id='word_1_474' title='bbox 2966 2626 3178 2697; x_wconf 88' lang='lat' dir='ltr'><strong>lnguar</strong></span> <span class='ocrx_word' id='word_1_475' title='bbox 3205 2626 3443 2682; x_wconf 88' lang='lat' dir='ltr'><strong>furcifer</strong></span> 
     </span>
    </p>
   </div>
   <div class='ocr_carea' id='block_1_70' title="bbox 1828 2711 3447 2784">
    <p class='ocr_par' dir='ltr' id='par_1_70' title="bbox 1828 2711 3447 2784">
     <span class='ocr_line' id='line_1_70' title="bbox 1828 2711 3447 2784; baseline 0.003 -20"><span class='ocrx_word' id='word_1_476' title='bbox 1828 2726 1958 2766; x_wconf 91' lang='lat' dir='ltr'><strong>cum</strong></span> <span class='ocrx_word' id='word_1_477' title='bbox 2011 2711 2226 2765; x_wconf 85' lang='lat' dir='ltr'><strong>lanistis</strong></span> <span class='ocrx_word' id='word_1_478' title='bbox 2253 2725 2545 2765; x_wconf 88' lang='lat' dir='ltr'><strong>assensum</strong></span> <span class='ocrx_word' id='word_1_479' title='bbox 2584 2711 2845 2781; x_wconf 65' lang='lat' dir='ltr'><strong>praebere</strong></span> <span class='ocrx_word' id='word_1_480' title='bbox 2878 2714 3259 2784; x_wconf 89' lang='lat' dir='ltr'><strong>conspiceret,</strong></span> <span class='ocrx_word' id='word_1_481' title='bbox 3288 2714 3447 2769; x_wconf 82' lang='lat' dir='ltr'><strong>Chri-</strong></span> 
     </span>
    </p>
   </div>
   <div class='ocr_carea' id='block_1_71' title="bbox 1828 2799 3445 2873">
    <p class='ocr_par' dir='ltr' id='par_1_71' title="bbox 1828 2799 3445 2873">
     <span class='ocr_line' id='line_1_71' title="bbox 1828 2799 3445 2873; baseline 0.002 -19"><span class='ocrx_word' id='word_1_482' title='bbox 1828 2802 1979 2855; x_wconf 89' lang='lat' dir='ltr'><strong>stum</strong></span> <span class='ocrx_word' id='word_1_483' title='bbox 2010 2799 2420 2853; x_wconf 89' lang='lat' dir='ltr'><strong>inclamantem</strong></span> <span class='ocrx_word' id='word_1_484' title='bbox 2442 2799 2684 2870; x_wconf 91' lang='lat' dir='ltr'><strong>jugiter,</strong></span> <span class='ocrx_word' id='word_1_485' title='bbox 2707 2800 2891 2854; x_wconf 89' lang='lat' dir='ltr'><strong>lictori</strong></span> <span class='ocrx_word' id='word_1_486' title='bbox 2914 2801 3155 2855; x_wconf 89' lang='lat' dir='ltr'><strong>mandat</strong></span> <span class='ocrx_word' id='word_1_487' title='bbox 3180 2802 3445 2873; x_wconf 90' lang='lat' dir='ltr'><strong>protinus</strong></span> 
     </span>
    </p>
   </div>
   <div class='ocr_carea' id='block_1_72' title="bbox 1827 2887 3445 2959">
    <p class='ocr_par' dir='ltr' id='par_1_72' title="bbox 1827 2887 3445 2959">
     <span class='ocr_line' id='line_1_72' title="bbox 1827 2887 3445 2959; baseline 0.004 -19"><span class='ocrx_word' id='word_1_488' title='bbox 1827 2890 1890 2941; x_wconf 89' lang='lat' dir='ltr'><strong>ut</strong></span> <span class='ocrx_word' id='word_1_489' title='bbox 1917 2889 2177 2959; x_wconf 89' lang='lat' dir='ltr'><strong>amputet</strong></span> <span class='ocrx_word' id='word_1_490' title='bbox 2214 2890 2385 2957; x_wconf 89' lang='lat' dir='ltr'><strong>caput</strong></span> <span class='ocrx_word' id='word_1_491' title='bbox 2435 2887 2575 2957; x_wconf 89' lang='lat' dir='ltr'><strong>ejus.</strong></span> <span class='ocrx_word' id='word_1_492' title='bbox 2614 2888 2708 2941; x_wconf 88' lang='lat' dir='ltr'><strong>llle</strong></span> <span class='ocrx_word' id='word_1_493' title='bbox 2740 2888 3118 2956; x_wconf 91' lang='lat' dir='ltr'><strong>seminecem,</strong></span> <span class='ocrx_word' id='word_1_494' title='bbox 3142 2889 3232 2944; x_wconf 90' lang='lat' dir='ltr'><strong>cui</strong></span> <span class='ocrx_word' id='word_1_495' title='bbox 3259 2891 3445 2946; x_wconf 89' lang='lat' dir='ltr'><strong>adhuc</strong></span> 
     </span>
    </p>
   </div>
   <div class='ocr_carea' id='block_1_73' title="bbox 1828 2975 3446 3051">
    <p class='ocr_par' dir='ltr' id='par_1_73' title="bbox 1828 2975 3446 3051">
     <span class='ocr_line' id='line_1_73' title="bbox 1828 2975 3446 3051; baseline 0.004 -23"><span class='ocrx_word' id='word_1_496' title='bbox 1828 2975 2017 3029; x_wconf 88' lang='lat' dir='ltr'><strong>vitalis</strong></span> <span class='ocrx_word' id='word_1_497' title='bbox 2034 2976 2190 3029; x_wconf 90' lang='lat' dir='ltr'><strong>calor</strong></span> <span class='ocrx_word' id='word_1_498' title='bbox 2214 2976 2532 3046; x_wconf 89' lang='lat' dir='ltr'><strong>palpitabat</strong></span> <span class='ocrx_word' id='word_1_499' title='bbox 2557 2976 2615 3029; x_wconf 92' lang='lat' dir='ltr'><strong>in</strong></span> <span class='ocrx_word' id='word_1_500' title='bbox 2642 2976 2837 3048; x_wconf 90' lang='lat' dir='ltr'><strong>tepido</strong></span> <span class='ocrx_word' id='word_1_501' title='bbox 2858 2980 3115 3047; x_wconf 83' lang='lat' dir='ltr'><strong>pectore,</strong></span> <span class='ocrx_word' id='word_1_502' title='bbox 3136 2982 3197 3032; x_wconf 91' lang='lat' dir='ltr'><strong>ut</strong></span> <span class='ocrx_word' id='word_1_503' title='bbox 3217 2978 3303 3033; x_wconf 85' lang='lat' dir='ltr'><strong>vix</strong></span> <span class='ocrx_word' id='word_1_504' title='bbox 3320 2996 3446 3051; x_wconf 85' lang='lat' dir='ltr'><strong>pos-</strong></span> 
     </span>
    </p>
   </div>
   <div class='ocr_carea' id='block_1_74' title="bbox 1826 3062 3444 3136">
    <p class='ocr_par' dir='ltr' id='par_1_74' title="bbox 1826 3062 3444 3136">
     <span class='ocr_line' id='line_1_74' title="bbox 1826 3062 3444 3136; baseline 0.004 -20"><span class='ocrx_word' id='word_1_505' title='bbox 1826 3066 1914 3117; x_wconf 89' lang='lat' dir='ltr'><strong>set</strong></span> <span class='ocrx_word' id='word_1_506' title='bbox 1940 3063 2269 3129; x_wconf 89' lang='lat' dir='ltr'><strong>subsistere,</strong></span> <span class='ocrx_word' id='word_1_507' title='bbox 2303 3062 2492 3117; x_wconf 90' lang='lat' dir='ltr'><strong>avellit</strong></span> <span class='ocrx_word' id='word_1_508' title='bbox 2521 3066 2760 3118; x_wconf 91' lang='lat' dir='ltr'><strong>cruento</strong></span> <span class='ocrx_word' id='word_1_509' title='bbox 2791 3064 2981 3136; x_wconf 89' lang='lat' dir='ltr'><strong>stipite</strong></span> <span class='ocrx_word' id='word_1_510' title='bbox 3009 3065 3268 3134; x_wconf 85' lang='lat' dir='ltr'><strong>festinus,</strong></span> <span class='ocrx_word' id='word_1_511' title='bbox 3287 3068 3444 3123; x_wconf 89' lang='lat' dir='ltr'><strong>avul-</strong></span> 
     </span>
    </p>
   </div>
   <div class='ocr_carea' id='block_1_75' title="bbox 1827 3151 3445 3226">
    <p class='ocr_par' dir='ltr' id='par_1_75' title="bbox 1827 3151 3445 3226">
     <span class='ocr_line' id='line_1_75' title="bbox 1827 3151 3445 3226; baseline 0.004 -21"><span class='ocrx_word' id='word_1_512' title='bbox 1827 3167 2090 3222; x_wconf 91' lang='lat' dir='ltr'><strong>sumque,</strong></span> <span class='ocrx_word' id='word_1_513' title='bbox 2109 3151 2337 3205; x_wconf 88' lang='lat' dir='ltr'><strong>retectis</strong></span> <span class='ocrx_word' id='word_1_514' title='bbox 2352 3155 2637 3205; x_wconf 75' lang='lat' dir='ltr'><strong>costarum</strong></span> <span class='ocrx_word' id='word_1_515' title='bbox 2654 3153 3445 3226; x_wconf 76' lang='lat' dir='ltr'><strong>latebris,przepunctionibus</strong></span> 
     </span>
    </p>
   </div>
   <div class='ocr_carea' id='block_1_76' title="bbox 1827 3238 3444 3309">
    <p class='ocr_par' dir='ltr' id='par_1_76' title="bbox 1827 3238 3444 3309">
     <span class='ocr_line' id='line_1_76' title="bbox 1827 3238 3444 3309; baseline 0.004 -16"><span class='ocrx_word' id='word_1_516' title='bbox 1827 3239 2060 3305; x_wconf 92' lang='lat' dir='ltr'><strong>crebris,</strong></span> <span class='ocrx_word' id='word_1_517' title='bbox 2094 3254 2159 3292; x_wconf 91' lang='lat' dir='ltr'><strong>ac</strong></span> <span class='ocrx_word' id='word_1_518' title='bbox 2207 3238 2251 3292; x_wconf 91' lang='lat' dir='ltr'><strong>si</strong></span> <span class='ocrx_word' id='word_1_519' title='bbox 2287 3242 2517 3309; x_wconf 88' lang='lat' dir='ltr'><strong>raptum</strong></span> <span class='ocrx_word' id='word_1_520' title='bbox 2557 3241 2800 3309; x_wconf 90' lang='lat' dir='ltr'><strong>equuleo</strong></span> <span class='ocrx_word' id='word_1_521' title='bbox 2846 3243 2945 3295; x_wconf 92' lang='lat' dir='ltr'><strong>aut</strong></span> <span class='ocrx_word' id='word_1_522' title='bbox 2972 3241 3129 3295; x_wconf 57' lang='lat' dir='ltr'><strong>saevis</strong></span> <span class='ocrx_word' id='word_1_523' title='bbox 3158 3244 3444 3299; x_wconf 91' lang='lat' dir='ltr'><strong>tortorum</strong></span> 
     </span>
    </p>
   </div>
   <div class='ocr_carea' id='block_1_77' title="bbox 1825 3325 3447 3402">
    <p class='ocr_par' dir='ltr' id='par_1_77' title="bbox 1825 3325 3447 3402">
     <span class='ocr_line' id='line_1_77' title="bbox 1825 3325 3447 3402; baseline 0.004 -22"><span class='ocrx_word' id='word_1_524' title='bbox 1825 3325 2072 3397; x_wconf 89' lang='lat' dir='ltr'><strong>ungulis,</strong></span> <span class='ocrx_word' id='word_1_525' title='bbox 2086 3326 2254 3395; x_wconf 91' lang='lat' dir='ltr'><strong>jubet</strong></span> <span class='ocrx_word' id='word_1_526' title='bbox 2280 3330 2449 3395; x_wconf 90' lang='lat' dir='ltr'><strong>caput</strong></span> <span class='ocrx_word' id='word_1_527' title='bbox 2467 3326 2798 3393; x_wconf 85' lang='lat' dir='ltr'><strong>extendere,</strong></span> <span class='ocrx_word' id='word_1_528' title='bbox 2827 3328 2985 3400; x_wconf 89' lang='lat' dir='ltr'><strong>quod</strong></span> <span class='ocrx_word' id='word_1_529' title='bbox 3007 3345 3237 3402; x_wconf 89' lang='lat' dir='ltr'><strong>semper</strong></span> <span class='ocrx_word' id='word_1_530' title='bbox 3256 3332 3447 3387; x_wconf 88' lang='lat' dir='ltr'><strong>fuerat</strong></span> 
     </span>
    </p>
   </div>
   <div class='ocr_carea' id='block_1_78' title="bbox 1825 3411 3443 3487">
    <p class='ocr_par' dir='ltr' id='par_1_78' title="bbox 1825 3411 3443 3487">
     <span class='ocr_line' id='line_1_78' title="bbox 1825 3411 3443 3487; baseline 0.005 -22"><span class='ocrx_word' id='word_1_531' title='bbox 1825 3412 2051 3483; x_wconf 87' lang='lat' dir='ltr'><strong>insigne</strong></span> <span class='ocrx_word' id='word_1_532' title='bbox 2065 3411 2243 3483; x_wconf 89' lang='lat' dir='ltr'><strong>regali</strong></span> <span class='ocrx_word' id='word_1_533' title='bbox 2264 3413 2875 3485; x_wconf 88' lang='lat' dir='ltr'><strong>diademate.Cumque</strong></span> <span class='ocrx_word' id='word_1_534' title='bbox 2896 3419 3075 3470; x_wconf 90' lang='lat' dir='ltr'><strong>staret</strong></span> <span class='ocrx_word' id='word_1_535' title='bbox 3087 3416 3443 3487; x_wconf 90' lang='lat' dir='ltr'><strong>mitissimus,</strong></span> 
     </span>
    </p>
   </div>
   <div class='ocr_carea' id='block_1_79' title="bbox 1829 3500 3443 3570">
    <p class='ocr_par' dir='ltr' id='par_1_79' title="bbox 1829 3500 3443 3570">
     <span class='ocr_line' id='line_1_79' title="bbox 1829 3500 3443 3570; baseline 0.003 -15"><span class='ocrx_word' id='word_1_536' title='bbox 1829 3503 1889 3555; x_wconf 90' lang='lat' dir='ltr'><strong>ut</strong></span> <span class='ocrx_word' id='word_1_537' title='bbox 1918 3500 2065 3553; x_wconf 88' lang='lat' dir='ltr'><strong>aries</strong></span> <span class='ocrx_word' id='word_1_538' title='bbox 2118 3500 2188 3554; x_wconf 92' lang='lat' dir='ltr'><strong>de</strong></span> <span class='ocrx_word' id='word_1_539' title='bbox 2218 3503 2339 3554; x_wconf 90' lang='lat' dir='ltr'><strong>toto</strong></span> <span class='ocrx_word' id='word_1_540' title='bbox 2394 3516 2569 3570; x_wconf 88' lang='lat' dir='ltr'><strong>grege</strong></span> <span class='ocrx_word' id='word_1_541' title='bbox 2605 3502 2837 3567; x_wconf 90' lang='lat' dir='ltr'><strong>electus,</strong></span> <span class='ocrx_word' id='word_1_542' title='bbox 2867 3503 3063 3557; x_wconf 90' lang='lat' dir='ltr'><strong>volens</strong></span> <span class='ocrx_word' id='word_1_543' title='bbox 3104 3504 3255 3558; x_wconf 89' lang='lat' dir='ltr'><strong>felici</strong></span> <span class='ocrx_word' id='word_1_544' title='bbox 3284 3522 3443 3560; x_wconf 89' lang='lat' dir='ltr'><strong>com-</strong></span> 
     </span>
    </p>
   </div>
   <div class='ocr_carea' id='block_1_80' title="bbox 1828 3586 3444 3655">
    <p class='ocr_par' dir='ltr' id='par_1_80' title="bbox 1828 3586 3444 3655">
     <span class='ocr_line' id='line_1_80' title="bbox 1828 3586 3444 3655; baseline 0.002 -13"><span class='ocrx_word' id='word_1_545' title='bbox 1828 3587 2044 3643; x_wconf 92' lang='lat' dir='ltr'><strong>mercio</strong></span> <span class='ocrx_word' id='word_1_546' title='bbox 2066 3590 2292 3642; x_wconf 89' lang='lat' dir='ltr'><strong>mutare</strong></span> <span class='ocrx_word' id='word_1_547' title='bbox 2314 3586 2491 3641; x_wconf 87' lang='lat' dir='ltr'><strong>vitam</strong></span> <span class='ocrx_word' id='word_1_548' title='bbox 2509 3589 2736 3655; x_wconf 64' lang='lat' dir='ltr'><strong>saeculo,</strong></span> <span class='ocrx_word' id='word_1_549' title='bbox 2761 3588 2966 3642; x_wconf 86' lang='lat' dir='ltr'><strong>divinis</strong></span> <span class='ocrx_word' id='word_1_550' title='bbox 2984 3589 3239 3644; x_wconf 88' lang='lat' dir='ltr'><strong>intentus</strong></span> <span class='ocrx_word' id='word_1_551' title='bbox 3269 3592 3444 3646; x_wconf 89' lang='lat' dir='ltr'><strong>bene-</strong></span> 
     </span>
    </p>
   </div>
   <div class='ocr_carea' id='block_1_81' title="bbox 1826 3675 3447 3750">
    <p class='ocr_par' dir='ltr' id='par_1_81' title="bbox 1826 3675 3447 3750">
     <span class='ocr_line' id='line_1_81' title="bbox 1826 3675 3447 3750; baseline 0.003 -21"><span class='ocrx_word' id='word_1_552' title='bbox 1826 3675 1988 3742; x_wconf 84' lang='lat' dir='ltr'><strong>flciis,</strong></span> <span class='ocrx_word' id='word_1_553' title='bbox 2021 3676 2148 3746; x_wconf 89' lang='lat' dir='ltr'><strong>jam</strong></span> <span class='ocrx_word' id='word_1_554' title='bbox 2204 3675 2572 3729; x_wconf 89' lang='lat' dir='ltr'><strong>recreabatur</strong></span> <span class='ocrx_word' id='word_1_555' title='bbox 2599 3675 2813 3729; x_wconf 89' lang='lat' dir='ltr'><strong>visione</strong></span> <span class='ocrx_word' id='word_1_556' title='bbox 2845 3676 3089 3731; x_wconf 81' lang='lat' dir='ltr'><strong>internae</strong></span> <span class='ocrx_word' id='word_1_557' title='bbox 3140 3678 3300 3745; x_wconf 92' lang='lat' dir='ltr'><strong>lucis,</strong></span> <span class='ocrx_word' id='word_1_558' title='bbox 3333 3696 3447 3750; x_wconf 89' lang='lat' dir='ltr'><strong>qua</strong></span> 
     </span>
    </p>
   </div>
   <div class='ocr_carea' id='block_1_82' title="bbox 1828 3762 3447 3835">
    <p class='ocr_par' dir='ltr' id='par_1_82' title="bbox 1828 3762 3447 3835">
     <span class='ocr_line' id='line_1_82' title="bbox 1828 3762 3447 3835; baseline 0.003 -18"><span class='ocrx_word' id='word_1_559' title='bbox 1828 3763 1886 3817; x_wconf 91' lang='lat' dir='ltr'><strong>in</strong></span> <span class='ocrx_word' id='word_1_560' title='bbox 1909 3780 2095 3835; x_wconf 91' lang='lat' dir='ltr'><strong>agone</strong></span> <span class='ocrx_word' id='word_1_561' title='bbox 2111 3763 2346 3835; x_wconf 90' lang='lat' dir='ltr'><strong>positus,</strong></span> <span class='ocrx_word' id='word_1_562' title='bbox 2366 3762 2560 3817; x_wconf 90' lang='lat' dir='ltr'><strong>satiari</strong></span> <span class='ocrx_word' id='word_1_563' title='bbox 2583 3764 2849 3834; x_wconf 85' lang='lat' dir='ltr'><strong>cupiebat</strong></span> <span class='ocrx_word' id='word_1_564' title='bbox 2871 3764 3169 3833; x_wconf 89' lang='lat' dir='ltr'><strong>attentius;</strong></span> <span class='ocrx_word' id='word_1_565' title='bbox 3197 3765 3346 3821; x_wconf 92' lang='lat' dir='ltr'><strong>unde</strong></span> <span class='ocrx_word' id='word_1_566' title='bbox 3363 3767 3447 3822; x_wconf 88' lang='lat' dir='ltr'><strong>in-</strong></span> 
     </span>
    </p>
   </div>
   <div class='ocr_carea' id='block_1_83' title="bbox 1828 3851 3448 3925">
    <p class='ocr_par' dir='ltr' id='par_1_83' title="bbox 1828 3851 3448 3925">
     <span class='ocr_line' id='line_1_83' title="bbox 1828 3851 3448 3925; baseline 0.002 -19"><span class='ocrx_word' id='word_1_567' title='bbox 1828 3855 1917 3906; x_wconf 90' lang='lat' dir='ltr'><strong>ter</strong></span> <span class='ocrx_word' id='word_1_568' title='bbox 1944 3853 2117 3908; x_wconf 89' lang='lat' dir='ltr'><strong>verba</strong></span> <span class='ocrx_word' id='word_1_569' title='bbox 2141 3852 2439 3918; x_wconf 89' lang='lat' dir='ltr'><strong>orationis,</strong></span> <span class='ocrx_word' id='word_1_570' title='bbox 2460 3868 2593 3906; x_wconf 91' lang='lat' dir='ltr'><strong>eum</strong></span> <span class='ocrx_word' id='word_1_571' title='bbox 2613 3856 2842 3923; x_wconf 91' lang='lat' dir='ltr'><strong>arrepto</strong></span> <span class='ocrx_word' id='word_1_572' title='bbox 2866 3851 3120 3924; x_wconf 91' lang='lat' dir='ltr'><strong>pugione</strong></span> <span class='ocrx_word' id='word_1_573' title='bbox 3138 3854 3448 3925; x_wconf 90' lang='lat' dir='ltr'><strong>spiculator</strong></span> 
     </span>
    </p>
   </div>
   <div class='ocr_carea' id='block_1_84' title="bbox 1828 3939 3447 4013">
    <p class='ocr_par' dir='ltr' id='par_1_84' title="bbox 1828 3939 3447 4013">
     <span class='ocr_line' id='line_1_84' title="bbox 1828 3939 3447 4013; baseline 0.002 -20"><span class='ocrx_word' id='word_1_574' title='bbox 1828 3956 1943 3994; x_wconf 93' lang='lat' dir='ltr'><strong>uno</strong></span> <span class='ocrx_word' id='word_1_575' title='bbox 1972 3939 2086 3994; x_wconf 91' lang='lat' dir='ltr'><strong>ictu</strong></span> <span class='ocrx_word' id='word_1_576' title='bbox 2121 3940 2501 4012; x_wconf 90' lang='lat' dir='ltr'><strong>decapitando</strong></span> <span class='ocrx_word' id='word_1_577' title='bbox 2535 3940 2639 3994; x_wconf 90' lang='lat' dir='ltr'><strong>hac</strong></span> <span class='ocrx_word' id='word_1_578' title='bbox 2690 3941 2813 3994; x_wconf 90' lang='lat' dir='ltr'><strong>luce</strong></span> <span class='ocrx_word' id='word_1_579' title='bbox 2846 3940 3100 4012; x_wconf 84' lang='lat' dir='ltr'><strong>privarit.</strong></span> <span class='ocrx_word' id='word_1_580' title='bbox 3152 3943 3338 4013; x_wconf 80' lang='lat' dir='ltr'><strong>Atque</strong></span> <span class='ocrx_word' id='word_1_581' title='bbox 3367 3942 3447 3998; x_wconf 91' lang='lat' dir='ltr'><strong>ita</strong></span> 
     </span>
    </p>
   </div>
   <div class='ocr_carea' id='block_1_85' title="bbox 1829 4027 3445 4101">
    <p class='ocr_par' dir='ltr' id='par_1_85' title="bbox 1829 4027 3445 4101">
     <span class='ocr_line' id='line_1_85' title="bbox 1829 4027 3445 4101; baseline 0.002 -19"><span class='ocrx_word' id='word_1_582' title='bbox 1829 4027 2174 4082; x_wconf 90' lang='lat' dir='ltr'><strong>duodecimo</strong></span> <span class='ocrx_word' id='word_1_583' title='bbox 2203 4028 2491 4082; x_wconf 84' lang='lat' dir='ltr'><strong>Kalendas</strong></span> <span class='ocrx_word' id='word_1_584' title='bbox 2514 4028 2849 4084; x_wconf 89' lang='lat' dir='ltr'><strong>Decembris</strong></span> <span class='ocrx_word' id='word_1_585' title='bbox 2885 4030 3000 4084; x_wconf 93' lang='lat' dir='ltr'><strong>Deo</strong></span> <span class='ocrx_word' id='word_1_586' title='bbox 3048 4029 3445 4101; x_wconf 90' lang='lat' dir='ltr'><strong>gratissimum</strong></span> 
     </span>
    </p>
   </div>
   <div class='ocr_carea' id='block_1_86' title="bbox 1826 4116 3446 4188">
    <p class='ocr_par' dir='ltr' id='par_1_86' title="bbox 1826 4116 3446 4188">
     <span class='ocr_line' id='line_1_86' title="bbox 1826 4116 3446 4188; baseline 0.003 -18"><span class='ocrx_word' id='word_1_587' title='bbox 1826 4117 2222 4171; x_wconf 89' lang='lat' dir='ltr'><strong>holocaustum</strong></span> <span class='ocrx_word' id='word_1_588' title='bbox 2231 4117 2410 4171; x_wconf 84' lang='lat' dir='ltr'><strong>Eadm</strong></span> <span class='ocrx_word' id='word_1_589' title='bbox 2422 4116 3054 4188; x_wconf 91' lang='lat' dir='ltr'><strong>undus,ignepassionis</strong></span> <span class='ocrx_word' id='word_1_590' title='bbox 3068 4121 3446 4186; x_wconf 90' lang='lat' dir='ltr'><strong>exanimatus,</strong></span> 
     </span>
    </p>
   </div>
   <div class='ocr_carea' id='block_1_87' title="bbox 1827 4204 3449 4277">
    <p class='ocr_par' dir='ltr' id='par_1_87' title="bbox 1827 4204 3449 4277">
     <span class='ocr_line' id='line_1_87' title="bbox 1827 4204 3449 4277; baseline 0.004 -20"><span class='ocrx_word' id='word_1_591' title='bbox 1827 4220 1958 4258; x_wconf 89' lang='lat' dir='ltr'><strong>cum</strong></span> <span class='ocrx_word' id='word_1_592' title='bbox 1986 4207 2179 4277; x_wconf 90' lang='lat' dir='ltr'><strong>palma</strong></span> <span class='ocrx_word' id='word_1_593' title='bbox 2200 4204 2454 4259; x_wconf 62' lang='lat' dir='ltr'><strong>victoriae</strong></span> <span class='ocrx_word' id='word_1_594' title='bbox 2486 4209 2544 4259; x_wconf 89' lang='lat' dir='ltr'><strong>et</strong></span> <span class='ocrx_word' id='word_1_595' title='bbox 2567 4222 2783 4260; x_wconf 89' lang='lat' dir='ltr'><strong>corona</strong></span> <span class='ocrx_word' id='word_1_596' title='bbox 2797 4204 3055 4275; x_wconf 79' lang='lat' dir='ltr'><strong>justitiae,</strong></span> <span class='ocrx_word' id='word_1_597' title='bbox 3087 4223 3187 4262; x_wconf 85' lang='lat' dir='ltr'><strong>rex</strong></span> <span class='ocrx_word' id='word_1_598' title='bbox 3221 4210 3279 4262; x_wconf 88' lang='lat' dir='ltr'><strong>et</strong></span> <span class='ocrx_word' id='word_1_599' title='bbox 3299 4224 3449 4263; x_wconf 87' lang='lat' dir='ltr'><strong>mar-</strong></span> 
     </span>
    </p>
   </div>
   <div class='ocr_carea' id='block_1_88' title="bbox 135 4288 2974 4398">
    <p class='ocr_par' dir='ltr' id='par_1_88' title="bbox 135 4288 2974 4398">
     <span class='ocr_line' id='line_1_88' title="bbox 135 4288 2974 4398; baseline 0.001 -54"><span class='ocrx_word' id='word_1_600' title='bbox 135 4288 422 4360; x_wconf 88' lang='lat' dir='ltr'><strong>cipationis</strong></span> <span class='ocrx_word' id='word_1_601' title='bbox 450 4300 548 4351; x_wconf 91' lang='lat' dir='ltr'><strong>aut</strong></span> <span class='ocrx_word' id='word_1_602' title='bbox 567 4296 1005 4352; x_wconf 88' lang='lat' dir='ltr'><strong>abalienationis</strong></span> <span class='ocrx_word' id='word_1_603' title='bbox 1045 4296 1233 4367; x_wconf 91' lang='lat' dir='ltr'><strong>specie</strong></span> <span class='ocrx_word' id='word_1_604' title='bbox 1262 4296 1722 4364; x_wconf 89' lang='lat' dir='ltr'><strong>contaminatus;</strong></span> <span class='ocrx_word' id='word_1_605' title='bbox 1752 4338 1803 4398; x_wconf 84' lang='lat' dir='ltr'>D</span> <span class='ocrx_word' id='word_1_606' title='bbox 1828 4299 1917 4366; x_wconf 87' lang='lat' dir='ltr'><strong>tyr</strong></span> <span class='ocrx_word' id='word_1_607' title='bbox 1946 4293 2180 4346; x_wconf 89' lang='lat' dir='ltr'><strong>intravit</strong></span> <span class='ocrx_word' id='word_1_608' title='bbox 2206 4297 2472 4347; x_wconf 90' lang='lat' dir='ltr'><strong>senatum</strong></span> <span class='ocrx_word' id='word_1_609' title='bbox 2503 4293 2679 4348; x_wconf 68' lang='lat' dir='ltr'><strong>curiae</strong></span> <span class='ocrx_word' id='word_1_610' title='bbox 2711 4293 2974 4349; x_wconf 74' lang='lat' dir='ltr'><strong>caelestis.</strong></span> 
     </span>
    </p>
   </div>
   <div class='ocr_carea' id='block_1_89' title="bbox 135 4377 1726 4456">
    <p class='ocr_par' dir='ltr' id='par_1_89' title="bbox 135 4377 1726 4456">
     <span class='ocr_line' id='line_1_89' title="bbox 135 4377 1726 4456; baseline 0.005 -27"><span class='ocrx_word' id='word_1_611' title='bbox 135 4377 262 4445; x_wconf 86' lang='lat' dir='ltr'><strong>quia</strong></span> <span class='ocrx_word' id='word_1_612' title='bbox 291 4397 502 4453; x_wconf 89' lang='lat' dir='ltr'><strong>regem,</strong></span> <span class='ocrx_word' id='word_1_613' title='bbox 534 4384 888 4438; x_wconf 90' lang='lat' dir='ltr'><strong>diminutum</strong></span> <span class='ocrx_word' id='word_1_614' title='bbox 945 4384 1150 4456; x_wconf 90' lang='lat' dir='ltr'><strong>capite,</strong></span> <span class='ocrx_word' id='word_1_615' title='bbox 1199 4401 1496 4455; x_wconf 89' lang='lat' dir='ltr'><strong>nunquam</strong></span> <span class='ocrx_word' id='word_1_616' title='bbox 1538 4386 1726 4438; x_wconf 92' lang='lat' dir='ltr'><strong>Danus</strong></span> 
     </span>
    </p>
   </div>
   <div class='ocr_carea' id='block_1_90' title="bbox 133 4463 1725 4544">
    <p class='ocr_par' dir='ltr' id='par_1_90' title="bbox 133 4463 1725 4544">
     <span class='ocr_line' id='line_1_90' title="bbox 133 4463 1725 4544; baseline 0.009 -28"><span class='ocrx_word' id='word_1_617' title='bbox 133 4463 338 4522; x_wconf 86' lang='lat' dir='ltr'><strong>videbit</strong></span> <span class='ocrx_word' id='word_1_618' title='bbox 365 4471 433 4525; x_wconf 91' lang='lat' dir='ltr'><strong>ad</strong></span> <span class='ocrx_word' id='word_1_619' title='bbox 484 4472 843 4543; x_wconf 89' lang='lat' dir='ltr'><strong>triumphum</strong></span> <span class='ocrx_word' id='word_1_620' title='bbox 894 4472 1251 4544; x_wconf 87' lang='lat' dir='ltr'><strong>supervivere</strong></span> <span class='ocrx_word' id='word_1_621' title='bbox 1305 4471 1584 4527; x_wconf 88' lang='lat' dir='ltr'><strong>Sollicitas</strong></span> <span class='ocrx_word' id='word_1_622' title='bbox 1631 4492 1725 4531; x_wconf 91' lang='lat' dir='ltr'><strong>me</strong></span> 
     </span>
    </p>
   </div>
   <div class='ocr_carea' id='block_1_91' title="bbox 130 4559 1724 4629">
    <p class='ocr_par' dir='ltr' id='par_1_91' title="bbox 130 4559 1724 4629">
     <span class='ocr_line' id='line_1_91' title="bbox 130 4559 1724 4629; baseline 0.007 -22"><span class='ocrx_word' id='word_1_623' title='bbox 130 4568 225 4622; x_wconf 82' lang='lat' dir='ltr'><strong>spe</strong></span> <span class='ocrx_word' id='word_1_624' title='bbox 262 4559 445 4629; x_wconf 90' lang='lat' dir='ltr'><strong>regni,</strong></span> <span class='ocrx_word' id='word_1_625' title='bbox 494 4559 810 4614; x_wconf 89' lang='lat' dir='ltr'><strong>interfectis</strong></span> <span class='ocrx_word' id='word_1_626' title='bbox 860 4560 1130 4614; x_wconf 90' lang='lat' dir='ltr'><strong>omnibus</strong></span> <span class='ocrx_word' id='word_1_627' title='bbox 1180 4560 1343 4625; x_wconf 91' lang='lat' dir='ltr'><strong>meis,</strong></span> <span class='ocrx_word' id='word_1_628' title='bbox 1372 4577 1437 4615; x_wconf 91' lang='lat' dir='ltr'><strong>ac</strong></span> <span class='ocrx_word' id='word_1_629' title='bbox 1486 4561 1529 4615; x_wconf 89' lang='lat' dir='ltr'><strong>si</strong></span> <span class='ocrx_word' id='word_1_630' title='bbox 1582 4564 1724 4618; x_wconf 90' lang='lat' dir='ltr'><strong>mihi</strong></span> 
     </span>
    </p>
   </div>
   <div class='ocr_carea' id='block_1_92' title="bbox 130 4642 1725 4720">
    <p class='ocr_par' dir='ltr' id='par_1_92' title="bbox 130 4642 1725 4720">
     <span class='ocr_line' id='line_1_92' title="bbox 130 4642 1725 4720; baseline 0.009 -29"><span class='ocrx_word' id='word_1_631' title='bbox 130 4642 243 4696; x_wconf 88' lang='lat' dir='ltr'><strong>tam</strong></span> <span class='ocrx_word' id='word_1_632' title='bbox 268 4644 390 4700; x_wconf 89' lang='lat' dir='ltr'><strong>dira</strong></span> <span class='ocrx_word' id='word_1_633' title='bbox 434 4646 505 4702; x_wconf 91' lang='lat' dir='ltr'><strong>sit</strong></span> <span class='ocrx_word' id='word_1_634' title='bbox 546 4647 754 4720; x_wconf 92' lang='lat' dir='ltr'><strong>cupido</strong></span> <span class='ocrx_word' id='word_1_635' title='bbox 795 4647 1106 4719; x_wconf 89' lang='lat' dir='ltr'><strong>regnandi,</strong></span> <span class='ocrx_word' id='word_1_636' title='bbox 1155 4651 1217 4702; x_wconf 92' lang='lat' dir='ltr'><strong>ut</strong></span> <span class='ocrx_word' id='word_1_637' title='bbox 1273 4648 1442 4702; x_wconf 90' lang='lat' dir='ltr'><strong>velim</strong></span> <span class='ocrx_word' id='word_1_638' title='bbox 1499 4665 1725 4719; x_wconf 85' lang='lat' dir='ltr'><strong>praesse</strong></span> 
     </span>
    </p>
   </div>
   <div class='ocr_carea' id='block_1_93' title="bbox 130 4726 1719 4808">
    <p class='ocr_par' dir='ltr' id='par_1_93' title="bbox 130 4726 1719 4808">
     <span class='ocr_line' id='line_1_93' title="bbox 130 4726 1719 4808; baseline 0.008 -27"><span class='ocrx_word' id='word_1_639' title='bbox 130 4726 382 4788; x_wconf 89' lang='lat' dir='ltr'><strong>domibus</strong></span> <span class='ocrx_word' id='word_1_640' title='bbox 409 4735 597 4789; x_wconf 86' lang='lat' dir='ltr'><strong>vacuis</strong></span> <span class='ocrx_word' id='word_1_641' title='bbox 622 4735 947 4790; x_wconf 89' lang='lat' dir='ltr'><strong>habitatore</strong></span> <span class='ocrx_word' id='word_1_642' title='bbox 1001 4735 1178 4789; x_wconf 91' lang='lat' dir='ltr'><strong>nobili</strong></span> <span class='ocrx_word' id='word_1_643' title='bbox 1225 4739 1284 4789; x_wconf 92' lang='lat' dir='ltr'><strong>et</strong></span> <span class='ocrx_word' id='word_1_644' title='bbox 1335 4736 1585 4808; x_wconf 91' lang='lat' dir='ltr'><strong>pretiosa</strong></span> <span class='ocrx_word' id='word_1_645' title='bbox 1628 4756 1719 4793; x_wconf 85' lang='lat' dir='ltr'><strong>su-</strong></span> 
     </span>
    </p>
   </div>
   <div class='ocr_carea' id='block_1_94' title="bbox 132 4817 1726 4896">
    <p class='ocr_par' dir='ltr' id='par_1_94' title="bbox 132 4817 1726 4896">
     <span class='ocr_line' id='line_1_94' title="bbox 132 4817 1726 4896; baseline 0.008 -28"><span class='ocrx_word' id='word_1_646' title='bbox 132 4817 403 4884; x_wconf 88' lang='lat' dir='ltr'><strong>pellectili.</strong></span> <span class='ocrx_word' id='word_1_647' title='bbox 436 4823 509 4878; x_wconf 89' lang='lat' dir='ltr'><strong>Ut</strong></span> <span class='ocrx_word' id='word_1_648' title='bbox 537 4822 709 4895; x_wconf 67' lang='lat' dir='ltr'><strong>coepit</strong></span> <span class='ocrx_word' id='word_1_649' title='bbox 738 4825 838 4877; x_wconf 91' lang='lat' dir='ltr'><strong>tua</strong></span> <span class='ocrx_word' id='word_1_650' title='bbox 866 4839 1013 4877; x_wconf 66' lang='lat' dir='ltr'><strong>saeva</strong></span> <span class='ocrx_word' id='word_1_651' title='bbox 1058 4823 1276 4890; x_wconf 86' lang='lat' dir='ltr'><strong>feritas,</strong></span> <span class='ocrx_word' id='word_1_652' title='bbox 1310 4828 1438 4896; x_wconf 92' lang='lat' dir='ltr'><strong>post</strong></span> <span class='ocrx_word' id='word_1_653' title='bbox 1480 4824 1726 4881; x_wconf 87' lang='lat' dir='ltr'><strong>famulos</strong></span> 
     </span>
    </p>
   </div>
   <div class='ocr_carea' id='block_1_95' title="bbox 132 4909 1726 4984">
    <p class='ocr_par' dir='ltr' id='par_1_95' title="bbox 132 4909 1726 4984">
     <span class='ocr_line' id='line_1_95' title="bbox 132 4909 1726 4984; baseline 0.008 -28"><span class='ocrx_word' id='word_1_654' title='bbox 132 4918 319 4974; x_wconf 88' lang='lat' dir='ltr'><strong>regem</strong></span> <span class='ocrx_word' id='word_1_655' title='bbox 360 4910 496 4965; x_wconf 90' lang='lat' dir='ltr'><strong>solio</strong></span> <span class='ocrx_word' id='word_1_656' title='bbox 548 4909 802 4980; x_wconf 89' lang='lat' dir='ltr'><strong>diripiat,</strong></span> <span class='ocrx_word' id='word_1_657' title='bbox 855 4910 1068 4978; x_wconf 89' lang='lat' dir='ltr'><strong>trahat,</strong></span> <span class='ocrx_word' id='word_1_658' title='bbox 1129 4916 1427 4982; x_wconf 88' lang='lat' dir='ltr'><strong>conspuat,</strong></span> <span class='ocrx_word' id='word_1_659' title='bbox 1468 4913 1726 4984; x_wconf 88' lang='lat' dir='ltr'><strong>colaphis</strong></span> 
     </span>
    </p>
   </div>
   <div class='ocr_carea' id='block_1_96' title="bbox 132 4992 1726 5070">
    <p class='ocr_par' dir='ltr' id='par_1_96' title="bbox 132 4992 1726 5070">
     <span class='ocr_line' id='line_1_96' title="bbox 132 4992 1726 5070; baseline 0.008 -26"><span class='ocrx_word' id='word_1_660' title='bbox 132 4992 320 5062; x_wconf 74' lang='lat' dir='ltr'><strong>czedat,</strong></span> <span class='ocrx_word' id='word_1_661' title='bbox 348 4997 419 5052; x_wconf 90' lang='lat' dir='ltr'><strong>ad</strong></span> <span class='ocrx_word' id='word_1_662' title='bbox 443 4998 710 5052; x_wconf 85' lang='lat' dir='ltr'><strong>ultimum</strong></span> <span class='ocrx_word' id='word_1_663' title='bbox 738 4997 982 5068; x_wconf 90' lang='lat' dir='ltr'><strong>jugulet.</strong></span> <span class='ocrx_word' id='word_1_664' title='bbox 1045 4998 1157 5053; x_wconf 81' lang='lat' dir='ltr'><strong>Rex</strong></span> <span class='ocrx_word' id='word_1_665' title='bbox 1184 5015 1387 5070; x_wconf 87' lang='lat' dir='ltr'><strong>regum</strong></span> <span class='ocrx_word' id='word_1_666' title='bbox 1420 5000 1527 5054; x_wconf 85' lang='lat' dir='ltr'><strong>ista</strong></span> <span class='ocrx_word' id='word_1_667' title='bbox 1555 5001 1726 5056; x_wconf 89' lang='lat' dir='ltr'><strong>mise-</strong></span> 
     </span>
    </p>
   </div>
   <div class='ocr_carea' id='block_1_97' title="bbox 135 5084 1727 5157">
    <p class='ocr_par' dir='ltr' id='par_1_97' title="bbox 135 5084 1727 5157">
     <span class='ocr_line' id='line_1_97' title="bbox 135 5084 1727 5157; baseline 0.009 -27"><span class='ocrx_word' id='word_1_668' title='bbox 135 5094 256 5135; x_wconf 88' lang='lat' dir='ltr'><strong>rans</strong></span> <span class='ocrx_word' id='word_1_669' title='bbox 269 5084 432 5151; x_wconf 88' lang='lat' dir='ltr'><strong>videt,</strong></span> <span class='ocrx_word' id='word_1_670' title='bbox 457 5088 516 5139; x_wconf 92' lang='lat' dir='ltr'><strong>et</strong></span> <span class='ocrx_word' id='word_1_671' title='bbox 536 5101 754 5152; x_wconf 89' lang='lat' dir='ltr'><strong>secum,</strong></span> <span class='ocrx_word' id='word_1_672' title='bbox 772 5089 833 5138; x_wconf 92' lang='lat' dir='ltr'><strong>ut</strong></span> <span class='ocrx_word' id='word_1_673' title='bbox 852 5085 1045 5152; x_wconf 89' lang='lat' dir='ltr'><strong>credo,</strong></span> <span class='ocrx_word' id='word_1_674' title='bbox 1073 5090 1450 5157; x_wconf 89' lang='lat' dir='ltr'><strong>regnaturum</strong></span> <span class='ocrx_word' id='word_1_675' title='bbox 1472 5089 1546 5143; x_wconf 91' lang='lat' dir='ltr'><strong>ad</strong></span> <span class='ocrx_word' id='word_1_676' title='bbox 1566 5092 1727 5144; x_wconf 63' lang='lat' dir='ltr'><strong>aiter-</strong></span> 
     </span>
    </p>
   </div>
   <div class='ocr_carea' id='block_1_98' title="bbox 135 5171 1727 5247">
    <p class='ocr_par' dir='ltr' id='par_1_98' title="bbox 135 5171 1727 5247">
     <span class='ocr_line' id='line_1_98' title="bbox 135 5171 1727 5247; baseline 0.007 -26"><span class='ocrx_word' id='word_1_677' title='bbox 135 5181 257 5224; x_wconf 88' lang='lat' dir='ltr'><strong>nam</strong></span> <span class='ocrx_word' id='word_1_678' title='bbox 274 5171 439 5227; x_wconf 86' lang='lat' dir='ltr'><strong>vitam</strong></span> <span class='ocrx_word' id='word_1_679' title='bbox 453 5172 781 5228; x_wconf 89' lang='lat' dir='ltr'><strong>transferet.</strong></span> <span class='ocrx_word' id='word_1_680' title='bbox 806 5172 967 5227; x_wconf 85' lang='lat' dir='ltr'><strong>Unde</strong></span> <span class='ocrx_word' id='word_1_681' title='bbox 990 5174 1213 5228; x_wconf 89' lang='lat' dir='ltr'><strong>noveris</strong></span> <span class='ocrx_word' id='word_1_682' title='bbox 1231 5175 1383 5246; x_wconf 89' lang='lat' dir='ltr'><strong>quod</strong></span> <span class='ocrx_word' id='word_1_683' title='bbox 1403 5192 1508 5247; x_wconf 89' lang='lat' dir='ltr'><strong>pro</strong></span> <span class='ocrx_word' id='word_1_684' title='bbox 1526 5193 1727 5232; x_wconf 91' lang='lat' dir='ltr'><strong>amore</strong></span> 
     </span>
    </p>
   </div>
   <div class='ocr_carea' id='block_1_99' title="bbox 138 5253 1727 5333">
    <p class='ocr_par' dir='ltr' id='par_1_99' title="bbox 138 5253 1727 5333">
     <span class='ocr_line' id='line_1_99' title="bbox 138 5253 1727 5333; baseline 0.007 -23"><span class='ocrx_word' id='word_1_685' title='bbox 138 5253 252 5311; x_wconf 71' lang='lat' dir='ltr'><strong>vita:</strong></span> <span class='ocrx_word' id='word_1_686' title='bbox 270 5260 593 5333; x_wconf 87' lang='lat' dir='ltr'><strong>temporalis</strong></span> <span class='ocrx_word' id='word_1_687' title='bbox 621 5260 974 5316; x_wconf 86' lang='lat' dir='ltr'><strong>Christianus</strong></span> <span class='ocrx_word' id='word_1_688' title='bbox 998 5278 1093 5315; x_wconf 85' lang='lat' dir='ltr'><strong>rex</strong></span> <span class='ocrx_word' id='word_1_689' title='bbox 1122 5260 1491 5318; x_wconf 83' lang='lat' dir='ltr'><strong>Eadmundus</strong></span> <span class='ocrx_word' id='word_1_690' title='bbox 1519 5281 1634 5320; x_wconf 92' lang='lat' dir='ltr'><strong>non</strong></span> <span class='ocrx_word' id='word_1_691' title='bbox 1669 5282 1727 5320; x_wconf 90' lang='lat' dir='ltr'><strong>se</strong></span> 
     </span>
    </p>
   </div>
   <div class='ocr_carea' id='block_1_100' title="bbox 140 5344 1729 5422">
    <p class='ocr_par' dir='ltr' id='par_1_100' title="bbox 140 5344 1729 5422">
     <span class='ocr_line' id='line_1_100' title="bbox 140 5344 1729 5422; baseline 0.008 -28"><span class='ocrx_word' id='word_1_692' title='bbox 140 5344 323 5402; x_wconf 89' lang='lat' dir='ltr'><strong>subdet</strong></span> <span class='ocrx_word' id='word_1_693' title='bbox 348 5366 574 5422; x_wconf 88' lang='lat' dir='ltr'><strong>pagano</strong></span> <span class='ocrx_word' id='word_1_694' title='bbox 598 5348 751 5417; x_wconf 89' lang='lat' dir='ltr'><strong>duci,</strong></span> <span class='ocrx_word' id='word_1_695' title='bbox 786 5348 892 5403; x_wconf 90' lang='lat' dir='ltr'><strong>nisi</strong></span> <span class='ocrx_word' id='word_1_696' title='bbox 921 5348 1078 5420; x_wconf 90' lang='lat' dir='ltr'><strong>prius</strong></span> <span class='ocrx_word' id='word_1_697' title='bbox 1109 5349 1341 5405; x_wconf 79' lang='lat' dir='ltr'><strong>effectus</strong></span> <span class='ocrx_word' id='word_1_698' title='bbox 1373 5351 1550 5405; x_wconf 87' lang='lat' dir='ltr'><strong>fueris</strong></span> <span class='ocrx_word' id='word_1_699' title='bbox 1565 5370 1729 5407; x_wconf 86' lang='lat' dir='ltr'><strong>com-</strong></span> 
     </span>
    </p>
   </div>
   <div class='ocr_carea' id='block_1_101' title="bbox 145 5437 1731 5511">
    <p class='ocr_par' dir='ltr' id='par_1_101' title="bbox 145 5437 1731 5511">
     <span class='ocr_line' id='line_1_101' title="bbox 145 5437 1731 5511; baseline 0.005 -26"><span class='ocrx_word' id='word_1_700' title='bbox 145 5445 233 5500; x_wconf 86' lang='lat' dir='ltr'><strong>pos</strong></span> <span class='ocrx_word' id='word_1_701' title='bbox 262 5440 459 5492; x_wconf 70' lang='lat' dir='ltr'><strong>nostra:</strong></span> <span class='ocrx_word' id='word_1_702' title='bbox 481 5437 809 5509; x_wconf 90' lang='lat' dir='ltr'><strong>religionis,</strong></span> <span class='ocrx_word' id='word_1_703' title='bbox 841 5437 1061 5492; x_wconf 90' lang='lat' dir='ltr'><strong>malens</strong></span> <span class='ocrx_word' id='word_1_704' title='bbox 1102 5454 1222 5493; x_wconf 88' lang='lat' dir='ltr'><strong>esse</strong></span> <span class='ocrx_word' id='word_1_705' title='bbox 1255 5438 1498 5511; x_wconf 88' lang='lat' dir='ltr'><strong>signifer</strong></span> <span class='ocrx_word' id='word_1_706' title='bbox 1524 5440 1580 5494; x_wconf 90' lang='lat' dir='ltr'><strong>in</strong></span> <span class='ocrx_word' id='word_1_707' title='bbox 1613 5455 1731 5493; x_wconf 89' lang='lat' dir='ltr'><strong>cas-</strong></span> 
     </span>
    </p>
   </div>
   <div class='ocr_carea' id='block_1_102' title="bbox 146 5520 659 5601">
    <p class='ocr_par' dir='ltr' id='par_1_102' title="bbox 146 5520 659 5601">
     <span class='ocr_line' id='line_1_102' title="bbox 146 5520 659 5601; baseline 0.018 -30"><span class='ocrx_word' id='word_1_708' title='bbox 146 5520 230 5574; x_wconf 76' lang='lat' dir='ltr'><strong>tris</strong></span> <span class='ocrx_word' id='word_1_709' title='bbox 259 5528 451 5581; x_wconf 67' lang='lat' dir='ltr'><strong>aeterni</strong></span> <span class='ocrx_word' id='word_1_710' title='bbox 484 5527 659 5601; x_wconf 80' lang='lat' dir='ltr'><strong>regis.</strong></span> 
     </span>
    </p>
   </div>
   <div class='ocr_carea' id='block_1_103' title="bbox 209 5611 1735 5691">
    <p class='ocr_par' dir='ltr' id='par_1_103' title="bbox 209 5611 1735 5691">
     <span class='ocr_line' id='line_1_103' title="bbox 209 5611 1735 5691; baseline 0.005 -25"><span class='ocrx_word' id='word_1_711' title='bbox 209 5611 261 5669; x_wconf 79' lang='grc' dir='ltr'><strong>Χ.</strong></span> <span class='ocrx_word' id='word_1_712' title='bbox 291 5614 383 5672; x_wconf 87' lang='lat' dir='ltr'><strong>Vix</strong></span> <span class='ocrx_word' id='word_1_713' title='bbox 415 5619 648 5675; x_wconf 89' lang='lat' dir='ltr'><strong>sanctus</strong></span> <span class='ocrx_word' id='word_1_714' title='bbox 680 5616 767 5672; x_wconf 90' lang='lat' dir='ltr'><strong>vir</strong></span> <span class='ocrx_word' id='word_1_715' title='bbox 787 5617 961 5673; x_wconf 90' lang='lat' dir='ltr'><strong>verba</strong></span> <span class='ocrx_word' id='word_1_716' title='bbox 989 5619 1400 5691; x_wconf 82' lang='lat' dir='ltr'><strong>compleverat,</strong></span> <span class='ocrx_word' id='word_1_717' title='bbox 1436 5620 1493 5673; x_wconf 90' lang='lat' dir='ltr'><strong>et</strong></span> <span class='ocrx_word' id='word_1_718' title='bbox 1522 5634 1735 5674; x_wconf 86' lang='lat' dir='ltr'><strong>renun-</strong></span> 
     </span>
    </p>
   </div>
   <div class='ocr_carea' id='block_1_104' title="bbox 1900 4380 3449 4455">
    <p class='ocr_par' dir='ltr' id='par_1_104' title="bbox 1900 4380 3449 4455">
     <span class='ocr_line' id='line_1_104' title="bbox 1900 4380 3449 4455; baseline 0.003 -19"><span class='ocrx_word' id='word_1_719' title='bbox 1900 4383 1985 4436; x_wconf 83' lang='lat' dir='ltr'><strong>Xl.</strong></span> <span class='ocrx_word' id='word_1_720' title='bbox 2017 4380 2250 4452; x_wconf 88' lang='lat' dir='ltr'><strong>Talique</strong></span> <span class='ocrx_word' id='word_1_721' title='bbox 2284 4380 2437 4433; x_wconf 90' lang='lat' dir='ltr'><strong>exitu</strong></span> <span class='ocrx_word' id='word_1_722' title='bbox 2496 4380 2675 4435; x_wconf 89' lang='lat' dir='ltr'><strong>crucis</strong></span> <span class='ocrx_word' id='word_1_723' title='bbox 2706 4381 3243 4454; x_wconf 84' lang='lat' dir='ltr'><strong>mortificationem,</strong></span> <span class='ocrx_word' id='word_1_724' title='bbox 3274 4400 3449 4455; x_wconf 89' lang='lat' dir='ltr'><strong>quam</strong></span> 
     </span>
    </p>
   </div>
   <div class='ocr_carea' id='block_1_105' title="bbox 1817 4469 3451 4543">
    <p class='ocr_par' dir='ltr' id='par_1_105' title="bbox 1817 4469 3451 4543">
     <span class='ocr_line' id='line_1_105' title="bbox 1817 4469 3451 4543; baseline 0.001 -18"><span class='ocrx_word' id='word_1_725' title='bbox 1817 4471 2039 4543; x_wconf 85' lang='lat' dir='ltr'><strong>jugiter</strong></span> <span class='ocrx_word' id='word_1_726' title='bbox 2070 4469 2127 4522; x_wconf 87' lang='lat' dir='ltr'><strong>in</strong></span> <span class='ocrx_word' id='word_1_727' title='bbox 2157 4484 2257 4522; x_wconf 92' lang='lat' dir='ltr'><strong>suo</strong></span> <span class='ocrx_word' id='word_1_728' title='bbox 2287 4483 2530 4540; x_wconf 90' lang='lat' dir='ltr'><strong>corpore</strong></span> <span class='ocrx_word' id='word_1_729' title='bbox 2560 4486 2659 4523; x_wconf 85' lang='lat' dir='ltr'><strong>rex</strong></span> <span class='ocrx_word' id='word_1_730' title='bbox 2688 4470 2945 4541; x_wconf 90' lang='lat' dir='ltr'><strong>pertulit,</strong></span> <span class='ocrx_word' id='word_1_731' title='bbox 2982 4470 3190 4526; x_wconf 88' lang='lat' dir='ltr'><strong>Christi</strong></span> <span class='ocrx_word' id='word_1_732' title='bbox 3219 4473 3451 4527; x_wconf 88' lang='lat' dir='ltr'><strong>Domini</strong></span> 
     </span>
    </p>
   </div>
   <div class='ocr_carea' id='block_1_106' title="bbox 1826 4556 3453 4633">
    <p class='ocr_par' dir='ltr' id='par_1_106' title="bbox 1826 4556 3453 4633">
     <span class='ocr_line' id='line_1_106' title="bbox 1826 4556 3453 4633; baseline 0.001 -18"><span class='ocrx_word' id='word_1_733' title='bbox 1826 4560 1911 4615; x_wconf 89' lang='lat' dir='ltr'><strong>sui</strong></span> <span class='ocrx_word' id='word_1_734' title='bbox 1931 4561 2155 4613; x_wconf 78' lang='lat' dir='ltr'><strong>secutus</strong></span> <span class='ocrx_word' id='word_1_735' title='bbox 2185 4556 2416 4628; x_wconf 77' lang='lat' dir='ltr'><strong>vestigia</strong></span> <span class='ocrx_word' id='word_1_736' title='bbox 2429 4559 2876 4613; x_wconf 89' lang='lat' dir='ltr'><strong>consummavit.</strong></span> <span class='ocrx_word' id='word_1_737' title='bbox 2910 4559 3006 4613; x_wconf 90' lang='lat' dir='ltr'><strong>llle</strong></span> <span class='ocrx_word' id='word_1_738' title='bbox 3027 4560 3260 4631; x_wconf 91' lang='lat' dir='ltr'><strong>quidem</strong></span> <span class='ocrx_word' id='word_1_739' title='bbox 3277 4576 3453 4633; x_wconf 89' lang='lat' dir='ltr'><strong>purus</strong></span> 
     </span>
    </p>
   </div>
   <div class='ocr_carea' id='block_1_107' title="bbox 1826 4645 3453 4719">
    <p class='ocr_par' dir='ltr' id='par_1_107' title="bbox 1826 4645 3453 4719">
     <span class='ocr_line' id='line_1_107' title="bbox 1826 4645 3453 4719; baseline 0.001 -16"><span class='ocrx_word' id='word_1_740' title='bbox 1826 4646 2137 4712; x_wconf 87' lang='lat' dir='ltr'><strong>sceleris,in</strong></span> <span class='ocrx_word' id='word_1_741' title='bbox 2154 4646 2426 4700; x_wconf 88' lang='lat' dir='ltr'><strong>columna</strong></span> <span class='ocrx_word' id='word_1_742' title='bbox 2438 4645 2511 4700; x_wconf 91' lang='lat' dir='ltr'><strong>ad</strong></span> <span class='ocrx_word' id='word_1_743' title='bbox 2538 4662 2714 4717; x_wconf 90' lang='lat' dir='ltr'><strong>quam</strong></span> <span class='ocrx_word' id='word_1_744' title='bbox 2733 4645 2952 4701; x_wconf 88' lang='lat' dir='ltr'><strong>vinctus</strong></span> <span class='ocrx_word' id='word_1_745' title='bbox 2973 4647 3453 4719; x_wconf 88' lang='lat' dir='ltr'><strong>fuit,sanguinem</strong></span> 
     </span>
    </p>
   </div>
   <div class='ocr_carea' id='block_1_108' title="bbox 1828 4732 3456 4806">
    <p class='ocr_par' dir='ltr' id='par_1_108' title="bbox 1828 4732 3456 4806">
     <span class='ocr_line' id='line_1_108' title="bbox 1828 4732 3456 4806; baseline 0 -16"><span class='ocrx_word' id='word_1_746' title='bbox 1828 4752 1945 4790; x_wconf 91' lang='lat' dir='ltr'><strong>non</strong></span> <span class='ocrx_word' id='word_1_747' title='bbox 1979 4750 2083 4805; x_wconf 86' lang='lat' dir='ltr'><strong>pro</strong></span> <span class='ocrx_word' id='word_1_748' title='bbox 2112 4732 2298 4800; x_wconf 90' lang='lat' dir='ltr'><strong>se,sed</strong></span> <span class='ocrx_word' id='word_1_749' title='bbox 2318 4749 2422 4806; x_wconf 89' lang='lat' dir='ltr'><strong>pro</strong></span> <span class='ocrx_word' id='word_1_750' title='bbox 2450 4732 3300 4805; x_wconf 85' lang='lat' dir='ltr'><strong>nobis[fundens],tlagellorum</strong></span> <span class='ocrx_word' id='word_1_751' title='bbox 3326 4752 3456 4791; x_wconf 81' lang='lat' dir='ltr'><strong>suo-</strong></span> 
     </span>
    </p>
   </div>
   <div class='ocr_carea' id='block_1_109' title="bbox 1828 4820 3457 4893">
    <p class='ocr_par' dir='ltr' id='par_1_109' title="bbox 1828 4820 3457 4893">
     <span class='ocr_line' id='line_1_109' title="bbox 1828 4820 3457 4893; baseline -0.001 -17"><span class='ocrx_word' id='word_1_752' title='bbox 1828 4839 1952 4877; x_wconf 90' lang='lat' dir='ltr'><strong>rum</strong></span> <span class='ocrx_word' id='word_1_753' title='bbox 1967 4823 2131 4893; x_wconf 89' lang='lat' dir='ltr'><strong>signa</strong></span> <span class='ocrx_word' id='word_1_754' title='bbox 2147 4821 2509 4892; x_wconf 89' lang='lat' dir='ltr'><strong>reliquit;isle</strong></span> <span class='ocrx_word' id='word_1_755' title='bbox 2527 4838 2630 4893; x_wconf 91' lang='lat' dir='ltr'><strong>pro</strong></span> <span class='ocrx_word' id='word_1_756' title='bbox 2645 4820 3015 4892; x_wconf 88' lang='lat' dir='ltr'><strong>adipiscenda</strong></span> <span class='ocrx_word' id='word_1_757' title='bbox 3028 4822 3211 4891; x_wconf 90' lang='lat' dir='ltr'><strong>gloria</strong></span> <span class='ocrx_word' id='word_1_758' title='bbox 3223 4822 3457 4875; x_wconf 83' lang='lat' dir='ltr'><strong>immar-</strong></span> 
     </span>
    </p>
   </div>
   <div class='ocr_carea' id='block_1_110' title="bbox 1831 4907 3453 4981">
    <p class='ocr_par' dir='ltr' id='par_1_110' title="bbox 1831 4907 3453 4981">
     <span class='ocr_line' id='line_1_110' title="bbox 1831 4907 3453 4981; baseline -0.001 -16"><span class='ocrx_word' id='word_1_759' title='bbox 1831 4909 2074 4965; x_wconf 89' lang='lat' dir='ltr'><strong>cessibili</strong></span> <span class='ocrx_word' id='word_1_760' title='bbox 2112 4912 2409 4964; x_wconf 90' lang='lat' dir='ltr'><strong>cruentato</strong></span> <span class='ocrx_word' id='word_1_761' title='bbox 2443 4910 2634 4981; x_wconf 90' lang='lat' dir='ltr'><strong>stipite</strong></span> <span class='ocrx_word' id='word_1_762' title='bbox 2668 4908 2885 4962; x_wconf 91' lang='lat' dir='ltr'><strong>similes</strong></span> <span class='ocrx_word' id='word_1_763' title='bbox 2920 4923 3118 4978; x_wconf 85' lang='lat' dir='ltr'><strong>poenas</strong></span> <span class='ocrx_word' id='word_1_764' title='bbox 3147 4907 3324 4961; x_wconf 90' lang='lat' dir='ltr'><strong>dedit.</strong></span> <span class='ocrx_word' id='word_1_765' title='bbox 3358 4910 3453 4963; x_wconf 91' lang='lat' dir='ltr'><strong>Ille</strong></span> 
     </span>
    </p>
   </div>
   <div class='ocr_carea' id='block_1_111' title="bbox 1831 4994 3456 5070">
    <p class='ocr_par' dir='ltr' id='par_1_111' title="bbox 1831 4994 3456 5070">
     <span class='ocr_line' id='line_1_111' title="bbox 1831 4994 3456 5070; baseline -0.002 -17"><span class='ocrx_word' id='word_1_766' title='bbox 1831 4999 2058 5070; x_wconf 89' lang='lat' dir='ltr'><strong>integer</strong></span> <span class='ocrx_word' id='word_1_767' title='bbox 2070 4999 2221 5064; x_wconf 68' lang='lat' dir='ltr'><strong>vitae,</strong></span> <span class='ocrx_word' id='word_1_768' title='bbox 2238 4998 2312 5052; x_wconf 91' lang='lat' dir='ltr'><strong>ob</strong></span> <span class='ocrx_word' id='word_1_769' title='bbox 2334 4996 2752 5068; x_wconf 89' lang='lat' dir='ltr'><strong>detergendam</strong></span> <span class='ocrx_word' id='word_1_770' title='bbox 2771 4994 3101 5064; x_wconf 85' lang='lat' dir='ltr'><strong>rubiginem</strong></span> <span class='ocrx_word' id='word_1_771' title='bbox 3124 4999 3456 5050; x_wconf 90' lang='lat' dir='ltr'><strong>nostrorum</strong></span> 
     </span>
    </p>
   </div>
   <div class='ocr_carea' id='block_1_112' title="bbox 1826 5081 3457 5154">
    <p class='ocr_par' dir='ltr' id='par_1_112' title="bbox 1826 5081 3457 5154">
     <span class='ocr_line' id='line_1_112' title="bbox 1826 5081 3457 5154; baseline -0.002 -13"><span class='ocrx_word' id='word_1_772' title='bbox 1826 5087 2178 5152; x_wconf 86' lang='lat' dir='ltr'><strong>facinorum,</strong></span> <span class='ocrx_word' id='word_1_773' title='bbox 2210 5085 2478 5140; x_wconf 89' lang='lat' dir='ltr'><strong>sustinuit</strong></span> <span class='ocrx_word' id='word_1_774' title='bbox 2500 5081 2947 5154; x_wconf 85' lang='lat' dir='ltr'><strong>benignissimus</strong></span> <span class='ocrx_word' id='word_1_775' title='bbox 2977 5081 3323 5136; x_wconf 86' lang='lat' dir='ltr'><strong>immanium</strong></span> <span class='ocrx_word' id='word_1_776' title='bbox 3347 5083 3457 5138; x_wconf 88' lang='lat' dir='ltr'><strong>cla-</strong></span> 
     </span>
    </p>
   </div>
   <div class='ocr_carea' id='block_1_113' title="bbox 1827 5169 3459 5244">
    <p class='ocr_par' dir='ltr' id='par_1_113' title="bbox 1827 5169 3459 5244">
     <span class='ocr_line' id='line_1_113' title="bbox 1827 5169 3459 5244; baseline -0.001 -15"><span class='ocrx_word' id='word_1_777' title='bbox 1827 5191 2033 5231; x_wconf 89' lang='lat' dir='ltr'><strong>vorum</strong></span> <span class='ocrx_word' id='word_1_778' title='bbox 2047 5175 2425 5229; x_wconf 90' lang='lat' dir='ltr'><strong>acerbitatem</strong></span> <span class='ocrx_word' id='word_1_779' title='bbox 2440 5173 2496 5227; x_wconf 91' lang='lat' dir='ltr'><strong>in</strong></span> <span class='ocrx_word' id='word_1_780' title='bbox 2512 5172 2719 5243; x_wconf 91' lang='lat' dir='ltr'><strong>palmis</strong></span> <span class='ocrx_word' id='word_1_781' title='bbox 2742 5174 2799 5225; x_wconf 92' lang='lat' dir='ltr'><strong>et</strong></span> <span class='ocrx_word' id='word_1_782' title='bbox 2820 5169 3459 5244; x_wconf 88' lang='lat' dir='ltr'><strong>pedibus;iste,propter</strong></span> 
     </span>
    </p>
   </div>
   <div class='ocr_carea' id='block_1_114' title="bbox 1830 5259 3455 5331">
    <p class='ocr_par' dir='ltr' id='par_1_114' title="bbox 1830 5259 3455 5331">
     <span class='ocr_line' id='line_1_114' title="bbox 1830 5259 3455 5331; baseline -0.002 -12"><span class='ocrx_word' id='word_1_783' title='bbox 1830 5280 2093 5319; x_wconf 88' lang='lat' dir='ltr'><strong>amorem</strong></span> <span class='ocrx_word' id='word_1_784' title='bbox 2127 5261 2381 5316; x_wconf 89' lang='lat' dir='ltr'><strong>nominis</strong></span> <span class='ocrx_word' id='word_1_785' title='bbox 2407 5259 2661 5326; x_wconf 92' lang='lat' dir='ltr'><strong>Domini,</strong></span> <span class='ocrx_word' id='word_1_786' title='bbox 2679 5263 2801 5315; x_wconf 92' lang='lat' dir='ltr'><strong>toto</strong></span> <span class='ocrx_word' id='word_1_787' title='bbox 2830 5274 3071 5331; x_wconf 91' lang='lat' dir='ltr'><strong>corpore</strong></span> <span class='ocrx_word' id='word_1_788' title='bbox 3093 5259 3455 5330; x_wconf 87' lang='lat' dir='ltr'><strong>gravibussa-</strong></span> 
     </span>
    </p>
   </div>
   <div class='ocr_carea' id='block_1_115' title="bbox 1830 5346 3455 5423">
    <p class='ocr_par' dir='ltr' id='par_1_115' title="bbox 1830 5346 3455 5423">
     <span class='ocr_line' id='line_1_115' title="bbox 1830 5346 3455 5423; baseline -0.002 -17"><span class='ocrx_word' id='word_1_789' title='bbox 1830 5352 1989 5423; x_wconf 90' lang='lat' dir='ltr'><strong>gittis</strong></span> <span class='ocrx_word' id='word_1_790' title='bbox 2016 5349 2304 5415; x_wconf 89' lang='lat' dir='ltr'><strong>horridus,</strong></span> <span class='ocrx_word' id='word_1_791' title='bbox 2340 5351 2398 5401; x_wconf 92' lang='lat' dir='ltr'><strong>et</strong></span> <span class='ocrx_word' id='word_1_792' title='bbox 2434 5346 2765 5400; x_wconf 87' lang='lat' dir='ltr'><strong>medullitus</strong></span> <span class='ocrx_word' id='word_1_793' title='bbox 2787 5346 3097 5420; x_wconf 80' lang='lat' dir='ltr'><strong>asperitate</strong></span> <span class='ocrx_word' id='word_1_794' title='bbox 3129 5350 3455 5402; x_wconf 90' lang='lat' dir='ltr'><strong>tormento-</strong></span> 
     </span>
    </p>
   </div>
   <div class='ocr_carea' id='block_1_116' title="bbox 1832 5434 3455 5509">
    <p class='ocr_par' dir='ltr' id='par_1_116' title="bbox 1832 5434 3455 5509">
     <span class='ocr_line' id='line_1_116' title="bbox 1832 5434 3455 5509; baseline -0.001 -15"><span class='ocrx_word' id='word_1_795' title='bbox 1832 5457 1964 5493; x_wconf 90' lang='lat' dir='ltr'><strong>rum</strong></span> <span class='ocrx_word' id='word_1_796' title='bbox 1995 5438 2321 5503; x_wconf 89' lang='lat' dir='ltr'><strong>dilaniatus,</strong></span> <span class='ocrx_word' id='word_1_797' title='bbox 2380 5436 2435 5490; x_wconf 90' lang='lat' dir='ltr'><strong>in</strong></span> <span class='ocrx_word' id='word_1_798' title='bbox 2470 5434 2828 5489; x_wconf 86' lang='lat' dir='ltr'><strong>confessione</strong></span> <span class='ocrx_word' id='word_1_799' title='bbox 2866 5436 3154 5509; x_wconf 89' lang='lat' dir='ltr'><strong>patienter</strong></span> <span class='ocrx_word' id='word_1_800' title='bbox 3182 5437 3455 5508; x_wconf 87' lang='lat' dir='ltr'><strong>persistit,</strong></span> 
     </span>
    </p>
   </div>
   <div class='ocr_carea' id='block_1_117' title="bbox 1834 5524 3458 5603">
    <p class='ocr_par' dir='ltr' id='par_1_117' title="bbox 1834 5524 3458 5603">
     <span class='ocr_line' id='line_1_117' title="bbox 1834 5524 3458 5603; baseline 0 -21"><span class='ocrx_word' id='word_1_801' title='bbox 1834 5544 2009 5599; x_wconf 89' lang='lat' dir='ltr'><strong>quam</strong></span> <span class='ocrx_word' id='word_1_802' title='bbox 2033 5526 2104 5580; x_wconf 86' lang='lat' dir='ltr'><strong>ad</strong></span> <span class='ocrx_word' id='word_1_803' title='bbox 2130 5524 2664 5593; x_wconf 80' lang='lat' dir='ltr'><strong>ultimum,acrcpta</strong></span> <span class='ocrx_word' id='word_1_804' title='bbox 2687 5525 2914 5597; x_wconf 87' lang='lat' dir='ltr'><strong>capitali</strong></span> <span class='ocrx_word' id='word_1_805' title='bbox 2938 5526 3458 5603; x_wconf 53' lang='lat' dir='ltr'><strong>sentcntiaﬁnivit.</strong></span> 
     </span>
    </p>
   </div>
   <div class='ocr_carea' id='block_1_118' title="bbox 1842 5612 3458 5686">
    <p class='ocr_par' dir='ltr' id='par_1_118' title="bbox 1842 5612 3458 5686">
     <span class='ocr_line' id='line_1_118' title="bbox 1842 5612 3458 5686; baseline 0.003 -15"><span class='ocrx_word' id='word_1_806' title='bbox 1842 5616 2013 5686; x_wconf 87' lang='lat' dir='ltr'><strong>Cujus</strong></span> <span class='ocrx_word' id='word_1_807' title='bbox 2042 5629 2246 5685; x_wconf 89' lang='lat' dir='ltr'><strong>corpus</strong></span> <span class='ocrx_word' id='word_1_808' title='bbox 2294 5612 2372 5669; x_wconf 90' lang='lat' dir='ltr'><strong>ita</strong></span> <span class='ocrx_word' id='word_1_809' title='bbox 2406 5616 2675 5669; x_wconf 87' lang='lat' dir='ltr'><strong>truncum</strong></span> <span class='ocrx_word' id='word_1_810' title='bbox 2725 5616 2783 5670; x_wconf 90' lang='lat' dir='ltr'><strong>et</strong></span> <span class='ocrx_word' id='word_1_811' title='bbox 2814 5614 3026 5673; x_wconf 87' lang='lat' dir='ltr'><strong>aculeis</strong></span> <span class='ocrx_word' id='word_1_812' title='bbox 3053 5616 3337 5675; x_wconf 90' lang='lat' dir='ltr'><strong>hirsutum</strong></span> <span class='ocrx_word' id='word_1_813' title='bbox 3368 5635 3458 5676; x_wconf 89' lang='lat' dir='ltr'><strong>re-</strong></span> 
     </span>
    </p>
   </div>
  </div>
