3882 6222
481 379 586 439 {illi

1508 369 1566 427 S.
1609 368 1903 430 ABBONIS
1945 365 2233 424 ABBATIS
2265 363 2764 426 FLORIACENSIS

3646 373 3728 434 Bl6

477 496 824 573 linquentes,
843 509 974 549 cum
1002 509 1102 549 suo
1125 493 1355 548 auctore
1381 492 1546 559 Dani,
1575 491 1822 547 ministri
1849 489 2081 553 diaboli,
2105 493 2162 553 Α
2184 489 2560 544 manifestans
2590 489 2649 544 in
2673 506 2731 544 se
2756 487 3091 562 Verbigena!
3121 488 3402 564 magnalia
3425 493 3515 567 qui
3545 495 3733 555 rudenti

481 588 620 645 illud
648 587 820 658 caput
845 585 1102 637 sanctum
1135 581 1289 652 quod
1319 597 1434 634 non
1463 580 1924 651 impinguaverat
1954 595 2081 650 pec-

479 675 688 735 catoris
719 675 934 737 oleum,
961 671 1058 724 sed
1089 669 1228 723 certi
1267 668 1517 738 mysterii
1548 671 1993 730 sacramentum,
2023 666 2080 720 in

479 766 638 830 silva,
669 761 758 817 cui
789 760 1124 814 vocabulum
1159 761 1242 810 est
1299 756 1696 825 Hagdcsdum,
1753 755 2084 808 recedentes

477 851 941 925 asportaverunt,
971 863 1036 901 ac
1066 846 1216 899 inter
1246 845 1422 898 densa
1443 843 1700 913 veprium
1727 843 1937 895 frutcta
1962 843 2084 896 lon-

476 942 600 1016 gius
631 939 952 1012 projectum
969 934 1358 998 occuluerunt,
1374 932 1433 985 id
1452 931 1610 985 omni
1636 930 1946 1000 sagacitate
1968 931 2082 983 ela-

476 1031 748 1088 borantes
777 1042 849 1080 ne
872 1043 906 1080 a
935 1021 1286 1088 Christianis,
1314 1038 1456 1092 quos
1485 1021 1567 1074 vix
1599 1036 1807 1092 paucos
1835 1019 2082 1089 relique-

475 1112 1086 1182 rant,sacratissimum
1108 1126 1314 1182 corpus
1336 1108 1598 1179 martyris
1615 1124 1742 1161 cum
1762 1107 1943 1177 capite
1959 1123 2086 1177 pro-

473 1203 882 1264 tumulantium
897 1201 1130 1255 modulo
1148 1199 1399 1253 honesta:
1419 1197 1742 1250 traderetur
1756 1196 2081 1266 sepulturas.

477 1294 617 1351 Huic
649 1295 842 1346 autem
873 1287 1192 1360 spectaculo
1228 1289 1347 1338 tam
1380 1283 1637 1338 horribili
1668 1283 1901 1354 quidam
1953 1300 2084 1336 nos-

474 1384 579 1437 tra:
608 1378 904 1451 religionis
945 1373 1325 1430 delitescendo
1355 1371 1634 1434 interfuit,
1659 1387 1852 1442 quem,
1872 1371 2088 1424 subtra-

477 1473 656 1534 ctum,
688 1471 752 1522 ut
781 1465 1087 1530 credimus,
1112 1477 1470 1534 paganorum
1493 1458 1716 1529 gladiis,
1743 1458 1933 1512 divina
1956 1474 2091 1528 pro-

475 1557 728 1612 videntia
754 1555 828 1609 ad
868 1550 1356 1607 manifestandum
1388 1548 1558 1617 hujus
1611 1546 1692 1599 rei
1744 1544 2081 1616 indaginem

474 1642 805 1709 reservavit,
828 1641 960 1695 licet
980 1638 1220 1693 omnino
1252 1634 1604 1706 ignoraverit
1624 1633 1763 1704 quid
1789 1633 1859 1686 de
1897 1632 2082 1703 capite

471 1733 688 1788 factum
713 1732 881 1798 esset,
914 1728 1022 1782 nisi
1043 1725 1196 1798 quod
1226 1741 1356 1779 cum
1379 1739 1446 1777 eo
1469 1721 1765 1776 carnifices
1787 1723 1974 1775 Danos
1997 1719 2082 1774 in-

473 1821 745 1876 teriorem
777 1818 975 1872 silvam
1001 1817 1198 1887 petere
1230 1811 1630 1883 conspexisset.

542 1907 1049 1972 XII.Quamobrem
1064 1901 1566 1974 quantulacunque
1584 1896 1809 1952 reddita
1823 1897 2081 1952 Ecclesiis

470 2013 610 2069 pace
639 1995 936 2066 coeperunt
965 1988 1267 2045 Christiani
1313 1988 1384 2042 de
1433 1986 1681 2040 latibulis
1709 2002 2078 2057 consurgere,

471 2083 733 2156 diligenti
764 2079 1134 2153 inquisitione
1177 2078 1502 2147 satagentes
1530 2077 1592 2128 ut
1625 2077 1795 2143 caput
1819 2073 1902 2126 sui
1931 2073 2080 2144 regis

469 2176 528 2230 et
547 2170 814 2243 martyris
837 2169 1132 2224 inventum
1150 2163 1375 2234 corpori
1402 2163 1650 2227 unircnt,
1672 2162 1904 2231 etjuxta
1916 2177 2077 2215 suam

467 2261 798 2317 facultatem
813 2255 1101 2326 condigne
1118 2254 1338 2307 honore
1369 2249 2078 2318 reconderent.Siquidem

467 2347 709 2421 paganis
759 2343 1122 2406 abeuntibus,
1153 2344 1211 2393 et
1239 2336 1670 2409 depopulationi
1727 2336 1808 2406 (in
1841 2335 2079 2406 regione

465 2437 681 2492 scilicet
724 2428 1227 2501 Estrangulorum)
1274 2441 1505 2496 quoquo
1551 2425 1809 2478 locorum
1841 2440 2077 2495 operam

467 2523 738 2580 dantibus
766 2519 906 2573 illud
938 2533 1144 2586 corpus
1166 2513 1611 2577 sanctissimum,
1641 2511 1825 2564 adhuc
1856 2511 1958 2564 sub
1982 2511 2075 2564 dio

467 2605 1017 2684 positum,facillime
1029 2606 1114 2656 est
1131 2603 1424 2672 repertum
1443 2598 1502 2652 in
1525 2598 1729 2653 eodem
1759 2614 1966 2668 campo
1982 2598 2073 2653 ubi

467 2716 566 2754 rex
597 2693 882 2760 occubuit,
914 2691 1201 2761 completo
1235 2704 1400 2742 cursu
1429 2686 1514 2740 sui
1543 2685 1894 2743 certaminis.
1929 2685 2072 2755 Quo,

462 2788 702 2861 propter
717 2781 1018 2852 antiquam
1043 2778 1150 2832 ben
1159 2775 1454 2831 eficiorum
1468 2775 1900 2841 memoriam,et
1911 2773 2073 2845 inge-

465 2875 648 2929 nitam
671 2871 822 2942 regis
849 2865 1242 2932 clementiam,
1275 2862 1471 2935 populi
1515 2862 1769 2934 undique
1815 2861 2072 2934 gratuito

463 2961 842 3023 conﬂuentes,
873 2955 1168 3025 cceperunt
1192 2955 1395 3006 maesto
1422 2949 1616 3005 animo
1648 2951 1896 3022 graviter
1920 2950 2071 3004 ferre

2186 580 2372 632 asella:
2405 580 2662 634 humana
2685 579 2979 652 compegit
2999 580 3190 648 verba,
3222 585 3283 636 ut
3301 581 3602 656 increparet
3627 602 3732 657 pro-

2184 667 2372 736 phetia
2405 665 2816 738 insipientiam.
2845 667 2944 722 Cui
2968 668 3239 723 miraculo
3269 687 3457 727 rerum
3501 672 3734 731 Conditor

2185 754 2338 808 aliud
2357 755 2777 810 annexuitdum
2796 756 3006 811 caelesti
3020 757 3283 812 thesauro
3297 758 3568 814 insolitum
3583 766 3736 817 custo-

2187 841 2320 895 dem
2355 842 2532 895 dedit.
2567 841 2786 913 Quippe
2841 844 3114 898 immanis
3142 845 3304 915 lupus
3331 863 3397 900 eo
3441 847 3540 902 loci
3581 848 3735 904 divina

2187 928 2558 984 miseratione
2587 934 2672 984 est
2729 935 3010 1002 repertus,
3045 931 3140 1002 qui
3191 932 3330 987 illud
3365 949 3574 988 sacrum
3600 942 3736 1007 caput

2185 1016 2338 1072 inter
2361 1018 2594 1073 brachia
2624 1021 3386 1092 complexus,procumbebat
3414 1023 3578 1090 humi,
3602 1041 3735 1080 excu-

2184 1105 2307 1159 bias
2328 1106 2636 1160 intendens
2660 1107 2918 1178 martyri.
2945 1109 3056 1162 Nec
3079 1107 3185 1162 sibi
3200 1109 3510 1180 depositum
3525 1112 3738 1181 permisit

2185 1193 2395 1248 lardere
2421 1195 2755 1266 quampiam
2774 1195 3111 1262 bestiarum,
3135 1196 3288 1267 quod
3305 1195 3622 1264 inviolabile,
3642 1201 3736 1254 solo

2187 1283 2356 1335 tenus
2385 1286 2692 1352 prostatus,
2711 1283 2890 1338 oblita
2909 1284 3216 1338 voracitate
3229 1285 3478 1339 servabat
3489 1287 3736 1346 attentius.

2190 1368 2353 1433 Quod
2375 1371 2674 1442 stupefacti
2693 1371 2950 1425 videntes
2981 1372 3078 1443 qui
3097 1371 3500 1438 conﬂuxerant,
3523 1375 3736 1428 beatissi-

2189 1473 2348 1510 mum
2383 1474 2581 1528 regem
2609 1460 2666 1512 ct
2694 1463 3011 1530 martyrem
3059 1460 3474 1514 Eadmumdum
3522 1461 3595 1516 illi
3629 1479 3734 1518 vero

2187 1543 2603 1600 desideriorum
2645 1545 3044 1601 indicaverunt
3089 1547 3310 1602 meritis
3351 1547 3602 1616 similem,
3639 1551 3734 1622 qui,

2185 1629 2336 1686 inter
2365 1633 2740 1688 esurientium
2793 1633 2970 1688 rictus
3018 1635 3278 1698 leonum,
3320 1635 3519 1690 illaesus
3565 1638 3735 1709 sprevit

2185 1721 2372 1774 minas
2401 1720 2812 1776 insidiantium.

2105 1801 2158 1860 B
2252 1812 2358 1864 XII.
2391 1813 2759 1864 Assumentes
2789 1824 2928 1881 ergo
2959 1809 3222 1864 unanimi
3269 1811 3558 1867 devotione
3593 1829 3733 1885 quam

2184 1899 2526 1954 invenerant
2555 1897 2970 1953 inaestimabilis
3006 1898 3179 1970 pretii
3225 1899 3602 1972 margaritam,
3629 1917 3734 1955 cum

2183 1989 2428 2060 profusis
2455 2003 2572 2059 prie
2603 1987 2814 2058 gaudio
2841 1987 3231 2058 lacrymarum
3271 1987 3537 2042 imbribus
3564 1989 3735 2042 retule-

2181 2080 2320 2130 runt
2349 2075 2421 2130 ad
2437 2091 2602 2129 suum
2616 2090 2840 2144 corpus,
2855 2074 3260 2130 benedicentes
3273 2076 3450 2130 Deum
3475 2075 3528 2129 in
3546 2073 3736 2146 hymnis

2185 2167 2242 2217 et
2268 2163 2550 2229 laudibus,
2577 2166 2960 2234 prosequente
2992 2179 3168 2233 usque
3223 2163 3295 2216 ad
3324 2164 3505 2217 locum
3535 2159 3734 2233 sepulcri

2181 2253 2335 2324 lupo,
2365 2250 2700 2305 earumdem
2721 2249 3093 2321 reliquiarum
3114 2249 3349 2306 custode
3378 2255 3432 2304 et
3455 2249 3733 2320 bajulo.0ui

2180 2340 2259 2394 eis
2284 2357 2317 2394 a
2348 2344 2515 2410 tergo
2548 2339 2880 2407 imminens,
2911 2342 2968 2393 et
2988 2338 3149 2410 quasi
3171 2356 3276 2410 pro
3308 2339 3522 2410 perdito
3537 2338 3735 2409 pignore

2177 2427 2401 2498 lugens,
2443 2443 2575 2482 cum
2641 2427 2938 2480 neminem
2992 2425 3167 2480 etiam
3226 2425 3475 2481 irritatus
3522 2423 3734 2488 lederet,

2179 2514 2394 2568 nemini
2410 2515 2772 2584 importunus
2785 2514 3217 2582 existeret,nota
3235 2514 3449 2569 dilectae
3466 2510 3736 2568 solitudinis

2179 2605 2396 2656 secreta
2421 2601 2626 2656 illmsus
2673 2602 2934 2674 repetiit;
2979 2617 3086 2655 nec
3117 2602 3355 2657 ulterius
3400 2601 3458 2655 in
3485 2600 3586 2654 illis
3626 2597 3734 2653 locis

2178 2690 2362 2761 lupus,
2393 2690 2580 2760 specie
2611 2693 2729 2744 tam
2761 2688 3049 2758 terribilis,
3082 2689 3368 2760 apparuit.
3393 2687 3510 2754 Quo
3540 2687 3733 2742 tandem

2177 2777 2504 2844 recedente,
2531 2793 2660 2831 cum
2694 2792 2922 2830 summa
2941 2775 3246 2846 diligentia
3265 2779 3323 2830 et
3337 2775 3492 2830 omni
3507 2773 3736 2846 sagacita-

2175 2863 2246 2918 tis
2273 2865 2461 2920 studio
2483 2867 2767 2938 aptantes,
2799 2863 3004 2936 quibus
3033 2863 3320 2918 creditum
3348 2867 3449 2930 est,
3466 2865 3733 2934 caputcor-

2173 2953 2300 3024 pori
2331 2957 2551 3015 sancto,
2579 2969 2682 3024 pro
2701 2956 2964 3023 tempore
2985 2950 3354 3006 tradiderunt
3367 2954 3648 3021 utrumque
3661 2963 3734 3018 pa-

468 3048 623 3122 quod
653 3045 966 3101 caruissent
995 3043 1158 3096 tanta
1193 3037 1448 3111 corporis
1495 3037 1780 3110 portione.
1815 3037 2070 3102 Quorum
2093 3037 2142 3098 C
2172 3040 2580 3110 riterjunctum
2597 3039 2947 3112 competenti
2965 3039 3421 3105 mausoleo.Quo
3441 3036 3731 3102 locoetiam,

467 3135 678 3193 animis
700 3149 948 3204 superna
973 3128 1266 3202 inspiravit
1284 3127 1945 3198 benignitas,postquam
1969 3144 2070 3182 au-

467 3227 697 3282 dierunt
740 3223 890 3277 illius
917 3220 1090 3274 verba
1118 3217 1280 3271 utilia
1334 3216 1430 3287 qui
1479 3219 1654 3270 tanta;
1702 3215 1955 3281 visionis,
2009 3219 2072 3270 ut

469 3313 686 3370 dictum
707 3313 811 3377 est,
843 3307 1126 3382 particeps
1151 3305 1760 3372 astiterat;ut,collecta
1788 3303 2070 3376 plurimo-

465 3419 596 3458 rum
618 3398 1238 3468 multitudine,quaqua
1261 3410 1485 3448 versum
1508 3410 1612 3466 per
1634 3393 1786 3447 invia
1801 3393 2069 3448 silvarum

467 3491 861 3565 experirentur
887 3487 936 3540 si
963 3486 1036 3540 ad
1065 3485 1120 3538 id
1147 3484 1252 3538 loci
1286 3483 1552 3538 devenire
1579 3469 1938 3552 contingeret
1955 3499 2068 3554 quo

464 3580 568 3634 viri
599 3577 777 3634 sancti
803 3574 1230 3647 caputjaceret.
1265 3573 1372 3626 Pro
1425 3573 1582 3625 certo
1614 3569 1770 3624 enim
1801 3569 2069 3625 omnibus

348 3717 358 3730 ,
461 3683 593 3722 vere
614 3664 964 3738 sapientibus
991 3662 1178 3740 inerat
1207 3647 1361 3730 quod
1387 3658 1589 3712 alienas
1618 3661 1784 3710 sectae
1803 3659 2066 3725 cultores,

463 3749 772 3810 invidendo
787 3754 996 3806 nostrm
1027 3749 1184 3810 fidei,
1209 3746 1561 3800 sustulissent
1581 3748 1752 3814 caput
1777 3745 2066 3815 martyris,

464 3842 618 3914 quod
642 3857 758 3895 non
784 3837 1011 3909 longius
1032 3835 1184 3889 intra
1203 3833 1547 3888 densitatem
1560 3831 2068 3886 saltusabscondis-

461 3933 610 3996 sent,
633 3930 733 3983 aut
757 3926 852 3980 vili
884 3923 1096 3994 cespite
1127 3921 1421 3985 obrutum,
1471 3921 1570 3972 aut
1599 3917 1793 3972 avibus
1844 3924 1902 3973 et
1929 3919 2065 3974 feris

463 4015 880 4072 devorandum.
937 4010 1195 4079 Cumque
1242 4006 1384 4060 inito
1419 4005 1653 4060 consilio
1688 4022 1892 4062 omnes
1939 4007 2063 4078 pari

461 4103 664 4159 affectu
695 4101 769 4154 ad
801 4099 858 4152 id
915 4099 1344 4161 concurrerent,
1400 4096 1462 4148 ut
1490 4093 1758 4149 cornibus
1798 4096 1882 4148 vel
1914 4096 2062 4151 tubis

459 4188 764 4247 ductilibus
783 4183 989 4255 singuli
1007 4181 1264 4237 contenti
1282 4185 1488 4248 essent,
1509 4186 1810 4253 quatenus,
1824 4182 2064 4238 circum-

2171 3130 2447 3185 zediﬁcata
2479 3129 2573 3183 vili
2600 3147 2772 3201 opere
2805 3130 3048 3201 desuper
3084 3129 3341 3196 basilica,
3395 3128 3576 3184 multis
3599 3124 3732 3182 annis

2169 3219 2450 3290 requievit
2471 3219 2762 3285 humatus,
2795 3217 3220 3284 donec,sedatis
3235 3217 3473 3272 omnino
3493 3216 3730 3272 bellorum

2172 3307 2453 3363 incendiis
2479 3311 2538 3362 et
2561 3307 2746 3362 valida
2776 3309 3119 3377 tempestate
3150 3305 3571 3378 persecutionis,
3598 3301 3733 3372 carpit

2171 3397 2452 3466 respirare
2467 3396 2736 3466 religiosa
2751 3396 2930 3468 pietas
2946 3394 3227 3462 ﬁdelium,
3253 3398 3448 3466 erepta
3467 3394 3532 3450 de
3554 3407 3732 3465 pressu-

2171 3483 2247 3538 ris
2273 3483 2730 3538 tribulationum.
2793 3483 2929 3547 Quae
2969 3481 3065 3536 ubi
3107 3485 3340 3555 tempus
3391 3484 3730 3554 opportunum

2170 3571 2405 3637 invenit,
2434 3571 2798 3625 devotionem
2815 3587 2990 3642 quam
3005 3587 3144 3641 erga
3165 3571 3550 3626 beatissimum
3570 3580 3728 3638 regem

2169 3663 2226 3714 et
2253 3663 2567 3729 martyrem
2599 3658 3005 3713 Eadmundum
3034 3658 3257 3725 habuit,
3283 3675 3518 3731 operum
3552 3654 3730 3712 exhibi-

2167 3748 2324 3802 tione
2355 3747 2744 3818 multipliciter
2756 3746 3094 3818 propalavit.
3109 3745 3271 3802 Idem
3287 3763 3529 3817 namque
3544 3745 3730 3798 sanctus

2166 3837 2268 3890 sub
2299 3835 2393 3889 vili
2420 3835 2647 3904 tugurio
2665 3835 3032 3888 sanctiﬁcata
3049 3834 3442 3906 domus,cujus
3460 3837 3593 3889 esset
3609 3829 3729 3902 apud

2167 3925 2346 3978 Deum
2400 3922 2624 3989 .meriti,
2674 3923 2854 3976 creris
2898 3922 3310 3978 manifestabat
3366 3921 3725 3977 miraculorum

2162 4011 2356 4081 signis.
2385 4009 2597 4075 Quibus
2625 4010 2794 4064 rebus
2840 4013 3108 4082 permota
3137 4011 3400 4081 ejusdem
3458 4005 3723 4081 provincia:

2164 4099 2492 4166 multitudo,
2527 4115 2643 4152 non
2666 4099 2851 4152 solum
2881 4098 3055 4169 vulgi,
3074 4098 3174 4152 sed
3195 4099 3372 4154 etiam
3396 4092 3724 4158 nobilium,in

2162 4187 2293 4241 villa
2331 4187 2490 4258 regia
2517 4204 2642 4258 quze
2691 4187 2886 4257 lingua
2915 4187 3237 4256 Anglorum
3292 4178 3726 4256 Bedricesgueord

455 4278 605 4333 circa
655 4273 1056 4364 pervagantes,
1087 4269 1316 4325 vocibus
1369 4273 1466 4364 aut
1522 4261 1788 4324 tubarum
1821 4273 2059 4342 strepitu
2085 4305 2136 4364 D
2165 4275 2652 4344 (Bcodric/aeswort)
2711 4273 2952 4342 dicitur,
3005 4274 3208 4330 Latina
3275 4291 3410 4330 vero
3462 4267 3722 4345 (Beodries)

455 4365 562 4421 sibi
593 4365 794 4417 mutuo
822 4360 1149 4424 innuerent,
1181 4374 1253 4412 ne
1299 4361 1398 4412 aut
1424 4359 1663 4412 lustrata
1708 4361 2056 4428 repeterent,

453 4459 553 4509 aut
578 4467 696 4506 non
743 4451 982 4504 lustrata
1011 4447 1363 4502 desererent.
1401 4445 1564 4510 Quod
1613 4449 1675 4500 ut
1702 4445 1920 4501 factum
1951 4450 2054 4514 est,

450 4558 542 4598 res
571 4539 726 4595 dictu
775 4533 1056 4592 mirabilis
1101 4537 1160 4588 et
1215 4534 1433 4589 smculis
1481 4534 1739 4589 inaudita
1794 4533 2055 4606 contigit.

450 4629 672 4702 Quippe
702 4628 872 4699 caput
900 4623 1081 4679 sancti
1109 4623 1264 4695 regis
1305 4622 1532 4694 longius
1562 4626 1852 4677 remotum
1894 4640 1928 4678 a
1957 4641 2057 4680 suo

445 4733 710 4791 corpore,
734 4712 1000 4786 prorupit
1022 4713 1081 4766 in
1102 4727 1238 4766 voce
1263 4711 1478 4783 absque
1509 4710 1787 4765 fibrarum
1813 4711 2059 4784 cpitula-

443 4807 730 4874 tione,aut
753 4802 1096 4858 arteriarum
1113 4799 1474 4870 praecordiali
1507 4815 1766 4858 munere.
1786 4799 2059 4872 Vespillo-

443 4912 586 4952 num
611 4909 750 4948 sane
780 4907 944 4947 more
989 4887 1246 4961 pluribus
1274 4886 1633 4958 pedetentim
1681 4887 1836 4942 invia
1862 4891 2054 4961 perlu-

441 4983 909 5048 strantibus;cum
926 4978 1052 5048 jam
1073 4978 1265 5048 posset
1289 4974 1477 5029 audiri
1498 4975 1761 5046 loquens,
1786 4976 1861 5030 ad
1893 4993 2057 5031 voces

440 5091 499 5128 se
516 5071 804 5128 invincem
817 5063 1558 5134 cohortantium,et,utpote
1571 5062 1707 5117 socii
1721 5064 1794 5117 ad
1810 5064 2052 5128 socium,

437 5158 770 5216 alternatim
801 5151 1174 5210 clamantium
1205 5151 1299 5205 ubi
1323 5167 1374 5205 es
1396 5152 1425 5203 ?
1470 5150 1609 5204 illud
1645 5151 2048 5223 respondebat,

440 5245 797 5320 designanda
823 5245 1039 5304 locum,
1061 5239 1248 5312 patria
1274 5238 1472 5310 lingua
1499 5237 1694 5293 dicens
1723 5255 1734 5293 :
1767 5239 1906 5305 Her,
1938 5241 2049 5310 her,

437 5338 568 5402 her;
599 5333 756 5406 quod
786 5331 1228 5402 interpretatum
1260 5327 1491 5381 Latinus
1511 5343 1702 5382 sermo
1738 5328 2008 5400 exprimit
2033 5347 2049 5384 :

437 5426 568 5491 Hic,
593 5423 698 5487 hic,
725 5421 828 5473 hic.
856 5421 969 5473 Nec
997 5431 1272 5488 unquam,
1305 5414 1510 5470 eadem
1541 5416 1880 5486 repetendo,
1935 5419 2050 5472 cla-

438 5527 600 5568 mare
631 5507 867 5573 destitit,
889 5505 1080 5578 quoad
1105 5520 1309 5558 omnes
1329 5503 1401 5558 ad
1427 5521 1485 5557 se
1515 5503 2051 5578 perduxit.Palpita-

441 5601 541 5660 bat
569 5599 813 5656 mortuae
832 5595 1044 5672 linguae
1065 5591 1348 5664 plectrum
1370 5590 1524 5647 intra
1540 5595 1764 5648 meatus
1779 5591 2052 5664 faucium,

2164 4363 2380 4418 Bedrici
2433 4364 2605 4418 curtis
2656 4366 2910 4425 vocatur,
2971 4363 3286 4417 construxit
3351 4360 3722 4435 permaximam

2159 4452 2308 4518 miro
2339 4452 2531 4523 ligneo
2571 4451 2832 4506 tabulatu
2862 4450 3182 4519 ecclesiam,
3211 4452 3288 4506 ad
3316 4467 3488 4524 quam
3518 4462 3652 4512 eum,
3678 4445 3724 4496 ut

2159 4540 2418 4606 decebat,
2451 4539 2741 4594 transtulit
2767 4555 2897 4593 cum
2930 4555 3146 4610 magna
3174 4539 3380 4612 gloria.

2229 4627 2499 4694 XIV.Sed,
2524 4627 2735 4682 mirum
2757 4625 2939 4681 dictu!
2965 4643 3097 4681 cum
3119 4627 3260 4682 illud
3305 4626 3603 4700 pretiosum
3626 4633 3722 4674 cor-

2159 4732 2262 4788 pus
2289 4715 2558 4787 martyris
2593 4715 2977 4786 putrefactum
3005 4717 3306 4786 putaretur
3335 4715 3409 4770 ob
3434 4709 3723 4768 diuturnum

2158 4803 2407 4874 spatium
2433 4801 2704 4878 transacti
2724 4801 3024 4872 temporis,
3043 4801 3123 4856 ita
3148 4817 3354 4855 sanum
3377 4803 3460 4854 est
3475 4797 3724 4868 repertum

2157 4895 2216 4944 et
2254 4891 2562 4950 incolume.
2590 4895 2650 4942 ut
2671 4904 2785 4942 non
2811 4887 2998 4942 dicam
3027 4891 3199 4960 caput
3225 4887 3662 4958 redintegratum
3683 4878 3726 4929 el

2157 4977 2628 5049 compaginatum
2655 4975 2900 5048 corpori,
2937 4975 3034 5030 sed
3053 4975 3296 5030 omnino
3315 4975 3374 5029 in
3403 4991 3470 5029 eo
3497 4969 3621 5026 nihil
3637 4963 3728 5019 vul-

2156 5066 2329 5134 neris,
2361 5065 2502 5120 nihil
2528 5063 2803 5118 cicatricis
2833 5063 3182 5135 apparuerit.
3217 5063 3423 5134 Sicque
3447 5075 3568 5115 cum
3597 5067 3725 5110 reve-

2153 5153 2343 5209 rentia
2371 5152 2761 5208 nominandus
2789 5155 3019 5206 sanctus
3039 5168 3138 5206 rex
3156 5154 3216 5204 et
3245 5153 3468 5214 martyr
3489 5143 3729 5200 Eadmun-

2153 5244 2279 5310 dus,
2313 5240 2558 5310 integer,
2611 5244 2669 5295 et
2695 5239 2906 5294 viventi
2946 5239 3288 5305 simillimus,
3318 5238 3392 5292 ad
3433 5231 3725 5307 praedictum

2154 5333 2344 5386 locum
2365 5334 2449 5384 est
2469 5331 2796 5394 translatus,
2825 5327 2920 5382 ubi
2942 5327 3128 5382 adhuc
3155 5326 3212 5380 in
3237 5325 3442 5380 eadem
3470 5323 3642 5377 forma
3655 5329 3725 5368 el-

2153 5421 2370 5491 spectat
2388 5418 2556 5472 beata
2575 5415 3052 5470 resurrectionnis
3063 5414 3274 5486 gaudia
3302 5411 3594 5486 promissa.
3609 5404 3725 5456 Tan'

2155 5513 2279 5563 tum
2307 5509 2362 5562 in
2395 5507 2517 5578 ejus
2551 5507 2720 5572 collo,
2753 5505 2826 5560 ob
2887 5506 3117 5576 signum
3151 5501 3435 5574 martyrii,
3464 5497 3617 5554 rubet
3639 5501 3726 5581 una

2161 5597 2495 5652 tenuissima
2519 5593 2714 5667 rigaiu
2744 5593 2984 5651 modum
3007 5592 3086 5648 fili
3113 5590 3387 5660 coccinei,
3416 5581 3725 5644 sicuttestarl
