3882 6222
174 362 263 428 817

1273 363 1433 424 νιτΑ
1461 363 1519 423 S.
1549 362 1908 423 EADMUNDI
1944 363 2143 425 REGIS
2182 366 2385 428 ANGL.

3384 376 3489 437 518

186 490 287 547 erat
314 485 477 546 solita
504 483 791 564 quedam
842 482 1029 545 beatas
1074 485 1490 544 recordationis
1538 485 1778 555 femina,
1800 491 1854 551 Α
1876 487 2096 543 remisit
2126 488 2198 543 ad
2230 487 2482 562 propria,
2539 486 2735 547 dicens
2780 488 2905 564 regi
2934 492 3147 551 volenti
3182 502 3486 570 percutere

188 579 362 638 Osuven
390 578 680 633 vocabulo
702 578 857 633 dicta
881 594 893 631 :
921 594 1048 649 quas
1074 577 1245 647 paulo
1280 578 1416 629 ante
1442 575 1564 629 haec
1587 579 1782 630 nostra

185 666 439 721 moderna
451 670 570 721 tem
581 682 730 738 pora
745 665 898 737 apud
911 667 1033 736 ejus
1044 667 1404 719 sacrosanctu
1415 680 1469 717 m
1489 665 1778 717 tumulum

176 754 384 825 jejuniis
413 756 470 808 et
495 753 862 809 orationibus
892 769 1117 819 vacans,
1151 755 1336 806 multa
1364 752 1645 823 transegit
1684 769 1780 806 an-

184 860 370 899 norum
385 842 691 897 curricula.
727 842 829 897 Cui
861 840 1172 896 venerabili
1194 840 1447 907 femineo,
1476 844 1575 894 aut
1590 841 1780 895 divina

183 931 513 986 revelatione
535 934 637 984 aut
665 930 850 984 nimia
880 929 1203 995 devotione,
1256 944 1381 983 mos
1419 928 1653 982 inolevit
1693 931 1774 991 ut,

182 1020 448 1091 patefacto
478 1018 634 1073 beati
671 1018 941 1089 martyris
964 1018 1245 1089 sepulcro,
1264 1017 1575 1088 quotannis
1596 1017 1653 1070 in
1673 1018 1778 1071 Do-

183 1107 377 1161 minica
392 1106 564 1160 Canna
576 1105 698 1176 ejus
721 1105 1079 1159 attondendo
1109 1104 1444 1176 prmcideret
1462 1105 1696 1175 capillos
1719 1107 1776 1157 et

179 1211 403 1266 ungues.
434 1194 571 1259 Quae
601 1192 804 1248 omnia
833 1193 1142 1263 diligenter
1169 1193 1468 1262 colligens,
1490 1196 1547 1247 et
1566 1192 1623 1246 in
1646 1207 1775 1262 cap-

181 1285 306 1338 sella
332 1281 676 1347 recondens,
712 1296 832 1335 non
864 1280 1135 1351 neglexit,
1160 1280 1415 1351 quandiu
1440 1280 1592 1345 vixit,
1614 1296 1776 1334 exco-

179 1375 285 1426 lere
313 1372 459 1425 mira
487 1367 1005 1438 aﬂ'ectione,posita
1034 1384 1204 1438 super
1219 1369 1399 1422 altare
1412 1368 1667 1437 ejusdem
1688 1384 1775 1421 ec-

177 1460 370 1525 clesiae,
399 1457 496 1512 ubi
524 1456 710 1510 adhuc
744 1458 1111 1510 reservantur
1152 1456 1347 1510 debita
1378 1456 1766 1510 veneratione.

238 1548 339 1601 XV.
368 1545 483 1601 Sed
502 1549 562 1598 et
591 1545 775 1598 beata:
807 1543 1105 1598 memoriae
1132 1542 1487 1610 Thodredus,
1510 1544 1768 1613 ejusdem

174 1633 473 1706 provincia!
502 1631 807 1703 religiosus
821 1631 1139 1703 episcopus,
1165 1631 1260 1702 qui
1281 1635 1517 1703 propter
1541 1631 1769 1685 merito-

170 1739 292 1777 rum
312 1721 751 1795 praarogativam
774 1718 962 1773 Bonus
986 1720 1404 1791 appellabatur,
1426 1720 1577 1791 quod
1599 1720 1668 1773 de
1688 1720 1771 1772 in-

1884 576 2055 642 illico,
2090 579 2245 649 quod
2264 595 2379 633 non
2412 596 2510 634 eos
2530 578 2770 652 cepisset
2818 580 2873 636 in
2902 583 3094 653 gladio
3140 588 3199 640 et
3221 603 3353 643 arcu
3382 607 3486 646 suo

1879 664 1994 734 (IV
2022 665 2152 733 Reg.
2188 684 2259 733 vi,
2287 670 2399 736 22).
2432 669 2687 740 Apostoli
2722 670 2897 724 etiam
2931 676 3282 743 praeceptum
3331 680 3490 750 quod

1879 753 2044 808 dicit:
2069 754 2359 808 Smcularia
2392 759 2598 825 negotia
2649 759 2697 811 si
2718 759 3031 826 habueritis,
3078 766 3491 835 contemptibiles

1878 843 1971 912 qui
1987 847 2111 897 sunt
2131 844 2185 895 in
2218 843 2471 909 Ecclesia,
2502 844 2558 897 id
2582 849 2685 911 est,
2709 846 2857 900 viros
2879 849 3177 903 saeculares
3196 856 3495 910 constituite

1876 928 1946 980 ad
1956 929 2317 998 judicandum
2349 930 2404 997 (I
2433 930 2559 986 Cor.
2587 949 2662 1000 vr,
2689 934 2762 1003 4).
2788 936 2949 989 Unde
2980 952 3267 993 canonum
3299 946 3492 998 aucto-

1877 1016 2013 1071 ritas
2044 1018 2310 1089 prohibet
2341 1036 2413 1073 ne
2443 1020 2571 1092 quis
2610 1022 2929 1093 episcopus,
2971 1028 3069 1078 aut
3120 1027 3363 1099 quilibet
3416 1031 3487 1087 de

1876 1106 2049 1171 clero,
2110 1107 2381 1162 delatoris
2430 1109 2707 1180 fungatur
2750 1112 2973 1179 officio;
3021 1116 3296 1186 quoniam
3353 1121 3487 1175 satis

1875 1193 2113 1247 dedecet
2136 1195 2427 1251 ministros
2460 1197 2587 1251 vitae
2608 1200 2868 1266 caelestis,
2904 1217 3198 1258 assensum
3228 1206 3487 1274 praebere

1872 1280 1931 1335 in
1964 1286 2212 1336 mortem
2244 1284 2548 1353 cujuslibet
2576 1287 2849 1341 hominis.
2876 1289 2998 1353 Quo
3014 1290 3164 1345 circa
3181 1294 3487 1363 praedictus

1873 1369 2169 1441 episcopus
2216 1370 2272 1424 in
2303 1389 2362 1425 se
2392 1389 2653 1428 reversus
2683 1377 2935 1445 graviter
2962 1378 3229 1446 indoluit,
3265 1384 3342 1449 et,
3376 1383 3484 1438 sibi

1872 1457 2271 1527 pcnnitentiam
2306 1460 2806 1527 indicens,diutius
2838 1464 3103 1533 gravibus
3132 1466 3402 1522 lamentis
3426 1486 3487 1525 se

1871 1544 2047 1598 dedit.
2082 1545 2205 1609 Qua
2226 1548 2460 1602 tandem
2489 1553 2719 1618 peracta
2739 1551 3099 1622 pmnitentia,
3125 1555 3350 1624 populis
3369 1574 3485 1613 sum

1870 1631 2175 1687 dioeceseos
2205 1636 2801 1702 mandat,mandando
2819 1644 3487 1708 convocat,convocando

1868 1720 2197 1791 suppliciter
2236 1725 2545 1793 persuadet
2576 1730 2636 1779 ut
2666 1727 2935 1782 triduano
2977 1729 3203 1800 jejunio
3232 1747 3266 1786 a
3311 1749 3369 1787 se
3401 1733 3487 1787 di-

169 1810 533 1881 corruptione
561 1807 739 1862 sancti
772 1808 923 1879 regis
941 1807 1311 1864 diximus.tali
1339 1807 1540 1861 ordine
1562 1812 1647 1861 est
1670 1824 1764 1861 ex-
1791 1800 1842 1859 Β
1867 1806 2013 1861 vinas
2044 1808 2455 1879 indignationis
2495 1811 2850 1867 iracundiam
2892 1820 3249 1884 removeant,
3293 1835 3488 1875 remo-

169 1901 378 1970 pertus.
400 1897 565 1964 Cum,
585 1899 648 1950 ut
668 1912 903 1950 narrare
929 1895 1117 1949 adorsi
1140 1911 1355 1962 sumus,
1386 1895 1622 1967 praefato
1640 1896 1765 1949 loco

170 1986 434 2058 martyris
466 1983 837 2039 tumulationi
866 1999 1143 2055 congruo,
1167 1983 1531 2055 aquibusque
1545 1984 1769 2054 religio-

167 2075 237 2129 sis
259 2075 443 2129 multa
490 2073 894 2128 conferrentur
924 2071 1184 2138 donaria,
1233 2076 1291 2125 et
1320 2074 1664 2126 ornamenta
1708 2071 1766 2126 in

166 2179 302 2217 auro
350 2166 411 2216 et
440 2164 685 2231 argento
734 2159 1161 2232 pretiosissima,
1209 2160 1444 2230 quidam
1498 2159 1767 2229 malignte

168 2250 374 2305 mentis
400 2248 690 2313 homines,
721 2246 909 2301 omnis
931 2246 1068 2300 boni
1087 2245 1480 2312 immemores,
1512 2245 1767 2317 aggressi

167 2344 293 2395 sunt
309 2341 416 2394 sub
442 2342 726 2393 nocturno
745 2337 969 2391 silentio
1001 2336 1269 2391 eamdem
1290 2336 1603 2407 infringere
1620 2336 1768 2390 basi-

168 2428 330 2482 licam
363 2424 748 2481 latrocinandi
762 2424 968 2479 studio.
988 2425 1241 2478 Fuerunt
1269 2428 1463 2478 autem
1492 2423 1768 2494 octo,qui,

168 2515 378 2586 absque
406 2516 521 2569 ulla
550 2512 871 2567 reverentia
891 2512 1093 2579 sancti,
1126 2511 1502 2565 decreverant
1548 2512 1774 2566 satisfa-

168 2619 292 2657 cere
314 2620 431 2657 sua:
461 2618 685 2655 vesanae
716 2599 1017 2664 voluntati,
1042 2599 1320 2671 rapiendo
1348 2599 1547 2653 furtim
1578 2600 1775 2654 omnia

168 2706 525 2762 quascunque
572 2688 930 2743 invenissent
969 2687 1075 2742 sibi
1128 2686 1288 2741 utilia
1328 2686 1482 2741 intra
1516 2686 1773 2757 ejusdem

171 2776 502 2832 monasterii
520 2779 701 2847 septa.
721 2775 904 2839 Unde,
921 2775 1163 2846 sumptis
1181 2774 1463 2828 machinis
1478 2778 1536 2828 et
1551 2775 1778 2846 quibus-

173 2864 311 2918 libet
335 2863 699 2922 ustensilibus
732 2862 937 2934 quibus
985 2862 1059 2917 ad
1100 2862 1158 2916 id
1204 2861 1623 2932 perﬁciendum
1666 2863 1776 2916 ha-

172 2951 391 3005 hebant
409 2967 572 3021 opus,
602 2949 856 3022 quadam
870 2951 1039 3003 nocte
1054 2948 1471 3019 aggrediuntur
1480 2948 1782 3021 praemedi-

174 3041 359 3093 tatum
389 3038 627 3104 facinus,
659 3039 738 3105 et,
772 3038 986 3091 stantes
1014 3036 1075 3090 in
1094 3035 1237 3091 atrio
1268 3037 1539 3103 ecclesiis,
1559 3037 1779 3093 diverso

173 3134 383 3183 conatu
404 3127 794 3199 unusquisque
823 3126 996 3180 instat
1021 3130 1311 3197 concepta
1330 3125 1779 3197 nequitiae.Quo-

171 3232 305 3270 rum
338 3217 481 3271 alius
510 3216 724 3270 scalam
750 3214 1007 3287 postibus
1026 3213 1293 3286 applicat,
1311 3217 1371 3267 ut
1389 3231 1492 3286 per
1505 3214 1783 3268 insertam

172 3302 485 3358 fenestram
512 3320 573 3358 se
601 3303 861 3373 ingerat;
919 3302 1062 3356 alius
1109 3318 1240 3355 cum
1273 3302 1411 3355 lima
1444 3305 1542 3356 aut
1593 3302 1784 3356 fabrili

173 3393 385 3446 malleo
431 3392 605 3446 instat
624 3406 767 3445 seras
794 3393 893 3444 aut
934 3391 1190 3461 pessulo;
1223 3388 1316 3443 alii
1347 3406 1477 3444 cum
1504 3389 1701 3459 vangis
1727 3393 1786 3444 et

177 3477 463 3548 ligonibus
479 3477 881 3533 suti'ossionem
901 3476 1132 3548 parietis
1146 3476 1783 3547 machinantur.Sicque

176 3565 447 3638 disposito
479 3583 677 3640 opere,
702 3582 835 3620 cum
866 3566 1073 3637 singuli
1096 3565 1360 3619 certatim
1387 3565 1658 3619 insudant
1676 3581 1781 3635 pro

176 3654 380 3709 virium
409 3658 698 3720 facultate,
731 3657 958 3707 sanctus
986 3656 1209 3724 martyr
1258 3669 1354 3707 eos
1382 3654 1523 3724 ligat
1552 3653 1612 3706 in
1661 3652 1782 3723 ipso

174 3759 276 3797 suo
302 3744 634 3810 conamine,
668 3745 730 3797 ut
760 3759 831 3796 ne
876 3742 1085 3814 pedem
1115 3743 1241 3797 loco
1264 3744 1498 3813 possent
1528 3757 1780 3808 movere,

176 3846 283 3885 nec
317 3837 608 3905 arreptum
628 3830 883 3886 officium
914 3830 1199 3895 deserere;
1228 3830 1328 3884 sed
1362 3830 1504 3884 alius
1529 3845 1660 3884 cum
1683 3846 1784 3885 sua

174 3921 326 3974 scala
352 3921 632 3991 penderet
652 3918 911 3974 sublimis
937 3918 993 3972 in
1016 3935 1170 3984 aere,
1196 3918 1338 3971 alius
1369 3919 1560 3988 palam
1591 3918 1781 3971 incur-

173 4021 275 4060 vus
305 4010 485 4064 fossor
514 4009 702 4074 ﬁeret,
737 4006 834 4078 qui
856 4007 928 4061 ad
959 4007 1016 4060 id
1047 4007 1237 4078 operis
1255 4007 1496 4061 furtivus
1519 4006 1779 4061 venisset.

173 4094 399 4152 Interea
410 4098 649 4169 quidam
664 4112 755 4149 ma
766 4094 1311 4166 triculariorum,qui
1327 4094 1478 4148 intra
1488 4095 1783 4149 basilicam

166 4183 416 4252 jacebat,
454 4200 664 4239 somno
695 4182 989 4250 excitatus,
1024 4184 1171 4238 lecto
1198 4182 1616 4253 procumbebat
1644 4182 1784 4236 invi-

174 4273 284 4336 tus,
312 4289 484 4344 quem
530 4271 803 4342 martyris
833 4270 1096 4341 potentia
1124 4287 1225 4325 suo
1258 4273 1468 4324 conatu
1506 4269 1783 4338 vinxerat,

1866 1894 2053 1948 vendo
2074 1900 2368 1965 avertant;
2403 1901 2704 1969 quatenus,
2726 1901 3005 1956 sacrificio
3029 1903 3259 1974 spiritus
3281 1906 3491 1962 contri-

1868 1983 2044 2037 bulati
2077 1985 2352 2054 placatus,
2381 1986 2658 2041 Dominus
2682 1988 2760 2041 illi
2791 2005 2952 2043 suam
3002 1991 3249 2060 gratiam
3281 2010 3486 2049 conce-

1868 2070 2049 2137 deret,
2088 2088 2201 2142 qua
2227 2089 2432 2144 corpus
2466 2074 2617 2128 beati
2666 2076 2933 2146 martyris
2954 2080 3193 2147 tangere
3217 2083 3275 2133 et
3300 2081 3486 2136 levare

1868 2159 2124 2223 auderet,
2150 2160 2267 2231 qui,
2293 2160 2423 2214 licet
2444 2162 2618 2215 tantis
2642 2162 2942 2217 virtutibus
2964 2165 3133 2219 floret
3161 2166 3219 2220 in
3243 2169 3484 2239 mundo,

1868 2245 2170 2301 vilitamen
2198 2250 2254 2301 et
2278 2248 2382 2302 sibi
2400 2248 2719 2320 incongruo
2745 2251 3149 2306 continebatur
3166 2257 3487 2320 mausoleo,

1869 2333 2199 2406 factumque
2226 2340 2342 2390 est:
2364 2340 2421 2390 et
2440 2337 2575 2391 illud
2594 2338 2932 2393 sanctissimi
2946 2340 3099 2410 regis
3112 2314 3485 2413 corpus,ante,

1873 2422 2251 2477 dilaceratum
2272 2427 2329 2477 et
2360 2428 2651 2490 truncum,
2671 2425 2771 2492 ita,
2796 2428 2858 2479 ut
2879 2426 3003 2497 jam
3026 2428 3481 2498 retulimus,uni-

1873 2513 1996 2563 tum
2029 2514 2087 2563 et
2117 2511 2513 2581 incorruptum
2542 2513 2774 2583 reperit,
2794 2514 3233 2583 tetigit,lavit,et
3252 2534 3484 2574 rursum

1874 2598 2036 2653 novis
2064 2603 2121 2652 et
2176 2598 2408 2670 optimis
2450 2600 2698 2655 vestibus
2727 2602 2993 2657 indutum
3037 2603 3231 2675 ligneo
3280 2606 3483 2663 locello

1875 2687 2503 2759 reposuit,benedicens
2522 2689 2829 2761 Deum,qui
2845 2691 3109 2745 mirabilis
3127 2700 3201 2746 est
3222 2695 3277 2747 in
3292 2696 3488 2749 sanctis

1874 2777 2004 2842 suis,
2065 2781 2115 2829 et
2164 2776 2426 2844 gloriosus
2467 2778 2522 2830 in
2576 2778 2818 2833 omnibus
2869 2780 3111 2850 operibus
3146 2782 3254 2835 suis
3309 2780 3481 2851 (Psal.

1878 2861 2059 2934 Lvm.)

1956 2951 2085 3005 XVI.
2110 2951 2234 3005 Non
2261 2949 2419 3021 piget
2438 2951 2653 3006 referre
2666 2952 2736 3005 de
2766 2953 3019 3024 quodam
3034 2970 3263 3027 magnae
3281 2959 3487 3029 poten-

1883 3038 1975 3094 tiae
2006 3038 2146 3105 viro,
2171 3038 2513 3094 Leot‘ustano
2545 3040 2842 3106 vocabulo,
2870 3041 2989 3112 qui,
3014 3042 3281 3112 juvenilis
3301 3044 3488 3100 aetatis

1883 3127 2167 3197 impetum
2199 3143 2317 3180 non
2364 3124 2682 3193 refrenans,
2715 3127 2788 3181 ad
2817 3127 2877 3182 id
2907 3128 3110 3199 ﬂagitii
3140 3131 3485 3186 lasciviendo

1886 3213 2164 3285 prorupit,
2194 3216 2255 3267 ut
2282 3213 2386 3266 sibi
2406 3213 2657 3285 quadam
2676 3213 2978 3285 singularis
2994 3218 3275 3286 potentia:
3289 3222 3488 3274 aucto-

1884 3301 2052 3355 ritate
2099 3299 2436 3371 prmciperet
2466 3301 2689 3354 ostendi
2738 3317 2945 3373 corpus
2997 3304 3142 3358 tanti
3192 3305 3484 3377 martyris.

1885 3388 2141 3458 Cumque
2174 3387 2587 3442 inhiberetura
2632 3388 2910 3458 pluribus,
2973 3392 3222 3446 maxime
3288 3397 3487 3449 tamen

1884 3492 1918 3529 a
1946 3474 2058 3528 suis
2082 3474 2364 3546 fidelibus,
2385 3475 2680 3545 praevaluit
2704 3475 3013 3545 imperium
3032 3479 3080 3548 ej
3091 3496 3172 3546 us;
3187 3481 3486 3551 quoniam,

1885 3564 2124 3634 prOpter
2149 3562 2545 3631 arrogantiam
2581 3578 2696 3615 sua:
2728 3563 3340 3628 nobilitatis.omnibus
3365 3571 3493 3621 erat

1884 3650 2389 3704 terrori.Reserato
2412 3665 2552 3720 ergo
2580 3650 2803 3716 locello,
2828 3650 3025 3717 astitit,
3049 3653 3286 3724 aspexit,
3310 3657 3369 3709 et
3392 3671 3491 3709 co-

1886 3739 2020 3793 dem
2052 3739 2351 3792 momento
2382 3737 2437 3790 in
2461 3736 2780 3791 amentiam
2826 3754 3054 3793 versum
3086 3740 3308 3796 tradidit
3338 3742 3491 3798 illum

1883 3826 2034 3881 Deus
2062 3828 2118 3879 in
2167 3825 2442 3895 reprobum
2488 3838 2697 3878 sensum
2730 3824 2911 3897 (Rom.
2945 3843 2981 3897 ι,
3035 3830 3155 3891 28):
3214 3845 3278 3884 ac
3322 3846 3493 3900 poena

1884 3932 1987 3970 sua
2040 3913 2239 3968 didicit
2267 3913 2401 3984 quia
2429 3912 2883 3986 prazsumpsisset
2936 3916 3093 3986 quod
3149 3933 3267 3972 non
3310 3918 3488 3973 licuit.

1957 4002 2121 4067 Quod
2151 4002 2390 4055 audiens
2407 4005 2571 4073 pater
2586 4001 2633 4071 ej
2644 4002 2818 4069 us,vir
2838 4003 3136 4074 religiosus
3151 4005 3490 4076 admodum,

1887 4091 1974 4146 cui
2008 4093 2131 4144 erat
2186 4090 2449 4161 Alfgarus
2501 4090 2863 4156 vocabulum,
2915 4092 3209 4147 exhorruit
3271 4094 3495 4150 facinus

1887 4177 2420 4249 ﬂagitiosissimum,
2454 4193 2519 4231 ac
2542 4177 2781 4249 martyri
2812 4178 3026 4249 gratias
3051 4181 3267 4244 retulit,
3290 4182 3496 4238 ﬁlium-

1888 4283 1998 4337 que
2027 4282 2137 4346 αρε
2162 4265 2538 4329 removit.Qui
2571 4265 2906 4333 tandem,ad
2928 4285 3219 4324 summam
3236 4270 3496 4341 inopiam

174 4375 268 4425 ne,
298 4361 383 4415 sui
406 4360 603 4416 obvius
628 4340 792 4413 factis
818 4340 1379 4423 mirabilibus,sonus
1406 4356 1652 4429 fragoris
1671 4374 1791 4415 cre-
1813 4340 1865 4399 D
1890 4340 2215 4428 perductus,
2260 4353 2476 4424 judicio
2508 4353 2609 4407 Dei
2664 4354 2839 4409 vitam
2870 4355 3073 4423 finivit,
3131 4374 3165 4412 a
3208 4340 3498 4414 vermibus

173 4447 275 4503 ber
296 4449 544 4506 custodis
582 4449 837 4520 pulsaret
884 4464 1052 4502 aures
1096 4446 1358 4501 interius.
1392 4445 1504 4500 Sed
1543 4446 1679 4517 quid
1704 4446 1787 4500 di-

173 4538 446 4593 cam?non
468 4553 634 4607 posse
656 4551 915 4606 surgere,
940 4535 1171 4607 quando
1197 4552 1301 4590 nec
1323 4534 1381 4588 in
1404 4550 1601 4589 vocem
1631 4547 1790 4607 pote-

171 4629 261 4679 rat
290 4625 626 4699 erumpere?
654 4623 913 4679 Tandem
970 4640 1143 4678 mane
1187 4622 1373 4677 adhuc
1419 4622 1790 4694 persistentes

174 4711 328 4768 fures
355 4715 410 4768 in
442 4717 633 4784 empto
665 4727 863 4784 opere,
891 4710 1294 4784 comprehensi
1325 4727 1359 4764 a
1390 4710 1644 4782 pluribus
1669 4714 1790 4765 tra-

174 4800 385 4857 duntur
412 4799 655 4857 vinculis
675 4800 1101 4866 arctioribus,et
1119 4798 1357 4857 tandem
1378 4799 1635 4869 prardicti
1657 4816 1787 4854 san-

174 4890 243 4944 cti
270 4891 517 4963 episcopi
546 4888 871 4943 Theodredi
895 4887 1113 4958 judicio
1165 4888 1508 4942 subduntur.
1545 4887 1651 4951 Qui
1679 4888 1787 4942 im-

177 4976 964 5048 praemeditatussententiam
979 4976 1157 5043 dedit,
1174 4992 1349 5048 quam
1370 4992 1429 5030 se
1445 4975 1668 5030 dedisse
1685 4991 1786 5046 po-

176 5070 291 5122 stea
318 5069 476 5123 omni
502 5071 773 5137 tempore
802 5065 931 5119 vita:
950 5081 1064 5118 sum
1095 5063 1381 5136 pmnituit.
1418 5064 1562 5117 Nam
1584 5081 1789 5118 omnes
1836 5104 1843 5115 .

175 5154 335 5212 simul
356 5156 528 5228 jussit
557 5152 720 5223 affigi
753 5153 1043 5224 patibulis,
1099 5169 1166 5207 eo
1199 5152 1354 5224 quod
1386 5151 1505 5206 ausi
1549 5152 1791 5207 fuissent

178 5244 375 5302 atrium
397 5247 583 5301 sancti
632 5241 959 5298 Eadmundi
988 5240 1262 5312 martyris
1291 5240 1497 5295 furtive
1526 5240 1787 5312 ingredi;

180 5349 288 5389 non
318 5336 601 5391 reducens
635 5332 712 5387 ad
759 5330 1130 5396 memoriam,
1179 5329 1334 5402 quod
1381 5330 1658 5383 Dominus
1691 5344 1793 5399 per

179 5424 510 5494 prophetam
525 5421 828 5477 admonet.
840 5420 999 5485 «Eos,
1013 5417 1110 5490 qui
1128 5417 1416 5471 ducuntur
1428 5417 1501 5471 ad
1519 5420 1764 5470 mortem
1776 5456 1789 5482 ,

177 5528 364 5569 eruere
388 5532 510 5569 non
529 5528 740 5576 cesses,
757 5530 785 5561 »
807 5510 1021 5564 factum
1038 5525 1263 5581 quoque
1284 5507 1446 5563 Elisci
1466 5507 1763 5580 prophetm
1777 5552 1792 5579 ,

175 5603 263 5673 qui
287 5602 649 5659 latrunculos
682 5599 751 5653 de
797 5598 1057 5655 Samaria
1104 5600 1297 5673 pastos
1328 5612 1475 5669 pane
1508 5600 1567 5650 et
1619 5610 1790 5669 aqua,

1891 4446 2279 4513 consumptus.
2305 4441 2507 4513 Sicque
2534 4446 2760 4496 sanctus
2782 4459 2876 4497 rex
2895 4448 2953 4499 et
2973 4448 3192 4518 martyr
3213 4447 3499 4502 Eadmun-

1893 4532 1998 4586 dus
2031 4530 2300 4585 omnibus
2329 4528 2581 4583 innotuit
2605 4547 2723 4584 non
2754 4548 2812 4585 se
2844 4548 2964 4587 esse
3012 4532 3349 4589 inferiorem
3373 4551 3496 4589 me-

1890 4619 2014 4673 ritis
2043 4616 2331 4672 Laurentii
2359 4616 2511 4671 beati
2542 4617 2726 4672 levita:
2776 4622 2834 4674 et
2860 4621 3146 4691 martyris,
3180 4622 3340 4693 cujus
3369 4639 3497 4679 cor-

1892 4725 2016 4780 pus,
2047 4709 2109 4760 ut
2139 4705 2317 4760 refert
2346 4705 2546 4759 beatus
2567 4708 2731 4778 pater
2759 4707 3231 4779 Gregorius,cum
3260 4711 3496 4782 quidam

1892 4813 1991 4850 seu
2023 4794 2182 4866 digni
2204 4810 2303 4847 seu
2333 4792 2559 4864 indigni
2590 4794 2778 4849 levare
2801 4796 3055 4850 volentes
3076 4797 3497 4867 conspicerent,

1889 4882 2130 4954 contigit
2157 4888 2215 4937 ut
2245 4886 2464 4954 septem
2497 4899 2562 4936 ex
2590 4882 2669 4937 eis
2696 4883 2911 4937 ibidem
2937 4885 3122 4939 subita
3142 4887 3325 4940 morte
3352 4885 3501 4956 peri-

1888 4976 2039 5027 rent.
2067 4973 2110 5026 Ο
2137 4974 2356 5043 quanta
2386 4972 2711 5025 reverentia
2731 4972 2888 5023 locus
2910 4971 3002 5026 ille
3034 4972 3239 5043 dignus
3261 4972 3496 5043 exstitit,

1890 5061 1988 5133 qui
2019 5061 2122 5114 sub
2158 5059 2345 5131 specie
2386 5057 2727 5113 dormientis
2781 5060 3007 5113 tantum
3053 5060 3257 5115 Christi
3291 5065 3497 5116 testem

1891 5150 2172 5215 continet,
2210 5152 2267 5202 et
2297 5147 2356 5201 in
2389 5164 2502 5219 quo
2536 5149 2712 5201 tanta:
2761 5145 2998 5201 virtutes
3048 5146 3214 5214 fiunt,
3247 5152 3305 5203 et
3334 5150 3500 5205 factae

1891 5256 2011 5293 esse
2038 5238 2391 5303 referuntur,
2417 5238 2660 5306 quantas
2697 5236 2804 5289 hac
2836 5238 3176 5306 tempestate
3202 5237 3357 5304 apud
3382 5240 3498 5293 An-

1894 5328 2019 5397 glos
2050 5342 2329 5395 nusquam
2351 5321 2848 5393 alibiaudivimusl
2883 5339 3023 5394 quas
3052 5337 3189 5392 ergo
3209 5322 3501 5380 brevitatis

1894 5413 2081 5468 studio
2114 5415 2417 5482 praetereo,
2444 5427 2514 5462 ne
2547 5409 3081 5479 alicnjusfastidiosi
3112 5409 3391 5465 offensam
3412 5412 3498 5468 in-

1894 5517 2187 5555 currerent
2213 5500 2366 5569 justo
2395 5496 2686 5567 prolixior,
2720 5500 2960 5554 credens
3012 5499 3116 5553 ista
3154 5515 3317 5571 posse
3348 5502 3501 5557 suffi-

1894 5605 2049 5655 core,
2082 5604 2209 5660 qua:
2236 5585 2386 5640 dicta
2409 5588 2559 5653 sunt,
2584 5586 2807 5642 ardenti
2837 5587 3123 5645 desiderio
3145 5604 3346 5645 eorum
3375 5588 3496 5661 qui,
