3882 6222
157 436 256 496 515

1274 433 1731 503 QUIESTIONES
1796 434 2391 501 GBAMMATICALES.

3390 462 3494 520 526

155 554 475 630 penultima
499 553 791 623 etbrevis,
820 553 1104 612 siaverbo
1126 571 1223 611 mo
1242 557 1631 630 compositum
1648 558 1770 615 fue-
1794 575 1845 636 Α
1886 560 1967 616 De
2000 578 2068 617 eo
2102 563 2251 635 quod
2306 567 2390 620 est
2421 564 2620 635 radico,
2679 567 2975 627 sciendum
3028 575 3112 629 est
3154 577 3306 650 quod
3355 580 3497 640 sicut

154 646 257 713 rit;
282 648 345 700 ut
368 661 526 711 eruo,
552 651 741 699 erutus
765 672 779 709 ς
812 644 991 711 obruo,
1024 645 1259 699 obrutus.
1302 647 1363 699 In
1392 646 1625 719 reliquis
1648 665 1776 719 pro-

155 733 401 799 ducitur,
436 736 502 786 ut
532 731 730 798 induo,
781 732 1029 799 indutus,-
1073 749 1226 800 exuo,
1271 740 1491 801 exutus,-
1552 736 1776 806 adjuvo,

153 823 392 893 adjutus,
422 821 582 876 unde
607 820 831 891 adjutor-
849 820 1176 891 etadjutrix.
1195 820 1360 885 Quod
1379 822 1424 876 si
1464 839 1493 876 o
1535 826 1670 877 ante
1699 831 1782 879 ius

150 910 455 976 exstiterit,
485 925 720 981 semper
741 908 853 963 erit
882 909 1079 980 longa,
1110 913 1171 964 ut
1188 925 1369 966 moveo
1395 918 1589 975 motus;
1603 913 1777 982 foveo,

146 1000 313 1069 foliis;
347 999 493 1065 loco,
524 998 680 1064 lotus,
714 997 871 1069 quod
911 1000 970 1052 et
1010 997 1186 1052 lautus
1222 998 1378 1053 facit.
1408 998 1667 1054 Tandem
1714 1018 1781 1055 ex

146 1086 485 1158 hujusmodi
516 1086 733 1158 regulis
773 1084 916 1140 scire
969 1086 1205 1157 potestis
1248 1087 1405 1158 quod
1432 1089 1775 1144 naturaliter

143 1176 461 1248 productas
505 1174 753 1247 syllabas
791 1173 1139 1245 penultimas
1177 1175 1672 1246 propteerutam
1722 1181 1780 1233 et

142 1262 437 1334 liquidam
471 1263 633 1317 nulla
660 1262 967 1319 necessitas
996 1263 1168 1318 metri
1198 1263 1456 1335 corripit,
1490 1280 1621 1320 cum
1648 1282 1775 1321 om-

149 1369 254 1408 nes
316 1353 466 1407 tales
524 1350 869 1406 naturaliter
913 1354 1193 1422 correptas
1243 1351 1483 1424 produci
1532 1353 1772 1425 possint.

144 1443 521 1513 Quapropter
546 1440 756 1496 Donati
777 1439 1158 1496 velPrisciani
1185 1440 1378 1511 potius
1402 1442 1616 1513 regulis
1637 1443 1773 1498 dare

141 1546 393 1603 operam
416 1529 658 1595 suadeo,
680 1544 855 1600 quam
873 1528 1185 1584 audacibus
1200 1529 1506 1600 juniorum
1525 1530 1771 1586 inventis

143 1635 208 1672 ex
240 1617 585 1688 improviso,
613 1619 673 1670 et
701 1616 893 1671 dicere
919 1616 976 1671 in
1002 1632 1171 1688 prosa
1193 1617 1514 1688 penultima
1537 1633 1775 1703 correp:

139 1709 221 1772 ta,
253 1705 665 1771 candelabrum,
696 1704 990 1771 delubrum,
1042 1711 1306 1771 aratrum,
1331 1704 1611 1760 lavacrum
1640 1709 1697 1761 et
1726 1710 1772 1761 sl

140 1809 259 1864 qua
285 1797 423 1847 sunt
447 1792 679 1859 similia,
707 1796 918 1863 praeter
948 1792 1045 1847 illa
1068 1810 1196 1865 quae
1236 1797 1473 1864 excepta
1502 1797 1658 1857 sunt,
1714 1798 1771 1850 et

1883 650 2029 705 fiunt
2062 652 2239 707 verba
2267 670 2333 707 ex
2384 655 2618 727 obliquo
2655 675 2787 712 casu
2818 662 3070 719 nominis
3102 669 3289 722 neutri
3318 687 3492 739 gene-

1882 736 1978 804 ris,
2007 740 2068 792 ut
2100 756 2311 807 munus,
2343 746 2597 810 muneris,
2629 762 2862 813 munero,
2913 766 3185 820 muneras,
3222 759 3278 810 et
3314 757 3492 828 decus,

1880 825 2100 893 decoris,
2130 827 2337 898 decoro,
2370 831 2585 886 decoras
2616 852 2633 899 ;
2669 836 2818 890 unde
2849 837 3075 895 Flaccus
3100 858 3113 895 :

2002 935 2070 981 Ac
2095 935 2223 983 bene
2249 944 2569 987 nummatum
2595 939 2798 991 decorat
2837 944 3045 995 suadela
3076 949 3359 1015 Venusque.

1880 1028 2162 1114 sicetiam
2190 1034 2365 1102 index,
2418 1036 2626 1105 indicis,
2659 1040 2851 1109 indico,
2891 1044 3112 1112 indicas;
3140 1049 3344 1119 fornix,
3374 1054 3491 1123 for-

1878 1119 2035 1185 nicis;
2066 1121 2298 1189 fornico,
2332 1124 2600 1192 form‘car;
2629 1130 2833 1199 cornix,
2865 1136 3108 1204 cornicis,-
3134 1141 3361 1208 cornico,
3384 1159 3497 1198 cor-

1876 1209 2050 1275 nicar;
2075 1211 2229 1265 unde
2259 1212 2487 1270 Persius
2516 1233 2528 1270 :

1999 1315 2178 1366 Nescio
2201 1318 2322 1381 quid
2353 1324 2519 1371 tecum
2545 1338 2702 1388 grave
2726 1328 2998 1379 corniearis
3020 1331 3220 1399 inepte;

1875 1414 1933 1466 et
1956 1414 2137 1483 radix,
2175 1417 2393 1485 radicis;
2421 1421 2624 1490 radico,
2650 1424 2867 1481 radicas
2885 1444 2905 1484 .'
2927 1430 3078 1485 unde
3110 1436 3195 1488 est
3223 1433 3359 1491 illud
3384 1453 3398 1492 :

1999 1520 2210 1571 Radicet
2237 1522 2356 1573 altis
2383 1526 2633 1576 sensibus.

1874 1615 1969 1670 Est
1998 1617 2155 1673 enim
2172 1619 2421 1677 dimeter
2440 1623 2854 1702 iambicus,qui
2885 1630 2941 1686 in
2969 1634 3489 1714 AmbrosiamsUiS)

1872 1703 2063 1774 primo
2078 1706 2203 1761 loco
2217 1725 2447 1782 semper
2460 1712 2652 1769 iambo
2667 1719 2754 1771 vel
2768 1721 3041 1789 spondam
3066 1728 3149 1778 est
3165 1703 3488 1785 contentus;

1871 1792 2089 1848 Utvero
2103 1797 2425 1865 penultima
2452 1802 2662 1873 corripi
2680 1811 2938 1875 putetur,
2959 1811 3161 1865 Phocea
3183 1817 3491 1872 auctoritas

141 1897 327 1935 unum
360 1897 582 1935 nomen
612 1882 840 1942 october,
866 1884 927 1934 ut
955 1884 1083 1951 post
1108 1881 1350 1935 modum
1387 1882 1609 1953 queatis
1632 1899 1770 1954 pro-
1795 1903 1846 1960 Β
1870 1883 2169 1975 compulit,
2203 1886 2299 1956 qui
2326 1886 2517 1958 ipsum
2542 1907 2757 1946 nomen
2790 1894 2943 1951 inter
2973 1905 3240 1972 correpta
3262 1904 3486 1975 excipit,

142 1967 359 2025 ducere
386 1969 559 2024 metri
598 1968 957 2024 necessitate.

210 2061 266 2112 5.
308 2060 392 2113 De
422 2057 665 2113 nomine
712 2057 867 2130 quod
917 2061 1003 2111 est
1051 2059 1241 2112 mulier
1282 2059 1602 2133 requisistis
1653 2077 1765 2132 quo

142 2150 387 2200 accentu
414 2147 541 2217 ejus
562 2145 846 2217 genitivus
872 2145 1081 2201 debeat
1111 2147 1494 2217 pronuntiari.
1530 2150 1608 2203 De
1650 2165 1765 2220 quo

142 2234 442 2289 sciendum
457 2233 714 2306 estquia,
733 2234 992 2306 quamvis
1004 2235 1053 2305 ej
1065 2252 1126 2289 us
1140 2235 1461 2308 penultima
1474 2237 1660 2292 brevis
1672 2237 1763 2306 sit,

142 2323 448 2394 euphoniae
461 2339 636 2378 causa
648 2325 793 2378 solet
807 2323 950 2390 acui,
966 2324 1110 2378 sicut
1121 2328 1178 2378 et
1192 2326 1366 2380 verba
1377 2325 1652 2396 cale/ario,
1674 2344 1763 2382 ca-

143 2410 342 2481 lefacis.
365 2412 512 2466 Cum
528 2412 689 2467 enim
708 2428 885 2467 omne
905 2428 1121 2467 nomen
1144 2413 1514 2485 dissyllabum
1533 2418 1591 2470 et
1607 2415 1765 2471 dein“

140 2508 271 2572 ceps
302 2500 363 2554 in
403 2517 463 2553 er
493 2499 769 2555 desinens
796 2499 1104 2567 brevietur,
1139 2501 1184 2554 si
1214 2501 1498 2573 genitivus
1523 2503 1645 2574 ejus
1675 2520 1764 2558 su-

140 2603 244 2658 pra
300 2587 448 2642 duas
476 2586 724 2658 syllabas
755 2587 1084 2655 excreverit,
1117 2605 1346 2660 semper
1374 2591 1761 2660 penultimam

144 2672 403 2746 corripit,
421 2673 532 2728 nisi
549 2673 756 2744 positio
774 2672 945 2741 adsit,
967 2679 1065 2729 aut
1083 2675 1401 2747 penultima
1420 2677 1761 2733 nominativi

146 2760 493 2816 naturaliter
517 2761 801 2833 producta
824 2761 917 2832 sit,
947 2765 1011 2817 ut
1042 2762 1283 2830 October,
1325 2764 1554 2828 saluber,
1607 2784 1764 2838 eque-

144 2854 270 2903 ster.
1232 2906 1239 2913 .

205 2936 289 2992 De
312 2936 670 3008 pronomine
692 2952 942 3009 quoque,
958 2939 1021 2991 ut
1036 2937 1380 3009 quibusdam
1393 2941 1762 3014 placet,quod

140 3027 225 3078 est
250 3025 411 3091 alter,
437 3023 686 3091 alterius,
718 3040 851 3079 cum
871 3028 1145 3097 sequatur
1172 3028 1434 3097 regulam
1469 3031 1762 3100 pronomi-

139 3128 279 3168 num
308 3113 372 3168 in
397 3116 481 3167 ius
501 3113 917 3181 desinentium,
945 3130 1072 3185 quae
1098 3114 1159 3169 in
1190 3131 1362 3186 prosa
1375 3118 1759 3189 penultimam

140 3202 489 3272 producunt,
522 3202 634 3257 hoc
663 3203 850 3257 solum
890 3201 1188 3275 excipitur,
1245 3208 1555 3276 propterea
1603 3207 1758 3279 quod

138 3291 324 3346 solum
352 3291 498 3346 duas
525 3291 773 3363 syllabas
801 3291 930 3362 plus
948 3291 1201 3346 habetin
1228 3293 1481 3365 genitivo
1505 3295 1756 3367 quamin

139 3380 520 3436 nominativo.
544 3381 607 3433 In
640 3379 843 3450 quinta
871 3395 1101 3452 quoque
1150 3380 1535 3437 declinatione
1589 3383 1756 3437 unius

137 3467 667 3539 genitivitrisyllabi
681 3468 1062 3538 penultimam
1078 3469 1289 3542 corripi
1308 3470 1365 3524 in
1383 3487 1553 3542 prosa
1565 3471 1754 3525 sciatis

134 3559 196 3607 at
218 3555 373 3624 ﬁdes,
402 3556 551 3625 ﬁdei;
569 3555 706 3627 quia
735 3571 853 3610 non
882 3555 1059 3611 habet
1087 3559 1110 3611 ι’
1136 3562 1268 3613 ante
1289 3576 1335 3624 e,
1362 3559 1506 3614 sicut
1533 3560 1761 3615 habent

134 3643 1065 3717 reliquatrisyllabagenitivorum
1087 3645 1494 3702 declinationis
1510 3647 1748 3720 quintae.

200 3734 255 3786 6.
283 3733 472 3789 Verba
491 3748 725 3806 quoque
755 3733 1068 3803 proposita,
1089 3750 1217 3806 quin
1237 3739 1376 3789 sunt
1396 3736 1578 3798 irrito,
1610 3755 1749 3792 asse-

131 3836 269 3888 vero,
296 3837 596 3892 perseveno,
647 3820 851 3888 radico,
896 3826 955 3876 et
986 3839 1053 3877 ex
1090 3838 1158 3878 eo
1211 3824 1598 3896 compositum
1630 3842 1748 3881 era-

129 3906 264 3974 dico;
293 3910 466 3980 relego
490 3913 553 3965 et
581 3909 773 3979 allego,
801 3911 990 3981 instigo
1006 3913 1065 3965 et
1089 3911 1330 3983 subrepo,
1368 3915 1564 3968 notate
1595 3930 1751 3969 sem-

134 4011 233 4065 per
255 3997 595 4068 penultimis
624 3997 937 4070 productis.
964 4000 1044 4055 De
1082 4015 1152 4054 eo
1185 4000 1423 4073 quidem
1454 4002 1613 4074 quod
1666 4006 1752 4059 est

134 4084 280 4140 irrito
308 4086 580 4159 Virgilius
607 4087 687 4141 sic
720 4086 802 4141 ait
826 4086 884 4143 in
906 4103 942 4142 ι
972 4103 989 4142 :

252 4183 515 4248 lrritatqne
536 4183 704 4232 virum
730 4184 843 4232 telis
867 4188 919 4233 et
946 4198 1068 4234 voce
1088 4184 1313 4234 lacessit.

136 4258 263 4316 licet
289 4263 529 4335 quidam
562 4263 763 4318 vitiose
801 4263 1077 4336 scriptum
1125 4266 1323 4338 legant
1377 4267 1559 4321 irritat
1588 4273 1747 4340 atque

139 4540 321 4582 101νῖ

254 4622 395 4672 illam
420 4630 550 4673 terra
570 4637 757 4687 parens
778 4623 858 4672 ira
877 4624 1075 4674 irritata
1104 4627 1339 4678 deJrum.

142 4707 241 4765 Nec
266 4729 362 4768 vos
385 4713 579 4769 turbet
607 4713 768 4785 quod
795 4715 998 4784 irritus,
1029 4718 1205 4785 irrita,
1243 4718 1465 4773 irritum
1486 4719 1741 4792 penulti~

143 4814 225 4854 ma
254 4806 520 4874 correpta
546 4802 813 4870 dicimus,
846 4807 908 4858 ut
934 4804 1091 4861 idem
1128 4806 1390 4879 Virgilius
1421 4807 1479 4864 in
1510 4826 1543 4863 v
1575 4828 1592 4865 :

255 4901 374 4949 Ante
390 4903 554 4951 locum
576 4908 627 4951 et
651 4901 803 4951 variis
826 4905 1091 4953 assultibus
1112 4903 1287 4955 irritus
1310 4914 1470 4971 urget.

154 4967 285 5033 Idem
309 4980 366 5035 in
396 4998 429 5037 x
464 4997 478 5036 :

255 5078 392 5129 irrita
414 5079 616 5130 deﬂexit
640 5082 828 5144 partim
855 5083 1149 5147 stringentia
1181 5100 1378 5150 corpus.

156 5145 288 5214 Quod
311 5178 544 5218 assevero
577 5161 928 5217 ditrochaeus
952 5145 1042 5230 sit,
1073 5165 1216 5220 sicut
1246 5170 1302 5222 et
1331 5184 1631 5238 persevero,
1666 5185 1735 5225 ex

156 5247 357 5304 nomine
369 5251 889 5322 agnoscitur,quod
908 5256 992 5306 est
1012 5270 1238 5321 severus,
1267 5271 1335 5310 ex
1353 5274 1465 5329 quo
1479 5261 1732 5313 tractum

153 5330 357 5418 Videtur.
391 5341 484 5394 Est
508 5339 675 5395 enim
704 5356 912 5393 severus
940 5343 1402 5418 amphibrachys,
1426 5349 1568 5403 teste
1593 5349 1734 5402 Pru-

157 5413 318 5483 dentio
341 5426 396 5483 in
421 5427 881 5502 Psychomachia
914 5444 927 5484 :

256 5527 418 5579 Fronte
442 5541 654 5577 severus
679 5525 859 5584 adhuc,
891 5535 941 5575 et
972 5527 1130 5578 multo
1153 5528 1327 5581 funere
1346 5532 1579 5583 anbelus.

216 5661 307 5740 (48)
325 5660 563 5737 Hymnis
594 5658 828 5717 scilicet.

1868 1967 2002 2024 licet
2023 1972 2307 2042 producta
2339 1975 2549 2047 ubique
2580 1977 2827 2035 inveniri
2854 1985 3051 2053 possit,
3082 1967 3159 2041 ut-
3182 1967 3446 2061 Virgilius

1994 2078 2090 2126 Aut
2119 2078 2200 2127 Ida
2228 2078 2278 2126 in
2302 2094 2487 2144 magna
2516 2083 2771 2134 radicibus
2797 2094 2943 2137 eruta
2972 2090 3141 2152 pinus.

1868 2172 2084 2228 Horum
2107 2191 2358 2248 namque
2371 2182 2619 2249 quatuor
2632 2198 2758 2253 quae
2781 2186 3015 2255 protuli,
3032 2188 3145 2243 duo
3162 2190 3488 2260 penultima

1866 2260 2182 2334 genitivam
2213 2265 2558 2337 corripiunt,
2592 2268 2649 2323 id
2682 2273 2765 2324 est
2816 2273 2971 2328 index
3020 2278 3078 2330 et
3102 2278 3320 2347 form'r;
3371 2281 3484 2337 duo

1863 2350 2213 2421 producunt,
2242 2352 2299 2407 id
2330 2356 2414 2408 est
2444 2359 2628 2410 cornix
2652 2362 2709 2413 et
2740 2360 2913 2415 radir.
2960 2362 3153 2434 Relego
3184 2369 3242 2419 et
3285 2367 3478 2438 allego,

1864 2442 2061 2493 notate
2077 2440 2231 2511 quod
2243 2441 2334 2496 sia
2347 2444 2518 2499 verbo
2534 2446 2737 2516 prima:
2754 2449 3179 2522 conjugationis
3193 2461 3487 2526 ponantur

1865 2542 2097 2599 semper
2126 2530 2449 2600 penultima
2477 2534 2847 2605 producitur;
2878 2538 2965 2592 sin
2997 2556 3030 2593 a
3072 2542 3239 2597 tertia
3279 2545 3479 2616 conju-

1864 2615 2100 2686 gatione
2120 2617 2334 2689 gaudet
2350 2621 2715 2693 correptione
2736 2624 2845 2696 (49)
2866 2626 3015 2681 unde
3039 2632 3143 2695 est,
3163 2631 3373 2702 culpam
3389 2615 3482 2688 ire-

1864 2701 1995 2773 leget
2025 2703 2306 2759 lubricam.
2364 2707 2461 2762 Est
2512 2726 2741 2782 quoque
2790 2712 2880 2767 hic
2910 2714 3158 2772 dimeter
3177 2701 3476 2775 iambicus.

1861 2791 2005 2846 Nam
2036 2792 2167 2861 lego,
2192 2793 2352 2862 legas,
2374 2796 2529 2866 quod
2547 2802 2633 2852 est
2651 2800 2940 2871 legatione
2966 2804 3200 2876 iungor,
3226 2808 3379 2863 unde
3394 2810 3478 2864 le-

1862 2883 2046 2951 gatus,
2078 2880 2302 2949 missus,
2331 2882 2571 2956 longam
2601 2888 2777 2943 habet
2803 2890 2866 2957 le,
2906 2891 3016 2962 lego
3046 2911 3203 2965 vero,
3235 2898 3382 2968 legis,
3414 2898 3476 2953 in

1862 2985 2201 3042 quacunque
2230 2971 2341 3027 alia
2365 2973 2785 3045 signiﬁcatione
2818 2987 3170 3055 correptam,
3226 2986 3370 3042 sicut
3419 2990 3477 3042 et

1836 3057 1988 3127 ligo,
2016 3058 2172 3129 ligas,
2224 3060 2375 3116 unde
2429 3064 2703 3135 religatus,
2748 3067 2808 3123 id
2852 3074 2938 3124 est
2986 3071 3197 3129 iterum
3227 3075 3471 3131 vinctus.

1784 3183 1831 3243 α
1861 3144 2163 3243 Quomodo
2177 3151 2678 3218 pronuntiandum
2700 3157 2771 3211 sit
2784 3158 3266 3235 instigo,Virgilius
3284 3170 3476 3221 osten-

1860 3231 1943 3287 dit
1980 3233 2137 3289 inv:

1982 3340 2226 3404 lnstigant
2254 3343 2453 3404 studiis,
2484 3357 2689 3398 resonat
2712 3350 3015 3403 clamoribus
3044 3357 3223 3414 aether.

1857 3436 2073 3491 Eodem
2102 3441 2277 3495 modo
2295 3441 2579 3513 investigo,
2595 3449 2813 3515 castigo,
2829 3449 3053 3521 inspice.
3067 3452 3304 3526 Subrepo
3325 3474 3471 3529 quo-

1856 3542 1989 3597 que,
2020 3526 2064 3581 si
2096 3544 2131 3581 a
2161 3529 2335 3613 verbo
2368 3532 2524 3601 quod
2554 3537 2640 3587 est
2668 3552 2787 3605 repo
2830 3541 3217 3610 componitur,
3252 3526 3467 3614 produ-

1852 3614 2040 3669 ctione
2062 3616 2317 3683 lsetatur,
2338 3617 2423 3671 sin
2444 3634 2478 3671 a
2504 3624 2675 3690 rapio,
2703 3625 3043 3694 corripitur;
3075 3631 3133 3681 et
3160 3629 3299 3685 illud
3317 3649 3467 3703 prae-

1851 3702 2086 3757 teritum
2118 3703 2373 3776 subrepsi,
2406 3704 2557 3761 istud
2582 3708 2718 3763 facit
2741 3712 3002 3783 subripui.
3034 3752 3039 3755 μ

1922 3795 1974 3844 7.
2002 3790 2211 3858 Eraro,
2264 3792 2476 3861 denoto,
2507 3798 2858 3865 penultimas
2879 3802 3217 3877 corripiunt,
3251 3809 3313 3862 ut
3340 3807 3464 3863 Vir-

1850 3878 2018 3951 gilius
2038 3879 2097 3934 in
2118 3880 2310 3952 primo
2338 3882 2658 3955 Georgicon
2689 3904 2703 3941 :

1975 3984 2147 4034 Nudus
2167 4000 2270 4045 ara,
2301 4000 2417 4036 sere
2447 3990 2623 4050 nudus,

1850 4084 1917 4139 Et
1940 4084 2206 4139 Horatius
2231 4101 2244 4140 :

1975 4193 2188 4240 Paterna
2208 4206 2325 4242 rura
2344 4192 2507 4244 bobus
2532 4202 2709 4247 exarat
2733 4198 2836 4249 suis
2857 4219 2869 4259 ;

1847 4288 1944 4362 qui
1976 4306 2169 4345 versus
2196 4290 2461 4348 trimeter
2494 4296 2578 4349 est
2608 4295 2885 4355 iambicus
2917 4303 3070 4359 totus
3093 4306 3226 4363 solis
3252 4308 3463 4367 iambis

137 4350 309 4404 cirum
342 4352 473 4418 telis,
502 4351 659 4423 quod
694 4351 850 4406 nullo
872 4353 1046 4407 modo
1078 4368 1243 4450 posse
1265 4353 1408 4450 fieri,
1429 4354 1569 4450 ordo
1844 4350 2215 4450 έοωρυείωε,

137 4437 385 4506 positive
416 4438 843 4511 conjunctionis
870 4440 1141 4496 ostendit.
1176 4442 1245 4495 Et
1294 4441 1450 4498 idem
1482 4442 1745 4517 Virgilius
1771 4468 1823 4528 Ι)
1845 4437 2109 4522 Ηοπδξιίαε
2136 4484 2149 4523 ε

2249 4380 2492 4451 Demeto,
2512 4384 2781 4451 demoror,
2808 4391 3143 4462 penultimis
3158 4401 3456 4472 correptis.

1904 4572 2091 4647 Accidit
2107 4580 2160 4647 ut
2182 4574 2391 4647 quidam
2418 4580 2573 4628 testes
2600 4580 2914 4647 caudamque
2939 4586 3177 4639 salacem.

1972 4637 2254 4687 Demeteret
2276 4637 2424 4688 ferro.

1842 4732 2114 4807 Virgilius
2147 4736 2207 4791 in
2239 4755 2272 4793 x
2305 4756 2323 4791 :

1963 4845 2127 4893 Turne
2157 4845 2246 4894 sed
2272 4844 2445 4894 infelix
2468 4810 2688 4896 Teucros
2713 4849 2835 4912 quid
2858 4852 3089 4905 demoror
3106 4860 3279 4918 armis,

1837 4916 1917 4987 De
1943 4949 2011 4989 eo
2035 4934 2191 5006 quod
2218 4938 2304 4991 est
2326 4935 2514 4990 eritan
2538 4936 2799 4991 Lucanus
2828 4937 2887 4993 in
2920 4947 3125 5013 quarto
3160 4963 3173 5001 :

1962 5040 2169 5089 Exhalat
2185 5040 2395 5090 nebulas
2420 5040 2669 5105 quidquid
2699 5057 3026 5097 concrescere
3053 5051 3266 5112 primus.

1834 5135 1902 5191 Et
1931 5136 2002 5192 de
2033 5153 2102 5194 eo
2133 5138 2289 5210 quod
2321 5140 2407 5193 est
2436 5154 2598 5193 mana
2624 5138 2894 5211 Virgilius
2917 5142 2976 5198 in
3004 5162 3063 5199 ιη
3095 5163 3110 5201 :

1956 5246 2080 5292 Tum
2103 5242 2300 5308 gelidus
2324 5250 2430 5291 toto
2455 5242 2694 5292 manabat
2717 5258 2925 5308 corpore
2961 5250 3134 5302 sudor.

1832 5342 1911 5395 De
1970 5357 2037 5395 eo
2069 5340 2247 5396 etiam
2277 5339 2433 5411 quod
2482 5343 2568 5393 est
2594 5341 2796 5410 inﬁdus
2836 5349 2894 5402 et
2936 5351 3166 5422 gctulus,
3194 5354 3455 5417 Lucanus

1832 5446 1893 5483 ιη
1924 5445 2027 5483 ινε

1959 5533 2242 5598 lnﬁdusque
2262 5534 2405 5583 novis
2431 5534 2639 5586 ducibus
2662 5539 2943 5607 dubiusque
2968 5548 3140 5612 priori,

1919 5666 2036 5739 (49)
2065 5668 2205 5723 Cod.
2229 5669 2597 5741 productione.
