3882 6222
470 431 572 492 327

1497 413 1556 478 S.
1584 409 1880 476 ABBONIS
1919 407 2208 470 ABBATIS
2238 403 2737 470 FLORIACENSIS

3623 406 3703 478 528

470 554 538 610 Et
561 569 574 610 ε
2086 536 2141 594 Α
2168 535 2378 606 guatur
2398 532 2592 604 pulsus
2607 529 2664 586 in
2685 527 2984 585 labrorum
3001 523 3329 600 agitatione,
3349 522 3419 582 ad
3429 541 3611 582 sonum
3628 533 3645 582 t
3663 531 3708 584 et

594 655 784 708 Inculto
813 652 1016 706 Getulus
1034 666 1210 718 equus.

465 755 708 827 Difﬁdit,
753 753 985 820 discidit,
1030 750 1074 806 si
1121 767 1155 805 a
1183 747 1329 822 [inda
1387 746 1474 801 vel
1521 744 1700 799 scindo
1748 739 2067 814 composita

467 847 620 912 sunt,
647 841 1027 917 penultimam
1065 837 1404 908 corripiunt.
1434 833 1730 890 Horatius:

591 949 776 998 Difﬂdit
797 948 995 997 urbium
1318 981 1322 984 .

595 1017 764 1063 Pax-tas
789 1011 862 1060 vir
891 1009 1105 1069 Macedo,
1135 1012 1186 1056 et
1214 1005 1411 1055 subruit
1436 1001 1663 1053 aemulos.

466 1114 560 1168 Est
583 1111 741 1166 enim
777 1109 980 1180 difﬁdit
1015 1107 1233 1161 urbium
1283 1101 1652 1158 choriambus
1682 1113 1812 1153 cum
1841 1094 2066 1169 pyrrhi-

464 1202 614 1271 chio;
649 1199 855 1254 deinde
895 1195 1152 1268 sequitur
1203 1209 1396 1247 versus
1449 1187 1856 1262 asclepiadeus.
1907 1183 2066 1239 Idem

467 1289 729 1346 Horatius
750 1285 1046 1360 glyconico
1076 1299 1241 1339 versu
1271 1298 1285 1337 :

587 1394 936 1458 Nequidquam
963 1393 1091 1442 Deus
1124 1389 1356 1438 abscidit.

538 1498 592 1551 8.
616 1495 729 1550 Nec
758 1507 859 1546 vos
885 1492 1026 1544 latet
1055 1487 1210 1561 quod
1232 1483 1432 1541 omnia
1458 1479 1752 1555 praeterita
1779 1474 2067 1550 participii

467 1581 787 1640 desinentia
815 1579 874 1634 in
902 1595 990 1632 sus
1002 1575 1387 1650 penultimam
1400 1571 1746 1644 producunt,
1762 1581 1870 1620 aca
1882 1563 2069 1619 verbis

467 1670 732 1727 secundm
745 1672 804 1724 et
827 1667 1007 1722 tertia:
1033 1660 1460 1735 conjugalionis
1475 1657 1803 1722 veniunt;ex
1819 1666 2069 1725 quorum

467 1760 720 1816 secunda
737 1773 985 1830 persona
1002 1752 1302 1827 praesentis
1317 1747 1597 1820 temporis
1612 1743 1846 1816 agnosci
1859 1740 2072 1814 poterit

466 1851 720 1922 ejusdem
742 1829 1040 1920 participii
1063 1841 1383 1917 penultima
1397 1841 1604 1894 natura
1619 1852 1692 1889 an
1705 1832 1989 1906 positione
2001 1829 2072 1884 sit

2165 620 2202 674 d
2232 621 2366 676 satis
2409 635 2648 692 parvam
2699 615 3086 672 differentiam
3115 615 3302 682 faciat,
3351 615 3480 670 dum
3507 615 3662 670 resilit
3681 633 3708 671 a

2166 709 2435 765 dentibus
2464 705 2766 762 summitas
2799 705 3028 777 linguas,
3059 704 3246 776 sicque
3278 703 3341 758 fit
3366 707 3424 757 ut
3446 703 3603 758 etiam
3627 721 3708 776 per

2165 814 2225 852 se
2246 797 2444 868 positae
2468 793 2716 850 inveniri
2742 793 2982 866 possint,
3029 790 3484 864 quandoquidem
3511 791 3709 846 dicimus

2167 887 2448 958 quingenti
2469 901 2573 957 pro
2596 883 2950 956 quincenti,et
2961 886 3110 938 actus
3134 896 3237 952 pro
3265 886 3432 950 agtus,
3448 881 3500 934 et
3513 879 3709 951 scriptus

2166 990 2272 1046 pro
2303 973 2547 1040 scribtus,
2573 975 2630 1028 et
2654 973 2844 1026 attinet
2873 987 2978 1043 pro
3008 969 3234 1038 adtinet,
3261 971 3320 1024 et
3353 968 3412 1024 id
3429 984 3591 1041 genus
3612 969 3710 1040 plu-

2167 1077 2338 1117 rima.

2236 1153 2318 1206 l0.
2355 1151 2590 1206 Constat
2617 1149 2790 1222 igitur
2821 1165 2889 1204 ex
2940 1148 3029 1204 his
3059 1163 3184 1220 quae
3234 1146 3380 1202 dicta
3411 1149 3536 1201 sunt
3569 1163 3593 1200 ε
3617 1149 3665 1201 et
3685 1164 3712 1216 g

2165 1255 2312 1310 pene
2327 1238 2622 1311 aequaliter
2631 1237 2989 1309 pronuntiari
2999 1239 3291 1308 ,sequente
3302 1234 3539 1308 qualibet
3549 1233 3714 1290 vocali.

2166 1327 2278 1382 Sed
2314 1327 2494 1382 tribus
2513 1327 2820 1393 vocalibus,
2843 1325 2901 1380 id
2922 1328 3007 1380 est
3032 1340 3087 1392 α,
3108 1341 3159 1392 o,
3187 1341 3243 1392 u,
3264 1341 3356 1378 eas
3375 1322 3712 1396 sequentibus,

2167 1415 2437 1470 omnibus
2464 1415 2648 1470 ferme
2666 1418 2871 1470 notum
2893 1417 2979 1468 est
3002 1413 3159 1486 quod
3183 1416 3386 1468 sonant
3404 1411 3460 1466 in
3479 1411 3710 1465 faucibus.

2168 1503 2310 1558 Cum
2341 1519 2474 1558 vero
2501 1520 2528 1557 c
2561 1503 2811 1557 litteram
2842 1505 3160 1574 sequuntur
3188 1500 3245 1554 in
3274 1499 3468 1554 eadem
3491 1497 3714 1570 syllabae

2167 1592 2307 1658 veli,
2329 1591 2610 1646 trifariam
2642 1591 2787 1645 solet
2806 1589 3191 1660 pronuntiari,
3219 1591 3432 1642 etnunc
3451 1586 3654 1658 quidem
3667 1589 3715 1639 ut

2169 1679 2288 1734 fore
2301 1679 2560 1734 videatur
2570 1695 2776 1733 sonare
2795 1677 3110 1749 g,maxime
3131 1695 3154 1730 s
3179 1676 3544 1748 praecedente,
3561 1677 3613 1729 ut
3631 1692 3716 1728 sus-

2169 1769 2323 1838 cipio,
2365 1769 2584 1839 suscepi,
2638 1769 2880 1837 suscepit;
2928 1781 3084 1820 nunc
3113 1769 3306 1820 autem
3335 1780 3462 1819 cum
3506 1763 3715 1835 quodam

2171 1855 2356 1923 sibilo,
2389 1872 2454 1910 ac
2481 1855 2574 1909 sis
2606 1855 2682 1910 illi
2715 1857 2951 1920 haereat,
2981 1857 3042 1908 ut
3064 1855 3237 1925 cujus,
3267 1855 3442 1923 capit:
3467 1851 3604 1924 quod
3619 1866 3715 1904 ma-

467 1941 666 2010 Ῑοηὲθν
699 1935 978 2008 quoniam
1007 1931 1114 1987 ηίδί
1144 1931 1202 1986 in
1233 1931 1361 1984 inus
1383 1925 1649 2015 δθουηᾷίξ
1680 1937 1941 2015 Persona?
1969 1935 2070 1992 Ρθ·
2097 1937 2149 1996 Β
2171 1944 2258 2015 gis
2282 1945 2428 1998 solet
2447 1943 2568 1997 fieri
2601 1943 2698 1998 ubi
2728 1949 2748 1996 t
2775 1942 3064 2014 profertur
3084 1956 3269 1996 sonos
3287 1941 3346 1996 in
3364 1937 3618 2011 principio
3632 1937 3717 2008 syl-
3813 1939 3815 1944 ’

469 2026 715 2082 nultima
739 2023 945 2096 positio
971 2022 1062 2088 sit,
1096 2020 1153 2074 in
1186 2017 1425 2091 praefato
1452 2012 1750 2086 participio
1773 2025 2072 2081 nunquam

471 2114 600 2182 erit;
633 2111 884 2184 exceptis
923 2110 1090 2175 sedeo,
1125 2107 1296 2178 fodio,
1327 2105 1528 2177 quatio,
1547 2102 1750 2174 patior,
1775 2106 1949 2170 pateo,
1981 2115 2074 2152 ca-

469 2220 576 2269 reo,
600 2217 785 2255 maneo
823 2201 883 2253 et
902 2197 1046 2264 cedo,
1079 2195 1234 2268 quod
1289 2196 1374 2248 est
1409 2193 1599 2247 locum
1627 2189 1716 2252 do,
1747 2190 1806 2242 et
1829 2202 1958 2258 quae
2005 2201 2074 2240 ex

469 2290 558 2346 his
585 2285 1109 2361 componuntur.Et
1121 2281 1406 2356 positione
1424 2278 1820 2350 producuntur
1839 2273 2071 2339 mordeo,

471 2395 694 2444 morsus,
725 2375 889 2446 ﬁndo,
919 2376 1090 2443 ﬁssus;
1122 2373 1330 2425 natura
1353 2384 1508 2435 vero,
1541 2365 1700 2432 caedo,
1731 2380 1909 2428 casus,
1945 2361 2074 2431 ﬁdo,

469 2469 615 2538 ﬁsus,
646 2469 705 2520 et
734 2464 846 2519 alia
876 2461 1148 2534 plurima,
1171 2475 1301 2531 quae
1331 2455 1542 2511 idcirco
1573 2451 1846 2526 proposui
1865 2453 1928 2504 ut
1958 2465 2074 2504 non

473 2556 662 2610 solum
691 2551 924 2622 scripto,
943 2549 1042 2604 sed
1072 2547 1250 2602 etiam
1271 2560 1414 2599 sono
1446 2539 2005 2612 distinguatis,/isum
2021 2540 2081 2592 et

471 2644 674 2713 ﬁssum,
705 2655 892 2694 caesum
917 2641 975 2691 et
1001 2651 1219 2701 cessum,
1249 2634 1428 2703 ferum
1454 2634 1512 2685 et
1539 2631 1764 2700 ferrum,
1787 2643 1992 2698 pyrum
2021 2627 2081 2680 et

473 2729 774 2799 Pyrrhum,
801 2729 860 2781 et
885 2726 930 2781 si
957 2742 1072 2797 qua
1095 2725 1227 2777 sunt
1253 2720 1481 2788 similia;
1515 2718 1650 2791 quia
1685 2717 1888 2772 fortius
1913 2717 2080 2770 sonat

477 2816 670 2874 omnis
698 2830 1024 2870 consonans
1050 2811 1110 2866 in
1155 2809 1348 2866 medio
1405 2807 1575 2864 unius
1604 2806 1782 2878 partis
1810 2803 2073 2877 repetita,

476 2921 652 2978 quam
683 2919 815 2958 cum
845 2904 932 2958 est
959 2902 1100 2957 sola.
1126 2899 1172 2955 S
1210 2901 1406 2954 autem
1441 2913 1569 2968 quas
1609 2897 1668 2951 in
1696 2894 1888 2951 media
1912 2895 2076 2965 parte

477 2991 720 3065 simplici
733 3005 1030 3062 nunquam
1044 2987 1459 3059 ﬁnitsyllabam
1471 2987 1825 3042 consonante
1838 3000 2078 3056 sequen-

2171 2032 2339 2098 labte,
2371 2033 2434 2084 ut
2463 2030 2674 2098 latitia,
2705 2031 2945 2101 justitia.
2980 2029 3238 2101 Denique
3264 2028 3359 2100 qui
3388 2027 3602 2082 tertium
3626 2041 3721 2080 mo-

2172 2119 2312 2174 dum
2341 2119 2564 2174 addunt
2609 2134 2751 2173 sono
2793 2134 2921 2189 qua:
2962 2119 3051 2172 vel
3082 2117 3200 2189 qui,
3251 2115 3475 2170 easdem
3523 2113 3722 2186 syllabas

2174 2207 2538 2278 pronuntiari
2569 2208 2908 2274 decernunt,
2931 2211 2990 2262 et
3015 2209 3294 2278 susquipio
3323 2222 3423 2276 pro
3445 2205 3658 2275 suscipio,
3679 2205 3724 2256 et

2173 2299 2441 2368 susquepit
2469 2313 2572 2368 pro
2602 2298 2845 2366 suscepit,
2867 2300 2926 2351 et
2949 2299 3124 2368 quivis
3140 2312 3245 2368 pro
3268 2298 3411 2360 civis;
3431 2293 3573 2366 quod
3585 2307 3722 2364 quam

2175 2385 2444 2440 frivolum
2474 2388 2717 2451 constet,
2750 2384 3020 2440 omnibus
3049 2401 3184 2440 vera
3203 2381 3540 2456 sapientibus
3563 2381 3723 2452 liquet.

2179 2471 2290 2527 Cur
2330 2472 2488 2528 enim
2543 2473 2866 2546 scriptitarit
2923 2472 3110 2526 Latini
3158 2489 3362 2544 sequor,
3417 2470 3622 2542 sequeris
3660 2467 3727 2520 vel

2177 2577 2407 2632 sequere,
2437 2563 2697 2634 sequitur;
2727 2564 2786 2616 et
2811 2577 2928 2616 non
2952 2577 3115 2627 secor,
3138 2562 3338 2627 scceris,
3364 2559 3447 2614 vel
3487 2571 3648 2621 secere,
3671 2569 3728 2607 se-
3805 2619 3808 2622 .

2179 2650 2337 2716 citur,
2369 2666 2500 2704 cum
2524 2649 2596 2704 ab
2622 2666 2692 2704 eo
2718 2649 2790 2704 sit
2817 2651 3068 2702 secutus?
3091 2652 3150 2704 et
3177 2651 3290 2720 qui,
3321 2647 3483 2719 cujus,
3509 2645 3588 2700 vel
3619 2658 3726 2716 qua,

2177 2739 2355 2808 cujus,
2383 2737 2619 2792 mutatis
2643 2736 2842 2810 primis
2868 2737 3069 2792 litteris
3088 2735 3423 2792 nominativi
3447 2737 3501 2788 et
3517 2729 3728 2805 genitivi,

2175 2825 2242 2892 si,
2277 2827 2337 2879 ut
2357 2825 2446 2880 isti
2473 2825 2759 2897 garriunt,
2805 2841 2862 2881 ce
2891 2828 2949 2879 et
2995 2827 3046 2880 ci
3095 2841 3304 2881 sonum
3338 2823 3544 2878 habent
3568 2836 3652 2893 quc
3688 2819 3732 2871 et

2175 2913 2544 2984 qui,maxime
2565 2929 2694 2967 cum
2717 2912 2907 2968 eidem
2927 2913 3135 2967 litterae
3152 2908 3732 2982 simillimagdistingua-

2174 3003 2271 3056 tur
2319 3001 2604 3056 vocalium
2657 3001 3020 3056 mutatione?
3063 3000 3362 3074 Siquidem
3405 3001 3566 3064 vinco,
3604 2993 3731 3059 υἰησί,

476 3080 704 3154 te(sicut
715 3095 821 3134 nec
837 3096 864 3132 e
875 3094 980 3132 nec
989 3095 1052 3148 p,
1072 3075 1178 3131 nisi
1195 3091 1325 3130 cum
1339 3073 1476 3147 ipsa:
1489 3090 1548 3129 se
1562 3073 1938 3144 praecedunt»
1956 3075 2077 3126 tam

2187 3090 2348 3156 vince,
2388 3091 2622 3158 vincam,
2655 3092 2868 3144 mutato
2887 3105 3019 3144 cum
3041 3073 3336 3145 vocalibus
3360 3105 3496 3144 sono
3517 3084 3730 3148 dicimus,

475 3140 738 3226 levisono
751 3165 962 3238 ubique
972 3140 1093 3220 sola
1110 3140 1453 3235 exprimitur
1469 3165 1531 3217 ut
1546 3140 1696 3234 apud
1713 3140 1956 3227 Graecos,
1978 3166 2078 3249 au-
2109 3140 2158 3200 C
2179 3140 3143 3249 ψέίξξθξηξερξ
3537 3169 3675 3238 Quod

475 3262 634 3313 ctore
657 3253 1078 3324 Prisciano,pro
1099 3268 1168 3306 ea
1193 3250 1462 3322 aspiratio
1489 3264 1910 3320 nonnunquam
1941 3246 2081 3301 scri-

475 3347 667 3412 batur,
691 3343 843 3414 ἥμισυ
865 3357 969 3414 pro
999 3341 1176 3407 semis,
1199 3339 1250 3402 ἕξ
1281 3355 1386 3410 pro
1415 3354 1528 3405 sed,
1562 3337 1684 3392 ἑπτὰ
1717 3353 1823 3408 pro
1867 3343 2078 3406 septem.

477 3437 634 3489 Inter
663 3432 803 3488 duas
833 3429 1005 3486 etiam
1037 3431 1230 3500 partes
1267 3441 1400 3482 cum
1443 3444 1469 3480 s
1499 3425 1790 3498 praecedit,
1823 3427 1888 3478 ut
1938 3423 2084 3478 Deus

474 3537 729 3587 summus,
753 3536 827 3574 ne
852 3517 1066 3574 nimius
1093 3515 1290 3572 sibilus
1317 3514 1575 3588 sit,prior
1597 3531 1622 3569 s
1641 3529 1848 3569 sonum
1869 3511 2081 3584 perdit,

475 3628 604 3684 quas
617 3613 675 3666 et
685 3607 875 3665 eoloci
889 3609 1167 3679 sequente
1180 3603 1360 3661 vocali
1380 3603 1674 3658 interdum
1685 3600 2084 3674 synalcepham

475 3699 633 3756 facit.
662 3697 929 3768 Virgilius
954 3695 1014 3752 in
1038 3711 1112 3749 xu
1143 3711 1157 3748 :

601 3789 738 3837 inter
764 3801 818 3836 se
839 3785 999 3835 coiise
1023 3784 1174 3841 viros,
1198 3791 1251 3832 et
1275 3783 1537 3830 decernere
1560 3779 1710 3828 ferro.

479 3887 522 3942 E
552 3889 756 3942 contra
785 3885 884 3940 illa
909 3881 1118 3938 canina
1146 3880 1313 3934 litera
1337 3896 1367 3932 r
1403 3892 1634 3948 semper
1659 3891 1860 3948 aspere
1899 3877 2086 3943 sonat,

481 3974 590 4031 nisi
643 3989 776 4030 cum
823 3971 884 4026 in
928 3969 1122 4024 media
1149 3970 1314 4038 parte
1347 3964 1622 4020 orationis
1662 3967 1792 4036 post
1831 3965 2090 4019 vocalem

482 4064 716 4118 inchoat
738 4059 1038 4132 syllabam.

556 4153 609 4204 9.
644 4151 724 4203 De
753 4148 949 4212 mutis,
972 4161 1100 4217 quae
1131 4143 1452 4216 quamlibet
1465 4143 1740 4215 syllabam
1765 4144 1851 4199 vel
1868 4147 2092 4216 partem

487 4237 762 4308 cujusque
791 4235 1004 4305 linguai
1044 4235 1286 4304 possunt
1312 4231 1648 4302 terminare,
1678 4231 1984 4288 dicendum
2014 4237 2100 4289 est

489 4328 551 4382 in
561 4338 875 4380 commune
888 4321 1044 4394 quod
1069 4320 1230 4392 satisj
1240 4323 1363 4376 uste
1377 4323 1557 4393 agunt
1569 4319 1666 4394 qui
1679 4319 1814 4392 ipsis
1827 4323 2096 4378 eumdem

2182 3270 2314 3340 post
2362 3284 2400 3335 9
2449 3267 2605 3320 idem
2637 3265 2766 3338 quis
2822 3265 3044 3333 fecerit,
3095 3265 3472 3337 proponimus
3512 3261 3644 3317 unde
3681 3256 3736 3311 sit

2183 3353 2477 3426 imperitia
2516 3353 2813 3423 notabilis;
2849 3357 2907 3408 et
2941 3354 3184 3409 stultum
3225 3357 3310 3409 est
3357 3353 3534 3407 dicere
3571 3348 3737 3419 pingue

2182 3460 2289 3516 pro
2299 3445 2484 3514 pinge,
2511 3446 2570 3496 et
2599 3441 2778 3512 lingue
2806 3457 2912 3513 pro
2941 3442 3102 3510 tinge,
3137 3445 3199 3497 et
3228 3445 3290 3496 ut
3313 3440 3499 3496 Servio
3511 3437 3671 3510 placet
3689 3431 3734 3485 in

2183 3549 2238 3586 ix
2267 3531 2558 3597 1Eneidos,
2591 3547 2768 3599 ungue
2773 3547 2874 3600 pro
2903 3547 3058 3600 unge,
3083 3531 3244 3586 unde
3269 3533 3326 3585 et
3347 3533 3619 3597 ungentum
3641 3520 3736 3575 sine

2184 3637 2221 3674 u
2245 3618 2384 3674 dicit
2411 3635 2532 3674 esse
2561 3634 2690 3672 cum
2707 3635 2763 3688 g;
2793 3617 2939 3672 sicut
2961 3621 3018 3672 et
3047 3635 3078 3689 q
3109 3621 3248 3673 tunc
3266 3619 3486 3672 tantum
3508 3612 3735 3684 pinguem

2187 3723 2395 3762 sonum
2407 3707 2685 3774 habeat,si
2700 3707 2751 3760 ei
2766 3723 2796 3762 υ
2811 3710 2944 3762 ante
2959 3707 3203 3761 alteram
3217 3706 3462 3762 vocalem
3475 3695 3737 3758 adhaereat.

2188 3811 2302 3867 qua
2329 3795 2558 3862 amissa,
2571 3813 2605 3866 g
2635 3794 2877 3867 quidem
2897 3799 3224 3866 permanet,
3246 3794 3347 3850 sed
3370 3812 3402 3865 q
3424 3801 3635 3847 manere
3649 3797 3739 3838 non

2186 3885 2370 3953 valet;
2400 3883 2538 3956 quin
2567 3883 2625 3938 in
2653 3901 2680 3938 c
2704 3882 2928 3950 transit,
2957 3883 3152 3937 statim
3183 3887 3246 3938 ut
3281 3901 3316 3937 u
3363 3884 3492 3936 ante
3543 3877 3738 3932 alteram

2189 3973 2446 4028 vocalem
2473 3971 2808 4044 perdiderit,
2835 3975 2898 4026 ut
2922 3988 3128 4044 sequor,
3161 3978 3386 4027 secutus.

2265 4065 2284 4116 l
2303 4064 2352 4118 1.
2374 4058 2631 4132 Denique
2647 4059 2924 4132 quoniam
2943 4075 3148 4114 omnes
3169 4055 3615 4120 consonantes,et
3626 4063 3741 4122 pre-

2193 4147 2358 4222 cipue
2372 4153 2570 4216 mutae,
2591 4147 3016 4203 velutexamine
3039 4164 3248 4220 corpus
3270 4149 3480 4220 jaceat,
3496 4149 3740 4217 quousque

2197 4237 2322 4292 illas
2343 4236 2584 4308 singulae
2613 4236 2893 4292 vocalium
2923 4253 3029 4309 pro
3056 4253 3159 4292 suo
3193 4241 3336 4292 nutu
3353 4230 3638 4290 animando
3651 4238 3744 4279 mo-

2198 4328 2355 4394 vent,
2379 4328 2598 4380 certum
2614 4328 2698 4379 est
2723 4325 2878 4396 quod
2906 4341 3326 4398 nonnunquam
3341 4319 3568 4379 Romani
3587 4325 3742 4385 super-

488 4429 699 4470 sonum
727 4411 787 4466 in
810 4410 924 4466 ﬁne
941 4409 1189 4482 partium
1215 4409 1493 4477 tribuunt,
1524 4426 1696 4482 quem
1729 4410 1867 4465 dum
1889 4414 2100 4465 semet-
2121 4414 2176 4473 D
2201 4414 2346 4469 ﬂuas
2373 4414 2590 4469 litteras
2609 4413 2890 4484 judicent,
2923 4430 3051 4486 quae
3077 4414 3187 4468 hoc
3220 4417 3380 4469 motu
3407 4411 3605 4471 carent,
3632 4404 3683 4456 ut
3703 4398 3744 4461 h,

491 4501 645 4574 ipsas
672 4499 1026 4574 praecedunt,
1045 4497 1249 4572 prima:
1270 4498 1486 4554 habere
1505 4501 1760 4572 possunt,
1779 4501 1842 4553 ut
1863 4499 2098 4566 Obbaob,

407 4589 419 4596 “
492 4589 620 4657 Job,
647 4587 862 4654 occidit,
894 4587 1024 4656 haec,
1056 4586 1200 4653 illac,
1227 4587 1384 4654 addo,
1409 4587 1500 4654 ad,
1533 4587 1687 4644 illud.
1709 4603 1890 4658 agger,
1916 4587 2098 4657 Agag,

494 4693 694 4750 memp,
727 4678 942 4745 attinet,
975 4681 1144 4744 amat,
1165 4675 1331 4731 docet.
1364 4675 1478 4730 Sed
1503 4683 1524 4728 t
1545 4674 1603 4729 in
1626 4675 1828 4730 eadem
1862 4677 2101 4747 syllaba,

496 4766 861 4842 praecedente
892 4767 1271 4833 consonante,
1298 4766 1468 4820 sonat
1481 4779 1744 4835 expresse
1766 4765 1829 4818 ut
1855 4765 1978 4834 fest,
2007 4771 2102 4833 est,

497 4859 963 4928 etnonunquam
1003 4853 1125 4908 sine
1157 4854 1512 4908 consonante
1543 4867 1712 4907 causa
1741 4851 2102 4921 differantur,

497 4945 750 5002 maxime
767 4945 904 5001 dum
923 4943 1182 5016 sequitur
1200 4942 1408 4998 vocalis
1428 4941 1488 4996 in
1508 4941 1687 4996 altera
1706 4945 1869 5014 parte
1891 4943 2107 4998 oratio-

498 5035 608 5091 nis.
629 5034 742 5090 Nos
767 5032 902 5106 quia
927 5033 1218 5086 humanus
1246 5029 1479 5102 spiritus
1503 5033 1621 5086 tres
1641 5046 1842 5086 earum
1874 5031 1995 5086 sine
2018 5049 2107 5086 as-

497 5121 784 5196 piratione
799 5122 968 5188 leves,
995 5136 1128 5175 cum
1159 5118 1513 5192 aspiratione
1538 5134 1769 5190 asperas
1785 5119 2006 5187 facit,id
2024 5122 2110 5176 est

499 5229 550 5277 c,
571 5228 634 5282 p,
655 5217 696 5277 t,
729 5225 976 5282 quarum
999 5208 1257 5264 medium
1280 5207 1548 5264 obtinent
1568 5211 1682 5262 tres
1698 5207 1934 5280 reliquie
1958 5208 2104 5280 ipsa-

496 5315 629 5356 rum
661 5295 990 5358 mediaram
1019 5313 1187 5353 voces
1209 5295 1267 5351 in
1298 5295 1646 5352 dictionibus
1673 5295 2110 5368 positarum,ex-

494 5387 801 5460 primimus
818 5402 958 5440 sono
983 5385 1216 5453 levium,
1236 5385 1376 5440 dum
1399 5385 1456 5440 in
1473 5384 1934 5457 finibuspartium
1953 5389 2105 5441 sunt.

490 5478 603 5533 Nec
626 5477 862 5541 mirum,
893 5493 1026 5530 cum
1052 5476 1386 5531 interhaset
1416 5476 1541 5532 illas
1570 5478 1732 5530 tanta
1745 5475 2105 5546 sitviciuitas,

489 5569 552 5620 ut
580 5565 652 5619 ad
689 5579 895 5618 sonum
927 5580 954 5617 c
985 5567 1041 5618 et
1067 5579 1104 5635 g
1139 5579 1322 5636 prope
1353 5564 1560 5618 eodem
1593 5564 1770 5620 modo
1802 5564 2105 5621 collidatur

488 5655 678 5724 palato
706 5653 990 5722 plectrum
1020 5651 1251 5722 litigium,
1283 5652 1354 5706 ad
1374 5668 1592 5708 'sonum
1618 5669 1682 5724 ρ,
1718 5653 1746 5707 b
1775 5652 1859 5707 vix
1894 5653 2098 5711 distin-

2206 4503 2258 4570 k,
2289 4521 2342 4576 q.
2371 4501 2484 4558 Sed
2514 4502 2548 4555 It
2573 4506 2631 4556 et
2669 4519 2700 4574 q
2727 4502 2916 4573 ﬁgura
2965 4505 3023 4557 et
3048 4502 3287 4558 nomine
3315 4518 3348 4556 a
3375 4519 3402 4554 c
3454 4489 3746 4562 discrepant.

2201 4608 2334 4646 cum
2365 4607 2508 4646 sono
2531 4589 2680 4645 vocis
2706 4606 2809 4662 per
2837 4608 2869 4644 a
2899 4593 2956 4645 et
2987 4609 3023 4643 u
3053 4591 3420 4655 conveniant,
3449 4588 3481 4640 h
3509 4598 3626 4638 vero
3653 4582 3746 4630 ωη-

2201 4682 2328 4736 tum
2355 4682 2540 4734 metro
2573 4677 2744 4745 utilis,
2759 4694 2990 4749 semper
3001 4679 3216 4750 absque
3233 4679 3348 4734 ullo
3368 4691 3504 4732 sono
3518 4664 3749 4726 vocalibus

2203 4767 2614 4842 praeponimus,
2640 4767 2736 4822 ubi
2768 4767 3105 4822 ascribenda
3119 4766 3380 4832 videtur;
3414 4767 3468 4818 et
3488 4764 3752 4817 consonam

2206 4839 2376 4924 tibus,
2409 4855 2615 4928 quibus
2643 4855 2990 4926 apponenda
3021 4852 3511 4927 cst,postponitur,
3529 4847 3596 4902 ub
3615 4839 3750 4897 abin-

2207 4945 2420 5001 teriore
2445 4944 2647 5016 spiritu
2669 4944 2938 5017 pinguior
2949 4943 3363 5015 proﬁciscatur.
3384 4938 3658 4995 Estautem
3669 4938 3757 5017 un-a

2207 5031 2561 5090 semivocalis
2591 5050 2652 5099 r;
2685 5035 2860 5086 mutas
2890 5037 3027 5097 tres,
3053 5031 3258 5104 quibus
3289 5029 3580 5101 aspiratur,
3618 5021 3670 5073 ιιι
3693 5011 3760 5066 ἀί·

2209 5127 2364 5178 ctum
2391 5124 2508 5190 est;
2539 5121 2608 5176 dc
2641 5137 2880 5193 quarum
2915 5102 3178 5176 omnium
3206 5136 3348 5174 sono
3377 5131 3542 5172 nemo
3559 5102 3756 5165 dubitat,

2210 5210 2318 5266 nisi
2339 5209 2593 5266 fortassis
2617 5211 2750 5264 tunc
2783 5209 3012 5280 quando
3047 5208 3196 5264 inter
3225 5224 3254 5263 c
3285 5210 3344 5262 ct
3370 5224 3416 5272 c,
3448 5203 3528 5256 vel
3557 5200 3590 5265 i,
3622 5195 3760 5248 inter-

2209 5297 2446 5372 ponitur
2469 5301 2608 5353 nota
2640 5296 3024 5369 aspirationis,
3067 5299 3129 5350 ul.
3159 5295 3386 5351 Cliercas
3425 5294 3481 5346 et
3501 5277 3756 5362 parrochia.

2208 5390 2288 5443 De
2315 5403 2428 5460 qua
2455 5403 2515 5440 re
2536 5368 2832 5440 sciendum
2854 5386 2986 5457 quia
3004 5389 3064 5439 ut
3080 5385 3138 5440 iu
3165 5383 3380 5460 Latinis
3395 5368 3760 5459 exemplaribus

2209 5476 2499 5543 discimus,
2533 5474 2710 5530 nostri
2753 5474 3098 5546 interpretes
3121 5474 3164 5528 si
3198 5451 3312 5544 (μία
3357 5472 3544 5525 Graeca
3592 5450 3760 5516 Latinis

2210 5565 2659 5627 admiscucrunt,
2694 5579 2819 5634 qum
2839 5563 3192 5633 pcrkGrzpcc
3214 5560 3423 5628 scripta
3454 5572 3545 5610 sua
3575 5550 3760 5604 liltcrar

2209 5655 2620 5728 cxprimcrcnl,
2656 5669 2783 5706 cum
2807 5652 3085 5723 scriptura
3106 5667 3310 5705 sonum
3342 5632 3758 5706 inulas-ormnqu
