3882 6222
154 476 241 538 529

1270 476 1721 546 ΟΠᾹΞΞΊΊΟΝΕΞ
1761 477 2305 536 GRAMATICALES.

3339 476 3441 536 330

158 604 552 678 proprietatem
587 603 890 676 utriusque
906 604 1139 675 linguae,
1163 602 1744 676 utKépo;,Cyrus,mt-
1763 604 1811 667 Α
1845 604 2038 658 labam
2070 621 2294 660 servare
2325 604 2407 659 vel
2441 600 2719 676 perdere;
2755 620 2857 657 nos
2875 604 3072 658 tamen
3098 600 3235 673 quid
3259 602 3445 673 magis

156 714 238 758 νον,
262 709 419 760 me,
440 698 617 764 κῆρας,
652 692 806 748 unde
824 695 1185 763 primicerius.
1210 694 1320 748 Nec
1350 694 1586 760 mirum,
1611 709 1741 748 cum

160 785 392 839 mutetur
428 780 553 844 Θεὸς
584 785 646 836 et
672 782 922 837 dictatur
949 780 1115 837 Deus.
1150 781 1428 837 Similiter
1451 783 1735 854 πορφύριος,

151 887 450 941 purpureus.
480 869 727 934 Quando
759 886 891 925 vero
903 870 967 924 ch
988 886 1093 941 pro
1123 870 1340 943 x,siCut
1370 873 1427 925 et
1446 872 1523 942 ph
1550 887 1652 942 pro
1670 872 1741 933 Φ,

159 962 208 1013 et
236 959 287 1012 th
315 974 420 1032 pro
455 965 481 1010 θ
510 959 572 1013 in
591 958 876 1031 aliquibus
902 957 1519 1014 dictionibusscribunt
1538 959 1744 1026 nestri,

160 1049 364 1101 certum
396 1050 486 1101 est
504 1047 662 1118 quod
691 1047 803 1101 illa
827 1045 1107 1101 dictiones
1138 1046 1353 1102 Latinae
1385 1064 1503 1102 non
1533 1046 1667 1115 sint,
1691 1050 1749 1102 et

160 1135 353 1190 idcirco
371 1134 499 1189 illas
522 1134 875 1206 proferimus
890 1135 1217 1189 Graecarum
1237 1134 1557 1191 litterarum
1571 1136 1746 1203 sonis,

160 1222 520 1295 licetquidam
534 1223 852 1294 ﬁgurarum
870 1222 1244 1278 similitudine
1263 1223 1485 1294 decepti
1500 1241 1751 1296 pronun-

160 1310 291 1365 tient
318 1328 350 1364 x
380 1327 488 1381 pro
508 1335 565 1378 χ,
594 1314 652 1365 et
682 1311 877 1367 dicant
905 1327 1033 1366 arere
1058 1327 1164 1383 pro
1213 1329 1281 1366 eo
1308 1312 1464 1383 quod
1486 1315 1571 1367 est
1600 1316 1749 1384 ἃρχη,

164 1401 213 1453 et
236 1415 470 1454 mortem
496 1416 602 1472 pro
635 1400 1251 1472 paxatpaﬂuapropler
1265 1416 1395 1455 cum
1408 1401 1598 1457 Graece
1623 1402 1754 1457 scri-

159 1488 301 1542 bitur
318 1489 526 1560 Χηρηας,
584 1488 664 1543 ita
692 1489 985 1559 profertur
1014 1505 1077 1544 ac
1107 1489 1151 1543 si
1184 1489 1526 1545 scriberetur
1550 1490 1753 1545 Kereas

162 1579 211 1630 et
230 1578 462 1648 παροιχὶα
518 1576 680 1649 quasi
710 1578 1043 1647 parrzchia;
1075 1594 1248 1649 quem
1296 1581 1494 1633 tamen
1544 1594 1751 1633 sonum

163 1668 337 1719 mutat
354 1665 564 1736 sigma,
596 1665 638 1720 si
662 1681 767 1736 pro
798 1665 895 1721 illa
913 1665 985 1720 sit
1001 1691 1034 1733 χ
1064 1666 1249 1738 posita
1264 1669 1327 1721 ut
1344 1684 1551 1741 σχημα;
1578 1683 1752 1738 quam

162 1750 265 1805 vim
293 1757 349 1806 et
371 1753 524 1824 apud
559 1753 790 1808 Latinos
820 1756 1004 1808 servat
1027 1771 1071 1821 ε,
1091 1753 1245 1824 apud
1271 1770 1413 1826 quos
1465 1756 1507 1807 ti
1524 1770 1754 1825 semper

160 1838 486 1894 enuntiatur
510 1856 654 1895 sono
673 1841 742 1907 ci,
767 1841 875 1911 (50)
889 1840 933 1894 si
949 1843 1077 1913 post
1095 1841 1253 1895 illam
1266 1840 1325 1895 in
1340 1841 1522 1895 altera
1538 1841 1753 1913 syllaba

1845 692 1904 747 in
1937 711 2036 747 usu
2070 693 2143 748 sit
2177 694 2455 748 debemus
2475 693 2822 764 perspicere.
2858 690 3123 746 Horatius
3157 706 3171 743 :

1903 844 2187 907 Spectatum
2212 842 2309 907 (52)
2332 843 2525 893 meritis
2558 841 2715 893 diram
2740 842 2822 906 qui
2846 839 3072 892 contudit
3090 839 3321 903 hydram.

1920 979 2004 1033 14.
2036 975 2182 1041 Quia
2218 976 2288 1031 de
2322 975 2506 1031 verbis
2538 973 2878 1046 requisistis,
2912 990 3039 1045 qua:
3078 975 3211 1027 sunt
3233 971 3441 1041 fulgeo,

1846 1065 2067 1127 mulceo,
2093 1066 2292 1135 ferveo,
2332 1064 2549 1130 strideo,
2582 1063 2712 1130 oleo,
2771 1070 2939 1129 tueor,
2999 1062 3233 1124 coniveo,
3278 1058 3447 1126 sedeo,

1844 1153 2064 1225 pendeo,
2089 1156 2219 1220 cieo,
2263 1153 2503 1223 frendeo,
2559 1152 2740 1221 degeo,
2794 1151 3040 1217 excellet),
3087 1157 3280 1219 tergeo,
3317 1163 3449 1201 cum

1853 1241 2005 1313 apud
2026 1245 2225 1312 poetas
2238 1240 2501 1295 secundae
2515 1243 2574 1294 et
2596 1240 2778 1294 tertiae
2808 1238 2932 1310 conj
2944 1235 3230 1309 ugationis
3251 1237 3451 1305 legan-

1852 1332 2147 1401 tur,quam
2165 1345 2365 1383 earum
2380 1328 2854 1399 coniugationum
2879 1328 2937 1381 in
2960 1343 3130 1399 prosa
3162 1324 3346 1395 magis
3367 1328 3452 1377 te-

1853 1433 1990 1471 nere
2003 1416 2332 1484 conveniat;
2365 1433 2463 1471 vos
2483 1416 2624 1470 scire
2646 1416 2774 1470 volo
2800 1414 2937 1487 quia
2951 1412 3455 1485 vm.priuspropo-

1853 1498 1961 1558 sita
1982 1504 2407 1576 conjugationis
2426 1503 2692 1558 secundae
2708 1503 2971 1573 regulam
2984 1503 3213 1555 servant
3234 1500 3290 1554 in
3305 1516 3451 1570 pra:-

1854 1591 2025 1658 senti,
2048 1591 2271 1663 reliqua
2302 1590 2511 1646 deinde
2539 1589 2965 1662 conjugationis
2997 1586 3455 1657 tertize,excoptis

1853 1682 1960 1734 cieo
1992 1683 2049 1734 et
2060 1681 2284 1751 pendeo,
2347 1696 2597 1751 quorum
2649 1679 2926 1751 primum,
2960 1678 3047 1731 vel
3097 1676 3337 1748 simplex
3368 1675 3454 1729 vel

1853 1768 2262 1840 compositum,
2296 1784 2449 1821 nunc
2466 1771 2551 1822 est
2568 1765 2992 1839 conjugationis
3010 1765 3458 1831 secundos,nunc

1854 1859 2096 1928 quartas,
2121 1855 2281 1927 quod
2313 1856 2628 1910 ostendunt
2650 1854 2856 1928 passivi
2889 1854 3455 1925 praeterita,quorum

162 1930 423 1998 sequatur
450 1928 683 1996 vocalis,
718 1928 826 1983 nisi
867 1929 990 2001 ipsa
1013 1947 1038 1983 s
1066 1928 1439 2001 praecesserit,
1494 1932 1557 1984 ut
1582 1928 1745 1997 lectio,

1855 1919 2176 2016 penultima
2205 1944 2290 1998 est
2321 1946 2588 2015 correpta
2635 1919 2719 1997 vel
2752 1919 3051 2014 producta.
3084 1919 3295 1996 Pendeo
3322 1957 3456 1994 vero

163 2019 387 2086 questio,
411 2020 642 2085 testium,
674 2018 984 2086 legentium;
1018 2034 1193 2090 quam
1236 2017 1413 2073 etiam
1436 2036 1460 2073 ε
1496 2018 1748 2090 duplica-

162 2102 293 2158 bant
322 2105 542 2177 antiqui
564 2121 672 2176 pro
691 2106 885 2161 littera
907 2124 954 2173 z,
988 2123 1115 2178 qua:
1138 2106 1464 2178 ubicunque
1479 2105 1536 2161 in
1568 2109 1752 2161 extre-

165 2206 253 2245 ma
265 2193 478 2263 syilaba
493 2194 758 2249 dictionis
769 2196 1079 2269 ponitur,ej
1090 2214 1152 2250 us
1163 2195 1485 2269 penultima
1508 2194 1566 2249 in
1584 2211 1754 2265 prosa

166 2281 507 2352 producitur,
528 2300 662 2337 cum
693 2283 753 2339 in
783 2288 968 2339 metro
1000 2285 1326 2340 communis
1354 2284 1655 2339 habeatur.

243 2373 320 2424 l2.
353 2373 433 2426 De
489 2371 681 2427 littera
706 2390 739 2442 g
765 2371 966 2427 scitote
998 2371 1131 2444 quia
1157 2372 1203 2427 si
1233 2389 1351 2427 non
1378 2375 1649 2445 sequetur
1692 2390 1750 2439 ιι,

164 2467 391 2536 propter
415 2461 847 2531 diphthongum
876 2459 1421 2532 nonimpinguatur,
1443 2464 1504 2515 ut
1525 2461 1750 2531 lagmza,

164 2551 421 2621 tragirdia.
438 2547 551 2603 Sed
578 2547 953 2620 aspirationes
970 2548 1119 2603 bene
1134 2548 1754 2620 vos,Angli,pervidere

162 2638 413 2709 potestis;
447 2637 892 2693 habentsonum
919 2639 1118 2690 vestrae
1142 2636 1372 2702 litterae,
1402 2641 1459 2691 et
1519 2636 1613 2708 qui
1646 2654 1752 2708 pro

162 2730 186 2779 θ
208 2725 557 2798 frequentius
576 2725 603 2778 ὑ
620 2723 890 2790 scribitis,
911 2723 1055 2778 sicut
1077 2740 1179 2795 pro
1200 2724 1556 2795 digammate
1584 2725 1753 2780 effer-

164 2814 229 2868 tis
254 2815 289 2868 l.
318 2817 465 2868 Ante
497 2815 920 2867 consonantem
955 2828 1184 2883 quoque
1216 2813 1276 2866 in
1305 2812 1510 2867 eadem
1537 2813 1753 2885 syllaba

154 2919 255 2972 par
278 2910 393 2969 scst,
428 2918 531 2973 pro
562 2918 693 2971 pars
723 2906 818 2963 est,
851 2902 909 2954 et
936 2900 1036 2968 feli
1060 2917 1149 2953 res
1173 2917 1277 2972 pro
1296 2901 1431 2970 felix
1458 2919 1529 2956 es.
1561 2902 1750 2972 Pupu-

161 2992 235 3058 git
258 2992 312 3044 et
333 2990 530 3043 tutudit
562 2989 622 3043 in
654 2987 987 3060 penultimis
1017 2988 1228 3060 corripi
1261 3006 1377 3043 non
1404 2989 1752 3060 ignoretis.A

163 3078 337 3144 tundo,
354 3077 606 3131 tunsusin
629 3075 1051 3148 compositione
1076 3076 1339 3148 perditn,
1359 3078 1573 3132 obtusus
1596 3080 1750 3132 etre-

165 3166 471 3233 tusus,sicut
493 3169 549 3220 et
576 3167 876 3232 nanciscor,
903 3172 1089 3219 nactus
1113 3165 1341 3220 :dissero
1369 3183 1596 3239 quoque
1619 3183 1750 3238 per-

164 3253 240 3307 dit
265 3255 368 3309 sin
398 3252 715 3325 praeterito,
747 3251 993 3306 disertus.
1027 3252 1291 3307 Horatius
1322 3271 1334 3308 :

294 3360 539 3416 Fecundi
569 3359 775 3416 calices
805 3375 979 3431 quem
1006 3375 1124 3414 non
1153 3359 1343 3416 facere
1374 3360 1677 3429 disertum,

157 3464 311 3529 Quod
336 3485 370 3523 a
395 3467 517 3522 cedo
543 3467 620 3522 ita
647 3465 932 3522 scribatur
960 3466 1339 3538 praeteritum,
1364 3469 1660 3539 quomodo
1694 3472 1752 3524 et

155 3569 187 3607 a
208 3555 354 3623 cado,
392 3556 661 3611 videlicet
689 3554 874 3617 cecidi.
905 3557 1107 3609 auctor
1127 3557 1214 3608 est
1261 3556 1599 3623 Priscianus,
1650 3558 1748 3630 qui

152 3641 315 3699 docet
335 3645 487 3717 quod
499 3644 702 3700 omnia
728 3643 902 3697 verba
926 3659 1054 3714 quin
1082 3646 1346 3698 crescunt
1362 3644 1421 3699 in
1444 3647 1748 3717 praeteritis

151 3746 374 3804 semper
400 3735 671 3805 repetunt
699 3746 819 3784 non
835 3732 1020 3785 solum
1052 3730 1305 3802 primam
1326 3736 1746 3789 consonantem

149 3818 243 3872 sed
272 3820 445 3874 etiam
476 3819 730 3892 primam
762 3819 1019 3872 vocalem
1046 3818 1253 3890 primae
1274 3820 1529 3890 syllabae.

218 3909 301 3961 13.
320 3908 578 3963 Tandem
607 3906 920 3961 dicendum
946 3909 1033 3961 est
1061 3908 1218 3979 quod
1237 3907 1472 3962 vitando
1489 3910 1745 3966 cavenda

148 3995 230 4047 est
256 3995 470 4051 collisio
512 4011 642 4067 quae
672 3995 820 4049 solet
865 3994 991 4049 ﬁeri
1020 3995 1107 4049 vel
1156 3996 1629 4067 pronuntiatione
1657 4001 1746 4054 vel

147 4081 349 4154 scripto
381 4086 445 4138 ut
474 4099 541 4137 ve
570 4082 747 4154 (51)...
780 4086 813 4137 ιν
839 4098 961 4145 rex,
1010 4098 1115 4155 pro
1156 4099 1224 4138 eo
1257 4084 1413 4156 quod
1465 4087 1552 4140 est
1604 4089 1748 4141 venit

143 4171 441 4239 praesentis
465 4170 747 4244 temporis
775 4173 896 4225 tam
920 4170 979 4225 in
1010 4171 1201 4242 prima
1219 4172 1467 4243 quamin
1494 4174 1746 4229 secunda

144 4258 358 4327 syllaba
386 4257 690 4332 praeteriti,
725 4258 834 4313 nisi
867 4258 964 4314 illa
992 4259 1183 4331 prima
1207 4260 1417 4316 vocalis
1445 4262 1746 4333 praesentis

144 4346 419 4419 temporis
458 4348 609 4415 sita,
659 4350 723 4401 ut
787 4347 960 4415 tendo,
1012 4347 1249 4417 tetendi;
1285 4364 1462 4420 posco,
1511 4352 1743 4420 poposci,

1853 2030 2093 2103 simplex
2115 2048 2149 2085 a
2176 2030 2558 2101 suspendenda,
2592 2032 2678 2085 est
2720 2029 3007 2096 secundae,
3030 2032 3088 2084 et
3117 2046 3151 2082 a
3190 2028 3455 2094 solvendo,

1854 2118 2327 2191 tertiaazquamvis
2350 2118 2736 2191 compositum
2758 2117 2816 2172 in
2839 2134 3012 2188 prosa
3038 2132 3338 2186 nunquam
3370 2115 3456 2169 di-

1855 2211 2016 2262 catur
2028 2207 2316 2269 secundae,
2336 2205 2481 2261 sicut
2498 2222 2602 2260 nec
2624 2222 2658 2260 a
2684 2205 2830 2260 sedeo
2862 2204 3067 2269 tertiae,
3101 2203 3207 2258 nisi
3229 2206 3456 2258 tantum

1854 2295 2088 2362 consido,
2122 2296 2189 2349 Et
2219 2294 2541 2350 notandum
2573 2293 2729 2366 quod
2765 2280 2955 2361 sedeo;
2984 2293 3070 2347 vel
3100 2291 3340 2362 simplex
3370 2291 3455 2345 vel

1857 2383 2269 2455 compositum,
2289 2382 2392 2437 sub
2422 2381 2594 2437 tertia
2614 2381 3021 2454 conjugatione
3036 2380 3458 2451 gaudetpenul-

1855 2472 2001 2528 tima
2030 2471 2089 2526 in
2118 2488 2143 2526 s
2173 2470 2473 2526 desinente
2495 2470 2796 2543 producta,
2831 2472 2893 2524 ut
2920 2469 3051 2524 sido.

1931 2582 2016 2633 15.
2050 2579 2129 2633 De
2150 2575 2340 2649 prima
2358 2592 2587 2648 quoque
2609 2579 2668 2629 et
2690 2575 2942 2629 secunda
2974 2589 3223 2646 persona
3248 2572 3456 2643 plurali

1854 2665 2132 2738 praeteriti
2162 2664 2425 2737 perfecti,
2448 2667 2506 2719 et
2534 2663 2709 2718 futuri
2735 2661 3083 2733 conjunctivi
3112 2659 3293 2729 modi,
3314 2676 3457 2732 quas

1853 2752 1899 2807 si
1929 2754 2076 2807 bene
2104 2752 2348 2807 memini
2375 2753 2554 2807 semel
2579 2752 2806 2807 tantum
2838 2750 2897 2805 in
2926 2752 3138 2816 metro,
3169 2752 3227 2803 et
3254 2748 3363 2803 hoc
3394 2747 3452 2802 in

1853 2841 2091 2913 Virgilio
2123 2841 2257 2912 legi,
2280 2842 2430 2895 hanc
2458 2841 2723 2911 regulam
2750 2856 2870 2894 esse
2898 2838 3085 2893 sciatis
3116 2836 3455 2909 quod,exce-

1854 2933 1953 3002 pto
1975 2933 2239 3001 tempore
2252 2928 2521 3000 praesenti
2535 2927 2827 2983 indicativi
2842 2926 3000 2982 modi
3021 2929 3240 2998 quartae
3260 2924 3385 2995 conj
3397 2941 3455 2978 u-

1854 3017 2125 3089 gationis,
2157 3021 2215 3071 et
2243 3017 2495 3072 secunda
2524 3032 2772 3088 persona
2796 3012 3457 3086 pluraliprazteritiejus-

1855 3105 1991 3160 dem
2020 3105 2201 3167 modi,
2238 3104 2296 3159 in
2330 3104 2489 3159 omni
2512 3105 2688 3159 modo
2712 3104 2798 3158 vel
2832 3101 3243 3173 conjugatione
3271 3103 3291 3154 i
3318 3104 3453 3155 ante

1787 3221 1834 3284 C
1856 3197 2173 3248 extremam
2195 3193 2449 3248 litteram
2467 3193 2527 3247 in
2554 3192 2805 3248 secunda
2827 3206 3075 3263 persona
3094 3188 3456 3260 singulari,et

1853 3285 1988 3335 ante
2019 3279 2389 3335 novissimam
2418 3280 2694 3351 syllabam
2711 3278 2913 3350 primm
2942 3279 3028 3333 vel
3049 3276 3315 3333 secundae
3327 3292 3455 3347 per-

1852 3385 2009 3423 sonte
2040 3368 2294 3440 pluralis,
2322 3367 2533 3439 ubique
2560 3366 2747 3422 brevis
2776 3366 2983 3429 sit,nisi
3008 3370 3237 3421 tantum
3268 3368 3358 3432 sis,
3384 3368 3455 3420 si-

1851 3473 1990 3523 mus,
2020 3458 2154 3522 sitis,
2210 3456 2357 3521 velis,
2390 3456 2631 3521 velimus,
2661 3455 2857 3509 uelitis.
2899 3455 3011 3508 Nec
3040 3453 3274 3520 mirum,
3317 3470 3449 3509 cum

1852 3543 2052 3599 omnia
2070 3543 2244 3597 verba
2272 3542 2331 3596 in
2353 3542 2569 3597 eisdem
2593 3541 2730 3596 locis
2755 3558 2790 3596 α
2818 3542 2903 3596 vel
2926 3558 2953 3595 e
2982 3540 3256 3595 habentia
3275 3542 3452 3612 longa

1849 3632 2205 3704 sint,pra:ter
2235 3646 2414 3684 unum
2448 3629 2628 3701 quod,
2660 3628 2775 3683 sive
2801 3628 3042 3700 simplex
3064 3628 3179 3681 sive
3209 3644 3447 3699 compo-

1848 3720 2021 3774 situm
2052 3719 2143 3786 sit,
2170 3718 2238 3772 da
2271 3720 2406 3772 ante
2437 3717 2821 3790 penultimam
2864 3715 3074 3787 ubique
3106 3714 3363 3785 corripit,
3387 3719 3451 3770 ut

1846 3808 2055 3875 damus,
2078 3805 2498 3873 circumdamus;
2526 3810 2587 3860 et
2607 3805 2761 3860 aliud
2790 3804 2946 3877 quod
2975 3805 3060 3858 est
3084 3820 3156 3870 es,
3180 3802 3233 3857 ei
3260 3820 3327 3858 ex
3378 3820 3448 3858 eo

1847 3896 2186 3968 composita,
2228 3895 2288 3950 in
2318 3894 2571 3950 secunda
2591 3910 2845 3966 persona
2882 3893 3052 3948 breve
3081 3894 3187 3946 est.
3217 3891 3330 3946 Nos
3360 3894 3445 3946 ta-

1846 4000 1981 4039 men
2011 3985 2275 4055 regulam
2302 3982 2376 4038 ob
2408 3982 2548 4037 idin
2598 3981 2853 4055 praefatis
2902 3979 3264 4053 temporibus
3304 3995 3445 4035 con-

1839 4071 2085 4144 junctivi
2116 4069 2759 4143 ﬂoccipendimus,quia
2778 4070 2835 4124 in
2853 4072 3041 4124 metro
3055 4069 3233 4123 semel
3252 4066 3450 4123 inven-

1846 4163 1968 4215 tam
1999 4159 2230 4214 Tervius
2252 4175 2356 4231 per
2381 4159 2654 4231 systolam
2679 4158 2858 4213 tradit
2901 4156 3231 4229 legendam.
3265 4157 3447 4212 Meam

1847 4248 2097 4319 denique
2122 4247 2633 4318 reprehensionem
2653 4263 2769 4301 non
2784 4246 2963 4318 pudet
2982 4246 3142 4302 vobis
3158 4263 3447 4319 exponere

1848 4335 1946 4408 qui
1977 4351 2108 4390 cum
2137 4335 2448 4407 aliquando
2475 4335 2705 4390 cuidam
2739 4335 2988 4390 fratrum
3017 4335 3271 4402 vestrati,
3314 4351 3449 4407 pre-

146 4434 322 4503 tundo,
383 4435 604 4490 ταωνιᾰὶ
629 4452 643 4504 ;
671 4435 921 4508 exceptis
988 4436 1151 4507 ρειιο,
1212 4436 1442 4508 populi;
1495 4438 1742 4508 spondeo,
1767 4441 1821 4501 D
1846 4422 3119 4493 ferentiexlibrismoralibusmyrmicoleonta,
3148 4439 3447 4478 assensum

142 4525 394 4595 spopondi
412 4542 426 4591 ;
457 4540 597 4580 nam
640 4524 687 4579 si
716 4525 908 4579 littera
937 4543 970 4579 a
999 4525 1073 4580 sit
1102 4525 1161 4580 in
1192 4526 1481 4597 praesenti,
1512 4542 1744 4598 semper

143 4611 329 4681 prima
352 4614 570 4685 syllaba
593 4613 874 4685 praeteriti
904 4613 961 4668 in
983 4631 1011 4668 c
1031 4613 1278 4683 desinit;
1315 4616 1566 4670 secunda
1606 4626 1742 4671 vero

147 4701 315 4755 modo
358 4701 417 4756 in
456 4702 874 4774 eproductam,
929 4701 1105 4757 modo
1137 4701 1197 4756 in
1227 4703 1254 4757 ἱ
1298 4706 1648 4775 correptam,
1681 4707 1744 4758 ut

148 4786 293 4856 fallo,
348 4790 525 4860 fefelli
550 4807 565 4858 ;
608 4806 796 4861 parco,
846 4791 1099 4860 peperci;
1134 4797 1317 4861 tango,
1370 4793 1554 4861 tetigi;
1587 4808 1739 4859 cano,

152 4879 325 4931 acini.
356 4878 690 4933 Secundum
723 4878 1053 4950 analogiam
1083 4878 1210 4933 cedo
1231 4878 1401 4944 cecidi
1426 4880 1614 4936 facere
1642 4880 1741 4935 de-

154 4960 287 5032 buit,
319 4967 418 5022 sed
446 4967 745 5037 majorum
774 4966 1114 5021 auctoritate
1144 4969 1370 5022 tantum
1423 4968 1745 5039 penultima

159 5048 534 5128 diphthongus
552 5057 812 5110 mutatur
832 5054 890 5110 in
904 5055 1246 5127 productam
1259 5057 1303 5120 i,
1335 5061 1610 5112 manente
1628 5058 1743 5131 pri-

158 5152 245 5195 ore
254 5142 461 5214 syllaba
474 5146 895 5216 correpta,quae
910 5142 1391 5211 antecrevit,sicut
1404 5145 1460 5199 in
1478 5145 1747 5201 omnibus

160 5226 426 5298 ejusmodi
456 5231 803 5304 praeteritis:
834 5231 905 5286 de
918 5231 1122 5303 quibus
1138 5231 1197 5287 in
1219 5248 1530 5288 commune
1552 5251 1747 5305 specu-

162 5316 380 5374 landum
404 5324 510 5388 est,
547 5320 707 5392 quod
736 5319 781 5373 si
832 5323 1261 5391 componantur
1315 5337 1420 5392 pro
1452 5324 1745 5379 voluntate

159 5407 885 5480 scriptorum,inveniuntur
904 5408 1113 5465 eadem
1127 5413 1621 5469 antecrescentem
1633 5415 1744 5486 syl-

188 5568 465 5648 .(50)H_inc
485 5568 821 5648 promiscua
848 5569 1130 5643 scriptura
1166 5572 1353 5639 otium,
1420 5573 1632 5641 ocium;
1665 5574 1746 5627 vi-

160 5642 296 5708 lium,
322 5643 543 5706 viciam,
582 5644 693 5697 etc.

219 5712 322 5790 (51)
353 5713 543 5771 Verba
574 5712 796 5790 aliquot
822 5710 1123 5787 perierunt
1176 5716 1416 5791 propter
1467 5711 1747 5771 abscisam

1845 4512 2242 4585 praebuissem,
2275 4527 2520 4566 sannam
2550 4528 2749 4583 passus
2769 4511 3112 4568 reticui.Sed
3133 4514 3332 4566 tamen
3353 4511 3448 4566 ille

1844 4601 1888 4655 si
1907 4599 2412 4655 animadvertisset
2426 4598 2485 4654 in
2504 4600 2711 4657 eodem
2728 4600 2874 4656 libro
2888 4600 3206 4673 genitivum
3222 4601 3447 4670 myrmi-

1843 4690 2111 4755 coleontis,
2136 4705 2254 4743 non
2271 4690 2742 4760 negaretnomen
2761 4689 3169 4761 appellativum
3188 4688 3450 4744 desinere

1843 4777 1905 4833 in
1930 4795 2020 4844 οη,
2053 4778 2214 4849 cujus
2230 4776 2523 4850 genitivus
2552 4777 2730 4833 etiam
2751 4777 3030 4850 simplicis
3046 4792 3207 4832 more
3218 4777 3451 4831 (ἓνωοοε

1846 4863 2104 4933 assumit,
2134 4868 2196 4919 ut
2230 4865 2365 4934 icon,
2407 4864 2609 4920 leontis.

1920 4973 2005 5028 16.
2042 4972 2170 5028 Haec
2202 4972 2261 5027 in
2293 4990 2361 5026 on
2376 4969 2760 5027 terminantia
2778 4970 2990 5035 Graeca,
3006 4987 3133 5043 quae
3150 4971 3299 5042 apud
3324 4970 3453 5026 illos

1846 5062 2169 5133 penultiam
2211 5060 2448 5134 genitivi
2504 5060 2834 5133 producunt
2862 5063 2919 5114 et
2947 5059 3288 5131 corripiunt,
3345 5059 3451 5114 ali-

1848 5150 2080 5223 quando
2096 5166 2261 5205 more
2287 5149 2625 5205 Latinorum
2643 5147 2951 5204 nominum
2973 5147 3126 5219 apud
3143 5146 3317 5202 nosin
3332 5164 3362 5203 ο
3379 5148 3451 5202 de

1847 5238 2077 5306 sinunt;
2111 5241 2169 5292 et
2190 5242 2326 5292 tunc
2358 5238 2630 5293 eamdem
2652 5236 2905 5293 litteram
2923 5236 3225 5303 servando,
3244 5234 3304 5290 in
3318 5235 3454 5290 obli-

1848 5326 1977 5399 quis
2005 5325 2228 5381 casibus
2259 5324 2625 5395 producunt;
2653 5341 2857 5395 quam,
2903 5324 3011 5379 nisi
3043 5327 3379 5397 sequeretur
3401 5329 3451 5379 et

1848 5415 2228 5487 corriperent,
2250 5412 2295 5467 si
2322 5429 2356 5466 a
2387 5412 2749 5469 nominativo
2784 5413 2846 5469 in
2876 5432 2945 5470 on
2984 5413 3333 5472 terminante
3356 5430 3452 5475 ve-

1850 5571 2061 5630 codicis
2089 5570 2515 5627 membranam.

1871 5677 1882 5688 ι
1924 5644 2031 5717 (52)
2062 5642 2203 5699 Cod.
2224 5658 2313 5715 spe
2339 5646 2539 5701 ratum.
