3882 6222
162 455 250 509 533
1229 446 1682 513 QUIESTIONES
1740 444 2337 504 GRAMMATICALES.
3327 445 3437 501 ’534

159 571 270 626 licet
300 568 454 624 multi
486 584 593 640 pro
621 566 979 639 simplicitate
1009 567 1330 623 intellectus
1347 566 1726 621 suiconentur
1756 574 1808 631 Α
1837 569 2078 638 gaudet;
2108 568 2215 639 'qui
2260 566 2552 621 Trinitatis
2584 581 2698 618 suae.
2747 566 2998 618 assertor
3024 563 3255 630 exstitit,
3298 562 3434 618 dum

160 657 403 713 abradere
442 656 501 708 id
545 655 705 725 quod
747 660 830 708 est
857 673 949 708 nec
982 659 1208 726 genitus,
1238 660 1546 726 propterea
1577 656 1730 726 quod
1835 658 2033 710 omnia
2063 657 2119 710 in
2155 672 2419 721 numero,
2453 671 2724 708 mensura
2751 656 2808 706 et
2836 652 3092 723 pondere
3121 651 3436 706 constituit.

158 747 287 818 apud
313 745 448 798 alios
479 743 791 797 catholicos
814 759 964 814 saepe
995 744 1208 813 legitur
1249 743 1486 813 Spiritus
1524 750 1733 796 sanctus
1835 746 1900 797 Et
1938 745 2066 799 ideo
2095 744 2387 798 Trinitatis
2416 742 2671 815 quodam
2707 740 2881 795 modo
2915 738 3303 793 differentiam
3337 754 3438 808 per

152 851 227 887 nec
247 836 460 903 genitus,
489 831 584 884 sed
604 831 914 901 procedens,
962 831 1095 885 licet
1126 831 1289 885 multi
1317 849 1407 884 nec
1438 833 1730 900 ingenitus,
1834 833 2010 887 trium
2059 832 2370 905 imperium
2405 848 2488 899 se,
2529 830 2761 903 paribus
2793 826 3151 893 intermissis,
3193 843 3440 898 sequen-

153 923 222 976 sed
243 929 438 975 tantum
463 920 777 991 procede-ns.
809 920 915 984 Qui
937 924 1290 975 correctores
1305 920 1349 974 si
1365 923 1734 975 recurrerent
1834 921 1978 976 tium
2001 939 2204 976 censeo
2226 925 2491 976 naturam
2507 918 3199 988 discutiendam;quorum
3219 915 3438 986 primus

155 1012 214 1067 ad
246 1011 575 1064 interiorem
620 1009 818 1080 logica:
874 1010 1420 1075 considerationem,
1473 1010 1731 1080 profecto
1833 1010 1904 1064 sit
1939 1010 2254 1081 quinarius,
2298 1010 2582 1064 secundus
2627 1006 3004 1080 septenarius,
3041 1005 3241 1059 tertius
3271 1019 3438 1058 nove-

156 1099 568 1172 perviderentin
604 1102 844 1168 utraque
858 1097 1172 1152 assertione
1187 1097 1451 1152 stabilem
1480 1096 1612 1150 fidei
1637 1096 1729 1150 fir-
1835 1100 2049 1165 uarius,
2075 1099 2228 1152 inter
2252 1117 2395 1171 quos
2415 1099 2528 1152 duo
2556 1095 2868 1150 intermissi
2890 1094 3122 1165 signant
3147 1092 3436 1163 duplicem

157 1189 402 1240 mitatem.
435 1187 628 1240 Habet
646 1202 782 1239 sane
807 1186 1009 1240 eadem
1035 1186 1178 1241 fides
1202 1186 1259 1240 in
1291 1184 1590 1239 divinitate
1609 1185 1731 1238 Tri-
1837 1191 2102 1242 naturam
2152 1186 2320 1242 unius
2369 1189 2497 1242 Jesu
2550 1184 2782 1250 Christi,
2816 1182 3093 1256 quoniam
3146 1181 3237 1235 ille
3268 1197 3320 1234 v1
3369 1197 3435 1233 ex

156 1275 319 1330 uitatis
347 1273 504 1347 quod
535 1274 650 1327 alia
680 1273 758 1327 sit
781 1290 1029 1344 persona
1063 1274 1265 1339 Patris,
1298 1273 1409 1328 alia
1443 1273 1586 1337 Filii,
1621 1272 1733 1327 alia
1834 1275 2021 1347 primo
2066 1275 2273 1347 impari
2323 1275 2612 1348 duplicato
2666 1274 2952 1346 perfectus
3001 1269 3187 1324 existit
3219 1286 3230 1323 :
3264 1268 3355 1322 hic
3383 1284 3436 1323 ix

157 1361 1733 1434 Spiritussancti,quasproprietatibusint‘ormantcatho-
1833 1380 1966 1418 vero
2001 1381 2066 1418 ex
2096 1363 2285 1435 primo
2337 1364 2460 1434 pari
2512 1361 2950 1435 quadruplicato
2991 1357 3436 1414 diminutionem

155 1451 246 1518 lici,
267 1468 372 1505 non
403 1449 660 1503 diversas
689 1449 1047 1521 temporibus
1077 1452 1176 1502 aut
1206 1449 1360 1503 lueis.
1398 1449 1541 1502 Nam
1575 1447 1730 1519 quod
1833 1453 2037 1524 recipit
2064 1455 2166 1507 sub
2191 1452 2524 1506 ostensione
2557 1450 2772 1506 cubicaa
2799 1447 3154 1521 quantitatis,
3178 1450 3239 1500 ut
3255 1442 3438 1516 perfe-

153 1541 297 1593 Pater
325 1555 437 1593 non
473 1542 561 1592 est
607 1537 790 1591 factus
821 1555 927 1591 nec
953 1542 1199 1603 creatus,
1229 1553 1537 1590 commune
1563 1539 1647 1590 est
1677 1534 1729 1590 ei
1833 1547 1987 1598 ctum
2021 1545 2201 1598 Deum
2253 1541 2498 1595 innuant
2543 1541 2713 1613 paulo
2752 1538 2945 1593 minus
2982 1536 3336 1591 minoratum
3364 1531 3435 1585 ab

154 1643 260 1681 cum
283 1627 411 1680 Filio
433 1630 492 1680 et
519 1626 738 1696 Spiritu
763 1630 979 1692 sancto;
1001 1625 1159 1697 quod
1173 1641 1305 1679 vero
1335 1642 1451 1679 non
1469 1628 1553 1678 est
1573 1623 1721 1695 geni-

1833 1631 2051 1702 angelis
2070 1631 2171 1685 sub
2194 1632 2382 1686 forma
2395 1628 2710 1683 servi.Cum
2733 1627 2925 1699 itaque
2945 1625 3095 1679 infra
3116 1621 3436 1686 denarium,

154 1721 241 1780 ωε,
260 1731 566 1769 Commune
597 1717 683 1768 est
703 1730 834 1768 cum
858 1714 1072 1784 Spiritu
1093 1717 1312 1780 sancto.
1335 1713 1433 1766 sed
1459 1729 1574 1767 non
1597 1729 1730 1766 cum
1833 1723 2070 1792 excepto
2095 1719 2442 1788 septenario,
2464 1734 2670 1772 omnes
2694 1714 2921 1769 numeri
2951 1717 3050 1768 aut
3069 1711 3440 1784 gignant,aut

153 1803 295 1870 Filio;
323 1802 475 1873 quod
508 1806 713 1856 autem
748 1802 918 1856 Filius
945 1805 1030 1855 est
1058 1801 1305 1871 genitus,
1335 1799 1528 1854 differt
1557 1800 1628 1854 ab
1661 1815 1730 1854 eo
1763 1876 1795 1878 ᾗ
1834 1810 2176 1878 gignantur,
2215 1807 2426 1861 horum
2472 1805 2936 1877 prmscriptorum
2983 1801 3295 1872 imperium
3328 1798 3439 1871 pri-

154 1891 294 1944 Pater
315 1895 370 1944 et
398 1889 677 1959 Spiritus.
716 1888 860 1942 Cum
901 1905 1041 1959 ergo
1077 1891 1245 1943 Pater
1293 1886 1367 1942 sit
1416 1887 1728 1958 ingenitus,
1761 1876 1812 1935 Β
1987 1894 2311 1966 gignit,sed
2330 1910 2446 1949 non
2475 1876 2770 1964 gignitur;
2805 1889 3086 1945 secundus
3112 1905 3216 1943 nec
3229 1888 3434 1958 gignit,

154 1977 294 2030 Filius
311 1979 557 2048 genitus,
575 1977 972 2048 Spiritusvero
996 1978 1225 2029 sanctus
1245 1991 1351 2029 nec
1371 1974 1598 2045 genitus
1625 1991 1730 2029 nec
1834 1999 1939 2037 nec
1970 1982 2264 2053 gignitur;
2300 1981 2499 2036 tertius
2535 1985 2730 2034 autem
2763 1979 3040 2049 gignitur,
3074 1976 3173 2031 sed
3201 1991 3317 2029 non
3351 1974 3436 2044 gi-

152 2064 427 2135 ingenituS,
476 2069 710 2119 Constat
741 2063 872 2135 quia
915 2081 1021 2117 nec
1066 2065 1254 2129 Pater,
1287 2079 1394 2116 nec
1432 2062 1602 2116 Filius
1633 2064 1730 2134 qui
1832 2071 1960 2141 gnit
1988 2086 2002 2124 :
2037 2086 2284 2140 quorum
2314 2068 2525 2139 singuli
2557 2068 2763 2139 quibus
2791 2063 3143 2119 conveniant
3178 2060 3438 2135 personis

153 2156 382 2206 neutram
413 2170 621 2208 earum
647 2169 1026 2224 personarum
1058 2151 1446 2206 differentiam
1468 2151 1726 2205 sortitur.

153 2239 242 2294 Sed
256 2242 294 2294 si
315 2241 554 2312 Spiritus
585 2244 817 2295 sanctus
857 2256 972 2294 non
1003 2242 1088 2293 est
1126 2240 1376 2311 genitus,
1399 2238 1478 2293 ait
1500 2237 1723 2310 aliquis,

153 2330 315 2398 procul
342 2329 514 2384 dubio
550 2333 642 2384 est
671 2329 981 2400 ingenitus.
1015 2328 1180 2392 Quod
1209 2345 1326 2383 non
1347 2327 1428 2381 ita
1445 2343 1724 2395 esse,cum

151 2418 434 2473 Aristotelis
454 2417 758 2473 sententia
776 2418 1053 2472 reclamat
1072 2417 1285 2472 locutio
1298 2420 1592 2484 consueta,
1612 2433 1726 2488 qua

149 2520 232 2558 nos
246 2505 488 2576 patimur
521 2505 708 2560 etiam
741 2505 811 2558 ab
833 2503 1101 2571 inimicis,
1131 2504 1308 2558 levius
1342 2520 1460 2558 non
1492 2519 1612 2558 esse
1643 2520 1726 2558 sa-

147 2593 352 2662 pientes,
382 2611 569 2666 quam
597 2593 954 2664 insipientes,
988 2593 1133 2660 dici;
1168 2597 1225 2648 et
1255 2609 1368 2648 non
1395 2609 1514 2646 esse
1537 2592 1725 2662 justus

147 2683 303 2751 potius
329 2700 500 2754 quam
564 2682 828 2752 iniustos,
864 2698 994 2736 cum
1025 2681 1217 2751 palam
1251 2681 1522 2734 omnibus
1556 2697 1725 2735 causa

149 2768 451 2824 humilitatis
477 2771 550 2824 id
572 2770 758 2840 ipsum
794 2770 1153 2840 profiteatur.
1185 2768 1318 2831 Quis
1349 2769 1504 2822 enim
1536 2785 1722 2840 aegro-

1834 2174 2006 2213 nemo
2035 2158 2261 2212 dubitat
2289 2157 2495 2222 fidelis,
2521 2155 2771 2210 maxime
2803 2169 2933 2207 cum
2960 2151 3223 2223 gentium
3249 2149 3435 2221 philo-

1829 2247 1995 2318 sophi
2029 2249 2269 2317 propter
2314 2244 2704 2316 supradictam
2758 2257 2989 2296 causam
3042 2237 3435 2310 septenarium

1829 2336 2094 2390 Minervae
2109 2335 2498 2401 attribuerint,
2519 2340 2576 2388 et
2593 2349 2697 2387 nos
2715 2331 2794 2386 illi
2815 2329 3311 2400 sapientiaquem
3336 2342 3436 2380 nu-

1829 2426 2114 2481 merando
2142 2428 2388 2490 constat,
2414 2439 2712 2494 nunquam
2756 2419 3078 2490 simplicem
3136 2434 3253 2472 non
3291 2431 3430 2470 esse.

1899 2517 1989 2568 23.
2021 2514 2133 2569 Sed
2163 2513 2299 2585 quia
2345 2513 2415 2567 de
2471 2511 2579 2577 his,
2641 2513 2703 2564 ut
2745 2507 2887 2563 mihi
2939 2507 3122 2561 visum
3163 2507 3267 2571 est,
3302 2503 3435 2558 satis

1828 2601 2069 2656 disserui
2101 2602 2159 2657 in
2194 2601 2448 2656 libellulo
2480 2615 2653 2670 quem
2700 2596 2961 2669 precibus
3008 2594 3250 2648 fratrum
3279 2607 3435 2648 coacr

1827 2693 1916 2744 tus
1955 2691 2035 2744 De
2088 2705 2352 2754 numero,
2399 2702 2672 2742 mensura
2703 2688 2761 2740 et
2821 2681 3097 2756 pondere,
3137 2680 3278 2735 olim
3319 2677 3435 2733 cdii

1826 2795 1997 2850 super
2027 2779 2309 2833 calculum
2357 2775 2590 2830 Victorii
2619 2775 2750 2845 (55),
2779 2772 2991 2827 idcirco
3036 2770 3126 2824 hic
3151 2770 3318 2842 plura
3347 2767 3436 2823 di-

150 2861 238 2924 tus,
262 2875 381 2913 cum
412 2859 566 2912 sciat
591 2875 650 2911 se
679 2875 795 2912 non
826 2874 945 2911 esse
977 2873 1204 2924 sanum,
1228 2855 1514 2926 patienter
1527 2857 1723 2911 audiat

146 2961 190 2998 se
216 2963 320 3000 esse
350 2948 514 3001 insan
529 2945 784 3000 um?Sic
814 2946 878 3000 fit
902 2949 961 2999 ut
992 2946 1256 3016 quaedam
1291 2945 1505 3015 absque
1535 2941 1724 3014 priva-
1824 2953 2117 3009 fastidium
2150 2954 2444 3024 ingereret,
2472 2951 2698 3007 Iecioris
2737 2947 3003 3020 ignavia.

146 3033 271 3088 tione
290 3039 522 3106 negata,
563 3050 694 3088 vera
720 3033 860 3100 sint;
887 3049 1016 3104 qua:
1065 3032 1374 3105 privatorie
1409 3030 1720 3094 affirmata,

1895 3043 2058 3097 Unde
2114 3042 2369 3113 quodam
2410 3037 2758 3110 compendio
2809 3034 3130 3090 evisceratis
3179 3032 3432 3102 objecta-

150 3136 254 3174 vera
277 3139 391 3176 esse
420 3139 552 3178 non
584 3121 830 3192 possint;
861 3121 1065 3192 quibus
1097 3125 1292 3174 tamen
1327 3117 1644 3190 privatosiis
1673 3117 1717 3171 si
1744 3147 1790 3206 C
1823 3147 1952 3185 mm
1987 3131 2373 3202 quaestionum
2415 3128 2656 3195 intimis,
2707 3143 2847 3198 quas
2884 3128 3068 3180 vestra
3103 3119 3434 3177 fraternitas

146 3208 479 3280 hyperbatice
518 3209 890 3280 superveniat
911 3209 1168 3281 negatio,
1199 3207 1449 3263 restituit
1477 3224 1544 3260 ea
1570 3205 1716 3260 veri-

1830 3219 2174 3291 perlegendo
2207 3217 2491 3283 discutiat,
2526 3214 2886 3271 discutienda
2925 3213 3204 3285 perlegat,
3234 3206 3430 3263 termi-

144 3298 226 3351 tati
251 3299 582 3371 aliquando.
614 3300 764 3352 Nam
803 3298 940 3352 dum
964 3297 1170 3351 dicitur
1187 3297 1256 3351 de
1283 3295 1561 3368 quolibet,
1591 3296 1712 3348 Non
1817 3324 1958 3362 num
1989 3307 2076 3360 his
2108 3306 2414 3377 imponere
2442 3302 2952 3369 decrevimuime
2978 3300 3114 3372 quia
3142 3299 3434 3368 disputa“-

145 3387 404 3454 estsanus,
448 3387 766 3442 addubitat
807 3385 1010 3458 aliquis
1063 3388 1256 3440 utrum
1311 3385 1544 3438 insanus
1581 3382 1716 3436 velit

1830 3395 1888 3450 io
1921 3394 2155 3466 perveni
2191 3395 2264 3448 ad
2287 3411 2420 3448 eum
2449 3392 2545 3465 qui
2579 3395 2663 3446 est
2692 3391 2922 3445 initium
2956 3393 3015 3444 et
3038 3387 3188 3443 finis.
3210 3387 3435 3455 Valete;

145 3472 387 3546 intelligi;
422 3477 481 3531 id
523 3475 679 3529 enim
702 3474 964 3546 possibile
987 3477 1071 3528 est
1095 3473 1458 3544 consequi,et
1482 3471 1712 3538 idcirco,

145 3576 171 3613 a
192 3562 389 3619 dicente
417 3563 750 3619 necessario
773 3562 1139 3634 subjungitur
1158 3561 1292 3633 quia
1318 3577 1422 3615 nec
1447 3577 1617 3614 sanus
1633 3563 1718 3613 est

144 3665 228 3704 nec
267 3653 517 3708 insanus.
579 3651 854 3706 Similiter
901 3667 1038 3722 ergo
1089 3650 1229 3704 dum
1266 3649 1392 3704 dico
1439 3648 1716 3720 Spiritum

143 3743 365 3794 sanctum
389 3758 518 3795 non
552 3756 673 3794 esse
704 3739 987 3810 genitum,
1008 3741 1289 3810 quantum
1319 3737 1394 3791 ad
1418 3737 1719 3791 veritatem

143 3827 349 3896 sufﬁcit;
378 3829 483 3884 sed
517 3828 592 3882 ad
624 3843 825 3881 ansam
845 3826 1149 3881 calumnia:
1184 3825 1515 3880 solvendam
1551 3825 1721 3897 profi-

144 3913 219 3978 cit,
237 3917 275 3970 si
305 3935 405 3972 nec
435 3916 735 3989 genitum,
769 3933 875 3970 nec
915 3915 1242 3986 ingenitum
1295 3931 1413 3968 esse
1447 3916 1720 3967 tractatus

146 4004 441 4073 patefecerit
481 4023 495 4060 :
526 4004 812 4076 siquidem
833 4003 1076 4076 privatio
1099 4003 1275 4075 exigit
1305 4001 1677 4073 negationem
1703 4017 1716 4068 ;

145 4095 339 4163 negatio
358 4111 502 4150 vero
531 4092 916 4165 privationem
947 4091 1269 4147 necessario
1303 4089 1560 4157 nomine,
1587 4089 1721 4161 quia

145 4193 238 4234 non
265 4199 431 4239 omne
466 4182 632 4254 quod
673 4197 790 4236 non
823 4181 976 4235 videt
1008 4197 1224 4235 caseum
1253 4181 1358 4245 est,
1381 4195 1511 4232 cum
1543 4193 1718 4233 omne

145 4270 272 4338 quod
299 4287 519 4328 caecum
564 4274 650 4324 est
694 4286 809 4324 non
841 4269 1031 4324 videat
1062 4286 1078 4321 :
1107 4271 1166 4323 et
1196 4285 1313 4322 non
1358 4283 1532 4321 omne
1565 4265 1720 4337 quod

139 4353 324 4423 justum
340 4378 460 4416 non
491 4362 578 4414 est
597 4358 675 4428 inj
687 4361 875 4412 ustum
895 4360 1000 4423 est,
1027 4373 1157 4412 cum
1171 4372 1346 4412 omne
1363 4355 1518 4426 quod
1548 4353 1721 4423 injus-

145 4444 242 4500 tam
281 4452 378 4518 est,
412 4446 742 4504 necessario
775 4448 995 4501 constet
1033 4445 1188 4516 quod
1209 4445 1433 4515 justum
1465 4458 1581 4498 non
1613 4443 1716 4495 est.
1892 4441 2222 4513 Anguillosa
2249 4439 2410 4510 palus
2435 4435 2615 4491 nescit
2642 4435 2857 4489 habere
2879 4432 3142 4486 modum.

198 4538 274 4589 22.
299 4537 560 4608 Denique
592 4552 723 4589 cum
750 4534 890 4588 talia
918 4533 1169 4604 plurima
1196 4535 1508 4603 suppetant
1546 4546 1716 4601 argu-
1750 4601 1789 4608 “
1821 4531 1983 4587 Unde
2021 4529 2194 4584 refert
2231 4527 2466 4581 umbras
2487 4541 2636 4597 vaga
2669 4525 2761 4578 lux
2791 4521 3041 4577 Phoebea
3066 4519 3324 4574 sinistras

144 4629 330 4692 menta,
381 4625 522 4682 satis
579 4623 655 4677 sit
702 4621 1020 4678 ostendisse
1063 4622 1122 4676 in
1170 4621 1446 4687 numeris,
1473 4635 1721 4690 quorum
1750 4601 1800 4658 D
1892 4621 2066 4674 Terra
2089 4620 2269 4688 patet,
2298 4615 2454 4670 nullo
2487 4612 2824 4668 continuata
2844 4608 3011 4664 vado.

143 4708 443 4769 doctrinalis
463 4713 758 4768 sententia
781 4709 1446 4782 multiplicitersuggerit
1470 4708 1722 4763 rationes
1822 4709 1939 4763 Huc
1964 4724 2058 4762 me
2080 4706 2227 4760 forte
2255 4703 2386 4759 dedi
2418 4701 2633 4774 ignotis
2662 4700 2895 4771 ignotus
2943 4697 3214 4764 alumnis,

145 4798 924 4870 physicas.Constatnimirum
939 4800 1075 4873 quia
1087 4797 1720 4869 numeroDeusimpare
1894 4797 2066 4862 Quos,
2095 4793 2400 4850 Benedicte
2429 4794 2618 4858 Pater,
2645 4790 2778 4861 jure
2807 4791 2972 4842 tuere
2998 4802 3186 4856 paras.

1827 2883 1955 2921 cere
1986 2867 2302 2938 supersedi,
2333 2882 2404 2920 ne
2450 2862 2742 2937 prolixitas
2784 2859 3135 2916 charitativa:
3176 2855 3433 2928 epistola

2331 3515 2504 3570 Addit
2532 3513 2904 3568 Mabillonius.

1821 3643 1864 3700 Ο
1897 3641 2202 3713 Ramesiga
2234 3640 2461 3707 cohors,
2498 3637 2703 3709 amplis
2734 3653 2861 3708 quas
2893 3632 3156 3689 claudere
3188 3630 3429 3701 stagnis,

1894 3732 2097 3786 Purior
2129 3731 2336 3801 obryzo
2375 3726 2571 3782 niteris
2603 3743 2724 3780 esse
2755 3727 2893 3780 Deo.

1818 3821 1987 3875 Vasta
2015 3821 2196 3892 palus,
2220 3818 2441 3892 piscosa
2470 3815 2664 3877 nimis,
2698 3831 2800 3868 sua
2821 3809 3100 3884 dyndima
3131 3806 3356 3879 pandit.

1894 3910 1963 3964 Ut
1993 3925 2144 3963 nova.
2167 3908 2281 3962 sint
2309 3905 2491 3962 eremi
2526 3905 2773 3958 claustra
2805 3901 3037 3973 reperta
3071 3896 3192 3952 tibi.

1821 3997 1964 4052 Nam
1996 4015 2110 4068 qua
2140 3996 2432 4052 corviferae
2459 3991 2754 4063 consurgit
2783 3988 3043 4063 proditor
3073 3985 3292 4058 hydrus,

1891 4087 2079 4140 Insula
2108 4085 2310 4139 silvoso
2341 4082 2570 4156 gurgite
2602 4079 2840 4152 pulchra
2871 4075 3033 4130 nitet.

1821 4177 1888 4232 Et
1913 4193 2026 4248 qua
2052 4172 2407 4244 splendentis
2436 4189 2493 4226 se
2525 4171 2799 4240 mergunt
2828 4169 2952 4222 lora
2983 4163 3191 4232 bootis,

1892 4267 2040 4320 Pons
2070 4267 2155 4318 est
2184 4261 2317 4317 inde
2349 4260 2463 4316 suis
2489 4259 2716 4332 pervius
2743 4253 3105 4328 Angligenis.

1823 4355 1946 4420 Qua
1976 4354 2268 4425 Cynosura
2297 4350 2415 4421 poli
2446 4349 2628 4403 fixum
2656 4345 2808 4418 regit
2837 4342 3091 4416 undique
3123 4357 3331 4415 gyrum

1822 4956 2013 5028 granis
2043 4955 2218 5022 lentis,
2247 4953 2364 5008 licet
2389 4952 2672 5028 Vincimus
2699 4949 3028 5028 TOQSANgS'
3053 4947 3107 4998 in
3138 4944 3246 4998 suis
3274 4957 3432 5012 opas-

1824 5017 1956 5083 culis
1985 5033 2186 5082 asserat
2205 5017 2428 5096 pensari
2464 5020 2816 5096 x_vn,_grqnis
2843 5017 3045 5096 (ionici,
3074 5029 3436 5096 annumerans

1829 5102 1935 5154 tria
1961 5115 2132 5168 grana
2178 5084 2404 5164 singulis
2430 5084 2668 5168 siliquis:
2699 5087 2864 5149 Quod
2905 5084 3436 5168 autemusupra‘dip-

1827 5154 2394 5224 tumvtestilnorlium
2429 5164 2487 5216 in
2529 5154 2701 5215 editis
2732 5173 2765 5209 a
2802 5173 2892 5236 me
2923 5157 3144 5236 Virgilii
3185 5154 3440 5228 epistolis

1829 5237 2362 5313 grammaticalibus
2394 5249 2516 5313 non
2558 5227 3246 5313 ogcurrat,‘nijlgmirum,
3279 5242 3441 5313 nam-

1827 5295 2008 5383 queet
2026 5309 2138 5363 alia
2162 5305 2438 5362 exstitisse
2460 5297 2674 5371 Virgilii
2703 5296 2912 5365 scripta
2927 5295 2999 5349 de
3020 5311 3081 5348 re
3105 5295 3444 5365 grammati-

1829 5380 1897 5438 ca
1929 5380 2159 5436 scimus.

199 4962 296 5033 (55)
325 4964 614 5019 Prolixum
671 4964 756 5016 est
806 4960 1231 5033 nequeradhuc
1286 4959 1579 5033 vulgatum
1610 4958 1722 5033 hoc

147 5029 371 5107 abbo’nis
405 5053 570 5107 opus,
605 5029 1169 5107 quodego—quidem
1197 5029 1513 5107 inantiquo
1527 5029 1722 5107 codice

149 5100 333 5177 lego,et
353 5099 668 5177 aliquando
690 5099 1111 5177 editurus'sum.
1139 5099 1468 5177 Perbonam
1483 5099 1716 5177 interim

151 5171 552 5252 {neglegendo
577 5175 743 5252 hausi
759 5175 1045 5252 notitiam,
1067 5173 1221 5246 quod
1254 5187 1464 5252 nempe
1480 5171 1642 5252 {tbe
1669 5175 1727 5252 et

152 5240 412 5316 Virgilium
454 5247 928 5319 grammaticum,
953 5263 986 5299 a
1009 5240 1286 5319 ménunc
1305 5240 1722 5319 vulgaturum),

150 5312 252 5395 Erfé
282 5312 544 5374 manibus
578 5317 850 5395 habebat,
894 5312 966 5395 et.
984 5316 1134 5387 quod
1161 5315 1444 5395 ejusdem
1476 5312 1727 5395 patriam

158 5383 379 5445 Tolosam
410 5407 532 5445 esse
565 5388 803 5456 sciebat,
836 5383 1113 5458 nobisque
1157 5383 1346 5441 insciis
1401 5383 1727 5458 gratissime

153 5460 519 5524 patefecit.Sic
548 5460 710 5516 enim
740 5455 900 5514 Abho
927 5475 940 5514 :
966 5455 1224 5530 scripulus
1263 5455 1584 5530 appemlitur
1613 5470 1720 5509 xv1.

215 5594 282 5668 (α)
313 5597 534 5655 Classici
567 5598 856 5664 auctores,
888 5596 954 5667 V,
990 5596 1114 5656 init.
