3882 6222
157 452 255 510 537

899 572 1036 627 Vlll.

229 662 455 729 Sist,
524 661 770 717 natione
808 661 1120 729 Romanus,
1154 677 1218 716 ex
1251 664 1416 733 patre
1439 662 1771 731 Pastore,de

164 752 392 824 regione
422 750 673 817 Vialata,
701 749 853 804 sedis
879 749 1046 804 annis
1078 753 1162 805 10.
1202 767 1387 805 meus.
1423 755 1475 806 2.
1506 750 1597 805 die
1630 768 1767 806 uno.

162 841 253 896 Hic
281 837 586 895 constituit
606 840 671 892 ut
694 837 1016 893 ministeria
1042 855 1204 894 sacra
1229 856 1346 894 non
1368 841 1768 910 tangerentur,

164 930 266 984 nisi
294 946 330 983 a
376 927 682 982 ministris.
735 928 804 980 Et
859 930 922 982 ut
983 927 1312 999 quicunque
1354 928 1768 1000 Episcoporum

164 1019 428 1072 evocatus
446 1015 648 1070 fuisset
677 1015 750 1069 ad
777 1014 987 1070 Sedem
1017 1017 1407 1087 Apostolicam
1439 1017 1669 1072 rediens
1696 1017 1769 1072 ad

167 1103 527 1177 parrochiam
558 1119 723 1158 suam
757 1119 874 1157 non
915 1103 1316 1175 susciperetur,
1351 1105 1457 1159 nisi
1489 1122 1618 1159 cum
1651 1096 1767 1159 for-

172 1197 345 1260 mata,
375 1192 483 1257 Qui
513 1195 572 1247 et
597 1191 718 1263 ipse
748 1193 1005 1262 sepultus
1044 1196 1128 1247 est
1143 1193 1310 1263 juxta
1338 1210 1545 1265 corpus
1587 1195 1645 1248 B.
1672 1196 1770 1249 Pe-

174 1281 244 1335 tri
275 1322 291 1348 ,
348 1283 381 1335 3
437 1296 625 1335 nonas
681 1280 893 1351 April.
952 1282 1020 1335 Et
1079 1282 1320 1337 cessavit
1400 1282 1769 1354 Episcopatus

179 1371 313 1434 dies,
342 1373 392 1425 2.

930 1462 1015 1515 IX.

242 1547 670 1614 Transeamus,
706 1548 943 1604 natione
992 1549 1239 1615 Graecus,
1298 1564 1365 1603 ex
1397 1550 1765 1618 anachoritis,

180 1633 321 1689 sedit
351 1634 513 1688 anuis
541 1638 629 1690 11.
664 1636 961 1691 mensibus
994 1639 1046 1691 3.
1076 1636 1198 1691 dies
1224 1635 1317 1693 21.
1352 1638 1448 1692 Hic
1477 1639 1770 1693 constituit

179 1725 241 1776 ut
265 1738 370 1795 per
383 1726 605 1793 septem
636 1723 1033 1779 hebdomadas
1059 1728 1194 1780 ante
1226 1725 1461 1791 Pascha,
1482 1726 1767 1796 jejunium

178 1810 577 1865 celebraretur.
604 1811 741 1866 Etin
757 1811 939 1866 Natali
957 1813 1186 1868 Domini
1209 1814 1383 1868 Missa:
1401 1830 1505 1885 per
1516 1818 1767 1883 noctem;

1209 446 1615 508 EXCERPTUM
1637 442 1728 508 DE
1752 438 1987 508 GESTIS
2013 444 2176 508 ROM.
2212 449 2410 508 PONT.

1791 577 1847 637 Α

3360 453 3464 511 ῧ38

2619 572 2724 628 XV.

1872 660 2119 728 VICTOR,
2152 662 2387 717 natione
2443 661 2597 725 Afer,
2626 678 2693 715 ex
2740 664 2899 733 patre
2950 660 3153 726 Felice,
3187 661 3332 715 sedit
3360 677 3465 716 an-

1873 750 1962 804 nis
1994 755 2075 806 15.
2108 751 2352 806 mensib.
2401 754 2452 806 3.
2487 751 2641 805 dieb.
2675 754 2756 807 10.
2794 751 2888 804 Hic
2914 750 3210 806 constituit
3269 752 3332 804 ut
3362 768 3461 805 ne-

1872 839 2130 894 cessitate
2158 839 2424 905 faciente,
2460 840 2553 894 ubi
2581 840 2844 894 iuventus
2874 843 3023 894 esset
3075 839 3327 910 gentilis,
3365 842 3470 895 ba-

1872 928 2200 998 ptizaretur,
2219 931 2276 982 et
2290 932 2351 982 ut
2375 946 2407 982 a
2423 928 2857 1000 quartadecima
2879 930 3037 983 Luna
3049 928 3222 999 primi
3254 930 3469 984 mensis

1871 1033 2051 1087 usque
2080 1017 2410 1072 vicesimam
2446 1018 2696 1088 primam
2733 1018 2823 1072 die
2854 1017 3154 1073 Dominica
3184 1018 3470 1072 custodia-

1871 1106 1965 1159 tur
1988 1110 2250 1161 sanctum
2284 1107 2515 1161 Pascha.
2547 1107 2653 1171 Qui
2686 1109 2941 1177 sepultus
2965 1110 3050 1161 est
3070 1107 3237 1176 juxta
3267 1123 3475 1179 corpus

1870 1195 1930 1247 Β.
1963 1194 2115 1248 Petri
2147 1198 2199 1247 5.
2234 1196 2473 1254 Kalend.
2512 1198 2654 1266 Aug.
2718 1197 2781 1248 Et
2811 1196 3051 1249 cessavit
3102 1196 3471 1267 Episcopatus

1870 1282 2070 1338 diebus
2104 1287 2187 1338 12.

2582 1376 2709 1430 XVI.

1868 1463 2233 1529 Zspmauvus,
2263 1463 2497 1519 natione
2514 1465 2901 1530 Romanus,ex
2958 1466 3117 1535 patre
3140 1463 3463 1530 Habundio,

1868 1551 2015 1606 sedit
2044 1552 2207 1607 annis
2234 1555 2287 1607 8.
2336 1569 2521 1607 mens.
2552 1556 2605 1608 6.
2639 1552 2793 1607 dieb.
2826 1555 2877 1607 3.
2915 1552 3011 1606 Hic
3068 1552 3364 1607 constituit
3405 1556 3467 1605 ut

1869 1640 1972 1694 sub
1999 1642 2288 1711 presentia
2317 1641 2582 1696 omnium
2604 1641 2968 1703 clericorum,
3010 1644 3067 1695 et
3096 1641 3372 1695 laicorum
3400 1639 3466 1693 tl-

1868 1728 2371 1796 delium,clericus,
2394 1730 2583 1797 levita,
2613 1731 2728 1784 sive
2761 1730 3025 1784 sacerdos
3049 1729 3418 1783 ordinaretur
3450 1743 3463 1782 :

1872 1819 1928 1870 et
1953 1833 2227 1872 coronam
2246 1821 2527 1873 sacratam
2559 1818 3110 1888 accipiatpresbyter
3123 1817 3466 1871 tradendam

178 1915 282 1954 nec
307 1915 560 1971 unquam
593 1902 728 1955 ante
755 1900 963 1955 horam
990 1901 1221 1956 tertiam
1250 1902 1440 1956 Missas
1466 1902 1769 1957 ulluscele-
1801 1893 1851 1955 Β
1872 1907 2106 1977 pepulo.
2128 1905 2235 1969 Qui
2266 1907 2518 1976 sepultus
2539 1909 2624 1961 est
2655 1906 2712 1959 in
2739 1906 3024 1959 cimiterio
3056 1921 3181 1969 suo,
3196 1905 3358 1975 juxta
3389 1904 3467 1957 ci-

179 1988 461 2043 braret.Et
489 1991 552 2043 ut
582 1991 717 2043 ante
755 1989 1097 2044 sacriﬁcium
1110 1990 1362 2061 hymnus
1383 1989 1774 2044 celebraretur

177 2076 482 2147 angelicas.
496 2076 606 2142 Qui
632 2078 903 2149 martyrio
917 2079 1505 2149 coronatus,sepultus
1516 2080 1601 2133 est
1610 2078 1774 2149 juxta

175 2166 449 2236 corpusB.
474 2165 630 2221 Petri
654 2167 708 2222 4.
739 2183 879 2223 non.
914 2167 1148 2223 Ianuar.
1175 2167 1242 2221 Et
1274 2166 1513 2221 cessavit
1543 2166 1769 2239 Episco-

179 2255 348 2323 patus
374 2252 491 2309 dies
509 2260 563 2311 7.

248 2430 520 2500 Hvomus,
550 2431 788 2488 natione
817 2433 1138 2502 Graecus,”
1151 2434 1496 2506 PhilosOpho
1511 2434 1582 2489 de
1601 2435 1772 2489 Athe-

172 2518 283 2585 nis,
306 2519 462 2590 cujus
491 2520 898 2592 genealogiam
924 2538 1041 2577 non
1074 2522 1285 2590 inveni;
1312 2522 1460 2577 sedit
1489 2522 1657 2578 annis
1680 2527 1766 2578 15.

172 2608 577 2666 mens.3.dieb.
606 2610 1001 2681 4.Etsepultus
1029 2613 1117 2666 est
1148 2612 1311 2682 juxta
1339 2627 1546 2682 corpus
1574 2613 1635 2666 Β.
1662 2613 1767 2667 Pe-

171 2695 269 2762 tri,
329 2699 362 2751 3
428 2696 556 2752 ldus
623 2698 858 2753 Ianuar.
940 2699 1008 2753 Et
1088 2699 1326 2755 cessavit
1398 2699 1769 2772 Episcopatus

172 2783 295 2840 dies
320 2789 374 2842 2.

938 2859 1023 2914 XI.

244 2945 395 3014 Plus,
428 2946 663 3003 natione
674 2947 939 3014 Italus,ex
952 2951 1115 3020 patre
1145 2948 1557 3016 Ruﬁno,frater
1574 2951 1769 3005 Pasto-

173 3031 274 3100 ris,
308 3034 378 3089 de
407 3035 630 3091 civitate
650 3035 1086 3108 Aquileia.sedit
1114 3036 1280 3091 annis
1313 3041 1397 3092 10.
1422 3040 1479 3092 et
1509 3041 1561 3092 9.
1604 3054 1771 3092 men-

175 3119 280 3175 sib.
315 3126 373 3177 et
420 3126 470 3179 3.
503 3123 725 3179 diebus.
759 3122 876 3179 Sub
935 3124 1099 3195 cuius
1147 3125 1490 3203 Episcopatu
1534 3126 1772 3181 Hermes

174 3206 389 3265 librum
428 3211 671 3283 scripsit,
704 3211 763 3266 in
808 3228 922 3284 quo
964 3212 1296 3268 continetur
1338 3214 1499 3285 quod
1535 3215 1773 3285 angelus

174 3296 472 3353 Dominiin
486 3298 686 3353 habitu
708 3299 958 3355 Pastoris
990 3300 1041 3355 ei
1058 3300 1335 3372 praecepit
1352 3304 1415 3355 ut
1444 3301 1659 3356 Pascha
1681 3301 1773 3357 die

174 3384 472 3442 Dominico
502 3387 913 3443 celebraretur.
959 3388 1058 3442 Hic
1090 3388 1383 3443 constituit
1434 3388 1773 3445 hazreticum

174 3474 498 3530 venientem
522 3492 589 3531 ex
601 3476 934 3532 Iudaeorum
953 3477 1155 3532 haeresi
1172 3477 1376 3549 suscipi
1394 3481 1451 3532 et
1471 3478 1769 3549 baptizari.

179 3561 284 3625 Qui
328 3566 579 3637 sepultus
614 3567 701 3619 est
719 3564 884 3635 juxta
914 3582 1120 3637 corpus
1145 3567 1204 3620 Β.
1240 3567 1471 3635 Petri,5.
1504 3567 1633 3622 ldus
1660 3569 1770 3624 Jul.

178 3650 245 3704 Et
271 3652 509 3707 cessavit
530 3653 901 3725 Episcopatus
928 3654 1051 3709 dies
1080 3655 1165 3709 14.

243 3830 564 3897 Amemus,
588 3829 825 3886 natione
853 3831 1047 3903 Syrus,
1067 3847 1136 3886 ex
1163 3833 1328 3901 patre
1354 3832 1676 3899 Joanne,de
1696 3835 1773 3890 vi-

182 3917 665 3980 coHumisa,sedit
684 3918 929 3973 annist2
943 3920 1187 3974 mensui.
1209 3919 1408 3974 diebus
1428 3923 1480 3976 3.
1510 3922 1609 3977 Hic
1633 3940 1771 3978 con-

182 4004 356 4060 stituit
384 4008 447 4061 ut
474 4005 714 4061 clericus
734 4022 963 4063 comam
1009 4023 1129 4062 non
1154 4007 1421 4067 nutriret.
1449 4010 1772 4084 Martyrque

187 4091 398 4161 obiit,et
424 4095 680 4167 sepultus
706 4102 795 4149 est
820 4094 881 4149 in
911 4094 1198 4151 cimiterio
1226 4096 1771 4155 Callisti2.Kaleud.

187 4179 394 4237 laii.Et
416 4182 655 4239 cessavit
668 4181 1039 4256 Episcopatus
1068 4184 1194 4241 dies
1215 4188 1306 4245 47.

881 4272 1012 4328 ΧΙΙΙ.

253 4358 502 4430 Sorana,
534 4360 771 4416 natione
784 4360 1132 4433 Campanus,
1149 4380 1214 4419 ex
1229 4367 1394 4436 patre
1427 4365 1770 4433 Concordio,

1874 1993 2170 2048 miterium
2183 1993 2380 2048 Calixti
2408 1992 2497 2047 via
2523 1992 2727 2065 Appia,
2760 1995 2812 2046 6.
2831 1992 3069 2046 Kalend.
3102 1991 3472 2062 Scptemb,Et

1874 2082 2112 2137 cessavit
2134 2082 2504 2153 Episcopatus
2527 2082 2650 2136 dies
2670 2085 2723 2137 6.

2545 2172 2698 2226 XVII.

1944 2259 2288 2327 CALLISTUS,
2311 2259 2546 2315 natione
2576 2260 2885 2325 Romanus,
2916 2274 2982 2312 ex
3008 2261 3171 2330 patre
3197 2255 3470 2322 Domitio,

1873 2348 1945 2403 de
1975 2349 2117 2404 urbe
2176 2347 2616 2404 Ravennatium.
2647 2346 2807 2403 Sedit
2848 2346 3015 2401 annis
3065 2348 3119 2401 6.
3170 2361 3355 2399 mens.
3415 2346 3469 2398 2.

1874 2436 2025 2493 dieb.
2054 2440 2138 2493 10.
2174 2438 2273 2492 Hic
2302 2436 2600 2492 constituit
2642 2434 2935 2507 jejunium
2971 2435 3064 2489 die
3096 2432 3330 2488 Sabbati
3382 2434 3474 2486 ter

1871 2523 1925 2579 in
1953 2540 2107 2579 anno
2130 2525 2276 2580 ﬁeri.
2321 2524 2703 2596 Martyrioque
2735 2526 3062 2584 coronatus,
3105 2520 3360 2593 sepultus
3389 2521 3475 2573 est

1869 2613 1929 2669 in
1960 2614 2244 2669 cimiterio
2277 2613 2591 2686 Calepodii,
2621 2613 2712 2666 via
2740 2612 2994 2679 Aurelia,
3020 2609 3289 2665 milliario
3324 2609 3378 2663 3.
3414 2610 3469 2666 3.

1870 2703 1999 2758 Idus
2029 2702 2229 2758 Octob.
2261 2703 2328 2756 Et
2350 2701 2586 2757 cessavit
2615 2700 2981 2772 Episcopatus
3010 2701 3131 2755 dies
3150 2704 3204 2765 6,

1942 2870 2237 2940 URBANUS,
2256 2871 2490 2927 natione
2520 2791 2834 2938 Erigyius,
2867 2888 2932 2925 ex
2966 2874 3128 2944 patre
3158 2874 3469 2944 Pontiano,

1872 2959 2019 3014 sedit
2047 2960 2214 3015 annis
2243 2963 2296 3016 9.
2332 2977 2529 3016 mense
2556 2965 2603 3015 1.
2625 2961 2776 3015 dieb.
2801 2960 2855 3015 2.
2898 2961 2996 3015 llic
3030 2978 3130 3016 sua
3157 2963 3469 3020 traditione

1871 3048 2238 3103 Valerianum
2277 3065 2554 3120 sponsum
2586 3049 2637 3104 S.
2680 3049 2924 3117 Cecilim,
2968 3052 3026 3105 et
3070 3051 3284 3106 multos
3328 3053 3472 3108 alios

1872 3154 2051 3208 usque
2083 3137 2154 3192 ad
2173 3138 2515 3209 martyrium
2531 3139 2813 3210 perduxit.
2839 3138 2945 3202 Qui
2962 3139 3257 3194 confessor
3269 3140 3471 3210 factus,

1874 3228 2129 3298 sepultus
2164 3230 2248 3281 est
2286 3227 2346 3282 in
2372 3228 2654 3283 cimiterio
2679 3229 3030 3294 Praetextati,
3058 3229 3147 3283 via
3173 3230 3380 3302 Appia,
3417 3235 3471 3290 8.

1875 3316 2321 3374 Kalend.Jan.Et
2348 3317 2584 3371 cessavit
2614 3317 2980 3388 Episcopatus
3006 3316 3206 3372 diebus
3235 3321 3322 3374 30.

2621 3405 2747 3458 XIX.

1946 3491 2544 3559 Posrmvusmatione
2557 3493 2944 3559 Romanus,ex
2960 3498 3122 3566 patre
3137 3494 3470 3565 Calpurnio,

1873 3581 2023 3635 sedit
2055 3580 2222 3635 annis
2248 3584 2298 3636 9.
2334 3597 2513 3635 mens.
2550 3584 2604 3647 5,
2636 3580 2788 3634 dieb.
2824 3584 2875 3636 2.
2905 3582 3005 3635 Hic
3034 3585 3093 3636 et
3137 3582 3472 3653 Hippolytus

1871 3670 2170 3741 presbyter
2180 3668 2349 3724 exilio
2368 3669 2798 3741 suntdeportati
2811 3669 2883 3723 ab
2894 3669 3219 3724 Alexandro
3241 3669 3313 3723 de
3344 3669 3473 3723 Sar-

1871 3759 2031 3816 dinia
2060 3759 2245 3813 insula
2295 3758 2557 3825 Butiana,
2590 3757 2784 3828 ibique
2835 3757 3157 3823 defunctus,
3191 3757 3469 3826 martyrio

1872 3850 2181 3903 coronatus
2211 3850 2296 3902 est
2326 3850 2377 3902 3.
2410 3845 2648 3903 Kalend.
2673 3846 2951 3900 Novemb.
2986 3844 3170 3908 Quem
3201 3844 3469 3899 B.Fabia-

1871 3952 1979 3990 nus
2031 3935 2267 3990 adduxit
2296 3951 2428 3989 cum
2460 3936 2612 3989 clero
2646 3950 2749 4006 per
2780 3932 2992 3999 navim,
3034 3937 3093 3987 et
3122 3932 3381 4004 sepelivit
3410 3933 3468 3987 in

1871 4024 2155 4080 cimiterio
2186 4023 2385 4080 Calixti
2439 4022 2529 4079 via
2551 4022 2757 4096 Appia.
2789 4024 2859 4077 Et
2886 4021 3126 4078 cessavit
3161 4022 3467 4096 Episcopa-

1871 4116 1965 4169 tus
1994 4113 2113 4169 dies
2143 4115 2227 4168 10.

2615 4201 2719 4260 XX.

1942 4295 2280 4359 Auraaaus,
2326 4290 2564 4347 natione
2593 4291 2840 4357 Graacus,
2865 4306 2932 4344 ex
2962 4292 3126 4361 patre
3176 4290 3448 4359 Romulo,

1871 4382 2020 4439 sedit
2043 4382 2210 4438 annis
2228 4385 2313 4438 12.
2333 4397 2532 4436 mense
2549 4397 2686 4435 uno.
2721 4380 2877 4436 dieb.
2899 4384 2986 4437 12.
3021 4380 3121 4435 Hic
3148 4385 3472 4453 martyrum

195 4445 256 4502 de
296 4449 515 4505 civitate
565 4449 797 4517 Fundis,
854 4450 1003 4507 sedit
1045 4452 1214 4508 annis
1254 4457 1308 4510 9.
1364 4454 1663 4510 mensibus
1714 4459 1768 4515 6.

1879 4475 2034 4545 gesta
2049 4471 2359 4541 diligenter
2371 4468 2682 4541 inquisivit,
2705 4472 2763 4524 et
2782 4468 2842 4523 in
2862 4469 3111 4524 Ecclesia
3125 4445 3468 4525 recondidit.

195 4535 444 4634 ὥθδῂῗίν
478 4538 578 4593 me
623 4539 921 4634 ξ’θηδίίίίξίι
947 4543 1012 4595 ιη
1036 4542 1196 4634 “Ima
1239 4544 1528 4600 monac“
1556 4546 1771 4617 Pallam
1796 4535 1835 4539 _
1870 4535 2254 4634 iiartyrioque
2310 4535 2638 4625 coronatus,
2666 4559 2920 4629 sepultus
2949 4560 3035 4613 est
3086 4558 3147 4613 in
3185 4556 3470 4613 cimiterio

196 4629 450 4684 sacratam
507 4630 891 4699 contingeret,
924 4645 1031 4684 nec
1060 4629 1364 4687 incensum
1414 4637 1660 4703 poneret
1709 4634 1770 4689 in

197 4719 423 4771 sanctam
449 4716 773 4772 ecclesiam.
808 4715 916 4781 Qui
946 4719 1204 4789 sepultus
1233 4722 1320 4775 est
1334 4720 1504 4791 juxta
1545 4738 1758 4794 corpus

199 4800 248 4855 Β.
273 4804 503 4874 Petri,9.
533 4803 778 4860 Kalend.
810 4804 985 4861 Junii.
1018 4807 1087 4861 Et
1128 4808 1371 4864 cessavit
1399 4809 1770 4882 Episcopatus

203 4887 298 4947 dies
316 4896 399 4963 21,

904 4983 1032 5039 XIX.

203 5066 499 5140 Eum-um,
532 5071 773 5127 natione
797 5071 1045 5142 Graecus,
1096 5090 1163 5129 ex
1210 5077 1375 5147 patre
1431 5076 1763 5149 Habundio,

205 5155 258 5213 de
278 5159 474 5233 oppido
488 5159 929 5232 Nicopoli,sedit
948 5160 1115 5216 annis
1130 5166 1218 5219 15.
1231 5166 1688 5223 mens.3.diebus
1710 5171 1763 5224 2.

206 5243 278 5301 llic
315 5249 523 5322 accepit
552 5249 861 5321 epistolam
912 5266 946 5304 a
975 5249 1145 5307 Lucio
1177 5252 1474 5311 Britonum
1510 5272 1670 5328 rege,
1702 5258 1766 5311 ut

207 5332 511 5393 Christianus
534 5336 885 5393 efﬁceretur.
906 5337 971 5391 Et
996 5338 1206 5394 iterum
1237 5340 1488 5397 firmavit
1513 5346 1575 5397 ut
1607 5346 1766 5400 nulla

206 5438 298 5479 esca
316 5425 605 5483 rationalis
637 5428 698 5479 et
726 5424 981 5481 humana
999 5443 1034 5481 a
1060 5427 1395 5485 Christianis
1424 5432 1761 5503 repudiare-

204 5512 286 5578 tur,
310 5515 552 5571 maxime
582 5512 875 5568 ﬂdelibus.
907 5512 1013 5578 Qui
1040 5518 1294 5590 sepultus
1326 5522 1430 5587 est,
1450 5520 1619 5591 juxta
1632 5536 1759 5575 cor-

206 5615 279 5685 pus
301 5603 350 5659 Β.
376 5602 531 5659 Petri
556 5604 612 5660 9.
647 5600 893 5664 Kalend.
914 5602 1043 5663 Iun.
1072 5605 1139 5661 Et
1173 5607 1432 5666 cessavit.
1461 5608 1763 5682 Episcopa-

205 5690 269 5755 tus
289 5692 389 5759 dies
424 5695 508 5753 t5.

1873 4650 2095 4717 Callxti,
2146 4649 2235 4703 via
2262 4646 2467 4719 Appia,
2520 4648 2572 4701 3.
2620 4663 2802 4702 nonas
2844 4647 3079 4702 Ianuar.
3135 4648 3204 4701 Et
3231 4644 3469 4702 cessavit

1871 4739 2241 4813 Episcopatus
2270 4736 2390 4792 dies
2415 4734 2499 4792 13.
2593 4809 2700 4863 XXI

1941 4900 2249 4967 Faernus,
2265 4896 2501 4953 natione
2520 4897 2834 4962 Romanus,
2854 4912 2919 4950 ex
2936 4896 3100 4966 patre
3120 4891 3475 4959 Fabio,sedit

1868 4988 2037 5045 annis
2063 4986 2148 5045 14.
2197 5004 2379 5043 mens.
2415 4988 2500 5040 11.
2534 4984 2688 5039 dieb.
2723 4987 2809 5038 10.
2856 4983 2955 5036 Hic
2985 4980 3253 5052 regiones
3285 4979 3474 5034 divisit

1870 5077 2225 5146 diaconibus,
2258 5079 2315 5132 et
2342 5074 2480 5129 fecit
2504 5089 2602 5127 sex
2624 5071 2914 5137 diaconos,
2935 5069 3033 5142 qui
3058 5072 3279 5140 septem
3295 5068 3473 5123 Nota-

1866 5167 1967 5223 riis
1995 5166 2395 5221 imminerent.
2432 5164 2509 5219 Eo
2568 5164 2833 5232 tempore
2862 5155 3193 5229 supervenit
3221 5156 3468 5211 Novatus

1866 5274 1935 5313 ex
1963 5255 2171 5322 Africa,
2204 5258 2262 5309 et
2313 5251 2601 5326 separavit
2630 5248 2960 5304 Ecclesiam.
3000 5246 3283 5302 Fabianus
3329 5261 3465 5300 vero

1866 5343 2143 5416 martyrio
2181 5344 2507 5407 coronatus,
2542 5341 2796 5412 sepultus
2842 5337 3013 5392 estin
3046 5334 3328 5391 cimiterio
3358 5333 3464 5389 Ca-

1864 5434 2006 5500 lixti,
2052 5431 2143 5486 via
2166 5427 2369 5500 Appia,
2407 5430 2491 5482 13.
2526 5428 2768 5483 Kalend.
2821 5427 3090 5484 Februar.
3134 5425 3204 5480 Et
3228 5422 3468 5479 cessavit

1864 5520 2233 5594 Episcopatus
2261 5515 2381 5571 dies
2408 5517 2461 5572 6.

2608 5604 2759 5659 XXII.

1864 5697 2218 5768 Commius,
2267 5692 2507 5752 natione
2560 5693 2876 5763 Romanus,
2910 5708 2979 5749 ex
3003 5698 3169 5770 patre
3212 5693 3465 5763 Castino,
