3882 6222
426 494 530 550 539

1503 477 1796 536 ABBONIS
1836 468 2123 530 ABBATIS
2156 463 2651 524 FLORIACENSIS

3622 463 3714 518 540

431 610 577 666 sedit
605 608 772 664 annis
801 611 852 662 2.
890 605 1182 660 mensibus
1208 605 1261 669 3,
1293 604 1351 656 et
1376 597 1736 662 dieb.lO.Qui
1760 597 2026 650 Centum-
2053 596 2106 653 Α
2129 587 2374 644 Ecclesia
2403 585 2802 640 ascenderent.
2831 581 2890 636 Si
2919 581 3048 652 quis
3069 579 3511 669 Episcopusesse
3542 597 3710 635 mere-

437 697 593 752 cellis
619 698 811 768 pulsus
830 699 934 760 est,
959 697 1017 748 et
1038 693 1252 748 ibidem
1278 687 1544 758 accepita
1564 685 1846 757 Cypriane
1870 698 2024 736 mar-

428 790 552 858 tyre
573 785 630 839 in
663 779 1323 854 carcerescriptam.Quo
1355 777 1531 832 etiam
1555 777 1676 829 loco
1693 773 2024 836 decollatus,

434 878 657 946 martyr
681 873 920 928 effectus
966 875 1070 924 est.
1101 869 1269 940 Cujus
1317 881 1525 936 corpus
1570 865 1742 918 noctu
1796 859 2029 930 collegit

427 967 488 1020 Β.
518 963 730 1018 Lucina
756 979 887 1017 cum
919 959 1159 1025 clericis,
1187 962 1246 1012 et
1273 955 1530 1026 sepelivit
1560 953 1621 1006 in
1642 952 1841 1023 crypta
1863 949 2029 1020 juxta

431 1051 782 1108 cimiterium
815 1049 1047 1116 Callisti,
1079 1047 1168 1102 via
1197 1044 1404 1118 Appia,
1435 1043 1493 1097 in
1529 1040 1745 1114 praedio
1769 1055 1892 1094 suo.
1941 1039 2024 1092 18.

431 1141 674 1196 Kalend.
748 1137 1026 1195 Octobris;
1092 1137 1157 1190 Et
1205 1133 1443 1190 cessavit
1491 1131 1860 1203 Episcopatus
1917 1127 2032 1182 die-

436 1230 542 1285 bus
571 1232 658 1284 35.

1141 1314 1297 1368 XXIII

438 1406 672 1472 Lucws,
706 1403 942 1459 natione
993 1403 1308 1468 Romanus,
1350 1417 1416 1454 ex
1463 1401 1628 1470 patre
1679 1393 2024 1465 Porpliyrio,

436 1492 762 1550 seditannis
783 1496 835 1548 3.
869 1497 1112 1546 mens.7.
1143 1491 1366 1546 dieb.6.
1395 1488 1490 1542 Hic
1518 1487 1577 1542 in
1591 1485 1756 1541 exilio
1786 1480 2032 1538 fuit.Sed

436 1585 636 1654 postea
665 1579 969 1636 incolumis
999 1579 1071 1634 ad
1090 1578 1398 1634 Ecclesium
1415 1592 1578 1630 suam
1607 1589 1863 1628 reversus
1889 1587 2031 1642 pra:-

438 1671 590 1742 cepit
619 1673 679 1726 ut
708 1669 820 1726 duo
836 1669 1174 1740 presbyteri,
1203 1670 1384 1722 ettres
1397 1663 1625 1720 diaconi
1655 1663 1714 1716 in
1733 1659 1893 1717 omni
1911 1660 2034 1714 loco

435 1757 778 1831 Episcopum
797 1773 913 1813 non
932 1757 1263 1812 desererent
1277 1755 1508 1825 propter
1524 1747 1918 1806 testimonium
1941 1747 2038 1800 Ec-

2127 681 2306 744 retur,
2332 679 2393 730 ut
2417 677 2564 729 esset
2598 671 2882 738 ostiarius,
2915 671 3116 736 lector,
3148 668 3454 735 exorcista,
3484 683 3710 738 sequens

2127 765 2528 830 subdiaconus,
2560 761 2834 816 diaconus
2851 759 3170 830 presbyter,
3199 761 3258 811 et
3287 755 3498 811 exinde
3511 755 3712 826 Episco-

2132 869 2236 926 pus
2265 849 2766 913 ordinaretur.Qui
2795 847 3024 920 fugiens
3036 844 3496 917 persecutionem
3517 843 3712 898 Diocle-

2127 941 2271 997 tiani
2302 941 2358 996 in
2385 939 2597 1012 cryptis
2622 935 2962 1001 habitando,
2995 931 3274 1005 martyrio
3312 934 3634 997 coronatur,
3661 934 3712 987 et

2129 1031 2381 1100 sepultus
2411 1031 2496 1082 est
2523 1027 2585 1081 iu
2623 1023 2908 1081 cimiterio
2931 1022 3132 1077 Calixti
3155 1021 3247 1075 via
3276 1018 3482 1091 Appia,
3508 1017 3594 1077 10.
3621 1019 3712 1072 Kav

2129 1119 2286 1176 lend.
2316 1117 2462 1173 Maii.
2491 1117 2559 1170 Et
2587 1112 2826 1169 cessavit
2852 1110 3223 1184 EpiscOpatus
3252 1107 3380 1162 dies
3403 1111 3486 1162 11.

2201 1290 3090 1359 ΜΑιιεειιλΝυε,ηᾶῑίοηθῐὶοῐηεη
3099 1302 3256 1353 us,ex
3277 1287 3442 1357 patre
3457 1282 3714 1353 Projectc,

2130 1383 2277 1438 sedit
2298 1383 2462 1437 annis
2491 1385 2543 1436 9.
2572 1379 2868 1434 mensibus
2891 1379 2943 1432 4.
2979 1375 3182 1431 diebus
3205 1377 3296 1432 16.
3333 1371 3456 1436 Quo
3483 1377 3716 1443 tempore

2130 1473 2238 1528 fuit
2262 1469 2578 1543 persecutio
2597 1467 2900 1539 magna,ut
2924 1465 3082 1520 intra
3094 1465 3160 1519 30
3192 1463 3338 1524 dies,
3363 1465 3426 1516 17
3441 1458 3716 1516 hominum

2133 1560 2314 1618 millia
2337 1556 2645 1631 promiscui
2670 1572 2833 1610 sexus
2843 1569 2949 1626 per
2975 1553 3226 1607 diversas
3243 1547 3560 1622 provincias
3581 1562 3718 1602 coro-

2136 1652 2432 1704 narentur.
2448 1647 2606 1702 Inter
2629 1661 2773 1718 quos
2801 1643 2922 1714 ipse
2950 1639 3310 1697 Marcellinus
3335 1637 3536 1693 ductus
3558 1639 3636 1690 est
3651 1634 3713 1689 ad

2137 1737 2602 1800 sacrificandum,
2623 1738 2685 1788 ut
2699 1731 3075 1797 thuriﬁcaret,
3091 1727 3250 1801 quod
3265 1729 3325 1781 et
3343 1725 3496 1781 fecit.
3517 1725 3580 1778 Et
3606 1727 3713 1795 post

436 1846 833 1901 clesiasticum.
858 1845 965 1910 Qui
987 1845 1162 1900 etiam
1187 1841 1524 1898 aValeriano
1538 1839 1722 1912 capite
1741 1839 2034 1892 truncatus

2148 1843 2351 1898 paucos
2363 1825 2485 1880 dies
2501 1821 2842 1895 pmnitentia
2853 1819 3055 1874 ductus
3065 1818 3140 1872 ab
3151 1815 3364 1872 eodem
3391 1811 3716 1868 Diocletiano

437 1936 490 1988 3.
523 1935 716 1989 Nonas
746 1902 907 1989 Mart.
937 1934 1190 2005 sepultus
1242 1935 1328 1986 est
1371 1902 1656 1984 cimiterio
1711 1927 1911 1982 Calixti
1948 1927 2040 1983 via
2071 1907 2119 1966 B
2137 1915 2324 2005 capite
2340 1929 2444 2005 PFO
2475 1911 2591 2005 ﬁde
2621 1908 2830 2005 Cyri?“
2867 1908 3172 2005 tillnciitus.
3193 1902 3526 2005 cit-"cuj"?-
3539 1915 3717 1971 θοιῬυε

433 2021 639 2094 Appia.
663 2023 716 2076 8.
751 2021 985 2077 Calend.
1011 2021 1306 2092 Septemb.
1327 2020 1394 2074 Et
1409 2017 1644 2074 cessavit
1670 2015 2038 2090 Episcopatus

437 2109 560 2165 dies
590 2112 676 2167 35.

1154 2197 1326 2252 XXIV.

509 2286 875 2354 Sruenanus,
927 2285 1162 2342 natione
1193 2287 1512 2347 Romanus,
1538 2301 1604 2339 ex
1634 2286 1800 2355 patre
1849 2280 2035 2347 Jobio,

437 2373 586 2430 sedit
615 2374 781 2430 annis
809 2376 862 2432 6.
896 2375 1142 2430 mensib.
1175 2377 1227 2428 5.
1251 2373 1403 2428 dieb.
1434 2375 1484 2426 2.
1509 2372 1608 2425 Hic
1636 2369 1933 2426 constituit
1957 2385 2041 2422 sa-

439 2463 706 2518 cerdotes
724 2467 783 2517 et
807 2463 1046 2530 Levites,
1072 2465 1134 2516 ut
1161 2461 1409 2516 vestibus
1437 2458 1668 2513 sacratis
1701 2474 1819 2513 non
1851 2456 1958 2510 nisi
1983 2455 2040 2510 in

439 2550 686 2606 Ecclesia
715 2554 1034 2606 uterentur.
1063 2548 1444 2621 Martyrioque
1466 2549 1774 2603 coronatus
1791 2547 2044 2616 sepultus

439 2641 527 2694 est
550 2639 610 2693 in
658 2637 944 2693 cimiterio
977 2636 1189 2694 Callisti
1218 2637 1308 2691 via
1334 2635 1540 2708 Appia,
1569 2637 1623 2690 4.
1677 2635 1867 2689 Nonas
1895 2636 2039 2706 Aug.

445 2724 569 2790 Quo
586 2728 849 2796 tempore
873 2725 982 2781 fuit
1007 2741 1223 2797 magna
1247 2723 1568 2796 persecutio
1607 2722 1712 2777 sub
1741 2722 1932 2778 Decio.

1169 2813 1324 2868 XXV.

515 2901 1239 2971 XisrusmationeGraacus
1265 2919 1330 2956 ex
1361 2901 1730 2974 Philosopho,
1760 2899 1907 2955 sedit
1937 2917 2038 2954 an-

443 3007 519 3048 no
549 2994 599 3046 1.
641 3007 828 3046 mens.
857 2991 1154 3046 lO.diebus
1177 2993 1246 3045 26
1318 2989 1583 3061 Mai-tyrio
1595 3007 1706 3061 que
1731 2992 2042 3044 coronatus

439 3080 544 3135 sub
563 3079 864 3136 Valeriano
895 3083 946 3135 8.
975 3079 1370 3151 Kalend.Aug.
1395 3079 1694 3148 Postcujus
1713 3077 2038 3150 passionem

440 3169 612 3227 tertio
643 3169 736 3224 die
767 3185 990 3241 passsus
1014 3174 1100 3223 est
1119 3170 1179 3223 Β.
1215 3167 1552 3224 Laurentius
1581 3166 2034 3222 archidiaconus.

441 3255 700 3330 Denique
747 3259 950 3314 Beatus
990 3259 1170 3313 Xistus
1221 3258 1473 3330 sepultus
1527 3260 1613 3310 est
1660 3254 1718 3309 in
1757 3253 2040 3310 cimiterio

445 3344 508 3399 Β.
541 3345 741 3402 Calixti
771 3347 863 3402 via
907 3345 1112 3418 Appia.
1145 3347 1214 3401 Et
1241 3346 1478 3402 cessavit
1505 3343 1875 3416 Episcopatus
1920 3342 2040 3397 die-

442 3433 547 3490 bus
573 3437 660 3494 35.

1161 3525 1333 3579 XXVI.

444 3613 786 3682 Βιοκγειυε,
818 3630 886 3670 ex
908 3612 1226 3682 monachis;
1269 3612 1428 3684 cujus
1453 3611 1892 3684 generationem
1925 3626 2042 3664 non

445 3703 738 3774 potuimus
771 3703 1046 3776 reperire.
1080 3701 1230 3758 sedit
1259 3701 1426 3756 annis
1451 3699 1804 3754 6.mensibus
1834 3701 1887 3752 2.
1921 3697 2042 3752 die-

443 3790 551 3847 bus
563 3792 724 3850 4.Hic
747 3791 1092 3864 presbyteris
1122 3791 1394 3846 Ecclesias
1423 3789 1606 3856 dedit,
1647 3791 1707 3842 et
1736 3786 2041 3855 cimiteria,

443 3881 502 3934 et
537 3879 838 3952 parochias
867 3879 1124 3935 dioecesis
1150 3878 1466 3952 constituit.
1495 3877 1654 3948 cujus
1674 3874 1954 3946 depositio
1987 3877 2040 3930 6.

445 3951 688 4022 Kalend.
717 3967 1020 4026 Januar.in
1051 3951 1342 4021 cimiterio
1373 3964 1575 4020 Calixti
1613 3965 1703 4020 via
1747 3963 1951 4036 Appia.
1979 3964 2046 4018 Et

444 4054 685 4112 cessavit
709 4055 1080 4128 EpiscOpatus
1111 4054 1230 4108 dies
1259 4056 1313 4112 5.

1129 4141 1326 4198 XXVII.

518 4231 705 4298 Feux,
765 4229 1000 4285 natione
1046 4230 1360 4298 Romanus,
1389 4246 1458 4285 ex
1484 4233 1647 4302 patre
1687 4230 2044 4300 Constantio,

447 4319 596 4376 sedit
622 4317 790 4374 annis
809 4319 864 4377 4.
895 4318 1190 4374 mensibus
1220 4321 1272 4374 3.
1317 4319 1469 4376 dieb.
1503 4323 1592 4389 25,
1618 4320 1725 4386 Qui
1751 4321 2048 4376 constituit

445 4423 620 4481 supra
647 4406 960 4462 memorias
979 4411 1297 4480 martyrum
1317 4409 1507 4466 Missas
1522 4409 1894 4466 celebrari.Et
1913 4409 2049 4465 fecit

445 4495 741 4553 basilicam
773 4495 831 4550 in
859 4497 946 4552 via
969 4497 1220 4556 Aurelia.
1251 4497 1349 4553 ubi
1398 4498 1676 4570 martyrio
1719 4502 2045 4567 coronatus,

445 4585 702 4657 sepultus
755 4587 858 4654 est,
894 4587 944 4641 3.
997 4585 1238 4641 Kalend.
1283 4585 1435 4641 Junii
1489 4585 1759 4642 milliario
1788 4586 1859 4640 ab
1907 4587 2049 4642 urbe

446 4673 632 4730 Roma
661 4674 932 4730 secundo.
961 4675 1030 4730 Et
1057 4675 1296 4730 cessavit
1325 4674 1694 4747 Episcopatus
1723 4674 1846 4730 dies
1872 4677 1926 4732 5.

1117 4764 1318 4818 XXVIII

517 4852 944 4922 Emmeranus,
977 4852 1216 4909 natione
1241 4852 1513 4919 Thuscus,
1542 4867 1607 4906 ex
1627 4853 1791 4922 patre
1811 4850 2048 4920 Marino,

445 4923 518 4998 de
555 4941 786 4998 civitate
816 4943 1012 5009 Lunae,
1040 4941 1187 4996 sedit
1208 4957 1428 4996 annum
1479 4956 1688 5008 unum,
1728 4943 2047 4996 menseml.

447 5029 606 5086 diem
639 5035 690 5090 1.
723 5030 822 5086 Hic
854 5031 1154 5087 constituit
1180 5034 1244 5086 ut
1267 5030 1464 5102 fruges
1489 5045 1662 5100 super
1690 5029 1870 5085 altare
1920 5032 2050 5085 tan-

443 5123 590 5187 tum,
605 5119 754 5174 fabae
775 5122 833 5176 et
853 5136 975 5175 uvae
995 5118 1497 5175 benedicerentur.
1517 5119 1585 5172 Et
1599 5118 1853 5190 sepultus
1882 5121 1968 5172 est
1989 5117 2049 5172 in

445 5207 728 5263 cimiterio
759 5207 958 5263 Calixti
992 5207 1080 5262 via
1101 5207 1306 5280 Appia,
1341 5209 1374 5262 8
1427 5206 1670 5264 Kalend.
1703 5205 1942 5276 Augusti
1983 5207 2049 5260 Et

446 5295 686 5352 cessavit
712 5296 1084 5368 Episcopatus
1111 5296 1233 5352 dies
1265 5299 1317 5352 8.

1175 5385 1344 5440 XXIX.

445 5471 647 5538 Gsxus,
671 5470 906 5526 natione
933 5471 1316 5540 Dalmatinus,
1354 5489 1421 5526 ex
1445 5486 1658 5544 genere
1713 5469 2047 5526 Diocletiani

445 5558 844 5630 Imperatoris,
865 5576 934 5615 ex
948 5564 1112 5632 patre
1129 5560 1288 5628 Gaio,
1311 5559 1459 5616 sedit
1477 5559 1676 5614 annisi
1692 5559 1712 5610 1
1733 5558 2049 5615 .mensibus

444 5647 502 5706 4.
534 5645 736 5702 diebus
767 5649 856 5703 12.
887 5646 987 5700 Hic
1015 5646 1314 5702 constituit
1335 5650 1400 5702 ut
1411 5647 1644 5702 ordines
1672 5662 1872 5703 omnes
1897 5645 2046 5702 sicin

2131 2004 2314 2076 jacuit
2343 2002 2402 2056 in
2433 2001 2625 2072 platea
2655 1998 2856 2053 diebus
2881 2001 2974 2053 25.
3002 1998 3060 2050 et
3088 1992 3296 2048 exinde
3309 1989 3593 2046 Marcellus
3607 2002 3716 2076 pre-

2137 2075 2330 2164 sbyter
2381 2089 2610 2158 collegit
2641 2089 2832 2153 noctu,
2866 2088 2924 2139 et
2952 2081 3212 2154 sepelivit
3238 2097 3377 2136 eum
3403 2078 3490 2134 via
3531 2075 3720 2132 Salaria

2137 2180 2197 2236 in
2226 2177 2510 2235 cimiterio
2541 2175 2810 2230 Priscillae
2833 2173 3000 2244 juxta
3022 2186 3234 2242 corpus
3259 2165 3444 2222 sancti
3487 2164 3718 2220 Crescen-

2139 2269 2332 2335 tionis,
2353 2272 2405 2322 7.
2427 2264 2667 2320 Kalend.
2689 2262 2834 2319 Maii.
2863 2262 2928 2314 Et
2941 2258 3178 2315 cessavit
3224 2256 3602 2328 Episcopatus.
3633 2267 3714 2305 an.-

2142 2357 2230 2412 nis
2250 2361 2303 2412 7.
2341 2352 2636 2409 mensibus
2667 2357 2718 2408 7.
2755 2349 2877 2404 dies
2905 2351 2992 2404 25.

2872 2437 3042 2492 XXXI.

2213 2527 2910 2598 MaaceawsmationeRo
2918 2539 3217 2591 manus,ex
3233 2525 3402 2594 patre
3417 2516 3715 2582 Benedicto,

2144 2625 2214 2680 de
2231 2621 2471 2692 regione
2499 2618 2740 2672 Vialata.
2774 2615 2924 2670 sedit
2939 2613 3105 2669 annis
3127 2616 3178 2667 5.
3213 2627 3406 2667 mens.
3433 2606 3716 2664 7.dieb.21.

2143 2711 2243 2766 Hic
2275 2708 2411 2764 fecit
2439 2705 2794 2762 cimiterium
2824 2702 2916 2757 via
2941 2699 3259 2768 Salaria,et
3301 2695 3718 2768 comprehensus

2143 2799 2452 2854 damnatus
2483 2793 2644 2848 estin
2669 2791 2954 2847 catabulo.
2981 2789 3104 2854 Quo
3119 2803 3334 2843 novem
3351 2783 3628 2840 mensibus
3645 2797 3720 2836 ex.

2141 2887 2280 2942 actis
2306 2885 2362 2938 in
2393 2881 2658 2937 oratione
2684 2882 2742 2934 et
2761 2877 2988 2950 jejunio
3007 2879 3176 2932 nocte
3205 2874 3366 2929 venit
3396 2873 3572 2928 clerus
3594 2869 3714 2939 eius,

2141 2978 2200 3030 et
2225 2971 2380 3028 exuit
2409 2966 2908 3040 eum,etperduxit
2928 2965 3002 3022 ad
3025 2965 3264 3020 domum
3291 2961 3513 3018 Lucinae
3540 2957 3716 3017 viduas,

2142 3076 2316 3133 quam
2351 3057 2635 3113 dedicavit
2654 3055 2818 3109 titulo
2850 3055 3062 3108 sanctas
3088 3049 3500 3106 EcclesiaeJIoc
3525 3043 3713 3108 audito,

2139 3132 2452 3207 Maxentius
2474 3145 2646 3216 jussit
2685 3147 2748 3198 ut
2777 3143 2993 3197 ibidem
3042 3139 3395 3196 animalibus
3415 3132 3712 3192 deserviret.

2061 3221 2109 3279 Ο
2143 3238 2296 3294 unde
2320 3236 2376 3290 in
2419 3232 2646 3289 servitio
2685 3230 3028 3286 animalium
3060 3229 3248 3285 nudus
3281 3225 3520 3281 amictus
3559 3217 3712 3274 cilicio

2143 3325 2445 3381 defunctus
2475 3325 2581 3378 est.
2599 3319 2769 3390 Cujus
2800 3335 3008 3389 corpus
3038 3315 3271 3386 collegit
3318 3315 3486 3368 beata
3513 3305 3712 3370 Lucina,

2145 3417 2202 3469 et
2229 3410 2485 3484 sepelivit
2513 3410 2572 3464 in
2616 3405 2899 3462 cimiterio
2931 3404 3221 3466 Priscillae,
3259 3402 3356 3458 via
3403 3395 3623 3456 Salaria.
3657 3397 3708 3447 17

2146 3500 2379 3558 Calend.
2395 3499 2559 3554 Febr.
2582 3500 2641 3553 et
2663 3494 2902 3551 cessavit
2928 3493 3308 3566 Episcopatus
3333 3489 3484 3546 dieb.
3515 3487 3601 3541 30.

2842 3583 3036 3637 XXXII.

2213 3673 2765 3742 Eusemusmatione
2793 3672 3116 3736 Graecus,“
3138 3667 3400 3731 medicis,
3417 3655 3708 3719 seditannis

2143 3768 2197 3820 6.
2222 3781 2406 3820 mens.
2444 3766 2494 3816 1.
2530 3761 2682 3816 dieb.
2717 3763 2768 3816 3.
2796 3758 2916 3814 Sub
2940 3757 3109 3828 hujus
3138 3745 3710 3824 temporibusinventa

2143 3857 2228 3908 est
2258 3868 2392 3906 crux
2415 3849 2647 3905 Domini
2672 3852 2726 3903 5.
2771 3849 2918 3903 Non.
2949 3844 3150 3916 maji.a
3177 3843 3346 3909 Juda,
3377 3839 3472 3912 qui
3491 3837 3606 3910 post
3629 3832 3710 3887 ba-

2141 3942 2384 4013 ptizatus
2405 3942 2513 3992 est.
2547 3937 2648 3992 Hic
2674 3935 2977 3991 haereticos
3000 3931 3239 3998 invenit,
3255 3946 3404 4002 quos
3427 3942 3526 4002 per
3540 3933 3713 4013 manus

2141 4008 2575 4100 impositionem
2611 4021 3018 4080 reconciliavit.
3053 4019 3160 4085 Qui
3191 4019 3372 4074 etiam
3395 4014 3631 4088 sepultus
3645 4008 3713 4100 est

2142 4117 2200 4173 in
2227 4095 2741 4176 cimiterioCalixti,
2768 4111 2860 4166 via
2881 4109 3088 4182 Appia,
3113 4108 3324 4163 6.Non.
3365 4099 3624 4162 Octobris.
3653 4095 3709 4148 Ει

2146 4203 2384 4260 cessavit
2412 4202 2784 4274 Episcopatus
2813 4199 2935 4254 dies
2962 4204 3014 4254 7.

2899 4287 3118 4342 XXXIII.

2217 4377 2846 4446 MELcnunasmatione
2874 4375 3031 4431 Afer.
3066 4373 3217 4430 sedit
3248 4371 3416 4428 annis
3439 4370 3493 4425 4.
3521 4367 3576 4421 et
3597 4375 3710 4417 con-

2071 4477 2124 4537 D
2145 4467 2500 4526 stituitnulla
2527 4467 2754 4522 ratione
2771 4463 3202 4530 Dominica,aut
3224 4465 3276 4516 5.
3311 4449 3707 4537 feriajejuniuln

2147 4555 2422 4614 celebrari
2451 4567 2464 4614 :
2503 4554 2753 4626 fecitque
2785 4557 2849 4608 ut
2885 4551 3209 4608 oblationes
3234 4563 3436 4615 sacras,
3479 4537 3621 4614 quod
3643 4532 3713 4626 est

2148 4647 2496 4703 fermentum
2521 4661 2588 4699 ex
2607 4623 3044 4698 consecratione
3060 4637 3324 4710 Episcopi
3345 4649 3450 4708 per
3478 4623 3718 4718 Bede-sifts

2151 4721 2653 4808 dirigerentur,ac
2689 4731 2946 4802 sepultus
2975 4733 3062 4784 est
3111 4727 3171 4782 in
3203 4721 3485 4781 cimiterio
3528 4711 3710 4808 Catii“,

2148 4824 2238 4880 via
2259 4797 2446 4894 pria
2469 4822 2524 4876 4.
2545 4797 2686 4876 Ἰάιιε
2712 4797 2838 4876 Jan.
2872 4819 2940 4873 Et
2963 4815 3203 4874 cessavit
3243 4809 3597 4885 Episcopatus
3621 4797 3716 4854 dio-

2151 4911 2368 4969 busi6.

2857 4991 3051 5049 XXXIV

2223 5104 2572 5170 SILVESTER,
2606 5101 2844 5157 natione
2865 5101 3180 5168 Romanus,
3211 5113 3282 5152 ex
3325 5094 3488 5168 patre
3505 5082 3699 5170 Ruﬁne-

2151 5193 2300 5249 sedit
2349 5191 2516 5246 annis
2544 5169 2636 5248 23.
2679 5205 2866 5244 mens.
2911 5190 2998 5244 ιο,
3045 5185 3378 5257 diebus“.
3411 5180 3504 5236 Hic
3531 5173 3626 5233 fuit
3659 5169 3712 5224 in

2150 5288 2316 5346 exilio
2341 5288 2400 5344 in
2427 5291 2626 5344 monte
2640 5285 2971 5344 Soracte.Et
2991 5281 3364 5358 postmodum
3382 5275 3595 5334 rediens
3607 5278 3715 5324 cum

2149 5377 2335 5452 gloria
2359 5377 2664 5450 baptizavit
2711 5374 3157 5432 Constantinum
3203 5373 3548 5452 Augustum,
3570 5367 3711 5452 quem

2147 5449 2366 5523 curavit
2391 5449 2672 5521 Dominus
2708 5481 2742 5519 a
2766 5465 2948 5536 lepra.
2977 5457 3513 5534 Cujustemporibus
3529 5449 3712 5536 factum

2149 5559 2235 5612 est
2262 5554 2584 5611 Concilium
2602 5553 2725 5628 ipso
2756 5533 3132 5625 priecipiente
3159 5548 3218 5605 in
3250 5533 3433 5604 Nicaea
3453 5533 3710 5630 Bithynia"

2150 5647 2210 5702 et
2229 5643 2567 5718 congregati
2595 5621 2729 5700 sunt
2750 5621 2996 5698 trecenti
3050 5643 3112 5697 18
3169 5635 3426 5715 Episcopi
3456 5621 3713 5690 Catholici:
