3882 6222
159 419 248 479 549
1196 405 1607 468 EXCERPTUM
1634 406 1725 464 DE
1746 405 1989 465 GESTIS
2020 405 2183 465 ROM.
2220 402 2421 465 PONT.

3381 409 3486 468 350

160 543 304 617 patre
320 537 625 611 Projecto,
647 533 719 593 de
751 532 923 592 Caelio
946 534 1165 599 monte,
1184 530 1330 588 sedit
1350 529 1515 586 annis
1529 532 1581 585 2.
1608 546 1768 585 men-
1787 534 1838 592 Α
1862 531 2006 584 nutu
2029 527 2227 585 divino
2244 525 2624 599 exstinguitur
2655 526 3062 600 Theodatus,et
3091 528 3345 588 elevatur
3377 548 3476 590 rex

159 632 296 686 sibus
310 632 364 685 4.
399 629 610 684 diebus
631 630 686 680 6.
718 626 937 680 Eodem
968 627 1229 693 tempore
1258 619 1629 675 Iustiniamus
1652 623 1763 672 Au-

161 722 358 791 gustus,
385 718 478 771 vir
511 714 819 785 religiosus
846 727 1075 766 summo
1102 726 1303 763 amore
1326 708 1657 763 Christianae
1684 725 1768 762 re-

160 806 373 878 ligionis
426 804 589 859 misit
619 803 795 856 fidem
839 815 1003 854 suam
1061 798 1333 869 scriptam
1381 796 1765 867 chirographo

163 894 383 967 proprio
419 893 495 947 ad
526 891 729 946 sedem
762 887 1145 960 Apostolicam
1174 901 1276 957 per
1294 883 1599 956 Episcopos
1624 886 1765 956 Epa-

162 983 318 1047 tium,
348 984 409 1035 et
439 978 825 1034 Demetrium.
860 976 1127 1047 Sepultus
1165 977 1250 1026 est
1279 975 1475 1026 autem
1517 973 1768 1026 Joannes

163 1072 305 1142 Papa
332 1069 393 1123 in
428 1067 670 1122 basilica
700 1066 760 1118 Β.
803 1063 953 1118 Petri
985 1060 1265 1133 Apostoli,
1312 1062 1364 1114 6.
1399 1060 1639 1115 Kalend.
1670 1060 1765 1114 Iu-

160 1159 293 1213 nias.
329 1158 395 1212 Et
415 1155 658 1211 cessavit
688 1153 1057 1226 Episcopatus
1087 1149 1208 1204 dies
1230 1152 1284 1203 6.

229 1337 522 1400 ΑθΑΡιτυε,
556 1330 791 1386 natione
821 1330 1133 1394 Romanus,
1167 1342 1231 1381 ex
1264 1328 1428 1397 patre
1477 1323 1767 1379 Gordiano

159 1425 492 1499 presbytero
526 1420 601 1475 ad
648 1421 874 1475 sanctos
901 1418 1183 1471 Joannem
1226 1418 1284 1468 et
1332 1414 1594 1499 Paulum,
1623 1411 1769 1466 sedit

160 1498 403 1568 inensib.
433 1507 827 1563 H.diebu318
867 1502 1197 1558 Hiclibellos
1226 1498 1613 1555 anathematis
1626 1514 1768 1569 quos

160 1598 384 1655 invidia:
416 1595 554 1650 dolo
585 1594 923 1657 extorserat,
950 1588 1275 1645 Bonifacius
1296 1605 1328 1641 a
1349 1584 1695 1659 presbyteris
1711 1586 1768 1638 et

161 1684 453 1758 Episcopis
511 1684 716 1736 contra
744 1695 994 1735 canones
1023 1681 1081 1730 et
1108 1679 1310 1731 contra
1343 1675 1675 1729 Dioscorum
1706 1671 1762 1724 in

158 1774 351 1829 medio
375 1769 641 1825 Ecclesiae
671 1765 1037 1838 congregatis
1058 1764 1326 1819 omnibus
1343 1760 1607 1815 incendio
1636 1777 1769 1813 con-

155 1861 420 1932 sumpsit,
478 1863 538 1913 et
591 1833 812 1912 totam-
832 1833 1139 1908 Ecvclesiam
1192 1849 1453 1906 absolvit.
1508 1833 1841 1919 DeniqueB

156 1950 360 2005 missus
391 1951 479 2002 est
506 1963 542 2000 a
570 1944 863 2000 Theodato
887 1958 1024 2015 rege
1039 1941 1355 1995 Gothorum
1381 1939 1454 1993 ad
1476 1940 1767 1993 Domuum

154 2037 543 2093 Iustinianum
592 2035 940 2103 Augustum,
973 2029 1070 2101 qui
1102 2027 1515 2099 indignabatur
1566 2028 1769 2078 contra

156 2124 428 2179 eumdem
447 2136 653 2191 regem
667 2118 820 2190 quod
835 2116 1131 2172 occidisset
1147 2115 1426 2185 Reginam
1439 2113 1771 2167 Amalsuen-

158 2214 318 2268 tham
345 2207 823 2265 commendatam
854 2204 980 2270 sibi,
1008 2204 1185 2257 filiam
1205 2199 1768 2255 scilicetTheodorici

159 2300 330 2370 regis,
363 2297 460 2369 qui
484 2312 621 2351 eum
654 2310 851 2365 regem
873 2293 1107 2347 fecerat.
1132 2293 1424 2361 Ingressus
1446 2304 1584 2359 ergo
1615 2289 1767 2357 Aga-

161 2388 309 2460 pitus
345 2380 906 2453 ConstantinOpolim
942 2382 1027 2446 l0,
1063 2377 1299 2433 Kalend.
1326 2376 1451 2432 Maii
1480 2378 1771 2445 susceptus

161 2479 245 2529 est
271 2490 403 2529 cum
424 2471 632 2544 gloria,
653 2472 712 2524 et
741 2468 911 2538 coepit
939 2466 1377 2521 altercationem
1405 2463 1617 2517 habere
1639 2479 1770 2517 cum

156 2562 472 2616 Iustiniano
520 2560 778 2629 Augusto
828 2556 898 2610 de
945 2554 1246 2625 religione.
1300 2553 1769 2623 Responsumque

164 2649 416 2704 reddidit
465 2644 927 2702 constantissime
958 2642 1029 2696 de
1076 2640 1325 2695 Domino
1356 2641 1485 2694 Iesu
1524 2639 1767 2700 Christo,

169 2738 282 2792 Deo
305 2741 363 2791 et
388 2735 647 2801 homine,
678 2732 834 2805 quod
863 2731 921 2785 in
954 2747 1069 2784 una
1111 2745 1361 2802 persona
1387 2729 1517 2782 Iesu
1564 2726 1768 2782 Christi

166 2824 293 2878 duas
310 2824 426 2878 sint
445 2828 685 2878 naturas.
704 2818 1211 2884 Quaaltereatione
1232 2816 1605 2870 Anthemium
1627 2816 1770 2869 Con-

168 2911 746 2983 stantinopolitanum
795 2906 1137 2977 Episcopum
1169 2903 1387 2957 invenit
1411 2902 1764 2957 haereticum.

167 2998 314 3053 Dixit
332 2999 523 3071 itaque
552 2997 874 3070 Imperator
894 2994 1136 3065 Agapito
1160 3008 1172 3047 :
1195 2995 1307 3046 Aut
1323 2990 1580 3045 censenti
1606 2990 1769 3044 nobis

1869 617 2128 688 Vuitigis.
2164 617 2268 681 Qui
2298 618 2626 671 Ravennam
2660 617 2893 671 veniens
2937 618 3066 672 tulit
3098 618 3204 673 sibi
3235 636 3474 678 uxorem

1869 706 2047 760 filiam
2072 707 2492 760 Amalasuentaa
2506 705 2739 775 reginas.
2762 705 3267 778 Undeindignatus
3293 710 3477 781 Impe-

1868 799 2029 849 rator
2056 794 2404 848 Iustiuianus
2440 793 2591 847 misit
2620 794 2968 848 Belesarium
2998 795 3310 865 patritium
3338 814 3473 854 cum

1869 882 2139 948 exercitu,
2167 885 2228 936 ut
2256 882 2526 937 liberaret
2547 899 2785 937 omnem
2817 883 3035 938 Italiam
3085 901 3118 938 a
3147 886 3477 956 captivitate

1868 971 2210 1027 Gothorum.
2228 971 2384 1026 Tunc
2405 972 2636 1026 veniens
2653 972 2913 1042 patritius
2942 972 3002 1027 in
3026 978 3219 1044 partes
3245 975 3474 1045 Siciliae,

1869 1058 2084 1113 audivit
2108 1060 2261 1131 quod
2280 1059 2446 1114 Gothi
2478 1060 2745 1115 fecissent
2773 1060 2879 1116 sibi
2900 1067 3187 1132 regem,et
3208 1063 3341 1119 inde
3373 1081 3476 1137 per

1870 1147 2246 1219 Campaniam
2265 1149 3105 1222 properavitNeapolim,quam
3131 1155 3189 1206 et
3210 1153 3477 1211 obsidere

1869 1235 2061 1306 coepit,
2095 1235 2231 1306 quia
2259 1236 2406 1291 cives
2436 1238 3118 1309 Neapolitaninoluerant
3139 1242 3366 1313 aperire
3397 1245 3474 1301 ei.

1869 1323 1973 1387 Qui
2002 1324 2316 1394 pugnando
2340 1325 2631 1380 civitatem
2662 1326 3007 1393 introivit,et
3038 1327 3241 1384 ductus
3279 1330 3476 1389 furore

1868 1410 2156 1465 interfecit
2182 1415 2240 1465 et
2267 1412 2499 1479 Gothos,
2529 1418 2587 1468 et
2609 1430 2816 1469 omnes
2844 1414 2991 1469 cives
3043 1416 3473 1488 Neapolitanos,

1868 1498 1949 1552 ita
1974 1502 2035 1552 ut
2056 1498 2195 1552 nulli
2221 1500 2400 1567 sexui,
2430 1502 2513 1555 vel
2547 1502 2699 1555 aetati
2731 1507 3133 1573 parceret,nec
3158 1507 3471 1563 sacerdoti-

1870 1586 1991 1651 bus,
2023 1587 2313 1640 autservis
2339 1589 2554 1654 Danvel
2577 1590 3143 1646 sanctimonialibus.
3186 1594 3471 1667 Factaque

1867 1673 2119 1727 maximo
2144 1675 2292 1729 bello
2334 1680 2536 1730 contra
2576 1677 3125 1748 Vuitigis,ingressus
3154 1685 3241 1735 est
3269 1684 3472 1738 urbem

1869 1761 2110 1815 Romam
2132 1763 2632 1818 ildusDecembr.
2653 1770 2710 1819 et
2726 1767 3015 1823 civitatem
3032 1770 3475 1827 munivit.Nocte

1868 1848 2011 1919 ipsa,
2039 1865 2153 1919 qua
2196 1848 2453 1905 introivit
2479 1852 2702 1919 urbem,
2733 1854 2788 1907 hi
2842 1855 2938 1926 qui
2970 1862 3138 1911 erant
3162 1858 3220 1912 in
3251 1860 3476 1916 civitate

1866 1937 1952 1989 vel
1980 1936 2418 2006 foris,fugerunt
2432 1939 2850 2007 Ravennam,et
2870 1960 3073 1998 omnes
3090 1950 3286 2015 portas
3301 1948 3472 2002 dimi-

1870 2027 2068 2078 serunt
2084 2026 2490 2095 apertas.Tunc
2512 2027 2787 2097 colligens
2811 2030 3050 2101 Vuitigis
3082 2049 3176 2085 rex
3209 2035 3470 2090 multitu-

1870 2110 2065 2166 dinem
2083 2111 2361 2166 exercitus
2376 2114 2690 2168 Gothorum
2708 2132 2999 2187 regressus
3012 2123 3215 2175 contra
3227 2122 3472 2179 Romam

1871 2203 1922 2254 9.
1953 2200 2192 2266 Kalend,
2224 2200 2365 2254 Mart
2408 2206 2465 2256 et
2493 2202 2613 2255 ﬁxit
2638 2208 2823 2258 castra
2853 2206 2925 2260 ad
2953 2211 3193 2278 pontem
3221 2210 3472 2267 Milvium

1871 2291 1930 2342 et
1960 2304 2073 2341 uno
2104 2305 2259 2343 anno
2278 2288 2356 2344 ita
2378 2291 2604 2345 obsessa
2628 2295 2711 2345 est
2733 2293 2928 2348 civitas
2957 2296 3308 2364 Romana,ut
3332 2301 3473 2355 nulli

1873 2378 2019 2430 esset
2041 2376 2279 2430 facultas
2304 2377 2569 2445 exeundi,
2598 2381 2683 2434 vel
2710 2380 3063 2438 introeundi.
3100 2387 3255 2440 Intra
3285 2386 3476 2442 civita-

1873 2466 1991 2518 tem
2005 2468 2199 2520 autem
2214 2465 2446 2535 grandis
2461 2466 2645 2521 fames
2661 2472 2874 2531 erat,ut
2886 2486 3036 2541 aqua
3048 2475 3476 2532 venundaretur

1872 2553 2078 2623 pretio,
2112 2553 2220 2607 nisi
2249 2554 2645 2625 Nympharum
2676 2558 3006 2621 [remedium]
3036 2561 3319 2619 rechedus
3347 2567 3479 2622 sub-

1870 2641 2135 2695 venisset.
2170 2643 2382 2712 Pugnae
2438 2647 2635 2697 autem
2684 2646 2949 2701 maximae
2971 2653 3159 2717 erant,
3195 2651 3475 2710 Belesario

1871 2729 2216 2784 defendente
2236 2731 2525 2787 Romanos
2546 2732 2935 2789 velcivitatem
2958 2752 2971 2791 :
2995 2753 3171 2808 quam
3200 2743 3259 2795 et
3274 2741 3480 2797 libem-

1869 2817 2003 2871 vita
2048 2818 2270 2884 Gothis;
2294 2835 2438 2890 quos
2473 2821 2846 2889 postmodum
2907 2824 3242 2882 Ravennam
3273 2828 3475 2901 fugere

1869 2905 2165 2977 compulit.
2187 2906 2342 2960 Tunc
2372 2910 2497 2961 erat
2530 2907 2763 2977 Vigilius
2820 2911 3106 2968 Diaconus
3160 2916 3470 2987 apocrisia-

1867 2991 1984 3045 rius
2011 2992 2070 3047 in
2102 2993 2622 3065 Constantinopoli,
2654 2996 2751 3068 qui
2782 2997 2999 3055 sciebat
3047 3000 3311 3059 dolorem
3366 3008 3476 3061 Au-

169 3090 265 3141 aut
296 3087 354 3141 in
381 3087 613 3142 exilium
642 3082 935 3156 deportari
957 3085 1012 3136 te
1043 3080 1269 3135 faciam.
1305 3079 1405 3133 Cui
1431 3078 1763 3149 respondit:
1790 3104 1838 3165 ο
1868 3081 2013 3151 gusti
2032 3097 2135 3153 pro
2154 3082 2501 3138 Anathemio
2522 3084 2975 3158 Patriarcha,qui
2991 3089 3277 3160 depositus
3290 3093 3479 3149 fuerat

168 3175 282 3246 Ego
309 3175 539 3246 quidem
564 3176 833 3246 peccator
852 3172 926 3226 ad
943 3169 1326 3225 Iustinianum
1348 3170 1765 3238 Imperatorem

170 3261 714 3317 Christianissimum
758 3258 954 3313 venire
1003 3256 1336 3323 desideravi,
1369 3273 1522 3310 nunc
1570 3258 1767 3310 autem

173 3349 574 3404 Diocletianum
604 3346 817 3403 inveni.
843 3346 993 3402 Scito
1021 3348 1237 3411 tamen,
1261 3349 1315 3399 te
1338 3347 1395 3397 et
1424 3344 1767 3415 Episcopum

174 3439 332 3491 tuum
360 3438 598 3492 idoneos
629 3454 747 3490 non
779 3453 898 3490 esse
925 3434 1260 3488 Christianas
1291 3432 1604 3503 religionis,
1664 3432 1769 3486 nisi

175 3523 306 3579 duas
335 3530 566 3580 naturas
596 3524 651 3578 in
687 3523 909 3579 Christo
958 3520 1371 3576 conﬁteamini.
1410 3520 1669 3574 Tandem
1702 3536 1767 3573 ex

174 3617 455 3686 praecepto
494 3612 737 3683 Augusti
781 3610 1053 3665 accersito
1082 3608 1415 3675 Anthemio,
1448 3612 1506 3663 et
1556 3608 1766 3662 discus-

175 3698 328 3754 sione
355 3702 524 3767 facta,
558 3715 857 3771 nunquam
886 3697 1063 3752 voluit
1103 3696 1367 3750 confiteri
1397 3696 1455 3749 in
1505 3694 1770 3750 doctrina

176 3789 451 3843 catholicae
495 3785 905 3860 responsionis,
948 3785 1048 3840 sed
1079 3783 1323 3839 convicit
1365 3800 1497 3837 eum
1530 3783 1770 3838 Sanctus

178 3874 318 3946 Papa
340 3876 635 3947 Agapitus,
685 3878 743 3929 et
782 3874 854 3928 ob
883 3874 943 3927 id
995 3873 1066 3927 ab
1118 3871 1389 3926 omnibus
1439 3871 1771 3926 Christianis

178 3967 253 4015 est
277 3964 639 4033 glorificatus.
672 3963 826 4016 Tunc
858 3964 1200 4031 Imperator,
1232 3959 1443 4031 gaudio
1496 3961 1767 4032 repletus,

180 4047 478 4106 humiliavit
499 4068 581 4120 se,
615 4054 672 4121 et
693 4049 955 4105 adoravit
974 4048 1371 4104 beatissimum
1390 4049 1602 4119 Papam
1618 4051 1741 4120 Aga

182 4142 380 4206 petum,
435 4140 571 4212 quia
616 4138 1030 4194 communione
1062 4136 1231 4206 ejecit
1271 4135 1667 4204 Anthemium,
1715 4139 1773 4190 et

184 4226 461 4297 expulitin
493 4226 750 4293 exilium,
811 4229 869 4280 et
923 4225 1050 4279 loco
1110 4225 1232 4294 ejus
1260 4223 1500 4279 Moanam
1533 4224 1770 4278 nomine

184 4316 508 4369 consecravit
560 4314 905 4386 Episcopum
965 4311 1343 4367 Catholicum.
1401 4310 1505 4375 Qui
1569 4311 1768 4379 etiam,

1869 3184 1903 3222 a
1924 3168 2282 3224 sanctissimo
2298 3170 2546 3241 Agapito
2576 3173 2749 3243 Papa,
2783 3191 2852 3229 eo
2876 3177 3032 3246 quod
3061 3178 3365 3236 hasreticus
3390 3199 3478 3237 re-

1870 3258 2067 3326 pertus
2091 3261 2259 3323 esset,
2292 3258 2411 3311 etin
2434 3259 2625 3313 locum
2656 3261 2777 3331 ejus
2809 3263 3049 3319 Maanam
3090 3283 3317 3324 servum
3369 3272 3475 3326 De:

1870 3342 2272 3398 constituisset.
2308 3344 2557 3399 Consilio
2591 3347 3038 3422 deniqueVigilii
3061 3354 3216 3410 misit
3230 3358 3476 3415 Romam

1870 3431 2139 3501 epistolas
2172 3431 2407 3487 Silverio
2445 3434 2636 3504 Papus,
2670 3452 2885 3507 rogans
2914 3444 2972 3495 et
3002 3442 3307 3500 obsecrans
3334 3463 3346 3501 :
3376 3451 3477 3503 aut

1870 3518 1941 3572 ad
1966 3534 2090 3585 nos,
2126 3535 2198 3573 ne
2221 3519 2510 3591 pigriteris
2535 3522 2730 3577 venire
2759 3542 2773 3579 :
2821 3531 2920 3581 aut
2940 3534 3093 3584 certe
3125 3548 3328 3587 revoca
3357 3537 3475 3590 An-

1868 3606 2151 3661 themium
2182 3606 2240 3661 in
2268 3608 2460 3662 locum
2474 3626 2661 3664 suum.
2684 3612 2833 3676 Quas
2850 3615 3070 3670 litteras
3087 3618 3223 3672 dum
3247 3621 3478 3690 legisset

1871 3696 1931 3749 B.
1974 3695 2262 3761 Silverius,
2295 3696 2601 3767 ingemuit,
2645 3703 2703 3754 et
2733 3700 2905 3756 dixit:
2931 3703 3094 3758 Modo
3154 3706 3291 3774 scio,
3320 3711 3476 3781 quod

1872 3784 1992 3838 haec
2007 3800 2185 3838 causa
2207 3784 2385 3838 finem
2417 3784 2545 3840 vitae
2579 3802 2725 3842 mea:
2770 3788 3025 3845 adduxit.
3063 3792 3355 3850 Fiduciam
3388 3800 3476 3853 ta-

1870 3889 2007 3927 men
2038 3873 2256 3928 habens
2276 3873 2335 3927 in
2349 3874 2601 3930 Domino
2617 3877 2908 3950 rescripsit
2932 3880 3479 3953 AugustaeDomina

1869 3964 2143 4032 Augusta,
2179 3977 2287 4032 ego
2314 3979 2439 4016 rem
2465 3962 2634 4018 istam
2661 3983 2962 4039 nunquam
2990 3968 3243 4025 facturus
3267 3989 3389 4041 ero,
3416 3978 3479 4030 ut

1871 4065 2138 4104 revocem
2157 4050 2458 4105 hominem
2477 4052 2900 4118 haereticumjn
2916 4076 3017 4114 sua
3044 4061 3303 4133 nequitia
3318 4063 3480 4120 dam-

1872 4140 2255 4193 natum.Tunc
2272 4139 2574 4211 indignata
2589 4144 2843 4214 Augusta
2860 4147 3015 4202 misit
3035 4150 3108 4204 ad
3127 4151 3475 4211 Belesarium

1865 4228 2076 4298 jubens
2088 4244 2192 4298 per
2218 4228 2484 4299 Vigilium
2504 4229 2972 4292 diaconem.Vide
2994 4239 3211 4311 aliquas
3235 4243 3480 4299 occasio-

1873 4331 1973 4369 nes
2002 4314 2060 4369 in
2113 4314 2417 4370 Silverium
2443 4318 2689 4387 Papam,
2722 4324 2779 4375 et
2800 4322 3027 4395 depone
3056 4327 3220 4383 illum
3244 4330 3314 4385 ab
3346 4332 3477 4404 Epi-

187 4405 463 4475 postguam
498 4376 693 4458 omnia
725 4376 995 4468 obtinuit,
1020 4417 1123 4473 pro
1152 4399 1357 4471 quibus
1379 4400 1625 4454 directus
1649 4376 1772 4455 fue;
1791 4376 1844 4435 Β
1871 4408 2127 4475 scopatu,
2160 4410 2258 4459 aut
2287 4408 2441 4460 certe
2464 4376 2706 4462 festinus
2732 4376 3221 4473 transmitte-eui;
3244 4376 3478 4477 via-$3:

187 4491 261 4541 rat
305 4491 549 4562 quadam
582 4489 926 4561 aegritudine
972 4488 1273 4543 defunctus
1313 4492 1397 4541 est
1442 4488 1769 4543 Constanti-

190 4578 359 4648 nopoli
391 4582 475 4632 10.
524 4578 767 4632 Kalend.
801 4576 947 4630 Maii.
1011 4576 1180 4647 Cujus
1210 4592 1417 4646 corpus
1464 4575 1525 4629 in
1583 4577 1768 4633 loculo

190 4664 428 4733 plumbeo
453 4667 799 4721 translatum
827 4669 911 4719 est
935 4664 994 4718 in
1016 4665 1313 4719 basilicam
1345 4665 1405 4717 Β.
1434 4665 1586 4719 Petri
1615 4667 1768 4737 Apo-

1871 4492 2009 4545 Ecce
2037 4490 2114 4545 ibi
2150 4491 2327 4546 habes
2351 4492 2618 4564 Vigilium
2644 4497 3121 4571 archidiaconem,
3150 4509 3206 4561 et
3249 4510 3476 4578 apocri-

1869 4578 2104 4632 siarium
2140 4584 2401 4635 nostrum
2444 4582 2828 4654 carissimum,
2860 4590 2957 4659 qui
2988 4593 3153 4647 nobis
3192 4596 3475 4667 pollicitus

1869 4670 1955 4759 est
1982 4683 2251 4759 revocare
2299 4669 2676 4759 Anthemium
2734 4677 3143 4742 patriarcham.
3200 4682 3476 4759 Suscepta

190 4753 313 4820 stoli,
346 4755 436 4810 ubi
472 4760 531 4810 et
568 4754 862 4826 sepultum
907 4757 1012 4820 est,
1052 4756 1136 4808 12.
1190 4751 1431 4808 Kalend.
1462 4751 1659 4808 Octob.
1702 4754 1771 4808 Et
1859 4753 2118 4824 jussione
2145 4756 2459 4811 Belesarius
2506 4758 2646 4813 dixit
2680 4762 2838 4833 :Ego
2867 4766 3101 4837 quidem
3150 4751 3473 4838 jussionem

189 4842 389 4897 cessavit
412 4843 784 4915 Episcopatus
811 4840 932 4896 dies
966 4844 1053 4896 58.

907 4930 1006 4983 LX.

244 5012 531 5085 Summus,
567 5018 805 5072 natione
837 5017 1185 5089 Campanus,
1203 5030 1269 5070 ex
1290 5020 1452 5087 patre
1470 5016 1773 5073 Rormisda

190 5098 436 5177 EpiscOpo
469 5108 756 5170 Romano,
787 5105 935 5160 sedit
963 5122 1117 5159 anno
1154 5105 1768 5162 l.mensib.5.dieh.it.

193 5186 278 5245 liic
291 5193 592 5249 levatusest
606 5211 640 5248 a
654 5199 898 5265 tyranno
911 5192 1205 5247 'I‘heodato
1221 5192 1262 5247 si
1273 5209 1343 5246 ne
1357 5192 1770 5249 deliberatione

192 5274 387 5336 decreti.
407 5282 510 5347 Qui
528 5283 833 5353 corruptus
864 5280 1109 5353 pecunia
1129 5282 1307 5335 talem
1324 5281 1593 5335 timorem
1608 5280 1770 5335 indu-

190 5365 250 5419 xit
265 5369 424 5437 clero,
441 5375 503 5425 ut
526 5371 625 5444 qui
640 5386 760 5425 non
786 5370 1135 5424 consentiret
1149 5370 1207 5424 in
1224 5370 1390 5440 hujus
1402 5369 1768 5425 ordinatione

188 5453 346 5524 gladio
375 5459 703 5531 puniretur.
738 5458 861 5523 Quo
893 5456 1043 5512 circa
1056 5458 1384 5513 sacerdotes
1399 5475 1515 5513 non
1532 5457 1766 5512 subscri-

187 5558 320 5612 psere
334 5551 467 5603 ante
494 5547 929 5603 ordinationem
945 5546 1396 5618 ejussecundum
1420 5562 1643 5600 morem
1667 5562 1767 5599 an-

183 5630 395 5707 tiquum,
428 5637 531 5693 sed
560 5636 957 5710 postmodum.
992 5638 1124 5693 Post
1177 5652 1404 5691 menses
1453 5652 1584 5691 vero
1618 5633 1761 5689 duos

1868 4841 2038 4931 facio,
2066 4842 2165 4931 sed
2214 4842 2307 4898 ille
2333 4845 2429 4916 qui
2475 4845 2717 4901 interest
2746 4849 2805 4904 in
2838 4868 2978 4906 nece
3008 4854 3228 4909 Silverii
3283 4860 3476 4931 Papae,

1871 4929 1990 5001 ipse
2013 4929 2220 4985 reddat
2266 4932 2559 4988 rationem
2591 4934 2661 4989 de
2704 4935 2871 4991 factis
2921 4939 3034 4993 suis
3056 4941 3304 4999 Domino
3333 4929 3474 5004 Iesu

1873 5018 2191 5073 Christo.Et
2214 5026 2456 5090 urgente
2472 5022 2752 5092 jussione,
2778 5024 3040 5082 exierunt
3082 5029 3317 5100 quidam
3349 5034 3475 5091 falsi

1870 5104 2165 5176 testes,qui
2197 5106 2464 5161 dixerunt
2497 5125 2510 5162 :
2539 5110 2800 5173 Quadam
2840 5113 3478 5178 viceinvenimusSilve-

1870 5194 2021 5248 rium
2044 5194 2261 5265 Papam
2279 5193 2489 5265 scripta
2506 5196 2837 5256 mittentem
2860 5203 2933 5258 ad
2944 5220 3141 5276 regem
3157 5207 3473 5267 Gothorum

1868 5281 2165 5373 inquibus
2196 5281 2624 5373 continebatur.
2662 5286 2797 5342 Veni
2820 5291 2895 5346 ad
2942 5275 3194 5365 portam,
3227 5314 3353 5370 qua:
3370 5316 3476 5373 ap-

1870 5371 2114 5443 pellatur
2176 5368 2438 5423 Asinaria
2477 5369 2644 5439 juxta
2693 5374 3007 5450 Lateranis,
3061 5387 3119 5439 et
3184 5368 3475 5444 civitatem

1868 5456 2033 5511 trado
2067 5472 2130 5510 ac
2159 5456 2509 5511 Belesarium
2536 5460 3032 5530 patritium.Quod
3054 5474 3292 5531 audiens
3314 5479 3472 5534 Bele-

1866 5543 2047 5597 sarius
2077 5559 2193 5596 non
2219 5542 2481 5611 credidit,
2505 5544 2687 5599 sciens
2717 5551 2871 5619 quod
2893 5569 2995 5624 per
3038 5557 3312 5622 invidiam
3348 5568 3472 5623 hanc

1865 5630 2214 5697 dicerentur,
2241 5629 2353 5685 Sed
2402 5630 2541 5689 dum
2575 5635 2739 5689 multi
2772 5636 2829 5693 in
2855 5642 3059 5700 eadem
3113 5657 3474 5715 accusatione
