3862 6210
417 397 513 458 biit
1443 386 1502 450 S.
1534 391 1828 453 ABBONIS
1866 391 2155 454 ABBATIS
2191 391 2686 456 FLORIACENSIS
3576 407 3662 470 352

416 536 492 576 ne
517 515 912 592 persisterent,
941 512 1159 582 timuit,
1192 511 1446 588 fecitque
1493 514 1796 571 Silverium
1843 515 1920 572 ad
1961 533 2022 572 se
2045 525 2098 584 Α
2122 516 2392 586 Romam,
2422 517 2644 574 invenit
2673 534 2806 575 eum
2837 517 2897 576 in
2927 519 3172 579 Ecclesia
3189 520 3246 579 S.
3269 521 3474 582 Ceciliae
3493 529 3669 586 l0.Ka-

417 608 611 663 venire
631 607 688 661 in
712 604 992 678 palatium
1027 603 1232 670 Pincis,
1267 606 1325 658 et
1354 603 1494 658 foris
1515 605 1751 659 retineri
1783 620 2022 659 omnem
2122 606 2275 660 tend.
2308 607 2577 664 Decemb.
2609 611 2733 663 erat
2755 608 2912 664 enim
2945 610 3066 666 dies
3085 611 3284 668 natalis
3307 613 3437 684 ejus.
3459 614 3554 678 Qui
3571 633 3667 673 mu-

417 699 658 752 clerum.
690 695 948 766 Cumque
975 693 1262 764 ingressus
1309 695 1456 746 esset
1479 709 1613 746 cum
1645 694 1768 748 solo
1797 692 2024 764 Vigilio,
2126 712 2266 750 nera
2280 697 2576 768 erogando
2590 697 2662 752 ad
2682 699 2959 770 populum
2977 703 3233 772 repertus
3245 704 3344 770 est,
3361 706 3416 758 et
3427 703 3668 776 depositus

413 785 709 841 Antonina
737 782 989 855 patritia,
1015 785 1076 835 ut
1093 781 1325 851 jacebat
1355 780 1414 834 in
1444 781 1616 847 lecto,
1671 781 1870 836 videns
1896 799 2024 836 eum
2125 783 2197 838 ad
2221 784 2511 855 Tyberim,
2554 785 2872 859 missusque
2927 787 2985 842 in
3015 789 3238 857 navim;
3281 806 3444 861 quem
3473 791 3611 862 plebs
3624 796 3671 849 et

417 874 588 931 dixit:
611 873 708 927 Dic
724 871 969 926 Domine
983 868 1568 940 SilvestriPapa,quid
1585 869 1826 923 fecimus
1839 869 1944 924 tibi
1969 873 2027 924 et
2124 873 2370 944 p0pulus
2390 873 2757 944 sequebatur,
2791 875 3118 943 clamando,
3136 879 3197 931 ut
3217 877 3520 933 orationem
3541 879 3669 936 abeo

414 962 711 1027 Romanis,
746 965 808 1014 ut
837 964 900 1014 tu
928 959 1101 1013 velles
1117 973 1224 1012 nos
1255 957 1313 1010 in
1331 973 1536 1011 manus
1562 957 1886 1012 Gothorum
1913 961 2026 1014 tra-
2124 960 2430 1032 acciperet.
2467 963 2534 1015 Et
2563 962 2699 1016 data
2750 963 3036 1025 oratione,
3076 964 3214 1019 dixit
3242 965 3424 1020 omnis
3449 968 3668 1039 populus,

415 1054 597 1111 dere?
632 1052 832 1107 Adhuc
857 1066 926 1104 ea
949 1049 1246 1120 loquente,
1279 1045 1568 1117 ingressus
1595 1049 1848 1102 Joannes
1879 1046 2022 1102 Sub-
2121 1050 2328 1103 Amen.
2363 1050 2431 1104 Et
2461 1053 2622 1105 mota
2653 1053 2737 1104 est
2759 1050 2938 1106 navis.
2983 1051 3252 1107 Videntes
3281 1053 3524 1119 Romani,
3547 1055 3670 1126 quod

415 1144 692 1198 diaconus
722 1137 1084 1211 regionarius
1115 1137 1319 1208 primm
1345 1135 1493 1189 sedis
1530 1136 1660 1190 tulit
1693 1137 1930 1206 pallium
1953 1136 2023 1191 de
2124 1139 2285 1192 mota
2309 1141 2394 1192 est
2414 1137 2594 1200 navis,
2618 1137 2676 1192 in
2708 1154 2822 1209 qua
2841 1139 3077 1194 sedebat
3105 1139 3354 1211 Vigilius,
3377 1144 3501 1194 tunc
3523 1157 3674 1214 popu-

415 1232 562 1286 collo
587 1231 728 1300 ejus,
757 1231 814 1282 et
846 1225 1003 1281 duxit
1033 1225 1090 1279 in
1122 1224 1470 1289 cubiculum,
1505 1223 1603 1278 ubi
1644 1218 2021 1294 exs'poliatum
2123 1225 2209 1279 lus
2239 1225 2411 1296 cmpit
2439 1229 2568 1297 post
2594 1243 2727 1281 eum
2747 1226 3223 1299 jactarelapides,
3249 1227 3436 1290 fustes,
3456 1229 3670 1294 cacabos,

415 1335 549 1374 eum
580 1316 770 1371 induit
798 1318 952 1369 veste
986 1312 1344 1366 monachica.
1378 1311 1561 1375 Quem
1592 1312 1771 1367 Xistus
1792 1313 2022 1367 subdia-
2125 1316 2181 1366 et
2212 1313 2401 1367 dicere
2430 1330 2443 1367 :
2479 1313 2678 1368 Fames
2709 1315 2807 1368 tua
2837 1317 3053 1382 tecum,
3075 1315 3385 1370 mortalitas
3398 1318 3671 1374 tuatecum.

415 1424 593 1462 conus
621 1402 875 1475 regionis
906 1405 1075 1456 sextae
1108 1401 1307 1454 videns
1337 1401 1710 1466 monachum,
1764 1418 2024 1472 egressus
2124 1403 2274 1456 male
2295 1402 2475 1456 fecisti
2507 1419 2640 1456 cum
2672 1403 2964 1470 Romanis,
2992 1403 3505 1458 maleinveniasubi
3526 1403 3670 1459 vadis.

415 1497 571 1552 foras
603 1491 893 1548 nunciavit
923 1491 994 1544 ab
1022 1490 1262 1552 clerum,
1297 1487 1494 1542 dicens
1526 1505 1538 1542 :
1576 1489 1719 1552 Quia
1772 1489 2024 1543 domnus
2123 1490 2190 1544 Et
2215 1489 2451 1561 quidem
2485 1493 2772 1544 amatosz
2800 1489 2922 1560 ejus
2947 1491 3124 1544 secuti
3153 1494 3423 1546 suntcum
3451 1491 3513 1545 de
3529 1491 3675 1545 Eccle-

419 1585 575 1656 Papa
596 1580 888 1651 depositus
919 1581 1024 1643 est,
1059 1581 1116 1630 et
1145 1577 1327 1630 factus
1380 1581 1465 1629 est
1524 1577 1854 1630 monachus.
1915 1577 2021 1640 Qui
2123 1578 2226 1632 sia.
2261 1578 2369 1642 Qui
2418 1577 2710 1649 ingressus
2767 1577 3020 1632 Siciliam
3077 1579 3137 1633 in
3181 1578 3396 1633 civitate
3433 1578 3674 1634 Catinensi

415 1672 737 1734 audientes,
788 1669 1062 1738 fugerunt
1091 1682 1313 1720 omnes.
1350 1664 1608 1734 Suscepit
1635 1667 1827 1718 autem
1887 1682 2021 1720 eum
2124 1665 2434 1737 permissus
2453 1670 2538 1720 est
2554 1667 2742 1721 facere
2763 1667 3191 1722 ordinationem
3221 1683 3320 1738 per
3339 1683 3574 1722 mensem
3591 1669 3678 1722 De-

415 1759 652 1830 Vigilius
669 1753 1174 1811 archidiaconusin
1201 1769 1303 1805 sua
1323 1751 1486 1822 quasi
1531 1751 1726 1818 fide,et
1775 1752 1933 1806 misit
1962 1751 2021 1806 in
2124 1754 2312 1808 cemb.
2346 1755 2706 1826 presbyteros
2737 1758 2795 1809 et
2818 1755 3110 1810 diaconos.
3149 1756 3226 1809 Ex
3253 1755 3446 1827 quibus
3469 1759 3676 1810 retrans-
3723 1762 3732 1769 '

417 1847 647 1902 exilium
673 1845 730 1898 in
754 1846 1060 1907 Ponzas,ac
1074 1839 1410 1901 sustentavit
1441 1855 1574 1893 eum
1602 1856 1750 1910 pane
1783 1841 2020 1896 tribula-
2047 1834 2099 1893 B
2124 1841 2882 1915 misitRomamAmpliatum
2895 1843 3290 1914 presbyterum
3303 1843 3674 1900 vicedominum

419 1935 594 1990 tionis
645 1937 703 1986 et
732 1948 881 2002 aqua
911 1928 1213 1999 angustiae.
1267 1926 1372 1990 Qui
1403 1926 1676 1982 deﬁciens
1732 1929 2026 1983 confessor
2124 1946 2310 1994 suum,
2342 1933 2401 1984 et
2429 1930 2795 1984 Valentinum
2817 1931 3160 2003 Episcopum
3183 1931 3257 1986 ad
3285 1931 3676 1995 S.Rutinam,et

413 2026 674 2078 mortuus
705 2023 810 2084 est,
831 2022 888 2072 et
916 2017 1171 2088 sepultus
1193 2016 1250 2069 in
1282 2015 1494 2069 eodem
1515 2017 1639 2070 loco
1685 2017 2022 2072 l2.Kalend.
2127 2017 2454 2072 Secundum
2487 2018 2559 2072 ad
2608 2019 3051 2073 custodiendum
3085 2019 3392 2086 Lateranis,
3432 2023 3485 2072 ct
3505 2018 3677 2090 guber-

410 2112 518 2166 Jul.
541 2109 736 2180 ibique
769 2107 1059 2160 salvantur
1091 2102 1330 2160 infirmi.
1365 2103 1432 2156 Et
1462 2102 1698 2156 cessavit
1722 2103 2026 2174 Episcopa-
2131 2105 2388 2160 nandum
2412 2106 2652 2159 clerum.
2671 2105 2776 2169 Qui
2795 2106 3137 2162 valefaciens
3161 2105 3421 2162 omnibus
3439 2105 3680 2177 ingressus

414 2203 506 2254 tus
529 2197 649 2254 dies
679 2200 733 2254 5.
2130 2197 2214 2248 est
2245 2193 2802 2265 Constantinopolim
2829 2194 2888 2248 in
2918 2194 3123 2266 Vigilia
3152 2194 3376 2250 Domini
3403 2193 3562 2248 nostri
3577 2194 3679 2246 Jrsu

1168 2279 1294 2333 LXI.
2131 2281 2360 2336 Christi.
2394 2281 2578 2344 Quem
2629 2281 2828 2336 obvius
2868 2283 3192 2354 Imperator
3220 2284 3490 2338 osculatus
3511 2284 3602 2345 est,
3639 2281 3682 2332 et

484 2370 1008 2437 VIGILIUS,nal.l0n6
1038 2369 1425 2432 Romanus,ex
1453 2369 1618 2438 patre
1639 2367 1860 2421 Joanne
1879 2367 2026 2422 Con-
2128 2369 2300 2442 coepit
2325 2371 2485 2436 flere,
2511 2386 2575 2424 ac
2607 2369 2769 2442 plebs
2797 2369 2899 2424 illa
2929 2371 3212 2441 psallebat
3235 2373 3363 2425 ante
3385 2385 3510 2425 eum
3536 2381 3680 2440 usque

415 2468 558 2526 sule,
589 2461 737 2517 sedit
765 2458 937 2514 annis
971 2459 1055 2510 l7.
1087 2455 1379 2509 mensibus
1399 2457 1452 2508 6.
1487 2454 1687 2508 diebus
1711 2455 2026 2510 26.Eodem
2127 2457 2201 2512 ad
2234 2457 2536 2512 Ecclesiam
2571 2456 2628 2512 S.
2675 2457 2925 2528 Sophim.
2980 2456 3122 2513 Ecce
3167 2459 3386 2514 advenit
3429 2457 3684 2514 dominator

420 2557 686 2623 tempore
716 2545 1032 2602 Bclesarius
1059 2542 1352 2598 commisit
1379 2542 1596 2596 bellum
1624 2545 1825 2596 contra
1854 2543 1945 2596 Vni

2140 2546 2408 2612 Dominus,
2441 2549 2551 2600 etc.
2576 2547 2684 2600 Per
2713 2545 3010 2600 biennium
3038 2545 3198 2601 enim
3220 2547 3442 2602 fuerant
3457 2543 3665 2600 intentio

419 2656 556 2712 gem
583 2652 781 2707 regem
795 2635 1314 2702 Gothorum,quem
1331 2629 1653 2699 fugientem
1677 2633 1848 2684 noctu
1873 2630 2020 2686 inse-
2128 2652 2230 2690 nes
2243 2634 2313 2688 de
2332 2637 2368 2688 Α
2384 2633 2646 2688 nthemio
2660 2633 3008 2704 patriarcha,
3026 2633 3393 2690 ostendentes
3403 2631 3684 2688 cautionem

419 2731 583 2784 cutus
613 2728 699 2780 est
720 2725 970 2778 Joannes
999 2720 1264 2790 Magister
1286 2718 1652 2786 militum,cui
1679 2735 2024 2790 cognomen-
2128 2739 2333 2778 manus
2362 2721 2505 2792 ejus,
2529 2739 2641 2794 qua
2665 2721 3010 2791 promiserat
3029 2738 3166 2776 eum
3185 2722 3510 2777 revocarein
3530 2721 3684 2774 locum

421 2821 542 2871 tum
569 2810 1067 2884 Sanguinarius,et
1091 2807 1446 2873 tenuiteum,
1466 2807 1815 2879 adduxitque
1830 2808 1901 2862 ad
1926 2810 2023 2863 Be-
2124 2827 2314 2866 suum.
2347 2809 2460 2864 Sed
2490 2809 2724 2881 Vigilius
2761 2809 2946 2880 magis
2975 2809 3308 2865 desiderans
3335 2809 3494 2876 mori,
3541 2823 3682 2880 quam

426 2901 726 2965 lcsarium,
751 2899 845 2970 qui
881 2895 1144 2968 perduxit
1157 2912 1287 2948 eum
1303 2895 1406 2948 sub
1427 2900 1788 2950 sacramento
1805 2897 2022 2952 salvum
2124 2899 2334 2964 vivere,
2370 2898 2694 2953 nullatenus
2719 2897 2897 2953 voluit
2921 2896 3003 2952 eis
3023 2898 3372 2964 consentire,
3398 2901 3453 2952 et
3477 2895 3685 2951 dixitzUt

423 2991 498 3047 ad
549 2990 966 3058 Imperatorem
1003 2983 1386 3038 Justinianum
1429 2983 2010 3056 Constantinopolim.
2123 2988 2310 3054 video,
2343 3004 2460 3041 non
2485 3003 2578 3040 me
2609 2985 2872 3041 fecerunt
2892 2985 3089 3040 venire
3114 2987 3190 3042 ad
3217 3003 3276 3041 se
3303 2984 3624 3041 Justinianus
3642 2984 3688 3036 et

423 3079 608 3143 Quem
657 3076 981 3146 Imperator
1007 3069 1454 3141 fecit‘patritium
1475 3073 1534 3124 et
1561 3070 1833 3126 comitem
1864 3075 2024 3126 trans
2119 3075 2443 3142 Theodore,
2474 3074 2573 3129 sed
2603 3073 2988 3130 Diocletianus
3015 3077 3075 3129 et
3091 3073 3434 3130 Eleutheria.
3457 3071 3618 3126 Facite
3639 3071 3688 3122 ut

420 3166 690 3236 misitque
711 3163 875 3235 juxta
931 3161 1076 3214 fines
1106 3161 1431 3225 Persarum,
1462 3157 1559 3212 ubi
1585 3157 1762 3212 vitam
1820 3159 2022 3214 finivit.
2122 3163 2306 3229 vultis,
2341 3163 2520 3234 digna
2549 3161 2881 3218 enimfactis
2898 3161 3312 3234 recipio.Tunc
3333 3159 3484 3216 dedit
3498 3159 3688 3230 alapam

422 3253 678 3309 Beleario
700 3266 833 3304 vero
865 3264 1036 3320 egere
1067 3245 1279 3318 gratias
1305 3247 1623 3316 Imperator
1643 3249 1701 3300 et
1746 3248 2020 3318 Augusta,
2123 3261 2181 3316 in
2214 3251 2420 3304 faciem
2453 3250 2576 3320 ejus
2621 3248 2880 3320 quidam,
2913 3248 3109 3304 dicens
3141 3266 3154 3304 :
3195 3247 3504 3313 Homicida,
3543 3244 3689 3300 nescis

425 3347 486 3400 et
515 3342 866 3398 remiserunt
887 3353 1019 3392 cum
1039 3336 1098 3390 in
1110 3335 1386 3401 Africam,
1415 3351 1543 3406 quae
1567 3335 1800 3390 redacta
1821 3337 2022 3392 estsub
2123 3338 2324 3409 quibus
2349 3336 2638 3410 loqueris?
2665 3336 2867 3406 nescis,
2899 3335 3034 3408 quia
3055 3337 3358 3393 Silverium
3393 3337 3588 3406 Papam
3613 3347 3688 3388 oc-

424 3431 740 3504 republica,
771 3427 1074 3483 interfecto
1093 3426 1196 3480 sub
1227 3425 1359 3480 dolo
1387 3424 1541 3496 pacis
1567 3423 1869 3498 [Gundaro]
1892 3425 2022 3480 Vui-
2125 3425 2340 3482 cidisti‘?
2365 3429 2424 3480 et
2454 3424 2634 3478 filium
2666 3424 2924 3478 mulleris
2940 3423 3125 3478 viduae
3156 3424 3404 3480 calcibus
3419 3427 3473 3478 et
3487 3419 3692 3476 fustibus

422 3521 638 3578 marith
669 3534 806 3589 rege
855 3514 1272 3576 Vandolorum,
1335 3513 1458 3578 Quo
1489 3517 1754 3582 tempore
1803 3513 2027 3584 scripsit
2125 3513 2488 3569 interfecisti?
2509 3514 2666 3567 Tunc
2696 3511 2922 3582 fugiens
2943 3511 3003 3565 in
3023 3512 3320 3568 basilicam
3341 3506 3690 3582 S.Eupbemia:

419 3607 720 3664 Tbeodora
743 3607 999 3675 Augusta
1025 3602 1098 3656 ad
1117 3601 1384 3672 Vigilium
1407 3603 1617 3671 Papam
1637 3616 1649 3654 :
1667 3601 1806 3655 Veni
1839 3601 2026 3656 adim-
2125 3601 2313 3656 tenuit
2342 3603 2672 3656 columnam
2706 3599 2920 3653 altaris.
2941 3599 3047 3663 Qui
3069 3602 3288 3655 tractus
3308 3601 3380 3654 ab
3416 3615 3501 3664 ea,
3523 3599 3575 3651 et
3595 3594 3689 3664 eje-

422 3699 515 3772 ple
550 3693 738 3760 nobis,
771 3708 900 3764 qua:
916 3707 1102 3762 prona
1126 3690 1421 3744 voluntate
1435 3688 1748 3756 promisisti
1769 3688 1842 3742 de
1863 3692 2027 3759 patre
2126 3695 2248 3744 ctus
2273 3689 2410 3744 foris
2437 3686 2767 3757 Ecclesiam,
2788 3687 3051 3742 fecerunt
3083 3687 3240 3743 mitti
3269 3688 3466 3742 funem
3493 3685 3544 3738 in
3571 3682 3690 3737 collo

423 3789 622 3842 nostro
641 3779 978 3844 Anthemio,
1010 3781 1070 3831 et
1093 3793 1297 3830 revoca
1323 3791 1456 3828 eum
1477 3775 1534 3828 in
1559 3775 1811 3829 officium
1835 3793 2024 3832 suum.
2127 3779 2271 3849 ejus,
2303 3781 2362 3832 et
2397 3780 2692 3830 traxerunt
2718 3793 2849 3830 eum
2879 3792 2983 3846 per
3029 3779 3216 3831 totam
3243 3775 3520 3831 civitatem
3545 3783 3692 3842 usque

420 3875 508 3930 Ad
530 3874 652 3928 haec
683 3867 972 3938 rescripsit
996 3864 1232 3935 Vigilius
1255 3861 1447 3916 :Absit
1462 3863 1570 3916 hoc
1591 3880 1624 3917 a
1649 3865 2029 3930 me,Domina
2127 3866 2199 3921 ad
2231 3881 2551 3936 vesperum.
2583 3865 2738 3918 Tunc
2769 3863 2974 3919 missus
3017 3867 3103 3918 est
3145 3864 3207 3920 in
3241 3862 3568 3928 custodiam,
3615 3854 3690 3911 ubi

420 3963 693 4032 Augusta.
728 3955 892 4010 Prius
917 3955 1136 4006 locutus
1182 3966 1307 4004 sum
1349 3950 1501 4003 male
1555 3953 1610 4004 et
1667 3950 2023 4022 insipienter,
2126 3953 2414 4008 dabantur
2466 3953 2518 4007 ei
2549 3952 2774 4007 modice
2803 3951 2970 4023 panis
2999 3954 3060 4006 et
3085 3967 3259 4024 aqua.
3295 3952 3484 4007 Clerus
3529 3948 3690 4002 autem

421 4049 600 4106 modo
627 4049 822 4099 autem
854 4041 1012 4094 nullo
1040 4037 1215 4092 modo
1241 4037 1341 4090 tibi
1374 4037 1728 4106 conentiam,
1760 4043 1823 4094 ut
1867 4057 2028 4097 revo-
2125 4042 2441 4108 Romanus,
2474 4040 2572 4113 qui
2609 4057 2740 4095 cum
2770 4056 2838 4096 eo
2876 4043 3022 4108 erat,
3056 4040 3267 4096 missus
3285 4043 3373 4095 est
3397 4039 3455 4094 in
3495 4033 3692 4091 exilium

421 4152 549 4192 cem
562 4131 862 4188 hominem
877 4125 1214 4180 hmreticum
1229 4127 1288 4178 et
1299 4125 1869 4182 anathematizatum.
1901 4129 2024 4194 Quo
2123 4146 2228 4202 per
2249 4129 2469 4184 diversa
2501 4129 2736 4183 metalla
2763 4127 3091 4182 incidenda.
3108 4127 3268 4182 Tunc
3293 4125 3457 4183 Gothi
3479 4137 3597 4178 cum
3610 4132 3692 4174 suo

420 4224 467 4280 si
491 4220 766 4290 indignus
777 4213 1018 4269 vicarius
1037 4229 1165 4266 sum
1185 4212 1251 4266 B.
1275 4212 1428 4267 Petri
1445 4214 2024 4288 Apostoli,quomodo
2123 4234 2260 4288 rege
2275 4217 2529 4283 Bandua,
2544 4217 2639 4290 qui
2650 4215 2836 4272 Totila
2849 4215 3311 4289 nuncupabatur,
3325 4210 3693 4270 descendentes

422 4311 662 4367 fuerunt
688 4307 1079 4360 antecessores
1108 4301 1224 4355 mei
1258 4301 1625 4371 sanctiSSimi,
1657 4305 1932 4376 Agapitus
1971 4309 2028 4360 et
2127 4307 2371 4360 Romam
2399 4306 2748 4360 obsederunt
2777 4321 2929 4372 eam,
2963 4308 3021 4360 et
3036 4304 3188 4359 facta
3205 4307 3292 4360 est
3319 4303 3500 4359 fames
3523 4299 3575 4354 in
3588 4292 3693 4350 civi-

422 4395 716 4461 Silverius,
743 4391 840 4464 qui
867 4405 998 4445 eum
1021 4388 1366 4445 damnavere
1389 4390 1416 4444 ‘2
1435 4391 1589 4446 Tunc
1629 4393 1873 4448 Romani
1895 4411 2026 4465 sug-
2050 4399 2102 4458 D
2124 4399 2242 4450 tate
2265 4396 2546 4462 Romana,
2567 4397 2627 4448 ut
2648 4395 2820 4448 etiam
2845 4398 3012 4448 natos
3027 4409 3158 4447 suos
3177 4393 3394 4450 Vellent
3407 4386 3692 4446 comedere.

421 4485 746 4562 gesserunt,
781 4478 936 4552 quod
965 4477 1205 4534 consilio
1250 4479 1438 4550 Vigilii
1493 4480 1784 4550 depositus
1833 4482 2031 4537 fuisset
2127 4483 2387 4549 Quadam
2432 4483 2627 4554 itaque
2680 4481 2772 4538 die
2800 4480 3035 4536 intravit
3081 4497 3181 4536 rex
3234 4481 3478 4535 Romam
3505 4473 3694 4562 aporta

421 4561 714 4639 Silverius,
747 4567 1115 4632 mandantes,
1147 4567 1280 4639 quia
1294 4568 1447 4621 male
1465 4568 1584 4639 agit
1600 4586 1730 4624 cum
1757 4570 2029 4625 Romanis
2128 4575 2185 4630 S.
2221 4572 2402 4640 Pauli,
2435 4571 2747 4626 indictione
2781 4573 2846 4626 13
2876 4574 2936 4625 et
2961 4569 3241 4626 habitavit
3277 4585 3408 4625 cum
3435 4561 3693 4623 Romanis.

421 4662 597 4722 servis
652 4660 783 4728 tuis,
815 4661 872 4712 et
921 4672 1054 4711 cum
1084 4655 1206 4726 ipsa
1237 4655 1402 4726 plebe
1435 4659 1534 4710 tua
1569 4673 1581 4710 :
1614 4656 1690 4712 sic
1743 4659 1898 4713 enim
1943 4663 2029 4714 est
2129 4661 2287 4734 quasi
2320 4663 2486 4732 pater
2505 4676 2635 4714 cum
2665 4659 2814 4714 filiis.
2849 4657 3096 4723 Quidam
3119 4674 3252 4714 vero
3275 4658 3348 4713 de
3365 4649 3696 4711 Senatoribus

421 4753 688 4818 furiosus,
711 4753 774 4804 ut
803 4748 968 4802 daret
1002 4746 1230 4816 alapam
1262 4744 1489 4799 notario
1515 4762 1638 4811 suo,
1667 4746 1764 4818 qui
1792 4763 1922 4802 mox
1942 4764 2032 4802 ca-
2128 4749 2418 4822 fugientes
2447 4747 2687 4819 ingressi
2714 4750 2848 4802 sunt
2872 4743 3454 4818 ConstantinOpolim,
3477 4744 3533 4797 et
3557 4751 3694 4793 vene-

421 4846 567 4902 dens
591 4840 666 4896 ad
705 4837 879 4910 pedes
909 4836 1032 4907 ejus
1055 4833 1351 4906 expiravit.
1405 4834 1549 4888 Item
1579 4834 1738 4888 dedit
1793 4839 2026 4908 neptem
2127 4841 2265 4892 runt
2280 4837 2352 4890 ad
2370 4838 2784 4908 Imperatorem
2837 4833 3034 4889 afflicti
3054 4837 3112 4888 et
3137 4831 3399 4888 desolati.
3425 4830 3570 4895 Quos
3583 4840 3697 4881 cou-

417 4948 585 4990 suam
603 4926 864 5000 Vigiliam
879 4921 1142 4978 Aetherio
1164 4920 1393 4976 Consuli
1413 4920 1530 4976 ﬁlio
1555 4921 2025 4992 mulierisvidnm,
2126 4926 2338 4980 solatus
2359 4928 2444 4978 est
2467 4926 2807 4995 Imperator,
2824 4921 3049 4977 etmisit
3061 4922 3369 4976 Narsetum
3396 4915 3698 4974 Eunuchum

419 5035 595 5094 quem
627 5016 762 5072 fecit
783 5011 971 5069 teneri
1002 5013 1191 5076 nocte,
1226 5012 1286 5063 et
1314 5009 1537 5064 tamdiu
1557 5009 1720 5076 caedi,
1750 5012 2028 5082 quamdiu
2127 5017 2184 5068 et
2213 5012 2624 5068 cubicularium
2650 5028 2817 5066 suum
2861 5010 2920 5064 in
2953 5010 3198 5064 Italiam.
3231 5009 3332 5065 Cui
3365 5009 3497 5063 data
3537 5015 3701 5094 pugna

417 5088 596 5164 vitam
629 5102 970 5166 ﬂniret.Quo
989 5099 1468 5168 audito,Augusta
1483 5096 2024 5154 misitAnthemium
2125 5118 2256 5156 cum
2287 5101 2482 5156 Gothis
2511 5099 2746 5156 donavit
2793 5100 2940 5153 Deus
2969 5097 3290 5164 victoriam,
3321 5099 3381 5151 et
3409 5095 3609 5150 occisus
3633 5088 3702 5158 est

419 5196 759 5254 Scribonem
785 5206 919 5245 cum
949 5189 1160 5243 virtute
1182 5187 1389 5258 majori
1403 5186 1477 5241 ad
1507 5187 1775 5254 Romam,
1801 5187 2022 5244 dicens:
2124 5205 2222 5244 rex
2250 5193 2308 5244 et
2337 5187 2646 5243 multitudo
2667 5187 2982 5242 Gothorum
3015 5185 3321 5240 interfecta
3339 5187 3444 5240 est.
3459 5183 3604 5236 Tunc
3617 5175 3704 5230 ad-

421 5287 666 5356 Excepto
709 5281 768 5334 in
795 5277 1030 5334 basilica
1074 5275 1132 5330 S.
1168 5275 1340 5340 Petri,
1374 5290 1564 5346 parce,
1624 5278 1921 5343 caeterum,
1978 5277 2022 5332 si
2125 5281 2330 5332 unatus
2361 5278 2543 5332 clerus
2596 5274 2821 5346 rogavit
2847 5274 3164 5338 Narsetem,
3197 5275 3259 5326 ut
3288 5289 3405 5326 una
3449 5283 3573 5324 cum
3600 5263 3703 5334 ejus

418 5375 478 5429 in
506 5349 928 5429 Lateranis,aut
947 5365 1005 5418 in
1041 5363 1276 5436 palatio.
1306 5362 1478 5417 autin
1493 5362 1749 5434 qualibet
1778 5363 2025 5419 Ecclesia
2121 5365 2491 5437 suggestione
2516 5367 2750 5436 rogaret
2783 5361 3126 5434 Principem,
3145 5359 3276 5416 utsi
3307 5360 3492 5414 adhuc
3521 5349 3704 5408 viveret

415 5458 705 5518 inveneris
719 5451 1350 5526 Vigilium,impositum
1366 5467 1498 5506 mox
1517 5451 1644 5505 navi
1657 5452 1873 5523 perduc
1888 5469 2020 5508 eum
2121 5453 2356 5525 Vigilius
2384 5454 2559 5524 Papa,
2591 5454 2690 5506 aut
2713 5449 3058 5522 Presbyteri,
3083 5465 3182 5504 seu
3213 5446 3464 5513 diaconi,
3491 5443 3572 5498 vel
3606 5439 3701 5493 cle-

419 5548 492 5603 ad
513 5562 636 5601 nos.
662 5543 826 5608 Quod
860 5541 962 5596 nisi
986 5539 1206 5606 feceris,
1241 5555 1344 5609 per
1372 5539 1658 5594 viventem
1710 5539 1768 5593 in
1814 5542 2020 5596 saecula
2121 5559 2238 5608 rus,
2263 5541 2357 5613 qui
2390 5557 2518 5596 cum
2551 5540 2758 5594 eodem
2803 5537 2989 5594 fuerat
3018 5537 3077 5591 in
3106 5535 3338 5592 exilium
3374 5530 3702 5613 deportatus,

417 5631 693 5691 excoriari
715 5635 770 5686 te
797 5629 1029 5685 faciam.
1066 5626 1171 5691 Qui
1190 5626 1531 5680 Anthemius
1554 5625 1752 5682 Scribo
1782 5627 2016 5685 veniens
2120 5610 2522 5687 reverteretur.
2543 5627 2818 5700 Suscepta,
2840 5625 3120 5683 relatione
3150 5623 3420 5691 Narsetis,
3439 5621 3525 5676 vel
3539 5610 3702 5674 cuucli
