  <div class='ocr_page' id='page_1' title='image "/cluster/home/n/w/nwhite01/storage/ocr_20150623/139/uva.x000829787/280.png"; bbox 0 0 3862 6210; ppageno 0'>
   <div class='ocr_carea' id='block_1_1' title="bbox 141 350 233 406">
    <p class='ocr_par' dir='ltr' id='par_1_1' title="bbox 141 350 233 406">
     <span class='ocr_line' id='line_1_1' title="bbox 141 350 233 406; baseline 0.011 -1"><span class='ocrx_word' id='word_1_1' title='bbox 141 350 233 406; x_wconf 72' lang='lat'><strong>353</strong></span> 
     </span>
    </p>
   </div>
   <div class='ocr_carea' id='block_1_2' title="bbox 1124 328 2403 397">
    <p class='ocr_par' dir='ltr' id='par_1_2' title="bbox 1124 328 2403 397">
     <span class='ocr_line' id='line_1_2' title="bbox 1124 328 2403 397; baseline -0.001 0"><span class='ocrx_word' id='word_1_2' title='bbox 1124 330 1552 397; x_wconf 83' lang='lat' dir='ltr'><strong>EXCERP’I‘UM</strong></span> <span class='ocrx_word' id='word_1_3' title='bbox 1593 339 1683 395; x_wconf 86' lang='lat' dir='ltr'><strong>DE</strong></span> <span class='ocrx_word' id='word_1_4' title='bbox 1721 328 1956 396; x_wconf 79' lang='lat' dir='ltr'><strong>GESTIS</strong></span> <span class='ocrx_word' id='word_1_5' title='bbox 1991 336 2158 396; x_wconf 83' lang='lat' dir='ltr'><strong>ROM.</strong></span> <span class='ocrx_word' id='word_1_6' title='bbox 2201 337 2403 397; x_wconf 73' lang='lat' dir='ltr'><strong>PON’I‘.</strong></span> 
     </span>
    </p>
   </div>
   <div class='ocr_carea' id='block_1_3' title="bbox 3323 346 3435 404">
    <p class='ocr_par' dir='ltr' id='par_1_3' title="bbox 3323 346 3435 404">
     <span class='ocr_line' id='line_1_3' title="bbox 3323 346 3435 404; baseline 0.009 -1"><span class='ocrx_word' id='word_1_7' title='bbox 3323 346 3435 404; x_wconf 68' lang='grc'><strong>554</strong></span> 
     </span>
    </p>
   </div>
   <div class='ocr_carea' id='block_1_4' title="bbox 146 459 3441 535">
    <p class='ocr_par' dir='ltr' id='par_1_4' title="bbox 146 459 3441 535">
     <span class='ocr_line' id='line_1_4' title="bbox 146 459 3441 535; baseline 0 -12"><span class='ocrx_word' id='word_1_8' title='bbox 146 466 259 523; x_wconf 87' lang='lat' dir='ltr'><strong>cleri</strong></span> <span class='ocrx_word' id='word_1_9' title='bbox 284 461 517 520; x_wconf 87' lang='lat' dir='ltr'><strong>Romani</strong></span> <span class='ocrx_word' id='word_1_10' title='bbox 548 463 710 520; x_wconf 74' lang='lat' dir='ltr'><strong>laetus</strong></span> <span class='ocrx_word' id='word_1_11' title='bbox 741 459 974 517; x_wconf 79' lang='lat' dir='ltr'><strong>effectus</strong></span> <span class='ocrx_word' id='word_1_12' title='bbox 999 464 1083 517; x_wconf 86' lang='lat' dir='ltr'><strong>est</strong></span> <span class='ocrx_word' id='word_1_13' title='bbox 1114 463 1434 533; x_wconf 78' lang='lat' dir='ltr'><strong>Imperator</strong></span> <span class='ocrx_word' id='word_1_14' title='bbox 1481 463 1537 515; x_wconf 88' lang='lat' dir='ltr'><strong>et</strong></span> <span class='ocrx_word' id='word_1_15' title='bbox 1587 476 1715 515; x_wconf 86' lang='lat' dir='ltr'><strong>om-</strong></span> <span class='ocrx_word' id='word_1_16' title='bbox 1733 463 1788 523; x_wconf 72' lang='grc' dir='ltr'><strong>Α</strong></span> <span class='ocrx_word' id='word_1_17' title='bbox 1817 462 2207 517; x_wconf 88' lang='lat' dir='ltr'><strong>sanctissimus</strong></span> <span class='ocrx_word' id='word_1_18' title='bbox 2240 462 2476 535; x_wconf 87' lang='lat' dir='ltr'><strong>quidem</strong></span> <span class='ocrx_word' id='word_1_19' title='bbox 2514 461 2763 515; x_wconf 84' lang='lat' dir='ltr'><strong>Joannes</strong></span> <span class='ocrx_word' id='word_1_20' title='bbox 2794 459 3071 517; x_wconf 77' lang='lat' dir='ltr'><strong>habitavit</strong></span> <span class='ocrx_word' id='word_1_21' title='bbox 3095 464 3278 521; x_wconf 90' lang='lat' dir='ltr'><strong>multo</strong></span> <span class='ocrx_word' id='word_1_22' title='bbox 3298 469 3441 523; x_wconf 90' lang='lat' dir='ltr'><strong>tem-</strong></span> 
     </span>
    </p>
   </div>
   <div class='ocr_carea' id='block_1_5' title="bbox 148 546 3437 625">
    <p class='ocr_par' dir='ltr' id='par_1_5' title="bbox 148 546 3437 625">
     <span class='ocr_line' id='line_1_5' title="bbox 148 546 3437 625; baseline 0 -15"><span class='ocrx_word' id='word_1_23' title='bbox 148 546 230 610; x_wconf 87' lang='lat' dir='ltr'><strong>nes</strong></span> <span class='ocrx_word' id='word_1_24' title='bbox 260 552 442 624; x_wconf 82' lang='lat' dir='ltr'><strong>inclyti</strong></span> <span class='ocrx_word' id='word_1_25' title='bbox 470 553 616 625; x_wconf 89' lang='lat' dir='ltr'><strong>ejus,</strong></span> <span class='ocrx_word' id='word_1_26' title='bbox 642 568 710 607; x_wconf 92' lang='lat' dir='ltr'><strong>eo</strong></span> <span class='ocrx_word' id='word_1_27' title='bbox 743 552 899 623; x_wconf 91' lang='lat' dir='ltr'><strong>quod</strong></span> <span class='ocrx_word' id='word_1_28' title='bbox 955 550 1218 623; x_wconf 87' lang='lat' dir='ltr'><strong>requiem</strong></span> <span class='ocrx_word' id='word_1_29' title='bbox 1275 549 1525 604; x_wconf 88' lang='lat' dir='ltr'><strong>dedisset</strong></span> <span class='ocrx_word' id='word_1_30' title='bbox 1571 550 1719 604; x_wconf 74' lang='lat' dir='ltr'><strong>Deus</strong></span> <span class='ocrx_word' id='word_1_31' title='bbox 1819 566 1960 621; x_wconf 90' lang='lat' dir='ltr'><strong>pore</strong></span> <span class='ocrx_word' id='word_1_32' title='bbox 1992 550 2052 605; x_wconf 92' lang='lat' dir='ltr'><strong>in</strong></span> <span class='ocrx_word' id='word_1_33' title='bbox 2081 550 2364 605; x_wconf 90' lang='lat' dir='ltr'><strong>cimiterio</strong></span> <span class='ocrx_word' id='word_1_34' title='bbox 2401 550 2745 605; x_wconf 88' lang='lat' dir='ltr'><strong>Sanctorum</strong></span> <span class='ocrx_word' id='word_1_35' title='bbox 2773 550 3015 605; x_wconf 89' lang='lat' dir='ltr'><strong>Tiburtii</strong></span> <span class='ocrx_word' id='word_1_36' title='bbox 3046 554 3103 605; x_wconf 89' lang='lat' dir='ltr'><strong>et</strong></span> <span class='ocrx_word' id='word_1_37' title='bbox 3126 553 3437 610; x_wconf 89' lang='lat' dir='ltr'><strong>Valeriani.</strong></span> 
     </span>
    </p>
   </div>
   <div class='ocr_carea' id='block_1_6' title="bbox 147 637 1722 711">
    <p class='ocr_par' dir='ltr' id='par_1_6' title="bbox 147 637 1722 711">
     <span class='ocr_line' id='line_1_6' title="bbox 147 637 1722 711; baseline -0.005 -12"><span class='ocrx_word' id='word_1_38' title='bbox 147 641 403 699; x_wconf 80' lang='lat' dir='ltr'><strong>Romanis.</strong></span> <span class='ocrx_word' id='word_1_39' title='bbox 436 641 561 695; x_wconf 84' lang='lat' dir='ltr'><strong>Mox</strong></span> <span class='ocrx_word' id='word_1_40' title='bbox 594 640 767 703; x_wconf 80' lang='lat' dir='ltr'><strong>misit,</strong></span> <span class='ocrx_word' id='word_1_41' title='bbox 799 654 903 711; x_wconf 90' lang='lat' dir='ltr'><strong>per</strong></span> <span class='ocrx_word' id='word_1_42' title='bbox 932 638 1155 693; x_wconf 89' lang='lat' dir='ltr'><strong>diversa</strong></span> <span class='ocrx_word' id='word_1_43' title='bbox 1184 639 1331 703; x_wconf 88' lang='lat' dir='ltr'><strong>loca,</strong></span> <span class='ocrx_word' id='word_1_44' title='bbox 1362 638 1461 693; x_wconf 88' lang='lat' dir='ltr'><strong>ubi</strong></span> <span class='ocrx_word' id='word_1_45' title='bbox 1491 637 1722 692; x_wconf 78' lang='lat' dir='ltr'><strong>fuerant</strong></span> 
     </span>
    </p>
   </div>
   <div class='ocr_carea' id='block_1_7' title="bbox 147 727 1724 800">
    <p class='ocr_par' dir='ltr' id='par_1_7' title="bbox 147 727 1724 800">
     <span class='ocr_line' id='line_1_7' title="bbox 147 727 1724 800; baseline -0.004 -15"><span class='ocrx_word' id='word_1_46' title='bbox 147 732 195 786; x_wconf 89' lang='lat' dir='ltr'><strong>in</strong></span> <span class='ocrx_word' id='word_1_47' title='bbox 212 730 424 785; x_wconf 85' lang='lat' dir='ltr'><strong>exilium</strong></span> <span class='ocrx_word' id='word_1_48' title='bbox 472 727 779 800; x_wconf 78' lang='lat' dir='ltr'><strong>deportati,</strong></span> <span class='ocrx_word' id='word_1_49' title='bbox 836 727 897 782; x_wconf 92' lang='lat' dir='ltr'><strong>in</strong></span> <span class='ocrx_word' id='word_1_50' title='bbox 955 727 1139 799; x_wconf 83' lang='lat' dir='ltr'><strong>Gypso</strong></span> <span class='ocrx_word' id='word_1_51' title='bbox 1200 729 1257 781; x_wconf 92' lang='lat' dir='ltr'><strong>et</strong></span> <span class='ocrx_word' id='word_1_52' title='bbox 1288 728 1634 792; x_wconf 90' lang='lat' dir='ltr'><strong>Proconeso,</strong></span> <span class='ocrx_word' id='word_1_53' title='bbox 1667 729 1724 779; x_wconf 88' lang='lat' dir='ltr'><strong>et</strong></span> 
     </span>
    </p>
   </div>
   <div class='ocr_carea' id='block_1_8' title="bbox 147 812 1724 891">
    <p class='ocr_par' dir='ltr' id='par_1_8' title="bbox 147 812 1724 891">
     <span class='ocr_line' id='line_1_8' title="bbox 147 812 1724 891; baseline -0.004 -18"><span class='ocrx_word' id='word_1_54' title='bbox 147 818 287 891; x_wconf 83' lang='lat' dir='ltr'><strong>jussit</strong></span> <span class='ocrx_word' id='word_1_55' title='bbox 311 820 439 872; x_wconf 85' lang='lat' dir='ltr'><strong>ante</strong></span> <span class='ocrx_word' id='word_1_56' title='bbox 467 832 528 871; x_wconf 91' lang='lat' dir='ltr'><strong>se</strong></span> <span class='ocrx_word' id='word_1_57' title='bbox 553 816 745 870; x_wconf 90' lang='lat' dir='ltr'><strong>venire</strong></span> <span class='ocrx_word' id='word_1_58' title='bbox 774 817 1115 887; x_wconf 83' lang='lat' dir='ltr'><strong>Imperator,</strong></span> <span class='ocrx_word' id='word_1_59' title='bbox 1152 815 1348 869; x_wconf 90' lang='lat' dir='ltr'><strong>dicens</strong></span> <span class='ocrx_word' id='word_1_60' title='bbox 1374 814 1455 868; x_wconf 89' lang='lat' dir='ltr'><strong>eis</strong></span> <span class='ocrx_word' id='word_1_61' title='bbox 1493 830 1505 868; x_wconf 89' lang='lat'><strong>:</strong></span> <span class='ocrx_word' id='word_1_62' title='bbox 1546 812 1724 868; x_wconf 84' lang='lat' dir='ltr'><strong>Vultis</strong></span> 
     </span>
    </p>
   </div>
   <div class='ocr_carea' id='block_1_9' title="bbox 146 902 1730 978">
    <p class='ocr_par' dir='ltr' id='par_1_9' title="bbox 146 902 1730 978">
     <span class='ocr_line' id='line_1_9' title="bbox 146 902 1730 978; baseline -0.003 -17"><span class='ocrx_word' id='word_1_63' title='bbox 146 907 364 978; x_wconf 79' lang='lat' dir='ltr'><strong>recipere</strong></span> <span class='ocrx_word' id='word_1_64' title='bbox 388 904 676 975; x_wconf 87' lang='lat' dir='ltr'><strong>Vigilium,</strong></span> <span class='ocrx_word' id='word_1_65' title='bbox 708 907 773 959; x_wconf 91' lang='lat' dir='ltr'><strong>ut</strong></span> <span class='ocrx_word' id='word_1_66' title='bbox 801 904 910 958; x_wconf 87' lang='lat' dir='ltr'><strong>fuit</strong></span> <span class='ocrx_word' id='word_1_67' title='bbox 933 904 1089 974; x_wconf 89' lang='lat' dir='ltr'><strong>Papa</strong></span> <span class='ocrx_word' id='word_1_68' title='bbox 1117 907 1321 971; x_wconf 81' lang='lat' dir='ltr'><strong>vester,</strong></span> <span class='ocrx_word' id='word_1_69' title='bbox 1350 920 1423 958; x_wconf 91' lang='lat' dir='ltr'><strong>an</strong></span> <span class='ocrx_word' id='word_1_70' title='bbox 1451 902 1730 957; x_wconf 88' lang='lat' dir='ltr'><strong>archidia-</strong></span> 
     </span>
    </p>
   </div>
   <div class='ocr_carea' id='block_1_10' title="bbox 151 990 1727 1063">
    <p class='ocr_par' dir='ltr' id='par_1_10' title="bbox 151 990 1727 1063">
     <span class='ocr_line' id='line_1_10' title="bbox 151 990 1727 1063; baseline -0.003 -14"><span class='ocrx_word' id='word_1_71' title='bbox 151 1011 330 1051; x_wconf 91' lang='lat' dir='ltr'><strong>conum</strong></span> <span class='ocrx_word' id='word_1_72' title='bbox 358 996 606 1047; x_wconf 86' lang='lat' dir='ltr'><strong>vestrum</strong></span> <span class='ocrx_word' id='word_1_73' title='bbox 634 991 956 1063; x_wconf 81' lang='lat' dir='ltr'><strong>Pelagium,</strong></span> <span class='ocrx_word' id='word_1_74' title='bbox 989 995 1046 1047; x_wconf 89' lang='lat' dir='ltr'><strong>et</strong></span> <span class='ocrx_word' id='word_1_75' title='bbox 1079 1008 1288 1047; x_wconf 89' lang='lat' dir='ltr'><strong>manus</strong></span> <span class='ocrx_word' id='word_1_76' title='bbox 1326 1007 1457 1045; x_wconf 87' lang='lat' dir='ltr'><strong>mea</strong></span> <span class='ocrx_word' id='word_1_77' title='bbox 1497 990 1606 1045; x_wconf 89' lang='lat' dir='ltr'><strong>erit</strong></span> <span class='ocrx_word' id='word_1_78' title='bbox 1633 1006 1727 1045; x_wconf 88' lang='lat' dir='ltr'><strong>vo-</strong></span> 
     </span>
    </p>
   </div>
   <div class='ocr_carea' id='block_1_11' title="bbox 146 1078 1725 1152">
    <p class='ocr_par' dir='ltr' id='par_1_11' title="bbox 146 1078 1725 1152">
     <span class='ocr_line' id='line_1_11' title="bbox 146 1078 1725 1152; baseline -0.003 -14"><span class='ocrx_word' id='word_1_79' title='bbox 146 1084 351 1139; x_wconf 86' lang='lat' dir='ltr'><strong>biscum.</strong></span> <span class='ocrx_word' id='word_1_80' title='bbox 383 1080 827 1152; x_wconf 83' lang='lat' dir='ltr'><strong>Responderunt</strong></span> <span class='ocrx_word' id='word_1_81' title='bbox 850 1096 1054 1135; x_wconf 92' lang='lat' dir='ltr'><strong>omnes</strong></span> <span class='ocrx_word' id='word_1_82' title='bbox 1087 1096 1100 1135; x_wconf 90' lang='lat'><strong>:</strong></span> <span class='ocrx_word' id='word_1_83' title='bbox 1134 1081 1385 1149; x_wconf 89' lang='lat' dir='ltr'><strong>Imperet</strong></span> <span class='ocrx_word' id='word_1_84' title='bbox 1430 1078 1577 1134; x_wconf 73' lang='lat' dir='ltr'><strong>Deos</strong></span> <span class='ocrx_word' id='word_1_85' title='bbox 1604 1078 1725 1151; x_wconf 90' lang='lat' dir='ltr'><strong>pie-</strong></span> 
     </span>
    </p>
   </div>
   <div class='ocr_carea' id='block_1_12' title="bbox 147 1168 1727 1239">
    <p class='ocr_par' dir='ltr' id='par_1_12' title="bbox 147 1168 1727 1239">
     <span class='ocr_line' id='line_1_12' title="bbox 147 1168 1727 1239; baseline -0.003 -14"><span class='ocrx_word' id='word_1_86' title='bbox 147 1172 228 1225; x_wconf 86' lang='lat' dir='ltr'><strong>tati</strong></span> <span class='ocrx_word' id='word_1_87' title='bbox 252 1174 372 1236; x_wconf 65' lang='lat' dir='ltr'><strong>tuaz,</strong></span> <span class='ocrx_word' id='word_1_88' title='bbox 397 1171 460 1223; x_wconf 88' lang='lat' dir='ltr'><strong>ut</strong></span> <span class='ocrx_word' id='word_1_89' title='bbox 484 1168 749 1223; x_wconf 86' lang='lat' dir='ltr'><strong>restituat</strong></span> <span class='ocrx_word' id='word_1_90' title='bbox 778 1168 947 1224; x_wconf 88' lang='lat' dir='ltr'><strong>nobis</strong></span> <span class='ocrx_word' id='word_1_91' title='bbox 977 1168 1152 1223; x_wconf 89' lang='lat' dir='ltr'><strong>modo</strong></span> <span class='ocrx_word' id='word_1_92' title='bbox 1177 1168 1531 1239; x_wconf 86' lang='lat' dir='ltr'><strong>Vigilium,et</strong></span> <span class='ocrx_word' id='word_1_93' title='bbox 1548 1182 1727 1239; x_wconf 90' lang='lat' dir='ltr'><strong>quan-</strong></span> 
     </span>
    </p>
   </div>
   <div class='ocr_carea' id='block_1_13' title="bbox 150 1256 1725 1322">
    <p class='ocr_par' dir='ltr' id='par_1_13' title="bbox 150 1256 1725 1322">
     <span class='ocr_line' id='line_1_13' title="bbox 150 1256 1725 1322; baseline -0.004 -7"><span class='ocrx_word' id='word_1_94' title='bbox 150 1260 207 1315; x_wconf 89' lang='lat' dir='ltr'><strong>do</strong></span> <span class='ocrx_word' id='word_1_95' title='bbox 228 1256 452 1313; x_wconf 86' lang='lat' dir='ltr'><strong>voluerit</strong></span> <span class='ocrx_word' id='word_1_96' title='bbox 479 1272 615 1311; x_wconf 91' lang='lat' dir='ltr'><strong>eum</strong></span> <span class='ocrx_word' id='word_1_97' title='bbox 640 1257 789 1312; x_wconf 74' lang='lat' dir='ltr'><strong>Deus</strong></span> <span class='ocrx_word' id='word_1_98' title='bbox 819 1256 1066 1311; x_wconf 88' lang='lat' dir='ltr'><strong>transire</strong></span> <span class='ocrx_word' id='word_1_99' title='bbox 1095 1256 1165 1310; x_wconf 91' lang='lat' dir='ltr'><strong>de</strong></span> <span class='ocrx_word' id='word_1_100' title='bbox 1190 1257 1298 1310; x_wconf 90' lang='lat' dir='ltr'><strong>hoc</strong></span> <span class='ocrx_word' id='word_1_101' title='bbox 1328 1256 1556 1322; x_wconf 65' lang='lat' dir='ltr'><strong>saeculo,</strong></span> <span class='ocrx_word' id='word_1_102' title='bbox 1590 1259 1725 1309; x_wconf 90' lang='lat' dir='ltr'><strong>tunc</strong></span> 
     </span>
    </p>
   </div>
   <div class='ocr_carea' id='block_1_14' title="bbox 148 1342 1727 1416">
    <p class='ocr_par' dir='ltr' id='par_1_14' title="bbox 148 1342 1727 1416">
     <span class='ocr_line' id='line_1_14' title="bbox 148 1342 1727 1416; baseline -0.003 -15"><span class='ocrx_word' id='word_1_103' title='bbox 148 1363 253 1401; x_wconf 89' lang='lat' dir='ltr'><strong>cum</strong></span> <span class='ocrx_word' id='word_1_104' title='bbox 276 1348 457 1399; x_wconf 88' lang='lat' dir='ltr'><strong>vestra</strong></span> <span class='ocrx_word' id='word_1_105' title='bbox 508 1343 900 1416; x_wconf 73' lang='lat' dir='ltr'><strong>praeceptione</strong></span> <span class='ocrx_word' id='word_1_106' title='bbox 963 1344 1212 1399; x_wconf 86' lang='lat' dir='ltr'><strong>donetur</strong></span> <span class='ocrx_word' id='word_1_107' title='bbox 1249 1343 1416 1398; x_wconf 90' lang='lat' dir='ltr'><strong>nobis</strong></span> <span class='ocrx_word' id='word_1_108' title='bbox 1463 1342 1727 1413; x_wconf 84' lang='lat' dir='ltr'><strong>Pelagius</strong></span> 
     </span>
    </p>
   </div>
   <div class='ocr_carea' id='block_1_15' title="bbox 149 1433 1725 1491">
    <p class='ocr_par' dir='ltr' id='par_1_15' title="bbox 149 1433 1725 1491">
     <span class='ocr_line' id='line_1_15' title="bbox 149 1433 1725 1491; baseline -0.002 -1"><span class='ocrx_word' id='word_1_109' title='bbox 149 1439 311 1491; x_wconf 88' lang='lat' dir='ltr'><strong>noster</strong></span> <span class='ocrx_word' id='word_1_110' title='bbox 354 1433 809 1488; x_wconf 77' lang='lat' dir='ltr'><strong>archidiaconus.</strong></span> <span class='ocrx_word' id='word_1_111' title='bbox 860 1434 1014 1487; x_wconf 86' lang='lat' dir='ltr'><strong>Tunc</strong></span> <span class='ocrx_word' id='word_1_112' title='bbox 1070 1433 1290 1488; x_wconf 85' lang='lat' dir='ltr'><strong>dimisit</strong></span> <span class='ocrx_word' id='word_1_113' title='bbox 1337 1449 1543 1487; x_wconf 90' lang='lat' dir='ltr'><strong>omnes</strong></span> <span class='ocrx_word' id='word_1_114' title='bbox 1594 1448 1725 1487; x_wconf 91' lang='lat' dir='ltr'><strong>cum</strong></span> 
     </span>
    </p>
   </div>
   <div class='ocr_carea' id='block_1_16' title="bbox 148 1520 1724 1594">
    <p class='ocr_par' dir='ltr' id='par_1_16' title="bbox 148 1520 1724 1594">
     <span class='ocr_line' id='line_1_16' title="bbox 148 1520 1724 1594; baseline -0.001 -18"><span class='ocrx_word' id='word_1_115' title='bbox 148 1523 337 1594; x_wconf 81' lang='lat' dir='ltr'><strong>Vigilio,</strong></span> <span class='ocrx_word' id='word_1_116' title='bbox 366 1526 423 1576; x_wconf 90' lang='lat' dir='ltr'><strong>et</strong></span> <span class='ocrx_word' id='word_1_117' title='bbox 448 1524 737 1576; x_wconf 89' lang='lat' dir='ltr'><strong>venerunt</strong></span> <span class='ocrx_word' id='word_1_118' title='bbox 776 1520 1031 1576; x_wconf 88' lang='lat' dir='ltr'><strong>Siciliam</strong></span> <span class='ocrx_word' id='word_1_119' title='bbox 1078 1521 1138 1575; x_wconf 93' lang='lat' dir='ltr'><strong>in</strong></span> <span class='ocrx_word' id='word_1_120' title='bbox 1169 1521 1455 1575; x_wconf 89' lang='lat' dir='ltr'><strong>civitatem</strong></span> <span class='ocrx_word' id='word_1_121' title='bbox 1485 1522 1724 1592; x_wconf 84' lang='lat' dir='ltr'><strong>Syracu-</strong></span> 
     </span>
    </p>
   </div>
   <div class='ocr_carea' id='block_1_17' title="bbox 148 1610 1727 1681">
    <p class='ocr_par' dir='ltr' id='par_1_17' title="bbox 148 1610 1727 1681">
     <span class='ocr_line' id='line_1_17' title="bbox 148 1610 1727 1681; baseline -0.001 -16"><span class='ocrx_word' id='word_1_122' title='bbox 148 1611 225 1679; x_wconf 85' lang='lat' dir='ltr'><strong>sis,</strong></span> <span class='ocrx_word' id='word_1_123' title='bbox 244 1611 332 1666; x_wconf 89' lang='lat' dir='ltr'><strong>ubi</strong></span> <span class='ocrx_word' id='word_1_124' title='bbox 356 1610 608 1665; x_wconf 82' lang='lat' dir='ltr'><strong>afﬂictus</strong></span> <span class='ocrx_word' id='word_1_125' title='bbox 651 1610 850 1664; x_wconf 90' lang='lat' dir='ltr'><strong>calculi</strong></span> <span class='ocrx_word' id='word_1_126' title='bbox 880 1610 1079 1664; x_wconf 91' lang='lat' dir='ltr'><strong>dolore</strong></span> <span class='ocrx_word' id='word_1_127' title='bbox 1125 1613 1390 1665; x_wconf 90' lang='lat' dir='ltr'><strong>mortuus</strong></span> <span class='ocrx_word' id='word_1_128' title='bbox 1418 1613 1521 1664; x_wconf 88' lang='lat' dir='ltr'><strong>est.</strong></span> <span class='ocrx_word' id='word_1_129' title='bbox 1555 1610 1727 1681; x_wconf 87' lang='lat' dir='ltr'><strong>Cujus</strong></span> 
     </span>
    </p>
   </div>
   <div class='ocr_carea' id='block_1_18' title="bbox 147 1697 1728 1771">
    <p class='ocr_par' dir='ltr' id='par_1_18' title="bbox 147 1697 1728 1771">
     <span class='ocr_line' id='line_1_18' title="bbox 147 1697 1728 1771; baseline 0 -19"><span class='ocrx_word' id='word_1_130' title='bbox 147 1715 318 1771; x_wconf 76' lang='lat' dir='ltr'><strong>cerpus</strong></span> <span class='ocrx_word' id='word_1_131' title='bbox 344 1700 691 1754; x_wconf 89' lang='lat' dir='ltr'><strong>translatum</strong></span> <span class='ocrx_word' id='word_1_132' title='bbox 723 1701 807 1752; x_wconf 91' lang='lat' dir='ltr'><strong>est</strong></span> <span class='ocrx_word' id='word_1_133' title='bbox 839 1700 1105 1766; x_wconf 84' lang='lat' dir='ltr'><strong>Romam,</strong></span> <span class='ocrx_word' id='word_1_134' title='bbox 1139 1702 1197 1753; x_wconf 88' lang='lat' dir='ltr'><strong>et</strong></span> <span class='ocrx_word' id='word_1_135' title='bbox 1234 1699 1486 1769; x_wconf 90' lang='lat' dir='ltr'><strong>sepultus</strong></span> <span class='ocrx_word' id='word_1_136' title='bbox 1529 1702 1616 1752; x_wconf 89' lang='lat' dir='ltr'><strong>est</strong></span> <span class='ocrx_word' id='word_1_137' title='bbox 1655 1697 1728 1753; x_wconf 90' lang='lat' dir='ltr'><strong>ad</strong></span> 
     </span>
    </p>
   </div>
   <div class='ocr_carea' id='block_1_19' title="bbox 148 1786 1728 1859">
    <p class='ocr_par' dir='ltr' id='par_1_19' title="bbox 148 1786 1728 1859">
     <span class='ocr_line' id='line_1_19' title="bbox 148 1786 1728 1859; baseline -0.002 -16"><span class='ocrx_word' id='word_1_138' title='bbox 148 1787 193 1843; x_wconf 89' lang='lat' dir='ltr'><strong>S.</strong></span> <span class='ocrx_word' id='word_1_139' title='bbox 217 1788 553 1855; x_wconf 77' lang='lat' dir='ltr'><strong>Marcellum,</strong></span> <span class='ocrx_word' id='word_1_140' title='bbox 583 1787 675 1841; x_wconf 87' lang='lat' dir='ltr'><strong>via</strong></span> <span class='ocrx_word' id='word_1_141' title='bbox 706 1787 945 1842; x_wconf 92' lang='lat' dir='ltr'><strong>Salaria.</strong></span> <span class='ocrx_word' id='word_1_142' title='bbox 975 1788 1043 1841; x_wconf 88' lang='lat' dir='ltr'><strong>Et</strong></span> <span class='ocrx_word' id='word_1_143' title='bbox 1082 1786 1318 1843; x_wconf 83' lang='lat' dir='ltr'><strong>cessavit</strong></span> <span class='ocrx_word' id='word_1_144' title='bbox 1362 1786 1728 1859; x_wconf 87' lang='lat' dir='ltr'><strong>Episcopatus</strong></span> 
     </span>
    </p>
   </div>
   <div class='ocr_carea' id='block_1_20' title="bbox 148 1875 704 1932">
    <p class='ocr_par' dir='ltr' id='par_1_20' title="bbox 148 1875 704 1932">
     <span class='ocr_line' id='line_1_20' title="bbox 148 1875 704 1932; baseline 0 -3"><span class='ocrx_word' id='word_1_145' title='bbox 148 1892 339 1931; x_wconf 86' lang='lat' dir='ltr'><strong>menses</strong></span> <span class='ocrx_word' id='word_1_146' title='bbox 357 1879 387 1932; x_wconf 88' lang='lat'>3</span> <span class='ocrx_word' id='word_1_147' title='bbox 412 1878 470 1930; x_wconf 89' lang='lat' dir='ltr'><strong>et</strong></span> <span class='ocrx_word' id='word_1_148' title='bbox 500 1875 628 1930; x_wconf 80' lang='lat' dir='ltr'><strong>dies</strong></span> <span class='ocrx_word' id='word_1_149' title='bbox 652 1878 704 1930; x_wconf 84' lang='lat'><strong>5.</strong></span> 
     </span>
    </p>
   </div>
   <div class='ocr_carea' id='block_1_21' title="bbox 863 1964 1000 2019">
    <p class='ocr_par' dir='ltr' id='par_1_21' title="bbox 863 1964 1000 2019">
     <span class='ocr_line' id='line_1_21' title="bbox 863 1964 1000 2019; baseline -0.015 0"><span class='ocrx_word' id='word_1_150' title='bbox 863 1964 1000 2019; x_wconf 86' lang='lat' dir='ltr'><strong>LXII</strong></span> 
     </span>
    </p>
   </div>
   <div class='ocr_carea' id='block_1_22' title="bbox 203 2050 1729 2123">
    <p class='ocr_par' dir='ltr' id='par_1_22' title="bbox 203 2050 1729 2123">
     <span class='ocr_line' id='line_1_22' title="bbox 203 2050 1729 2123; baseline -0.002 -15"><span class='ocrx_word' id='word_1_151' title='bbox 203 2055 470 2120; x_wconf 69' lang='grc' dir='ltr'><strong>ΡηΑθιῠε,</strong></span> <span class='ocrx_word' id='word_1_152' title='bbox 503 2052 746 2108; x_wconf 89' lang='lat' dir='ltr'><strong>natione</strong></span> <span class='ocrx_word' id='word_1_153' title='bbox 772 2053 1090 2119; x_wconf 87' lang='lat' dir='ltr'><strong>Romanus,</strong></span> <span class='ocrx_word' id='word_1_154' title='bbox 1119 2067 1187 2106; x_wconf 84' lang='lat' dir='ltr'><strong>ex</strong></span> <span class='ocrx_word' id='word_1_155' title='bbox 1207 2053 1370 2123; x_wconf 88' lang='lat' dir='ltr'><strong>patre</strong></span> <span class='ocrx_word' id='word_1_156' title='bbox 1385 2052 1608 2107; x_wconf 89' lang='lat' dir='ltr'><strong>Joanne</strong></span> <span class='ocrx_word' id='word_1_157' title='bbox 1637 2050 1729 2105; x_wconf 87' lang='lat' dir='ltr'><strong>Vi-</strong></span> 
     </span>
    </p>
   </div>
   <div class='ocr_carea' id='block_1_23' title="bbox 148 2139 1727 2208">
    <p class='ocr_par' dir='ltr' id='par_1_23' title="bbox 148 2139 1727 2208">
     <span class='ocr_line' id='line_1_23' title="bbox 148 2139 1727 2208; baseline -0.001 -14"><span class='ocrx_word' id='word_1_158' title='bbox 148 2141 362 2207; x_wconf 86' lang='lat' dir='ltr'><strong>cariano,</strong></span> <span class='ocrx_word' id='word_1_159' title='bbox 384 2142 539 2196; x_wconf 86' lang='lat' dir='ltr'><strong>sedit</strong></span> <span class='ocrx_word' id='word_1_160' title='bbox 567 2141 737 2196; x_wconf 91' lang='lat' dir='ltr'><strong>annis</strong></span> <span class='ocrx_word' id='word_1_161' title='bbox 786 2144 841 2195; x_wconf 92' lang='grc'><strong>11</strong></span> <span class='ocrx_word' id='word_1_162' title='bbox 893 2140 1186 2195; x_wconf 87' lang='lat' dir='ltr'><strong>mensibus</strong></span> <span class='ocrx_word' id='word_1_163' title='bbox 1250 2143 1334 2208; x_wconf 92' lang='grc'><strong>10,</strong></span> <span class='ocrx_word' id='word_1_164' title='bbox 1394 2139 1596 2195; x_wconf 89' lang='lat' dir='ltr'><strong>diebus</strong></span> <span class='ocrx_word' id='word_1_165' title='bbox 1644 2142 1727 2195; x_wconf 90' lang='grc'><strong>18.</strong></span> 
     </span>
    </p>
   </div>
   <div class='ocr_carea' id='block_1_24' title="bbox 152 2228 1732 2300">
    <p class='ocr_par' dir='ltr' id='par_1_24' title="bbox 152 2228 1732 2300">
     <span class='ocr_line' id='line_1_24' title="bbox 152 2228 1732 2300; baseline -0.001 -16"><span class='ocrx_word' id='word_1_166' title='bbox 152 2229 320 2299; x_wconf 83' lang='lat' dir='ltr'><strong>Quem,</strong></span> <span class='ocrx_word' id='word_1_167' title='bbox 341 2230 479 2285; x_wconf 90' lang='lat' dir='ltr'><strong>dum</strong></span> <span class='ocrx_word' id='word_1_168' title='bbox 496 2246 620 2285; x_wconf 88' lang='lat' dir='ltr'><strong>non</strong></span> <span class='ocrx_word' id='word_1_169' title='bbox 648 2232 839 2285; x_wconf 88' lang='lat' dir='ltr'><strong>essent</strong></span> <span class='ocrx_word' id='word_1_170' title='bbox 859 2228 1140 2300; x_wconf 88' lang='lat' dir='ltr'><strong>Episcopi,</strong></span> <span class='ocrx_word' id='word_1_171' title='bbox 1165 2229 1261 2300; x_wconf 87' lang='lat' dir='ltr'><strong>qui</strong></span> <span class='ocrx_word' id='word_1_172' title='bbox 1303 2245 1436 2283; x_wconf 90' lang='lat' dir='ltr'><strong>eum</strong></span> <span class='ocrx_word' id='word_1_173' title='bbox 1493 2228 1732 2284; x_wconf 86' lang='lat' dir='ltr'><strong>ordina-</strong></span> 
     </span>
    </p>
   </div>
   <div class='ocr_carea' id='block_1_25' title="bbox 151 2317 1729 2391">
    <p class='ocr_par' dir='ltr' id='par_1_25' title="bbox 151 2317 1729 2391">
     <span class='ocr_line' id='line_1_25' title="bbox 151 2317 1729 2391; baseline 0 -20"><span class='ocrx_word' id='word_1_174' title='bbox 151 2322 272 2387; x_wconf 88' lang='lat' dir='ltr'><strong>rent,</strong></span> <span class='ocrx_word' id='word_1_175' title='bbox 293 2334 355 2372; x_wconf 88' lang='lat' dir='ltr'><strong>eo</strong></span> <span class='ocrx_word' id='word_1_176' title='bbox 382 2318 549 2391; x_wconf 90' lang='lat' dir='ltr'><strong>quod</strong></span> <span class='ocrx_word' id='word_1_177' title='bbox 577 2317 888 2372; x_wconf 85' lang='lat' dir='ltr'><strong>multitudo</strong></span> <span class='ocrx_word' id='word_1_178' title='bbox 926 2317 1327 2388; x_wconf 83' lang='lat' dir='ltr'><strong>religiosorum</strong></span> <span class='ocrx_word' id='word_1_179' title='bbox 1359 2317 1729 2390; x_wconf 88' lang='lat' dir='ltr'><strong>sapientium,</strong></span> 
     </span>
    </p>
   </div>
   <div class='ocr_carea' id='block_1_26' title="bbox 151 2404 1731 2477">
    <p class='ocr_par' dir='ltr' id='par_1_26' title="bbox 151 2404 1731 2477">
     <span class='ocr_line' id='line_1_26' title="bbox 151 2404 1731 2477; baseline -0.002 -16"><span class='ocrx_word' id='word_1_180' title='bbox 151 2409 195 2461; x_wconf 88' lang='lat' dir='ltr'><strong>et</strong></span> <span class='ocrx_word' id='word_1_181' title='bbox 218 2407 487 2462; x_wconf 86' lang='lat' dir='ltr'><strong>nobilium</strong></span> <span class='ocrx_word' id='word_1_182' title='bbox 511 2407 865 2461; x_wconf 83' lang='lat' dir='ltr'><strong>subduxerat</strong></span> <span class='ocrx_word' id='word_1_183' title='bbox 883 2422 942 2460; x_wconf 89' lang='lat' dir='ltr'><strong>se</strong></span> <span class='ocrx_word' id='word_1_184' title='bbox 963 2422 998 2459; x_wconf 90' lang='lat' dir='ltr'><strong>a</strong></span> <span class='ocrx_word' id='word_1_185' title='bbox 1017 2405 1429 2460; x_wconf 89' lang='lat' dir='ltr'><strong>communione</strong></span> <span class='ocrx_word' id='word_1_186' title='bbox 1461 2406 1604 2477; x_wconf 89' lang='lat' dir='ltr'><strong>ejus,</strong></span> <span class='ocrx_word' id='word_1_187' title='bbox 1647 2404 1731 2459; x_wconf 93' lang='lat' dir='ltr'><strong>di-</strong></span> 
     </span>
    </p>
   </div>
   <div class='ocr_carea' id='block_1_27' title="bbox 149 2492 1736 2568">
    <p class='ocr_par' dir='ltr' id='par_1_27' title="bbox 149 2492 1736 2568">
     <span class='ocr_line' id='line_1_27' title="bbox 149 2492 1736 2568; baseline -0.001 -20"><span class='ocrx_word' id='word_1_188' title='bbox 149 2509 276 2562; x_wconf 88' lang='lat' dir='ltr'><strong>cens,</strong></span> <span class='ocrx_word' id='word_1_189' title='bbox 295 2496 425 2568; x_wconf 90' lang='lat' dir='ltr'><strong>quia</strong></span> <span class='ocrx_word' id='word_1_190' title='bbox 451 2495 521 2549; x_wconf 91' lang='lat' dir='ltr'><strong>in</strong></span> <span class='ocrx_word' id='word_1_191' title='bbox 555 2496 744 2548; x_wconf 91' lang='lat' dir='ltr'><strong>morte</strong></span> <span class='ocrx_word' id='word_1_192' title='bbox 774 2492 961 2564; x_wconf 86' lang='lat' dir='ltr'><strong>Vigilii</strong></span> <span class='ocrx_word' id='word_1_193' title='bbox 992 2494 1160 2564; x_wconf 72' lang='lat' dir='ltr'><strong>Papa:</strong></span> <span class='ocrx_word' id='word_1_194' title='bbox 1203 2510 1262 2547; x_wconf 89' lang='lat' dir='ltr'><strong>se</strong></span> <span class='ocrx_word' id='word_1_195' title='bbox 1301 2493 1637 2560; x_wconf 86' lang='lat' dir='ltr'><strong>immiscuit,</strong></span> <span class='ocrx_word' id='word_1_196' title='bbox 1670 2494 1736 2546; x_wconf 91' lang='lat' dir='ltr'><strong>ut</strong></span> 
     </span>
    </p>
   </div>
   <div class='ocr_carea' id='block_1_28' title="bbox 149 2581 1733 2656">
    <p class='ocr_par' dir='ltr' id='par_1_28' title="bbox 149 2581 1733 2656">
     <span class='ocr_line' id='line_1_28' title="bbox 149 2581 1733 2656; baseline -0.001 -19"><span class='ocrx_word' id='word_1_197' title='bbox 149 2583 294 2637; x_wconf 83' lang='lat' dir='ltr'><strong>tantis</strong></span> <span class='ocrx_word' id='word_1_198' title='bbox 319 2584 509 2656; x_wconf 66' lang='lat' dir='ltr'><strong>poenis</strong></span> <span class='ocrx_word' id='word_1_199' title='bbox 545 2582 922 2653; x_wconf 86' lang='lat' dir='ltr'><strong>afﬂigeretur,</strong></span> <span class='ocrx_word' id='word_1_200' title='bbox 977 2581 1391 2636; x_wconf 85' lang='lat' dir='ltr'><strong>ordinaverunt</strong></span> <span class='ocrx_word' id='word_1_201' title='bbox 1436 2581 1548 2635; x_wconf 92' lang='lat' dir='ltr'><strong>duo</strong></span> <span class='ocrx_word' id='word_1_202' title='bbox 1604 2581 1733 2653; x_wconf 87' lang='lat' dir='ltr'><strong>Epi-</strong></span> 
     </span>
    </p>
   </div>
   <div class='ocr_carea' id='block_1_29' title="bbox 150 2669 1733 2742">
    <p class='ocr_par' dir='ltr' id='par_1_29' title="bbox 150 2669 1733 2742">
     <span class='ocr_line' id='line_1_29' title="bbox 150 2669 1733 2742; baseline 0 -17"><span class='ocrx_word' id='word_1_203' title='bbox 150 2670 298 2742; x_wconf 85' lang='lat' dir='ltr'><strong>scopi,</strong></span> <span class='ocrx_word' id='word_1_204' title='bbox 318 2672 579 2726; x_wconf 86' lang='lat' dir='ltr'><strong>Joannes</strong></span> <span class='ocrx_word' id='word_1_205' title='bbox 607 2670 679 2725; x_wconf 89' lang='lat' dir='ltr'><strong>de</strong></span> <span class='ocrx_word' id='word_1_206' title='bbox 698 2669 951 2738; x_wconf 90' lang='lat' dir='ltr'><strong>Perusia,</strong></span> <span class='ocrx_word' id='word_1_207' title='bbox 980 2672 1040 2724; x_wconf 93' lang='lat' dir='ltr'><strong>et</strong></span> <span class='ocrx_word' id='word_1_208' title='bbox 1068 2670 1257 2724; x_wconf 89' lang='lat' dir='ltr'><strong>Bonus</strong></span> <span class='ocrx_word' id='word_1_209' title='bbox 1297 2670 1366 2723; x_wconf 91' lang='lat' dir='ltr'><strong>de</strong></span> <span class='ocrx_word' id='word_1_210' title='bbox 1405 2669 1733 2738; x_wconf 88' lang='lat' dir='ltr'><strong>Ferentino,</strong></span> 
     </span>
    </p>
   </div>
   <div class='ocr_carea' id='block_1_30' title="bbox 148 2758 1735 2831">
    <p class='ocr_par' dir='ltr' id='par_1_30' title="bbox 148 2758 1735 2831">
     <span class='ocr_line' id='line_1_30' title="bbox 148 2758 1735 2831; baseline 0.002 -21"><span class='ocrx_word' id='word_1_211' title='bbox 148 2761 194 2811; x_wconf 87' lang='lat' dir='ltr'><strong>et</strong></span> <span class='ocrx_word' id='word_1_212' title='bbox 214 2760 464 2816; x_wconf 70' lang='lat' dir='ltr'><strong>Andreas</strong></span> <span class='ocrx_word' id='word_1_213' title='bbox 489 2759 792 2831; x_wconf 83' lang='lat' dir='ltr'><strong>presbyter</strong></span> <span class='ocrx_word' id='word_1_214' title='bbox 816 2758 886 2828; x_wconf 74' lang='lat' dir='ltr'><strong>de</strong></span> <span class='ocrx_word' id='word_1_215' title='bbox 918 2758 1127 2813; x_wconf 86' lang='lat' dir='ltr'><strong>Hostia.</strong></span> <span class='ocrx_word' id='word_1_216' title='bbox 1162 2758 1305 2813; x_wconf 89' lang='lat' dir='ltr'><strong>Nam</strong></span> <span class='ocrx_word' id='word_1_217' title='bbox 1336 2774 1453 2812; x_wconf 88' lang='lat' dir='ltr'><strong>non</strong></span> <span class='ocrx_word' id='word_1_218' title='bbox 1504 2761 1628 2813; x_wconf 88' lang='lat' dir='ltr'><strong>erat</strong></span> <span class='ocrx_word' id='word_1_219' title='bbox 1676 2759 1735 2813; x_wconf 92' lang='lat' dir='ltr'><strong>in</strong></span> 
     </span>
    </p>
   </div>
   <div class='ocr_carea' id='block_1_31' title="bbox 149 2846 1739 2918">
    <p class='ocr_par' dir='ltr' id='par_1_31' title="bbox 149 2846 1739 2918">
     <span class='ocr_line' id='line_1_31' title="bbox 149 2846 1739 2918; baseline 0.001 -18"><span class='ocrx_word' id='word_1_220' title='bbox 149 2847 274 2903; x_wconf 89' lang='lat' dir='ltr'><strong>clero</strong></span> <span class='ocrx_word' id='word_1_221' title='bbox 318 2850 407 2903; x_wconf 90' lang='lat' dir='ltr'><strong>vel</strong></span> <span class='ocrx_word' id='word_1_222' title='bbox 446 2847 834 2914; x_wconf 89' lang='lat' dir='ltr'><strong>monasteriis,</strong></span> <span class='ocrx_word' id='word_1_223' title='bbox 867 2847 964 2918; x_wconf 91' lang='lat' dir='ltr'><strong>qui</strong></span> <span class='ocrx_word' id='word_1_224' title='bbox 994 2849 1185 2918; x_wconf 89' lang='lat' dir='ltr'><strong>posset</strong></span> <span class='ocrx_word' id='word_1_225' title='bbox 1211 2846 1556 2918; x_wconf 84' lang='lat' dir='ltr'><strong>promoveri.</strong></span> <span class='ocrx_word' id='word_1_226' title='bbox 1582 2847 1739 2902; x_wconf 89' lang='lat' dir='ltr'><strong>Tunc</strong></span> 
     </span>
    </p>
   </div>
   <div class='ocr_carea' id='block_1_32' title="bbox 151 2934 1741 3008">
    <p class='ocr_par' dir='ltr' id='par_1_32' title="bbox 151 2934 1741 3008">
     <span class='ocr_line' id='line_1_32' title="bbox 151 2934 1741 3008; baseline 0.002 -20"><span class='ocrx_word' id='word_1_227' title='bbox 151 2934 322 2991; x_wconf 87' lang='lat' dir='ltr'><strong>Narses</strong></span> <span class='ocrx_word' id='word_1_228' title='bbox 346 2940 409 2991; x_wconf 88' lang='lat' dir='ltr'><strong>et</strong></span> <span class='ocrx_word' id='word_1_229' title='bbox 440 2936 709 3008; x_wconf 83' lang='lat' dir='ltr'><strong>Pelagius</strong></span> <span class='ocrx_word' id='word_1_230' title='bbox 757 2937 913 3007; x_wconf 90' lang='lat' dir='ltr'><strong>Papa</strong></span> <span class='ocrx_word' id='word_1_231' title='bbox 943 2935 1182 2990; x_wconf 87' lang='lat' dir='ltr'><strong>consilio</strong></span> <span class='ocrx_word' id='word_1_232' title='bbox 1220 2936 1361 2989; x_wconf 89' lang='lat' dir='ltr'><strong>inito</strong></span> <span class='ocrx_word' id='word_1_233' title='bbox 1392 2939 1620 3007; x_wconf 89' lang='lat' dir='ltr'><strong>sumpta</strong></span> <span class='ocrx_word' id='word_1_234' title='bbox 1649 2936 1741 2991; x_wconf 89' lang='lat' dir='ltr'><strong>Li-</strong></span> 
     </span>
    </p>
   </div>
   <div class='ocr_carea' id='block_1_33' title="bbox 152 3023 1740 3098">
    <p class='ocr_par' dir='ltr' id='par_1_33' title="bbox 152 3023 1740 3098">
     <span class='ocr_line' id='line_1_33' title="bbox 152 3023 1740 3098; baseline 0.001 -21"><span class='ocrx_word' id='word_1_235' title='bbox 152 3026 282 3080; x_wconf 84' lang='lat' dir='ltr'><strong>tania</strong></span> <span class='ocrx_word' id='word_1_236' title='bbox 306 3042 340 3081; x_wconf 89' lang='lat' dir='ltr'><strong>a</strong></span> <span class='ocrx_word' id='word_1_237' title='bbox 366 3026 435 3081; x_wconf 91' lang='lat' dir='ltr'><strong>S.</strong></span> <span class='ocrx_word' id='word_1_238' title='bbox 469 3024 775 3080; x_wconf 88' lang='lat' dir='ltr'><strong>Pancratio</strong></span> <span class='ocrx_word' id='word_1_239' title='bbox 801 3040 931 3078; x_wconf 91' lang='lat' dir='ltr'><strong>cum</strong></span> <span class='ocrx_word' id='word_1_240' title='bbox 973 3023 1203 3096; x_wconf 78' lang='lat' dir='ltr'><strong>hymnis</strong></span> <span class='ocrx_word' id='word_1_241' title='bbox 1232 3027 1289 3079; x_wconf 90' lang='lat' dir='ltr'><strong>et</strong></span> <span class='ocrx_word' id='word_1_242' title='bbox 1314 3024 1551 3079; x_wconf 90' lang='lat' dir='ltr'><strong>canticis</strong></span> <span class='ocrx_word' id='word_1_243' title='bbox 1575 3024 1740 3098; x_wconf 89' lang='lat' dir='ltr'><strong>spiri-</strong></span> 
     </span>
    </p>
   </div>
   <div class='ocr_carea' id='block_1_34' title="bbox 153 3112 1744 3183">
    <p class='ocr_par' dir='ltr' id='par_1_34' title="bbox 153 3112 1744 3183">
     <span class='ocr_line' id='line_1_34' title="bbox 153 3112 1744 3183; baseline 0.002 -18"><span class='ocrx_word' id='word_1_244' title='bbox 153 3113 366 3168; x_wconf 90' lang='lat' dir='ltr'><strong>tualibus</strong></span> <span class='ocrx_word' id='word_1_245' title='bbox 388 3115 681 3168; x_wconf 88' lang='lat' dir='ltr'><strong>venerunt</strong></span> <span class='ocrx_word' id='word_1_246' title='bbox 739 3112 812 3167; x_wconf 91' lang='lat' dir='ltr'><strong>ad</strong></span> <span class='ocrx_word' id='word_1_247' title='bbox 868 3113 926 3168; x_wconf 92' lang='lat' dir='ltr'><strong>S.</strong></span> <span class='ocrx_word' id='word_1_248' title='bbox 987 3115 1222 3167; x_wconf 89' lang='lat' dir='ltr'><strong>Petrum</strong></span> <span class='ocrx_word' id='word_1_249' title='bbox 1258 3113 1614 3183; x_wconf 79' lang='lat' dir='ltr'><strong>Apostolum,</strong></span> <span class='ocrx_word' id='word_1_250' title='bbox 1645 3113 1744 3168; x_wconf 92' lang='lat' dir='ltr'><strong>ubi</strong></span> 
     </span>
    </p>
   </div>
   <div class='ocr_carea' id='block_1_35' title="bbox 153 3198 1744 3273">
    <p class='ocr_par' dir='ltr' id='par_1_35' title="bbox 153 3198 1744 3273">
     <span class='ocr_line' id='line_1_35' title="bbox 153 3198 1744 3273; baseline 0.001 -20"><span class='ocrx_word' id='word_1_251' title='bbox 153 3198 279 3255; x_wconf 86' lang='lat' dir='ltr'><strong>idem</strong></span> <span class='ocrx_word' id='word_1_252' title='bbox 302 3204 465 3273; x_wconf 89' lang='lat' dir='ltr'><strong>Papa</strong></span> <span class='ocrx_word' id='word_1_253' title='bbox 492 3203 703 3255; x_wconf 90' lang='lat' dir='ltr'><strong>tenens</strong></span> <span class='ocrx_word' id='word_1_254' title='bbox 727 3200 1034 3271; x_wconf 82' lang='lat' dir='ltr'><strong>Evangelia</strong></span> <span class='ocrx_word' id='word_1_255' title='bbox 1055 3203 1114 3255; x_wconf 89' lang='lat' dir='ltr'><strong>et</strong></span> <span class='ocrx_word' id='word_1_256' title='bbox 1131 3216 1358 3255; x_wconf 90' lang='lat' dir='ltr'><strong>crucem</strong></span> <span class='ocrx_word' id='word_1_257' title='bbox 1392 3201 1621 3255; x_wconf 90' lang='lat' dir='ltr'><strong>Domini</strong></span> <span class='ocrx_word' id='word_1_258' title='bbox 1652 3219 1744 3257; x_wconf 90' lang='lat' dir='ltr'><strong>su-</strong></span> 
     </span>
    </p>
   </div>
   <div class='ocr_carea' id='block_1_36' title="bbox 154 3288 1749 3363">
    <p class='ocr_par' dir='ltr' id='par_1_36' title="bbox 154 3288 1749 3363">
     <span class='ocr_line' id='line_1_36' title="bbox 154 3288 1749 3363; baseline 0.001 -21"><span class='ocrx_word' id='word_1_259' title='bbox 154 3304 238 3359; x_wconf 87' lang='lat' dir='ltr'><strong>per</strong></span> <span class='ocrx_word' id='word_1_260' title='bbox 263 3293 437 3363; x_wconf 85' lang='lat' dir='ltr'><strong>caput</strong></span> <span class='ocrx_word' id='word_1_261' title='bbox 466 3306 634 3344; x_wconf 89' lang='lat' dir='ltr'><strong>suum</strong></span> <span class='ocrx_word' id='word_1_262' title='bbox 660 3288 721 3343; x_wconf 92' lang='lat' dir='ltr'><strong>in</strong></span> <span class='ocrx_word' id='word_1_263' title='bbox 749 3289 1064 3344; x_wconf 90' lang='lat' dir='ltr'><strong>ambonem</strong></span> <span class='ocrx_word' id='word_1_264' title='bbox 1086 3289 1362 3357; x_wconf 88' lang='lat' dir='ltr'><strong>ascendit,</strong></span> <span class='ocrx_word' id='word_1_265' title='bbox 1390 3293 1446 3343; x_wconf 89' lang='lat' dir='ltr'><strong>et</strong></span> <span class='ocrx_word' id='word_1_266' title='bbox 1475 3289 1749 3344; x_wconf 88' lang='lat' dir='ltr'><strong>satisfecit</strong></span> 
     </span>
    </p>
   </div>
   <div class='ocr_carea' id='block_1_37' title="bbox 157 3377 1749 3449">
    <p class='ocr_par' dir='ltr' id='par_1_37' title="bbox 157 3377 1749 3449">
     <span class='ocr_line' id='line_1_37' title="bbox 157 3377 1749 3449; baseline -0.001 -17"><span class='ocrx_word' id='word_1_267' title='bbox 157 3380 363 3449; x_wconf 87' lang='lat' dir='ltr'><strong>populo,</strong></span> <span class='ocrx_word' id='word_1_268' title='bbox 400 3378 541 3449; x_wconf 89' lang='lat' dir='ltr'><strong>quia</strong></span> <span class='ocrx_word' id='word_1_269' title='bbox 568 3378 795 3433; x_wconf 87' lang='lat' dir='ltr'><strong>nullum</strong></span> <span class='ocrx_word' id='word_1_270' title='bbox 820 3378 1042 3432; x_wconf 91' lang='lat' dir='ltr'><strong>malum</strong></span> <span class='ocrx_word' id='word_1_271' title='bbox 1076 3377 1391 3449; x_wconf 89' lang='lat' dir='ltr'><strong>peregisset</strong></span> <span class='ocrx_word' id='word_1_272' title='bbox 1428 3381 1631 3432; x_wconf 89' lang='lat' dir='ltr'><strong>contra</strong></span> <span class='ocrx_word' id='word_1_273' title='bbox 1653 3377 1749 3431; x_wconf 88' lang='lat' dir='ltr'><strong>Vi-</strong></span> 
     </span>
    </p>
   </div>
   <div class='ocr_carea' id='block_1_38' title="bbox 1823 638 3442 710">
    <p class='ocr_par' dir='ltr' id='par_1_38' title="bbox 1823 638 3442 710">
     <span class='ocr_line' id='line_1_38' title="bbox 1823 638 3442 710; baseline 0.003 -17"><span class='ocrx_word' id='word_1_274' title='bbox 1823 639 2024 694; x_wconf 89' lang='lat' dir='ltr'><strong>Narses</strong></span> <span class='ocrx_word' id='word_1_275' title='bbox 2042 656 2173 694; x_wconf 90' lang='lat' dir='ltr'><strong>vero</strong></span> <span class='ocrx_word' id='word_1_276' title='bbox 2202 641 2447 694; x_wconf 86' lang='lat' dir='ltr'><strong>Romam</strong></span> <span class='ocrx_word' id='word_1_277' title='bbox 2482 638 2769 708; x_wconf 83' lang='lat' dir='ltr'><strong>ingressus</strong></span> <span class='ocrx_word' id='word_1_278' title='bbox 2815 643 2947 710; x_wconf 89' lang='lat' dir='ltr'><strong>post</strong></span> <span class='ocrx_word' id='word_1_279' title='bbox 2996 641 3247 696; x_wconf 89' lang='lat' dir='ltr'><strong>multum</strong></span> <span class='ocrx_word' id='word_1_280' title='bbox 3290 646 3442 698; x_wconf 78' lang='lat' dir='ltr'><strong>tem-</strong></span> 
     </span>
    </p>
   </div>
   <div class='ocr_carea' id='block_1_39' title="bbox 1824 728 3443 800">
    <p class='ocr_par' dir='ltr' id='par_1_39' title="bbox 1824 728 3443 800">
     <span class='ocr_line' id='line_1_39' title="bbox 1824 728 3443 800; baseline 0.002 -19"><span class='ocrx_word' id='word_1_281' title='bbox 1824 728 1981 799; x_wconf 90' lang='lat' dir='ltr'><strong>poris</strong></span> <span class='ocrx_word' id='word_1_282' title='bbox 2007 731 2267 782; x_wconf 89' lang='lat' dir='ltr'><strong>mortuus</strong></span> <span class='ocrx_word' id='word_1_283' title='bbox 2316 731 2419 782; x_wconf 90' lang='lat' dir='ltr'><strong>est.</strong></span> <span class='ocrx_word' id='word_1_284' title='bbox 2454 728 2857 783; x_wconf 86' lang='lat' dir='ltr'><strong>Sanctissimus</strong></span> <span class='ocrx_word' id='word_1_285' title='bbox 2902 744 3135 800; x_wconf 91' lang='lat' dir='ltr'><strong>quoque</strong></span> <span class='ocrx_word' id='word_1_286' title='bbox 3187 730 3443 786; x_wconf 79' lang='lat' dir='ltr'><strong>Joannes</strong></span> 
     </span>
    </p>
   </div>
   <div class='ocr_carea' id='block_1_40' title="bbox 1825 816 3443 888">
    <p class='ocr_par' dir='ltr' id='par_1_40' title="bbox 1825 816 3443 888">
     <span class='ocr_line' id='line_1_40' title="bbox 1825 816 3443 888; baseline 0.005 -20"><span class='ocrx_word' id='word_1_287' title='bbox 1825 819 1883 869; x_wconf 90' lang='lat' dir='ltr'><strong>et</strong></span> <span class='ocrx_word' id='word_1_288' title='bbox 1912 816 2030 888; x_wconf 90' lang='lat' dir='ltr'><strong>ipse</strong></span> <span class='ocrx_word' id='word_1_289' title='bbox 2062 820 2326 871; x_wconf 90' lang='lat' dir='ltr'><strong>mortuus</strong></span> <span class='ocrx_word' id='word_1_290' title='bbox 2364 818 2618 888; x_wconf 89' lang='lat' dir='ltr'><strong>sepultus</strong></span> <span class='ocrx_word' id='word_1_291' title='bbox 2659 819 2743 871; x_wconf 90' lang='lat' dir='ltr'><strong>est</strong></span> <span class='ocrx_word' id='word_1_292' title='bbox 2790 816 2849 870; x_wconf 92' lang='lat' dir='ltr'><strong>in</strong></span> <span class='ocrx_word' id='word_1_293' title='bbox 2888 817 3120 872; x_wconf 88' lang='lat' dir='ltr'><strong>basilica</strong></span> <span class='ocrx_word' id='word_1_294' title='bbox 3176 819 3235 876; x_wconf 92' lang='grc' dir='ltr'><strong>Β.</strong></span> <span class='ocrx_word' id='word_1_295' title='bbox 3289 821 3443 875; x_wconf 84' lang='lat' dir='ltr'><strong>Petri</strong></span> 
     </span>
    </p>
   </div>
   <div class='ocr_carea' id='block_1_41' title="bbox 1827 904 3445 978">
    <p class='ocr_par' dir='ltr' id='par_1_41' title="bbox 1827 904 3445 978">
     <span class='ocr_line' id='line_1_41' title="bbox 1827 904 3445 978; baseline 0.004 -20"><span class='ocrx_word' id='word_1_296' title='bbox 1827 904 2097 975; x_wconf 78' lang='lat' dir='ltr'><strong>Apostoli.</strong></span> <span class='ocrx_word' id='word_1_297' title='bbox 2129 906 2195 959; x_wconf 88' lang='lat' dir='ltr'><strong>Et</strong></span> <span class='ocrx_word' id='word_1_298' title='bbox 2225 905 2460 961; x_wconf 86' lang='lat' dir='ltr'><strong>cessavit</strong></span> <span class='ocrx_word' id='word_1_299' title='bbox 2486 904 2853 978; x_wconf 87' lang='lat' dir='ltr'><strong>Episcopatus</strong></span> <span class='ocrx_word' id='word_1_300' title='bbox 2883 905 3178 962; x_wconf 88' lang='lat' dir='ltr'><strong>mensibus</strong></span> <span class='ocrx_word' id='word_1_301' title='bbox 3212 911 3297 964; x_wconf 92' lang='grc'><strong>10.</strong></span> <span class='ocrx_word' id='word_1_302' title='bbox 3329 908 3445 963; x_wconf 84' lang='lat' dir='ltr'><strong>die-</strong></span> 
     </span>
    </p>
   </div>
   <div class='ocr_carea' id='block_1_42' title="bbox 1826 992 2016 1053">
    <p class='ocr_par' dir='ltr' id='par_1_42' title="bbox 1826 992 2016 1053">
     <span class='ocr_line' id='line_1_42' title="bbox 1826 992 2016 1053; baseline 0 -6"><span class='ocrx_word' id='word_1_303' title='bbox 1826 992 1931 1047; x_wconf 88' lang='lat' dir='ltr'><strong>bus</strong></span> <span class='ocrx_word' id='word_1_304' title='bbox 1962 995 2016 1053; x_wconf 88' lang='lat'><strong>3.</strong></span> 
     </span>
    </p>
   </div>
   <div class='ocr_carea' id='block_1_43' title="bbox 2539 1065 2717 1124">
    <p class='ocr_par' dir='ltr' id='par_1_43' title="bbox 2539 1065 2717 1124">
     <span class='ocr_line' id='line_1_43' title="bbox 2539 1065 2717 1124; baseline 0.022 -4"><span class='ocrx_word' id='word_1_305' title='bbox 2539 1065 2717 1124; x_wconf 87' lang='lat' dir='ltr'><strong>LXIV.</strong></span> 
     </span>
    </p>
   </div>
   <div class='ocr_carea' id='block_1_44' title="bbox 1903 1152 3439 1228">
    <p class='ocr_par' dir='ltr' id='par_1_44' title="bbox 1903 1152 3439 1228">
     <span class='ocr_line' id='line_1_44' title="bbox 1903 1152 3439 1228; baseline 0.006 -22"><span class='ocrx_word' id='word_1_306' title='bbox 1903 1152 2255 1221; x_wconf 71' lang='lat' dir='ltr'><strong>anmcrus,</strong></span> <span class='ocrx_word' id='word_1_307' title='bbox 2274 1153 2510 1210; x_wconf 88' lang='lat' dir='ltr'><strong>natione</strong></span> <span class='ocrx_word' id='word_1_308' title='bbox 2534 1156 2921 1225; x_wconf 87' lang='lat' dir='ltr'><strong>Romanus,de</strong></span> <span class='ocrx_word' id='word_1_309' title='bbox 2939 1160 3101 1228; x_wconf 83' lang='lat' dir='ltr'><strong>patre</strong></span> <span class='ocrx_word' id='word_1_310' title='bbox 3121 1158 3439 1228; x_wconf 87' lang='lat' dir='ltr'><strong>Bonifacio,</strong></span> 
     </span>
    </p>
   </div>
   <div class='ocr_carea' id='block_1_45' title="bbox 1826 1239 3439 1320">
    <p class='ocr_par' dir='ltr' id='par_1_45' title="bbox 1826 1239 3439 1320">
     <span class='ocr_line' id='line_1_45' title="bbox 1826 1239 3439 1320; baseline 0.007 -27"><span class='ocrx_word' id='word_1_311' title='bbox 1826 1239 1975 1294; x_wconf 89' lang='lat' dir='ltr'><strong>sedit</strong></span> <span class='ocrx_word' id='word_1_312' title='bbox 2005 1240 2173 1295; x_wconf 90' lang='lat' dir='ltr'><strong>annis</strong></span> <span class='ocrx_word' id='word_1_313' title='bbox 2202 1243 2255 1297; x_wconf 84' lang='grc'><strong>4.</strong></span> <span class='ocrx_word' id='word_1_314' title='bbox 2282 1258 2482 1297; x_wconf 88' lang='lat' dir='ltr'><strong>mense</strong></span> <span class='ocrx_word' id='word_1_315' title='bbox 2508 1247 2557 1298; x_wconf 93' lang='grc'><strong>1.</strong></span> <span class='ocrx_word' id='word_1_316' title='bbox 2592 1244 2791 1299; x_wconf 88' lang='lat' dir='ltr'><strong>diebus</strong></span> <span class='ocrx_word' id='word_1_317' title='bbox 2814 1250 2901 1302; x_wconf 89' lang='lat'><strong>29.</strong></span> <span class='ocrx_word' id='word_1_318' title='bbox 2937 1246 3153 1301; x_wconf 90' lang='lat' dir='ltr'><strong>Eodem</strong></span> <span class='ocrx_word' id='word_1_319' title='bbox 3176 1250 3439 1320; x_wconf 86' lang='lat' dir='ltr'><strong>tempore</strong></span> 
     </span>
    </p>
   </div>
   <div class='ocr_carea' id='block_1_46' title="bbox 1826 1330 3439 1404">
    <p class='ocr_par' dir='ltr' id='par_1_46' title="bbox 1826 1330 3439 1404">
     <span class='ocr_line' id='line_1_46' title="bbox 1826 1330 3439 1404; baseline 0.006 -23"><span class='ocrx_word' id='word_1_320' title='bbox 1826 1344 1969 1398; x_wconf 86' lang='lat' dir='ltr'><strong>gens</strong></span> <span class='ocrx_word' id='word_1_321' title='bbox 2001 1330 2511 1400; x_wconf 82' lang='lat' dir='ltr'><strong>Langobardorum</strong></span> <span class='ocrx_word' id='word_1_322' title='bbox 2540 1332 2745 1387; x_wconf 82' lang='lat' dir='ltr'><strong>invasit</strong></span> <span class='ocrx_word' id='word_1_323' title='bbox 2777 1351 3013 1389; x_wconf 83' lang='lat' dir='ltr'><strong>omnem</strong></span> <span class='ocrx_word' id='word_1_324' title='bbox 3072 1336 3316 1404; x_wconf 82' lang='lat' dir='ltr'><strong>Italiam,</strong></span> <span class='ocrx_word' id='word_1_325' title='bbox 3363 1337 3439 1391; x_wconf 90' lang='lat' dir='ltr'><strong>si-</strong></span> 
     </span>
    </p>
   </div>
   <div class='ocr_carea' id='block_1_47' title="bbox 1826 1418 3439 1491">
    <p class='ocr_par' dir='ltr' id='par_1_47' title="bbox 1826 1418 3439 1491">
     <span class='ocr_line' id='line_1_47' title="bbox 1826 1418 3439 1491; baseline 0.007 -22"><span class='ocrx_word' id='word_1_326' title='bbox 1826 1418 2063 1489; x_wconf 90' lang='lat' dir='ltr'><strong>mulque</strong></span> <span class='ocrx_word' id='word_1_327' title='bbox 2122 1421 2178 1472; x_wconf 87' lang='lat' dir='ltr'><strong>et</strong></span> <span class='ocrx_word' id='word_1_328' title='bbox 2206 1420 2390 1474; x_wconf 85' lang='lat' dir='ltr'><strong>fames</strong></span> <span class='ocrx_word' id='word_1_329' title='bbox 2423 1421 2604 1476; x_wconf 92' lang='lat' dir='ltr'><strong>nimia</strong></span> <span class='ocrx_word' id='word_1_330' title='bbox 2633 1424 2798 1491; x_wconf 88' lang='lat' dir='ltr'><strong>adeo,</strong></span> <span class='ocrx_word' id='word_1_331' title='bbox 2830 1426 2894 1477; x_wconf 89' lang='lat' dir='ltr'><strong>ut</strong></span> <span class='ocrx_word' id='word_1_332' title='bbox 2925 1425 3100 1480; x_wconf 89' lang='lat' dir='ltr'><strong>etiam</strong></span> <span class='ocrx_word' id='word_1_333' title='bbox 3132 1426 3439 1482; x_wconf 90' lang='lat' dir='ltr'><strong>multitudo</strong></span> 
     </span>
    </p>
   </div>
   <div class='ocr_carea' id='block_1_48' title="bbox 1825 1510 3439 1589">
    <p class='ocr_par' dir='ltr' id='par_1_48' title="bbox 1825 1510 3439 1589">
     <span class='ocr_line' id='line_1_48' title="bbox 1825 1510 3439 1589; baseline 0.007 -30"><span class='ocrx_word' id='word_1_334' title='bbox 1825 1510 2144 1561; x_wconf 88' lang='lat' dir='ltr'><strong>castrorum</strong></span> <span class='ocrx_word' id='word_1_335' title='bbox 2163 1524 2221 1561; x_wconf 88' lang='lat' dir='ltr'><strong>se</strong></span> <span class='ocrx_word' id='word_1_336' title='bbox 2247 1510 2502 1565; x_wconf 89' lang='lat' dir='ltr'><strong>traderet</strong></span> <span class='ocrx_word' id='word_1_337' title='bbox 2530 1512 2942 1583; x_wconf 83' lang='lat' dir='ltr'><strong>Langobardis,</strong></span> <span class='ocrx_word' id='word_1_338' title='bbox 3002 1518 3063 1568; x_wconf 90' lang='lat' dir='ltr'><strong>ut</strong></span> <span class='ocrx_word' id='word_1_339' title='bbox 3114 1518 3439 1589; x_wconf 86' lang='lat' dir='ltr'><strong>temperare</strong></span> 
     </span>
    </p>
   </div>
   <div class='ocr_carea' id='block_1_49' title="bbox 1827 1596 3443 1675">
    <p class='ocr_par' dir='ltr' id='par_1_49' title="bbox 1827 1596 3443 1675">
     <span class='ocr_line' id='line_1_49' title="bbox 1827 1596 3443 1675; baseline 0.007 -28"><span class='ocrx_word' id='word_1_340' title='bbox 1827 1598 2061 1667; x_wconf 85' lang='lat' dir='ltr'><strong>possent</strong></span> <span class='ocrx_word' id='word_1_341' title='bbox 2089 1597 2160 1650; x_wconf 92' lang='lat' dir='ltr'><strong>ab</strong></span> <span class='ocrx_word' id='word_1_342' title='bbox 2184 1596 2381 1668; x_wconf 89' lang='lat' dir='ltr'><strong>inopia</strong></span> <span class='ocrx_word' id='word_1_343' title='bbox 2406 1600 2595 1654; x_wconf 87' lang='lat' dir='ltr'><strong>famis.</strong></span> <span class='ocrx_word' id='word_1_344' title='bbox 2618 1603 2677 1654; x_wconf 93' lang='lat' dir='ltr'><strong>In</strong></span> <span class='ocrx_word' id='word_1_345' title='bbox 2700 1602 2818 1656; x_wconf 90' lang='lat' dir='ltr'><strong>istis</strong></span> <span class='ocrx_word' id='word_1_346' title='bbox 2842 1603 3035 1675; x_wconf 83' lang='lat' dir='ltr'><strong>itaque</strong></span> <span class='ocrx_word' id='word_1_347' title='bbox 3071 1604 3362 1659; x_wconf 86' lang='lat' dir='ltr'><strong>laboribus</strong></span> <span class='ocrx_word' id='word_1_348' title='bbox 3384 1607 3443 1659; x_wconf 90' lang='lat' dir='ltr'><strong>et</strong></span> 
     </span>
    </p>
   </div>
   <div class='ocr_carea' id='block_1_50' title="bbox 1827 1683 3442 1764">
    <p class='ocr_par' dir='ltr' id='par_1_50' title="bbox 1827 1683 3442 1764">
     <span class='ocr_line' id='line_1_50' title="bbox 1827 1683 3442 1764; baseline 0.009 -29"><span class='ocrx_word' id='word_1_349' title='bbox 1827 1683 2233 1739; x_wconf 74' lang='lat' dir='ltr'><strong>afflictionibus</strong></span> <span class='ocrx_word' id='word_1_350' title='bbox 2284 1686 2502 1757; x_wconf 89' lang='lat' dir='ltr'><strong>positus</strong></span> <span class='ocrx_word' id='word_1_351' title='bbox 2533 1690 2923 1745; x_wconf 86' lang='lat' dir='ltr'><strong>sanctissimus</strong></span> <span class='ocrx_word' id='word_1_352' title='bbox 2966 1694 3121 1764; x_wconf 88' lang='lat' dir='ltr'><strong>Papa</strong></span> <span class='ocrx_word' id='word_1_353' title='bbox 3178 1696 3442 1749; x_wconf 89' lang='lat' dir='ltr'><strong>mortuus</strong></span> 
     </span>
    </p>
   </div>
   <div class='ocr_carea' id='block_1_51' title="bbox 1827 1774 3441 1849">
    <p class='ocr_par' dir='ltr' id='par_1_51' title="bbox 1827 1774 3441 1849">
     <span class='ocr_line' id='line_1_51' title="bbox 1827 1774 3441 1849; baseline 0.008 -25"><span class='ocrx_word' id='word_1_354' title='bbox 1827 1774 1934 1835; x_wconf 87' lang='lat' dir='ltr'><strong>est,</strong></span> <span class='ocrx_word' id='word_1_355' title='bbox 1965 1775 2023 1826; x_wconf 92' lang='lat' dir='ltr'><strong>et</strong></span> <span class='ocrx_word' id='word_1_356' title='bbox 2047 1774 2300 1844; x_wconf 90' lang='lat' dir='ltr'><strong>sepultus</strong></span> <span class='ocrx_word' id='word_1_357' title='bbox 2322 1774 2379 1828; x_wconf 88' lang='lat' dir='ltr'><strong>in</strong></span> <span class='ocrx_word' id='word_1_358' title='bbox 2414 1777 2473 1830; x_wconf 92' lang='grc' dir='ltr'><strong>Β.</strong></span> <span class='ocrx_word' id='word_1_359' title='bbox 2505 1778 2658 1831; x_wconf 91' lang='lat' dir='ltr'><strong>Petri</strong></span> <span class='ocrx_word' id='word_1_360' title='bbox 2699 1780 2953 1849; x_wconf 86' lang='lat' dir='ltr'><strong>Apostoli</strong></span> <span class='ocrx_word' id='word_1_361' title='bbox 3004 1781 3237 1835; x_wconf 90' lang='lat' dir='ltr'><strong>basilica</strong></span> <span class='ocrx_word' id='word_1_362' title='bbox 3262 1782 3321 1835; x_wconf 88' lang='lat' dir='ltr'><strong>in</strong></span> <span class='ocrx_word' id='word_1_363' title='bbox 3353 1798 3441 1836; x_wconf 88' lang='lat' dir='ltr'><strong>se-</strong></span> 
     </span>
    </p>
   </div>
   <div class='ocr_carea' id='block_1_52' title="bbox 1757 1844 3368 1937">
    <p class='ocr_par' dir='ltr' id='par_1_52' title="bbox 1757 1844 3368 1937">
     <span class='ocr_line' id='line_1_52' title="bbox 1757 1844 3368 1937; baseline 0.007 -24"><span class='ocrx_word' id='word_1_364' title='bbox 1757 1844 1808 1903; x_wconf 84' lang='lat' dir='ltr'><strong>B</strong></span> <span class='ocrx_word' id='word_1_365' title='bbox 1826 1860 2163 1915; x_wconf 89' lang='lat' dir='ltr'><strong>cretario.Et</strong></span> <span class='ocrx_word' id='word_1_366' title='bbox 2177 1844 2790 1937; x_wconf 79' lang='lat' dir='ltr'><strong>cessavitEpiscopatus</strong></span> <span class='ocrx_word' id='word_1_367' title='bbox 2809 1883 3039 1923; x_wconf 89' lang='lat' dir='ltr'><strong>menses</strong></span> <span class='ocrx_word' id='word_1_368' title='bbox 3060 1870 3110 1923; x_wconf 87' lang='lat'><strong>3.</strong></span> <span class='ocrx_word' id='word_1_369' title='bbox 3128 1869 3249 1924; x_wconf 87' lang='lat' dir='ltr'><strong>dies</strong></span> <span class='ocrx_word' id='word_1_370' title='bbox 3281 1873 3368 1926; x_wconf 97' lang='grc'><strong>10.</strong></span> 
     </span>
    </p>
   </div>
   <div class='ocr_carea' id='block_1_53' title="bbox 2552 1953 2702 2008">
    <p class='ocr_par' dir='ltr' id='par_1_53' title="bbox 2552 1953 2702 2008">
     <span class='ocr_line' id='line_1_53' title="bbox 2552 1953 2702 2008; baseline 0.007 -1"><span class='ocrx_word' id='word_1_371' title='bbox 2552 1953 2702 2008; x_wconf 89' lang='lat' dir='ltr'><strong>LXV.</strong></span> 
     </span>
    </p>
   </div>
   <div class='ocr_carea' id='block_1_54' title="bbox 1902 2038 3440 2117">
    <p class='ocr_par' dir='ltr' id='par_1_54' title="bbox 1902 2038 3440 2117">
     <span class='ocr_line' id='line_1_54' title="bbox 1902 2038 3440 2117; baseline 0.007 -26"><span class='ocrx_word' id='word_1_372' title='bbox 1902 2038 2192 2107; x_wconf 79' lang='lat' dir='ltr'><strong>PELAGIUS,</strong></span> <span class='ocrx_word' id='word_1_373' title='bbox 2225 2039 2461 2094; x_wconf 89' lang='lat' dir='ltr'><strong>natione</strong></span> <span class='ocrx_word' id='word_1_374' title='bbox 2506 2041 2819 2110; x_wconf 85' lang='lat' dir='ltr'><strong>Romanus,</strong></span> <span class='ocrx_word' id='word_1_375' title='bbox 2848 2044 2919 2098; x_wconf 90' lang='lat' dir='ltr'><strong>de</strong></span> <span class='ocrx_word' id='word_1_376' title='bbox 2953 2046 3116 2116; x_wconf 90' lang='lat' dir='ltr'><strong>patre</strong></span> <span class='ocrx_word' id='word_1_377' title='bbox 3150 2045 3440 2117; x_wconf 90' lang='lat' dir='ltr'><strong>Unigildo,</strong></span> 
     </span>
    </p>
   </div>
   <div class='ocr_carea' id='block_1_55' title="bbox 1831 2124 3446 2191">
    <p class='ocr_par' dir='ltr' id='par_1_55' title="bbox 1831 2124 3446 2191">
     <span class='ocr_line' id='line_1_55' title="bbox 1831 2124 3446 2191; baseline 0.008 -13"><span class='ocrx_word' id='word_1_378' title='bbox 1831 2124 1978 2180; x_wconf 90' lang='lat' dir='ltr'><strong>sedit</strong></span> <span class='ocrx_word' id='word_1_379' title='bbox 2006 2126 2173 2180; x_wconf 91' lang='lat' dir='ltr'><strong>annis</strong></span> <span class='ocrx_word' id='word_1_380' title='bbox 2203 2130 2287 2183; x_wconf 95' lang='grc'><strong>10.</strong></span> <span class='ocrx_word' id='word_1_381' title='bbox 2323 2143 2509 2182; x_wconf 88' lang='lat' dir='ltr'><strong>mens.</strong></span> <span class='ocrx_word' id='word_1_382' title='bbox 2558 2133 2610 2185; x_wconf 88' lang='lat'><strong>2.</strong></span> <span class='ocrx_word' id='word_1_383' title='bbox 2645 2129 2797 2187; x_wconf 90' lang='lat' dir='ltr'><strong>dieb.</strong></span> <span class='ocrx_word' id='word_1_384' title='bbox 2850 2135 2934 2187; x_wconf 93' lang='grc'><strong>10.</strong></span> <span class='ocrx_word' id='word_1_385' title='bbox 2987 2132 3085 2187; x_wconf 89' lang='lat' dir='ltr'><strong>Hic</strong></span> <span class='ocrx_word' id='word_1_386' title='bbox 3143 2134 3446 2191; x_wconf 88' lang='lat' dir='ltr'><strong>ordinatur</strong></span> 
     </span>
    </p>
   </div>
   <div class='ocr_carea' id='block_1_56' title="bbox 1832 2214 3443 2291">
    <p class='ocr_par' dir='ltr' id='par_1_56' title="bbox 1832 2214 3443 2291">
     <span class='ocr_line' id='line_1_56' title="bbox 1832 2214 3443 2291; baseline 0.006 -24"><span class='ocrx_word' id='word_1_387' title='bbox 1832 2214 2045 2286; x_wconf 86' lang='lat' dir='ltr'><strong>absque</strong></span> <span class='ocrx_word' id='word_1_388' title='bbox 2072 2214 2329 2285; x_wconf 87' lang='lat' dir='ltr'><strong>jussione</strong></span> <span class='ocrx_word' id='word_1_389' title='bbox 2360 2217 2663 2289; x_wconf 90' lang='lat' dir='ltr'><strong>Principis,</strong></span> <span class='ocrx_word' id='word_1_390' title='bbox 2682 2234 2750 2273; x_wconf 91' lang='lat' dir='ltr'><strong>eo</strong></span> <span class='ocrx_word' id='word_1_391' title='bbox 2773 2219 2928 2291; x_wconf 92' lang='lat' dir='ltr'><strong>quod</strong></span> <span class='ocrx_word' id='word_1_392' title='bbox 2951 2220 3282 2277; x_wconf 88' lang='lat' dir='ltr'><strong>obsiderent</strong></span> <span class='ocrx_word' id='word_1_393' title='bbox 3308 2222 3443 2277; x_wconf 89' lang='lat' dir='ltr'><strong>civi-</strong></span> 
     </span>
    </p>
   </div>
   <div class='ocr_carea' id='block_1_57' title="bbox 1831 2305 3448 2380">
    <p class='ocr_par' dir='ltr' id='par_1_57' title="bbox 1831 2305 3448 2380">
     <span class='ocr_line' id='line_1_57' title="bbox 1831 2305 3448 2380; baseline 0.007 -23"><span class='ocrx_word' id='word_1_394' title='bbox 1831 2307 2011 2358; x_wconf 87' lang='lat' dir='ltr'><strong>tatem</strong></span> <span class='ocrx_word' id='word_1_395' title='bbox 2029 2305 2353 2359; x_wconf 90' lang='lat' dir='ltr'><strong>Romanam</strong></span> <span class='ocrx_word' id='word_1_396' title='bbox 2384 2306 2770 2377; x_wconf 81' lang='lat' dir='ltr'><strong>Langobardi,</strong></span> <span class='ocrx_word' id='word_1_397' title='bbox 2826 2308 2923 2380; x_wconf 88' lang='lat' dir='ltr'><strong>qui</strong></span> <span class='ocrx_word' id='word_1_398' title='bbox 2984 2310 3205 2365; x_wconf 90' lang='lat' dir='ltr'><strong>Italiam</strong></span> <span class='ocrx_word' id='word_1_399' title='bbox 3263 2313 3448 2368; x_wconf 89' lang='lat' dir='ltr'><strong>multa</strong></span> 
     </span>
    </p>
   </div>
   <div class='ocr_carea' id='block_1_58' title="bbox 1833 2393 3447 2475">
    <p class='ocr_par' dir='ltr' id='par_1_58' title="bbox 1833 2393 3447 2475">
     <span class='ocr_line' id='line_1_58' title="bbox 1833 2393 3447 2475; baseline 0.007 -29"><span class='ocrx_word' id='word_1_400' title='bbox 1833 2393 2145 2448; x_wconf 88' lang='lat' dir='ltr'><strong>vastatione</strong></span> <span class='ocrx_word' id='word_1_401' title='bbox 2168 2394 2538 2453; x_wconf 87' lang='lat' dir='ltr'><strong>infestabant.</strong></span> <span class='ocrx_word' id='word_1_402' title='bbox 2569 2397 3299 2470; x_wconf 71' lang='lat' dir='ltr'><strong>Cujustemporibustantaa</strong></span> <span class='ocrx_word' id='word_1_403' title='bbox 3319 2403 3447 2475; x_wconf 88' lang='lat' dir='ltr'><strong>plu-</strong></span> 
     </span>
    </p>
   </div>
   <div class='ocr_carea' id='block_1_59' title="bbox 1834 2481 3447 2559">
    <p class='ocr_par' dir='ltr' id='par_1_59' title="bbox 1834 2481 3447 2559">
     <span class='ocr_line' id='line_1_59' title="bbox 1834 2481 3447 2559; baseline 0.006 -25"><span class='ocrx_word' id='word_1_404' title='bbox 1834 2481 1937 2535; x_wconf 71' lang='lat' dir='ltr'><strong>viaz</strong></span> <span class='ocrx_word' id='word_1_405' title='bbox 1964 2481 2219 2549; x_wconf 89' lang='lat' dir='ltr'><strong>fuerunt,</strong></span> <span class='ocrx_word' id='word_1_406' title='bbox 2251 2485 2315 2536; x_wconf 86' lang='lat' dir='ltr'><strong>ut</strong></span> <span class='ocrx_word' id='word_1_407' title='bbox 2343 2500 2546 2538; x_wconf 88' lang='lat' dir='ltr'><strong>omnes</strong></span> <span class='ocrx_word' id='word_1_408' title='bbox 2575 2484 2852 2553; x_wconf 89' lang='lat' dir='ltr'><strong>dicerent,</strong></span> <span class='ocrx_word' id='word_1_409' title='bbox 2886 2486 3021 2558; x_wconf 91' lang='lat' dir='ltr'><strong>quia</strong></span> <span class='ocrx_word' id='word_1_410' title='bbox 3053 2503 3217 2559; x_wconf 74' lang='lat' dir='ltr'><strong>aquae</strong></span> <span class='ocrx_word' id='word_1_411' title='bbox 3250 2488 3447 2544; x_wconf 89' lang='lat' dir='ltr'><strong>diluvii</strong></span> 
     </span>
    </p>
   </div>
   <div class='ocr_carea' id='block_1_60' title="bbox 1835 2571 3447 2650">
    <p class='ocr_par' dir='ltr' id='par_1_60' title="bbox 1835 2571 3447 2650">
     <span class='ocr_line' id='line_1_60' title="bbox 1835 2571 3447 2650; baseline 0.006 -25"><span class='ocrx_word' id='word_1_412' title='bbox 1835 2571 2454 2642; x_wconf 89' lang='lat' dir='ltr'><strong>superinundaverunt,</strong></span> <span class='ocrx_word' id='word_1_413' title='bbox 2473 2575 2531 2627; x_wconf 90' lang='lat' dir='ltr'><strong>et</strong></span> <span class='ocrx_word' id='word_1_414' title='bbox 2548 2574 2676 2629; x_wconf 90' lang='lat' dir='ltr'><strong>talis</strong></span> <span class='ocrx_word' id='word_1_415' title='bbox 2691 2574 2882 2630; x_wconf 87' lang='lat' dir='ltr'><strong>clades</strong></span> <span class='ocrx_word' id='word_1_416' title='bbox 2903 2576 3033 2643; x_wconf 84' lang='lat' dir='ltr'><strong>fuit,</strong></span> <span class='ocrx_word' id='word_1_417' title='bbox 3049 2578 3282 2650; x_wconf 90' lang='lat' dir='ltr'><strong>qualem</strong></span> <span class='ocrx_word' id='word_1_418' title='bbox 3294 2595 3327 2633; x_wconf 91' lang='lat' dir='ltr'><strong>a</strong></span> <span class='ocrx_word' id='word_1_419' title='bbox 3338 2594 3447 2634; x_wconf 70' lang='lat' dir='ltr'><strong>saa-</strong></span> 
     </span>
    </p>
   </div>
   <div class='ocr_carea' id='block_1_61' title="bbox 1836 2661 3448 2739">
    <p class='ocr_par' dir='ltr' id='par_1_61' title="bbox 1836 2661 3448 2739">
     <span class='ocr_line' id='line_1_61' title="bbox 1836 2661 3448 2739; baseline 0.006 -25"><span class='ocrx_word' id='word_1_420' title='bbox 1836 2661 1962 2715; x_wconf 88' lang='lat' dir='ltr'><strong>eulo</strong></span> <span class='ocrx_word' id='word_1_421' title='bbox 1992 2661 2180 2715; x_wconf 90' lang='lat' dir='ltr'><strong>nullus</strong></span> <span class='ocrx_word' id='word_1_422' title='bbox 2204 2662 2473 2716; x_wconf 87' lang='lat' dir='ltr'><strong>meminit</strong></span> <span class='ocrx_word' id='word_1_423' title='bbox 2502 2662 2694 2719; x_wconf 89' lang='lat' dir='ltr'><strong>fuisse.</strong></span> <span class='ocrx_word' id='word_1_424' title='bbox 2728 2664 2827 2720; x_wconf 86' lang='lat' dir='ltr'><strong>Hic</strong></span> <span class='ocrx_word' id='word_1_425' title='bbox 2852 2669 3114 2721; x_wconf 90' lang='lat' dir='ltr'><strong>mortuus</strong></span> <span class='ocrx_word' id='word_1_426' title='bbox 3140 2671 3246 2739; x_wconf 89' lang='lat' dir='ltr'><strong>est,</strong></span> <span class='ocrx_word' id='word_1_427' title='bbox 3277 2670 3337 2723; x_wconf 88' lang='lat' dir='ltr'><strong>et</strong></span> <span class='ocrx_word' id='word_1_428' title='bbox 3358 2684 3448 2724; x_wconf 85' lang='lat' dir='ltr'><strong>se-</strong></span> 
     </span>
    </p>
   </div>
   <div class='ocr_carea' id='block_1_62' title="bbox 1837 2750 3445 2830">
    <p class='ocr_par' dir='ltr' id='par_1_62' title="bbox 1837 2750 3445 2830">
     <span class='ocr_line' id='line_1_62' title="bbox 1837 2750 3445 2830; baseline 0.007 -26"><span class='ocrx_word' id='word_1_429' title='bbox 1837 2751 2028 2823; x_wconf 88' lang='lat' dir='ltr'><strong>pultus</strong></span> <span class='ocrx_word' id='word_1_430' title='bbox 2049 2750 2121 2804; x_wconf 94' lang='lat' dir='ltr'><strong>ad</strong></span> <span class='ocrx_word' id='word_1_431' title='bbox 2144 2751 2200 2805; x_wconf 94' lang='grc' dir='ltr'><strong>Β.</strong></span> <span class='ocrx_word' id='word_1_432' title='bbox 2224 2753 2459 2806; x_wconf 89' lang='lat' dir='ltr'><strong>Petrum</strong></span> <span class='ocrx_word' id='word_1_433' title='bbox 2482 2753 2841 2824; x_wconf 84' lang='lat' dir='ltr'><strong>Apostolum.</strong></span> <span class='ocrx_word' id='word_1_434' title='bbox 2871 2756 2939 2810; x_wconf 88' lang='lat' dir='ltr'><strong>Et</strong></span> <span class='ocrx_word' id='word_1_435' title='bbox 2961 2757 3197 2813; x_wconf 85' lang='lat' dir='ltr'><strong>cessavit</strong></span> <span class='ocrx_word' id='word_1_436' title='bbox 3212 2758 3445 2830; x_wconf 89' lang='lat' dir='ltr'><strong>Episco-</strong></span> 
     </span>
    </p>
   </div>
   <div class='ocr_carea' id='block_1_63' title="bbox 1838 2842 2597 2912">
    <p class='ocr_par' dir='ltr' id='par_1_63' title="bbox 1838 2842 2597 2912">
     <span class='ocr_line' id='line_1_63' title="bbox 1838 2842 2597 2912; baseline 0.005 -18"><span class='ocrx_word' id='word_1_437' title='bbox 1838 2843 2003 2912; x_wconf 91' lang='lat' dir='ltr'><strong>patus</strong></span> <span class='ocrx_word' id='word_1_438' title='bbox 2030 2855 2259 2895; x_wconf 89' lang='lat' dir='ltr'><strong>menses</strong></span> <span class='ocrx_word' id='word_1_439' title='bbox 2288 2846 2339 2897; x_wconf 89' lang='grc'><strong>3.</strong></span> <span class='ocrx_word' id='word_1_440' title='bbox 2372 2842 2494 2896; x_wconf 91' lang='lat' dir='ltr'><strong>dies</strong></span> <span class='ocrx_word' id='word_1_441' title='bbox 2509 2846 2597 2898; x_wconf 84' lang='lat'><strong>25.</strong></span> 
     </span>
    </p>
   </div>
   <div class='ocr_carea' id='block_1_64' title="bbox 2558 2932 2732 2988">
    <p class='ocr_par' dir='ltr' id='par_1_64' title="bbox 2558 2932 2732 2988">
     <span class='ocr_line' id='line_1_64' title="bbox 2558 2932 2732 2988; baseline 0.006 -1"><span class='ocrx_word' id='word_1_442' title='bbox 2558 2932 2732 2988; x_wconf 86' lang='lat' dir='ltr'><strong>LXVI.</strong></span> 
     </span>
    </p>
   </div>
   <div class='ocr_carea' id='block_1_65' title="bbox 1910 3020 3457 3097">
    <p class='ocr_par' dir='ltr' id='par_1_65' title="bbox 1910 3020 3457 3097">
     <span class='ocr_line' id='line_1_65' title="bbox 1910 3020 3457 3097; baseline 0.005 -22"><span class='ocrx_word' id='word_1_443' title='bbox 1910 3020 2238 3088; x_wconf 71' lang='lat' dir='ltr'><strong>Gascomus,</strong></span> <span class='ocrx_word' id='word_1_444' title='bbox 2272 3021 2508 3076; x_wconf 88' lang='lat' dir='ltr'><strong>natione</strong></span> <span class='ocrx_word' id='word_1_445' title='bbox 2539 3022 2852 3093; x_wconf 89' lang='lat' dir='ltr'><strong>Romanus,</strong></span> <span class='ocrx_word' id='word_1_446' title='bbox 2876 3041 2943 3079; x_wconf 86' lang='lat' dir='ltr'><strong>ex</strong></span> <span class='ocrx_word' id='word_1_447' title='bbox 2974 3025 3457 3097; x_wconf 88' lang='lat' dir='ltr'><strong>patreGordiano,</strong></span> 
     </span>
    </p>
   </div>
   <div class='ocr_carea' id='block_1_66' title="bbox 1844 3110 3461 3189">
    <p class='ocr_par' dir='ltr' id='par_1_66' title="bbox 1844 3110 3461 3189">
     <span class='ocr_line' id='line_1_66' title="bbox 1844 3110 3461 3189; baseline 0.006 -25"><span class='ocrx_word' id='word_1_448' title='bbox 1844 3110 1990 3164; x_wconf 90' lang='lat' dir='ltr'><strong>sedit</strong></span> <span class='ocrx_word' id='word_1_449' title='bbox 2017 3110 2185 3164; x_wconf 87' lang='lat' dir='ltr'><strong>annis</strong></span> <span class='ocrx_word' id='word_1_450' title='bbox 2214 3115 2298 3165; x_wconf 87' lang='grc'><strong>13.</strong></span> <span class='ocrx_word' id='word_1_451' title='bbox 2323 3127 2510 3166; x_wconf 89' lang='lat' dir='ltr'><strong>mens.</strong></span> <span class='ocrx_word' id='word_1_452' title='bbox 2540 3116 2594 3168; x_wconf 89' lang='lat'><strong>6.</strong></span> <span class='ocrx_word' id='word_1_453' title='bbox 2619 3112 2820 3168; x_wconf 88' lang='lat' dir='ltr'><strong>diebus</strong></span> <span class='ocrx_word' id='word_1_454' title='bbox 2855 3118 2939 3169; x_wconf 92' lang='grc'><strong>10.</strong></span> <span class='ocrx_word' id='word_1_455' title='bbox 2967 3116 3066 3170; x_wconf 87' lang='lat' dir='ltr'><strong>Hic</strong></span> <span class='ocrx_word' id='word_1_456' title='bbox 3084 3116 3345 3189; x_wconf 83' lang='lat' dir='ltr'><strong>exposuit</strong></span> <span class='ocrx_word' id='word_1_457' title='bbox 3360 3117 3461 3173; x_wconf 90' lang='lat' dir='ltr'><strong>ho-</strong></span> 
     </span>
    </p>
   </div>
   <div class='ocr_carea' id='block_1_67' title="bbox 1846 3199 3461 3276">
    <p class='ocr_par' dir='ltr' id='par_1_67' title="bbox 1846 3199 3461 3276">
     <span class='ocr_line' id='line_1_67' title="bbox 1846 3199 3461 3276; baseline 0.006 -24"><span class='ocrx_word' id='word_1_458' title='bbox 1846 3199 2035 3253; x_wconf 90' lang='lat' dir='ltr'><strong>milias</strong></span> <span class='ocrx_word' id='word_1_459' title='bbox 2073 3199 2537 3270; x_wconf 85' lang='lat' dir='ltr'><strong>Evangeliorum,</strong></span> <span class='ocrx_word' id='word_1_460' title='bbox 2566 3203 2624 3254; x_wconf 90' lang='lat' dir='ltr'><strong>et</strong></span> <span class='ocrx_word' id='word_1_461' title='bbox 2652 3202 2834 3256; x_wconf 86' lang='lat' dir='ltr'><strong>multa</strong></span> <span class='ocrx_word' id='word_1_462' title='bbox 2869 3202 3002 3274; x_wconf 87' lang='lat' dir='ltr'><strong>alia,</strong></span> <span class='ocrx_word' id='word_1_463' title='bbox 3039 3221 3166 3276; x_wconf 65' lang='lat' dir='ltr'><strong>quae</strong></span> <span class='ocrx_word' id='word_1_464' title='bbox 3219 3221 3461 3260; x_wconf 89' lang='lat' dir='ltr'><strong>enume-</strong></span> 
     </span>
    </p>
   </div>
   <div class='ocr_carea' id='block_1_68' title="bbox 1847 3287 3466 3360">
    <p class='ocr_par' dir='ltr' id='par_1_68' title="bbox 1847 3287 3466 3360">
     <span class='ocr_line' id='line_1_68' title="bbox 1847 3287 3466 3360; baseline 0.005 -19"><span class='ocrx_word' id='word_1_465' title='bbox 1847 3303 1977 3341; x_wconf 90' lang='lat' dir='ltr'><strong>rare</strong></span> <span class='ocrx_word' id='word_1_466' title='bbox 2007 3304 2123 3341; x_wconf 88' lang='lat' dir='ltr'><strong>non</strong></span> <span class='ocrx_word' id='word_1_467' title='bbox 2160 3302 2483 3357; x_wconf 89' lang='lat' dir='ltr'><strong>possumus,</strong></span> <span class='ocrx_word' id='word_1_468' title='bbox 2516 3287 2840 3360; x_wconf 88' lang='lat' dir='ltr'><strong>adjecitque</strong></span> <span class='ocrx_word' id='word_1_469' title='bbox 2901 3290 2962 3345; x_wconf 93' lang='lat' dir='ltr'><strong>in</strong></span> <span class='ocrx_word' id='word_1_470' title='bbox 3028 3308 3272 3349; x_wconf 90' lang='lat' dir='ltr'><strong>canone.</strong></span> <span class='ocrx_word' id='word_1_471' title='bbox 3336 3292 3466 3349; x_wconf 66' lang='lat' dir='ltr'><strong>Dies</strong></span> 
     </span>
    </p>
   </div>
   <div class='ocr_carea' id='block_1_69' title="bbox 1848 3375 3466 3453">
    <p class='ocr_par' dir='ltr' id='par_1_69' title="bbox 1848 3375 3466 3453">
     <span class='ocr_line' id='line_1_69' title="bbox 1848 3375 3466 3453; baseline 0.006 -25"><span class='ocrx_word' id='word_1_472' title='bbox 1848 3382 2051 3429; x_wconf 83' lang='lat' dir='ltr'><strong>nostros</strong></span> <span class='ocrx_word' id='word_1_473' title='bbox 2074 3375 2129 3427; x_wconf 82' lang='lat' dir='ltr'><strong>in</strong></span> <span class='ocrx_word' id='word_1_474' title='bbox 2159 3380 2251 3428; x_wconf 83' lang='lat' dir='ltr'><strong>tua</strong></span> <span class='ocrx_word' id='word_1_475' title='bbox 2275 3390 2409 3445; x_wconf 83' lang='lat' dir='ltr'><strong>pace</strong></span> <span class='ocrx_word' id='word_1_476' title='bbox 2437 3376 2673 3447; x_wconf 78' lang='lat' dir='ltr'><strong>dispone,</strong></span> <span class='ocrx_word' id='word_1_477' title='bbox 2702 3380 2808 3431; x_wconf 89' lang='lat' dir='ltr'><strong>etc.</strong></span> <span class='ocrx_word' id='word_1_478' title='bbox 2832 3377 2978 3433; x_wconf 83' lang='lat' dir='ltr'><strong>Misit</strong></span> <span class='ocrx_word' id='word_1_479' title='bbox 2997 3379 3173 3435; x_wconf 89' lang='lat' dir='ltr'><strong>etiam</strong></span> <span class='ocrx_word' id='word_1_480' title='bbox 3189 3382 3466 3453; x_wconf 67' lang='lat' dir='ltr'><strong>praedica-</strong></span> 
     </span>
    </p>
   </div>
   <div class='ocr_carea' id='block_1_70' title="bbox 159 3462 3471 3538">
    <p class='ocr_par' dir='ltr' id='par_1_70' title="bbox 159 3462 3471 3538">
     <span class='ocr_line' id='line_1_70' title="bbox 159 3462 3471 3538; baseline 0.002 -19"><span class='ocrx_word' id='word_1_481' title='bbox 159 3464 656 3538; x_wconf 82' lang='lat' dir='ltr'><strong>gilium,petiitque</strong></span> <span class='ocrx_word' id='word_1_482' title='bbox 683 3464 1040 3532; x_wconf 87' lang='lat' dir='ltr'><strong>confirmari,</strong></span> <span class='ocrx_word' id='word_1_483' title='bbox 1066 3468 1131 3519; x_wconf 89' lang='lat' dir='ltr'><strong>ut</strong></span> <span class='ocrx_word' id='word_1_484' title='bbox 1167 3465 1211 3518; x_wconf 92' lang='lat' dir='ltr'><strong>si</strong></span> <span class='ocrx_word' id='word_1_485' title='bbox 1244 3465 1371 3537; x_wconf 89' lang='lat' dir='ltr'><strong>quis</strong></span> <span class='ocrx_word' id='word_1_486' title='bbox 1424 3465 1521 3520; x_wconf 91' lang='lat' dir='ltr'><strong>ille</strong></span> <span class='ocrx_word' id='word_1_487' title='bbox 1561 3468 1648 3520; x_wconf 90' lang='lat' dir='ltr'><strong>est</strong></span> <span class='ocrx_word' id='word_1_488' title='bbox 1688 3464 1749 3519; x_wconf 93' lang='lat' dir='ltr'><strong>in</strong></span> <span class='ocrx_word' id='word_1_489' title='bbox 1780 3472 1828 3532; x_wconf 73' lang='grc' dir='ltr'>α</span> <span class='ocrx_word' id='word_1_490' title='bbox 1849 3478 2003 3530; x_wconf 63' lang='lat' dir='ltr'><strong>tores</strong></span> <span class='ocrx_word' id='word_1_491' title='bbox 2039 3462 2110 3516; x_wconf 88' lang='lat' dir='ltr'><strong>ad</strong></span> <span class='ocrx_word' id='word_1_492' title='bbox 2142 3464 2379 3533; x_wconf 86' lang='lat' dir='ltr'><strong>gentem</strong></span> <span class='ocrx_word' id='word_1_493' title='bbox 2407 3464 2761 3534; x_wconf 89' lang='lat' dir='ltr'><strong>Anglorum,</strong></span> <span class='ocrx_word' id='word_1_494' title='bbox 2790 3466 2886 3538; x_wconf 87' lang='lat' dir='ltr'><strong>qui</strong></span> <span class='ocrx_word' id='word_1_495' title='bbox 2924 3483 3023 3521; x_wconf 92' lang='lat' dir='ltr'><strong>eos</strong></span> <span class='ocrx_word' id='word_1_496' title='bbox 3067 3465 3471 3525; x_wconf 67' lang='lat' dir='ltr'><strong>converterent</strong></span> 
     </span>
    </p>
   </div>
   <div class='ocr_carea' id='block_1_71' title="bbox 158 3554 1751 3626">
    <p class='ocr_par' dir='ltr' id='par_1_71' title="bbox 158 3554 1751 3626">
     <span class='ocr_line' id='line_1_71' title="bbox 158 3554 1751 3626; baseline 0.001 -18"><span class='ocrx_word' id='word_1_497' title='bbox 158 3558 328 3610; x_wconf 86' lang='lat' dir='ltr'><strong>sancta</strong></span> <span class='ocrx_word' id='word_1_498' title='bbox 381 3554 640 3610; x_wconf 88' lang='lat' dir='ltr'><strong>Ecclesia</strong></span> <span class='ocrx_word' id='word_1_499' title='bbox 676 3555 751 3609; x_wconf 90' lang='lat' dir='ltr'><strong>ab</strong></span> <span class='ocrx_word' id='word_1_500' title='bbox 779 3554 1020 3609; x_wconf 89' lang='lat' dir='ltr'><strong>Ostiario</strong></span> <span class='ocrx_word' id='word_1_501' title='bbox 1046 3571 1226 3625; x_wconf 88' lang='lat' dir='ltr'><strong>usque</strong></span> <span class='ocrx_word' id='word_1_502' title='bbox 1250 3554 1323 3609; x_wconf 91' lang='lat' dir='ltr'><strong>ad</strong></span> <span class='ocrx_word' id='word_1_503' title='bbox 1350 3554 1593 3625; x_wconf 86' lang='lat' dir='ltr'><strong>gradum</strong></span> <span class='ocrx_word' id='word_1_504' title='bbox 1622 3554 1751 3626; x_wconf 88' lang='lat' dir='ltr'><strong>Epi-</strong></span> 
     </span>
    </p>
   </div>
   <div class='ocr_carea' id='block_1_72' title="bbox 157 3644 1751 3719">
    <p class='ocr_par' dir='ltr' id='par_1_72' title="bbox 157 3644 1751 3719">
     <span class='ocr_line' id='line_1_72' title="bbox 157 3644 1751 3719; baseline 0.003 -24"><span class='ocrx_word' id='word_1_505' title='bbox 157 3644 307 3715; x_wconf 88' lang='lat' dir='ltr'><strong>scopi,</strong></span> <span class='ocrx_word' id='word_1_506' title='bbox 340 3660 538 3716; x_wconf 88' lang='lat' dir='ltr'><strong>neque</strong></span> <span class='ocrx_word' id='word_1_507' title='bbox 558 3658 664 3715; x_wconf 90' lang='lat' dir='ltr'><strong>per</strong></span> <span class='ocrx_word' id='word_1_508' title='bbox 694 3659 914 3711; x_wconf 91' lang='lat' dir='ltr'><strong>aurem,</strong></span> <span class='ocrx_word' id='word_1_509' title='bbox 970 3659 1158 3719; x_wconf 83' lang='lat' dir='ltr'><strong>neque</strong></span> <span class='ocrx_word' id='word_1_510' title='bbox 1196 3659 1299 3714; x_wconf 89' lang='lat' dir='ltr'><strong>per</strong></span> <span class='ocrx_word' id='word_1_511' title='bbox 1352 3644 1573 3716; x_wconf 82' lang='lat' dir='ltr'><strong>aliquas</strong></span> <span class='ocrx_word' id='word_1_512' title='bbox 1620 3660 1751 3716; x_wconf 91' lang='lat' dir='ltr'><strong>pro-</strong></span> 
     </span>
    </p>
   </div>
   <div class='ocr_carea' id='block_1_73' title="bbox 158 3730 1755 3809">
    <p class='ocr_par' dir='ltr' id='par_1_73' title="bbox 158 3730 1755 3809">
     <span class='ocr_line' id='line_1_73' title="bbox 158 3730 1755 3809; baseline 0.001 -25"><span class='ocrx_word' id='word_1_513' title='bbox 158 3731 440 3788; x_wconf 85' lang='lat' dir='ltr'><strong>missiones</strong></span> <span class='ocrx_word' id='word_1_514' title='bbox 462 3731 754 3809; x_wconf 84' lang='lat' dir='ltr'><strong>proﬁciat,</strong></span> <span class='ocrx_word' id='word_1_515' title='bbox 786 3731 923 3803; x_wconf 84' lang='lat' dir='ltr'><strong>quia</strong></span> <span class='ocrx_word' id='word_1_516' title='bbox 946 3730 1340 3786; x_wconf 90' lang='lat' dir='ltr'><strong>Simoniacum</strong></span> <span class='ocrx_word' id='word_1_517' title='bbox 1367 3734 1470 3786; x_wconf 90' lang='lat' dir='ltr'><strong>est.</strong></span> <span class='ocrx_word' id='word_1_518' title='bbox 1500 3733 1755 3787; x_wconf 89' lang='lat' dir='ltr'><strong>Mortuus</strong></span> 
     </span>
    </p>
   </div>
   <div class='ocr_carea' id='block_1_74' title="bbox 156 3817 1749 3892">
    <p class='ocr_par' dir='ltr' id='par_1_74' title="bbox 156 3817 1749 3892">
     <span class='ocr_line' id='line_1_74' title="bbox 156 3817 1749 3892; baseline 0.002 -21"><span class='ocrx_word' id='word_1_519' title='bbox 156 3821 227 3873; x_wconf 82' lang='lat' dir='ltr'><strong>est</strong></span> <span class='ocrx_word' id='word_1_520' title='bbox 250 3824 445 3875; x_wconf 88' lang='lat' dir='ltr'><strong>autem</strong></span> <span class='ocrx_word' id='word_1_521' title='bbox 472 3822 533 3875; x_wconf 86' lang='lat' dir='ltr'><strong>et</strong></span> <span class='ocrx_word' id='word_1_522' title='bbox 558 3820 815 3892; x_wconf 89' lang='lat' dir='ltr'><strong>sepultus</strong></span> <span class='ocrx_word' id='word_1_523' title='bbox 846 3818 906 3873; x_wconf 92' lang='lat' dir='ltr'><strong>in</strong></span> <span class='ocrx_word' id='word_1_524' title='bbox 936 3817 1170 3874; x_wconf 83' lang='lat' dir='ltr'><strong>basilica</strong></span> <span class='ocrx_word' id='word_1_525' title='bbox 1198 3819 1257 3873; x_wconf 89' lang='grc' dir='ltr'><strong>Β.</strong></span> <span class='ocrx_word' id='word_1_526' title='bbox 1292 3818 1443 3873; x_wconf 88' lang='lat' dir='ltr'><strong>Petri</strong></span> <span class='ocrx_word' id='word_1_527' title='bbox 1471 3819 1749 3892; x_wconf 85' lang='lat' dir='ltr'><strong>Apostoli.</strong></span> 
     </span>
    </p>
   </div>
   <div class='ocr_carea' id='block_1_75' title="bbox 157 3904 1499 3980">
    <p class='ocr_par' dir='ltr' id='par_1_75' title="bbox 157 3904 1499 3980">
     <span class='ocr_line' id='line_1_75' title="bbox 157 3904 1499 3980; baseline 0.004 -23"><span class='ocrx_word' id='word_1_528' title='bbox 157 3904 213 3958; x_wconf 82' lang='lat' dir='ltr'><strong>Et</strong></span> <span class='ocrx_word' id='word_1_529' title='bbox 235 3908 471 3964; x_wconf 88' lang='lat' dir='ltr'><strong>cessavit</strong></span> <span class='ocrx_word' id='word_1_530' title='bbox 499 3907 874 3980; x_wconf 88' lang='lat' dir='ltr'><strong>Episcopatus</strong></span> <span class='ocrx_word' id='word_1_531' title='bbox 909 3923 1140 3962; x_wconf 90' lang='lat' dir='ltr'><strong>menses</strong></span> <span class='ocrx_word' id='word_1_532' title='bbox 1174 3910 1227 3976; x_wconf 83' lang='lat'><strong>2,</strong></span> <span class='ocrx_word' id='word_1_533' title='bbox 1256 3907 1378 3962; x_wconf 90' lang='lat' dir='ltr'><strong>dies</strong></span> <span class='ocrx_word' id='word_1_534' title='bbox 1411 3911 1499 3963; x_wconf 81' lang='grc'><strong>25.</strong></span> 
     </span>
    </p>
   </div>
   <div class='ocr_carea' id='block_1_76' title="bbox 864 3996 1041 4051">
    <p class='ocr_par' dir='ltr' id='par_1_76' title="bbox 864 3996 1041 4051">
     <span class='ocr_line' id='line_1_76' title="bbox 864 3996 1041 4051; baseline -0.006 0"><span class='ocrx_word' id='word_1_535' title='bbox 864 3996 1041 4051; x_wconf 84' lang='lat' dir='ltr'><strong>LXIII.</strong></span> 
     </span>
    </p>
   </div>
   <div class='ocr_carea' id='block_1_77' title="bbox 213 4083 1752 4160">
    <p class='ocr_par' dir='ltr' id='par_1_77' title="bbox 213 4083 1752 4160">
     <span class='ocr_line' id='line_1_77' title="bbox 213 4083 1752 4160; baseline 0 -19"><span class='ocrx_word' id='word_1_536' title='bbox 213 4085 472 4152; x_wconf 73' lang='lat' dir='ltr'><strong>JOANNES,</strong></span> <span class='ocrx_word' id='word_1_537' title='bbox 500 4104 567 4143; x_wconf 80' lang='lat' dir='ltr'><strong>ex</strong></span> <span class='ocrx_word' id='word_1_538' title='bbox 593 4089 757 4160; x_wconf 89' lang='lat' dir='ltr'><strong>patre</strong></span> <span class='ocrx_word' id='word_1_539' title='bbox 786 4083 1086 4140; x_wconf 83' lang='lat' dir='ltr'><strong>Anastasio</strong></span> <span class='ocrx_word' id='word_1_540' title='bbox 1124 4084 1349 4153; x_wconf 89' lang='lat' dir='ltr'><strong>illustri,</strong></span> <span class='ocrx_word' id='word_1_541' title='bbox 1390 4085 1537 4140; x_wconf 89' lang='lat' dir='ltr'><strong>sedit</strong></span> <span class='ocrx_word' id='word_1_542' title='bbox 1583 4086 1752 4141; x_wconf 89' lang='lat' dir='ltr'><strong>annis</strong></span> 
     </span>
    </p>
   </div>
   <div class='ocr_carea' id='block_1_78' title="bbox 160 4173 1751 4246">
    <p class='ocr_par' dir='ltr' id='par_1_78' title="bbox 160 4173 1751 4246">
     <span class='ocr_line' id='line_1_78' title="bbox 160 4173 1751 4246; baseline 0.001 -19"><span class='ocrx_word' id='word_1_543' title='bbox 160 4176 231 4231; x_wconf 87' lang='lat' dir='ltr'><strong>l2.</strong></span> <span class='ocrx_word' id='word_1_544' title='bbox 268 4177 565 4232; x_wconf 87' lang='lat' dir='ltr'><strong>mensibus</strong></span> <span class='ocrx_word' id='word_1_545' title='bbox 605 4177 690 4229; x_wconf 91' lang='grc'><strong>11.</strong></span> <span class='ocrx_word' id='word_1_546' title='bbox 724 4173 878 4229; x_wconf 90' lang='lat' dir='ltr'><strong>dieb.</strong></span> <span class='ocrx_word' id='word_1_547' title='bbox 906 4175 996 4231; x_wconf 87' lang='lat'><strong>26.</strong></span> <span class='ocrx_word' id='word_1_548' title='bbox 1029 4174 1107 4227; x_wconf 90' lang='lat' dir='ltr'><strong>Eo</strong></span> <span class='ocrx_word' id='word_1_549' title='bbox 1138 4176 1402 4246; x_wconf 89' lang='lat' dir='ltr'><strong>tempore</strong></span> <span class='ocrx_word' id='word_1_550' title='bbox 1449 4175 1641 4229; x_wconf 83' lang='lat' dir='ltr'><strong>Heruli</strong></span> <span class='ocrx_word' id='word_1_551' title='bbox 1690 4175 1751 4229; x_wconf 93' lang='lat' dir='ltr'><strong>in</strong></span> 
     </span>
    </p>
   </div>
   <div class='ocr_carea' id='block_1_79' title="bbox 154 4261 1749 4335">
    <p class='ocr_par' dir='ltr' id='par_1_79' title="bbox 154 4261 1749 4335">
     <span class='ocr_line' id='line_1_79' title="bbox 154 4261 1749 4335; baseline 0.001 -19"><span class='ocrx_word' id='word_1_552' title='bbox 154 4261 439 4320; x_wconf 88' lang='lat' dir='ltr'><strong>Tharsiam</strong></span> <span class='ocrx_word' id='word_1_553' title='bbox 468 4266 777 4331; x_wconf 88' lang='lat' dir='ltr'><strong>venerunt,</strong></span> <span class='ocrx_word' id='word_1_554' title='bbox 800 4263 982 4317; x_wconf 89' lang='lat' dir='ltr'><strong>levato</strong></span> <span class='ocrx_word' id='word_1_555' title='bbox 1016 4279 1185 4335; x_wconf 89' lang='lat' dir='ltr'><strong>super</strong></span> <span class='ocrx_word' id='word_1_556' title='bbox 1200 4279 1260 4317; x_wconf 91' lang='lat' dir='ltr'><strong>se</strong></span> <span class='ocrx_word' id='word_1_557' title='bbox 1292 4279 1427 4334; x_wconf 87' lang='lat' dir='ltr'><strong>rege</strong></span> <span class='ocrx_word' id='word_1_558' title='bbox 1451 4263 1749 4331; x_wconf 90' lang='lat' dir='ltr'><strong>Sindaldo,</strong></span> 
     </span>
    </p>
   </div>
   <div class='ocr_carea' id='block_1_80' title="bbox 159 4352 1754 4425">
    <p class='ocr_par' dir='ltr' id='par_1_80' title="bbox 159 4352 1754 4425">
     <span class='ocr_line' id='line_1_80' title="bbox 159 4352 1754 4425; baseline 0.001 -20"><span class='ocrx_word' id='word_1_559' title='bbox 159 4355 208 4406; x_wconf 91' lang='lat' dir='ltr'><strong>et</strong></span> <span class='ocrx_word' id='word_1_560' title='bbox 228 4354 572 4425; x_wconf 89' lang='lat' dir='ltr'><strong>premebant</strong></span> <span class='ocrx_word' id='word_1_561' title='bbox 598 4355 865 4407; x_wconf 89' lang='lat' dir='ltr'><strong>cunctam</strong></span> <span class='ocrx_word' id='word_1_562' title='bbox 881 4352 1121 4405; x_wconf 91' lang='lat' dir='ltr'><strong>Italiam.</strong></span> <span class='ocrx_word' id='word_1_563' title='bbox 1148 4352 1359 4406; x_wconf 86' lang='lat' dir='ltr'><strong>Contra</strong></span> <span class='ocrx_word' id='word_1_564' title='bbox 1384 4367 1527 4424; x_wconf 93' lang='lat' dir='ltr'><strong>quos</strong></span> <span class='ocrx_word' id='word_1_565' title='bbox 1549 4352 1754 4407; x_wconf 88' lang='lat' dir='ltr'><strong>Narses</strong></span> 
     </span>
    </p>
   </div>
   <div class='ocr_carea' id='block_1_81' title="bbox 156 4438 1753 4514">
    <p class='ocr_par' dir='ltr' id='par_1_81' title="bbox 156 4438 1753 4514">
     <span class='ocr_line' id='line_1_81' title="bbox 156 4438 1753 4514; baseline 0.001 -20"><span class='ocrx_word' id='word_1_566' title='bbox 156 4456 625 4514; x_wconf 86' lang='lat' dir='ltr'><strong>egressus,regem</strong></span> <span class='ocrx_word' id='word_1_567' title='bbox 646 4456 848 4496; x_wconf 89' lang='lat' dir='ltr'><strong>eorum</strong></span> <span class='ocrx_word' id='word_1_568' title='bbox 866 4438 1240 4507; x_wconf 85' lang='lat' dir='ltr'><strong>interfecit,et</strong></span> <span class='ocrx_word' id='word_1_569' title='bbox 1252 4456 1487 4495; x_wconf 89' lang='lat' dir='ltr'><strong>omnem</strong></span> <span class='ocrx_word' id='word_1_570' title='bbox 1516 4444 1753 4513; x_wconf 90' lang='lat' dir='ltr'><strong>gentem</strong></span> 
     </span>
    </p>
   </div>
   <div class='ocr_carea' id='block_1_82' title="bbox 1853 3550 3469 3629">
    <p class='ocr_par' dir='ltr' id='par_1_82' title="bbox 1853 3550 3469 3629">
     <span class='ocr_line' id='line_1_82' title="bbox 1853 3550 3469 3629; baseline 0.004 -23"><span class='ocrx_word' id='word_1_571' title='bbox 1853 3552 1926 3606; x_wconf 89' lang='lat' dir='ltr'><strong>ad</strong></span> <span class='ocrx_word' id='word_1_572' title='bbox 1983 3550 2293 3607; x_wconf 90' lang='lat' dir='ltr'><strong>Dominum</strong></span> <span class='ocrx_word' id='word_1_573' title='bbox 2343 3551 2512 3606; x_wconf 73' lang='lat' dir='ltr'><strong>Jasuu</strong></span> <span class='ocrx_word' id='word_1_574' title='bbox 2569 3551 2879 3608; x_wconf 90' lang='lat' dir='ltr'><strong>Christum.</strong></span> <span class='ocrx_word' id='word_1_575' title='bbox 2931 3555 3182 3609; x_wconf 90' lang='lat' dir='ltr'><strong>Domum</strong></span> <span class='ocrx_word' id='word_1_576' title='bbox 3239 3572 3469 3629; x_wconf 89' lang='lat' dir='ltr'><strong>quoque</strong></span> 
     </span>
    </p>
   </div>
   <div class='ocr_carea' id='block_1_83' title="bbox 1853 3639 3473 3716">
    <p class='ocr_par' dir='ltr' id='par_1_83' title="bbox 1853 3639 3473 3716">
     <span class='ocr_line' id='line_1_83' title="bbox 1853 3639 3473 3716; baseline 0.004 -22"><span class='ocrx_word' id='word_1_577' title='bbox 1853 3656 2016 3694; x_wconf 89' lang='lat' dir='ltr'><strong>suam</strong></span> <span class='ocrx_word' id='word_1_578' title='bbox 2041 3639 2460 3694; x_wconf 89' lang='lat' dir='ltr'><strong>monasterium</strong></span> <span class='ocrx_word' id='word_1_579' title='bbox 2484 3640 2917 3705; x_wconf 88' lang='lat' dir='ltr'><strong>constituit.Qui</strong></span> <span class='ocrx_word' id='word_1_580' title='bbox 2934 3646 3197 3698; x_wconf 89' lang='lat' dir='ltr'><strong>mortuus</strong></span> <span class='ocrx_word' id='word_1_581' title='bbox 3214 3645 3473 3716; x_wconf 86' lang='lat' dir='ltr'><strong>sepultus</strong></span> 
     </span>
    </p>
   </div>
   <div class='ocr_carea' id='block_1_84' title="bbox 1856 3728 3471 3801">
    <p class='ocr_par' dir='ltr' id='par_1_84' title="bbox 1856 3728 3471 3801">
     <span class='ocr_line' id='line_1_84' title="bbox 1856 3728 3471 3801; baseline 0.004 -18"><span class='ocrx_word' id='word_1_582' title='bbox 1856 3732 1941 3783; x_wconf 88' lang='lat' dir='ltr'><strong>est</strong></span> <span class='ocrx_word' id='word_1_583' title='bbox 1966 3728 2038 3783; x_wconf 90' lang='lat' dir='ltr'><strong>ad</strong></span> <span class='ocrx_word' id='word_1_584' title='bbox 2068 3729 2128 3782; x_wconf 89' lang='grc' dir='ltr'><strong>Β.</strong></span> <span class='ocrx_word' id='word_1_585' title='bbox 2161 3729 2397 3783; x_wconf 90' lang='lat' dir='ltr'><strong>Petrum</strong></span> <span class='ocrx_word' id='word_1_586' title='bbox 2428 3729 2763 3801; x_wconf 88' lang='lat' dir='ltr'><strong>Apostolum</strong></span> <span class='ocrx_word' id='word_1_587' title='bbox 2803 3733 2938 3785; x_wconf 89' lang='lat' dir='ltr'><strong>ante</strong></span> <span class='ocrx_word' id='word_1_588' title='bbox 2963 3730 3348 3787; x_wconf 90' lang='lat' dir='ltr'><strong>Secretarium</strong></span> <span class='ocrx_word' id='word_1_589' title='bbox 3378 3733 3471 3790; x_wconf 90' lang='lat' dir='ltr'><strong>die</strong></span> 
     </span>
    </p>
   </div>
   <div class='ocr_carea' id='block_1_85' title="bbox 1858 3816 3467 3893">
    <p class='ocr_par' dir='ltr' id='par_1_85' title="bbox 1858 3816 3467 3893">
     <span class='ocr_line' id='line_1_85' title="bbox 1858 3816 3467 3893; baseline 0.004 -21"><span class='ocrx_word' id='word_1_590' title='bbox 1858 3820 1944 3873; x_wconf 92' lang='grc'><strong>12.</strong></span> <span class='ocrx_word' id='word_1_591' title='bbox 1963 3816 2178 3873; x_wconf 89' lang='lat' dir='ltr'><strong>mensis</strong></span> <span class='ocrx_word' id='word_1_592' title='bbox 2210 3817 2415 3873; x_wconf 86' lang='lat' dir='ltr'><strong>Martii.</strong></span> <span class='ocrx_word' id='word_1_593' title='bbox 2445 3818 2513 3872; x_wconf 88' lang='lat' dir='ltr'><strong>Et</strong></span> <span class='ocrx_word' id='word_1_594' title='bbox 2528 3817 2765 3873; x_wconf 86' lang='lat' dir='ltr'><strong>cessavit</strong></span> <span class='ocrx_word' id='word_1_595' title='bbox 2780 3819 3145 3893; x_wconf 89' lang='lat' dir='ltr'><strong>Episcopatus</strong></span> <span class='ocrx_word' id='word_1_596' title='bbox 3166 3836 3396 3877; x_wconf 88' lang='lat' dir='ltr'><strong>menses</strong></span> <span class='ocrx_word' id='word_1_597' title='bbox 3414 3825 3467 3879; x_wconf 85' lang='lat'><strong>5.</strong></span> 
     </span>
    </p>
   </div>
   <div class='ocr_carea' id='block_1_86' title="bbox 1854 3906 2084 3963">
    <p class='ocr_par' dir='ltr' id='par_1_86' title="bbox 1854 3906 2084 3963">
     <span class='ocr_line' id='line_1_86' title="bbox 1854 3906 2084 3963; baseline 0.009 -2"><span class='ocrx_word' id='word_1_598' title='bbox 1854 3906 1974 3961; x_wconf 89' lang='lat' dir='ltr'><strong>dies</strong></span> <span class='ocrx_word' id='word_1_599' title='bbox 2000 3910 2084 3963; x_wconf 83' lang='lat' dir='ltr'><strong>l9.</strong></span> 
     </span>
    </p>
   </div>
   <div class='ocr_carea' id='block_1_87' title="bbox 1925 4084 3471 4159">
    <p class='ocr_par' dir='ltr' id='par_1_87' title="bbox 1925 4084 3471 4159">
     <span class='ocr_line' id='line_1_87' title="bbox 1925 4084 3471 4159; baseline 0.004 -17"><span class='ocrx_word' id='word_1_600' title='bbox 1925 4086 2286 4154; x_wconf 58' lang='lat' dir='ltr'><strong>Summus,</strong></span> <span class='ocrx_word' id='word_1_601' title='bbox 2316 4084 2552 4140; x_wconf 89' lang='lat' dir='ltr'><strong>natione</strong></span> <span class='ocrx_word' id='word_1_602' title='bbox 2572 4086 2799 4141; x_wconf 89' lang='lat' dir='ltr'><strong>Tuscus.</strong></span> <span class='ocrx_word' id='word_1_603' title='bbox 2834 4087 2905 4142; x_wconf 93' lang='lat' dir='ltr'><strong>de</strong></span> <span class='ocrx_word' id='word_1_604' title='bbox 2930 4086 3155 4144; x_wconf 89' lang='lat' dir='ltr'><strong>civitate</strong></span> <span class='ocrx_word' id='word_1_605' title='bbox 3184 4090 3369 4159; x_wconf 88' lang='lat' dir='ltr'><strong>Blera,</strong></span> <span class='ocrx_word' id='word_1_606' title='bbox 3402 4107 3471 4148; x_wconf 80' lang='lat' dir='ltr'><strong>ex</strong></span> 
     </span>
    </p>
   </div>
   <div class='ocr_carea' id='block_1_88' title="bbox 1852 4174 3470 4247">
    <p class='ocr_par' dir='ltr' id='par_1_88' title="bbox 1852 4174 3470 4247">
     <span class='ocr_line' id='line_1_88' title="bbox 1852 4174 3470 4247; baseline 0.005 -19"><span class='ocrx_word' id='word_1_607' title='bbox 1852 4178 2015 4247; x_wconf 87' lang='lat' dir='ltr'><strong>patre</strong></span> <span class='ocrx_word' id='word_1_608' title='bbox 2041 4176 2220 4241; x_wconf 91' lang='lat' dir='ltr'><strong>Bono,</strong></span> <span class='ocrx_word' id='word_1_609' title='bbox 2243 4174 2389 4230; x_wconf 87' lang='lat' dir='ltr'><strong>sedit</strong></span> <span class='ocrx_word' id='word_1_610' title='bbox 2415 4190 2637 4228; x_wconf 91' lang='lat' dir='ltr'><strong>annum</strong></span> <span class='ocrx_word' id='word_1_611' title='bbox 2663 4179 2711 4229; x_wconf 92' lang='grc'><strong>1.</strong></span> <span class='ocrx_word' id='word_1_612' title='bbox 2744 4192 2973 4231; x_wconf 89' lang='lat' dir='ltr'><strong>menses</strong></span> <span class='ocrx_word' id='word_1_613' title='bbox 3002 4180 3054 4232; x_wconf 84' lang='lat'><strong>5.</strong></span> <span class='ocrx_word' id='word_1_614' title='bbox 3096 4177 3217 4233; x_wconf 90' lang='lat' dir='ltr'><strong>dies</strong></span> <span class='ocrx_word' id='word_1_615' title='bbox 3247 4183 3299 4236; x_wconf 90' lang='lat'><strong>9.</strong></span> <span class='ocrx_word' id='word_1_616' title='bbox 3344 4178 3470 4245; x_wconf 92' lang='lat' dir='ltr'><strong>Quo</strong></span> 
     </span>
    </p>
   </div>
   <div class='ocr_carea' id='block_1_89' title="bbox 1852 4262 3468 4336">
    <p class='ocr_par' dir='ltr' id='par_1_89' title="bbox 1852 4262 3468 4336">
     <span class='ocr_line' id='line_1_89' title="bbox 1852 4262 3468 4336; baseline 0.004 -18"><span class='ocrx_word' id='word_1_617' title='bbox 1852 4268 2117 4336; x_wconf 89' lang='lat' dir='ltr'><strong>tempore</strong></span> <span class='ocrx_word' id='word_1_618' title='bbox 2142 4262 2249 4317; x_wconf 84' lang='lat' dir='ltr'><strong>fuit</strong></span> <span class='ocrx_word' id='word_1_619' title='bbox 2271 4262 2455 4316; x_wconf 89' lang='lat' dir='ltr'><strong>fames</strong></span> <span class='ocrx_word' id='word_1_620' title='bbox 2473 4262 2660 4334; x_wconf 85' lang='lat' dir='ltr'><strong>gravis</strong></span> <span class='ocrx_word' id='word_1_621' title='bbox 2698 4263 2758 4317; x_wconf 91' lang='lat' dir='ltr'><strong>in</strong></span> <span class='ocrx_word' id='word_1_622' title='bbox 2784 4264 3009 4320; x_wconf 89' lang='lat' dir='ltr'><strong>civitate</strong></span> <span class='ocrx_word' id='word_1_623' title='bbox 3044 4266 3327 4323; x_wconf 87' lang='lat' dir='ltr'><strong>Romana.</strong></span> <span class='ocrx_word' id='word_1_624' title='bbox 3358 4268 3468 4333; x_wconf 89' lang='lat' dir='ltr'><strong>Qui</strong></span> 
     </span>
    </p>
   </div>
   <div class='ocr_carea' id='block_1_90' title="bbox 1852 4350 3467 4426">
    <p class='ocr_par' dir='ltr' id='par_1_90' title="bbox 1852 4350 3467 4426">
     <span class='ocr_line' id='line_1_90' title="bbox 1852 4350 3467 4426; baseline 0.003 -21"><span class='ocrx_word' id='word_1_625' title='bbox 1852 4351 2003 4406; x_wconf 87' lang='lat' dir='ltr'><strong>facta</strong></span> <span class='ocrx_word' id='word_1_626' title='bbox 2026 4367 2166 4422; x_wconf 91' lang='lat' dir='ltr'><strong>pace</strong></span> <span class='ocrx_word' id='word_1_627' title='bbox 2197 4367 2327 4404; x_wconf 91' lang='lat' dir='ltr'><strong>cum</strong></span> <span class='ocrx_word' id='word_1_628' title='bbox 2361 4353 2533 4421; x_wconf 87' lang='lat' dir='ltr'><strong>gente</strong></span> <span class='ocrx_word' id='word_1_629' title='bbox 2565 4350 3077 4423; x_wconf 85' lang='lat' dir='ltr'><strong>Langobardorum</strong></span> <span class='ocrx_word' id='word_1_630' title='bbox 3091 4354 3261 4426; x_wconf 86' lang='lat' dir='ltr'><strong>jussit</strong></span> <span class='ocrx_word' id='word_1_631' title='bbox 3280 4356 3467 4426; x_wconf 87' lang='lat' dir='ltr'><strong>aperi-</strong></span> 
     </span>
    </p>
   </div>
   <div class='ocr_carea' id='block_1_91' title="bbox 1852 4439 3472 4517">
    <p class='ocr_par' dir='ltr' id='par_1_91' title="bbox 1852 4439 3472 4517">
     <span class='ocr_line' id='line_1_91' title="bbox 1852 4439 3472 4517; baseline 0.004 -23"><span class='ocrx_word' id='word_1_632' title='bbox 1852 4440 1900 4494; x_wconf 92' lang='lat' dir='ltr'><strong>ri</strong></span> <span class='ocrx_word' id='word_1_633' title='bbox 1931 4440 2140 4494; x_wconf 89' lang='lat' dir='ltr'><strong>horrea</strong></span> <span class='ocrx_word' id='word_1_634' title='bbox 2167 4439 2430 4494; x_wconf 69' lang='lat' dir='ltr'><strong>Ecclesiae</strong></span> <span class='ocrx_word' id='word_1_635' title='bbox 2476 4443 2534 4494; x_wconf 90' lang='lat' dir='ltr'><strong>et</strong></span> <span class='ocrx_word' id='word_1_636' title='bbox 2578 4441 2895 4496; x_wconf 90' lang='lat' dir='ltr'><strong>venundari</strong></span> <span class='ocrx_word' id='word_1_637' title='bbox 2921 4441 3215 4499; x_wconf 85' lang='lat' dir='ltr'><strong>frumenta</strong></span> <span class='ocrx_word' id='word_1_638' title='bbox 3238 4460 3343 4517; x_wconf 93' lang='lat' dir='ltr'><strong>pro</strong></span> <span class='ocrx_word' id='word_1_639' title='bbox 3375 4460 3472 4500; x_wconf 81' lang='lat' dir='ltr'><strong>so-</strong></span> 
     </span>
    </p>
   </div>
   <div class='ocr_carea' id='block_1_92' title="bbox 156 4527 3469 4607">
    <p class='ocr_par' dir='ltr' id='par_1_92' title="bbox 156 4527 3469 4607">
     <span class='ocr_line' id='line_1_92' title="bbox 156 4527 3469 4607; baseline 0.003 -26"><span class='ocrx_word' id='word_1_640' title='bbox 156 4529 486 4602; x_wconf 85' lang='lat' dir='ltr'><strong>subjugavit.</strong></span> <span class='ocrx_word' id='word_1_641' title='bbox 522 4527 1452 4599; x_wconf 88' lang='lat' dir='ltr'><strong>Deindesimilimodolmmingus</strong></span> <span class='ocrx_word' id='word_1_642' title='bbox 1484 4532 1541 4582; x_wconf 90' lang='lat' dir='ltr'><strong>et</strong></span> <span class='ocrx_word' id='word_1_643' title='bbox 1565 4528 1755 4583; x_wconf 89' lang='lat' dir='ltr'><strong>Bucel-</strong></span> <span class='ocrx_word' id='word_1_644' title='bbox 1781 4546 1829 4605; x_wconf 81' lang='lat' dir='ltr'>D</span> <span class='ocrx_word' id='word_1_645' title='bbox 1853 4527 1967 4582; x_wconf 91' lang='lat' dir='ltr'><strong>Iido</strong></span> <span class='ocrx_word' id='word_1_646' title='bbox 2002 4543 2116 4581; x_wconf 91' lang='lat' dir='ltr'><strong>uno</strong></span> <span class='ocrx_word' id='word_1_647' title='bbox 2147 4527 2375 4581; x_wconf 69' lang='lat' dir='ltr'><strong>modios</strong></span> <span class='ocrx_word' id='word_1_648' title='bbox 2405 4529 2491 4582; x_wconf 92' lang='lat'><strong>30.</strong></span> <span class='ocrx_word' id='word_1_649' title='bbox 2536 4527 2632 4582; x_wconf 88' lang='lat' dir='ltr'><strong>Hic</strong></span> <span class='ocrx_word' id='word_1_650' title='bbox 2661 4527 2721 4582; x_wconf 92' lang='lat' dir='ltr'><strong>in</strong></span> <span class='ocrx_word' id='word_1_651' title='bbox 2762 4529 3008 4586; x_wconf 89' lang='lat' dir='ltr'><strong>Ecclesia</strong></span> <span class='ocrx_word' id='word_1_652' title='bbox 3039 4531 3098 4587; x_wconf 92' lang='grc' dir='ltr'><strong>Β.</strong></span> <span class='ocrx_word' id='word_1_653' title='bbox 3123 4532 3277 4587; x_wconf 91' lang='lat' dir='ltr'><strong>Petri</strong></span> <span class='ocrx_word' id='word_1_654' title='bbox 3316 4534 3469 4607; x_wconf 83' lang='lat' dir='ltr'><strong>Apo-</strong></span> 
     </span>
    </p>
   </div>
   <div class='ocr_carea' id='block_1_93' title="bbox 156 4614 1752 4688">
    <p class='ocr_par' dir='ltr' id='par_1_93' title="bbox 156 4614 1752 4688">
     <span class='ocr_line' id='line_1_93' title="bbox 156 4614 1752 4688; baseline 0.003 -20"><span class='ocrx_word' id='word_1_655' title='bbox 156 4614 308 4672; x_wconf 77' lang='lat' dir='ltr'><strong>lenus</strong></span> <span class='ocrx_word' id='word_1_656' title='bbox 335 4618 504 4673; x_wconf 90' lang='lat' dir='ltr'><strong>duces</strong></span> <span class='ocrx_word' id='word_1_657' title='bbox 532 4618 886 4672; x_wconf 83' lang='lat' dir='ltr'><strong>Francorum</strong></span> <span class='ocrx_word' id='word_1_658' title='bbox 914 4617 1260 4688; x_wconf 87' lang='lat' dir='ltr'><strong>premebant</strong></span> <span class='ocrx_word' id='word_1_659' title='bbox 1280 4618 1635 4686; x_wconf 89' lang='lat' dir='ltr'><strong>Italiam,sed</strong></span> <span class='ocrx_word' id='word_1_660' title='bbox 1653 4634 1752 4672; x_wconf 89' lang='lat' dir='ltr'><strong>au-</strong></span> 
     </span>
    </p>
   </div>
   <div class='ocr_carea' id='block_1_94' title="bbox 156 4704 1746 4778">
    <p class='ocr_par' dir='ltr' id='par_1_94' title="bbox 156 4704 1746 4778">
     <span class='ocr_line' id='line_1_94' title="bbox 156 4704 1746 4778; baseline 0.003 -20"><span class='ocrx_word' id='word_1_661' title='bbox 156 4704 374 4762; x_wconf 82' lang='lat' dir='ltr'><strong>xiliante</strong></span> <span class='ocrx_word' id='word_1_662' title='bbox 405 4706 679 4776; x_wconf 88' lang='lat' dir='ltr'><strong>Domino,</strong></span> <span class='ocrx_word' id='word_1_663' title='bbox 712 4708 771 4760; x_wconf 89' lang='lat' dir='ltr'><strong>et</strong></span> <span class='ocrx_word' id='word_1_664' title='bbox 800 4704 906 4778; x_wconf 92' lang='lat' dir='ltr'><strong>ipsi</strong></span> <span class='ocrx_word' id='word_1_665' title='bbox 943 4721 977 4760; x_wconf 92' lang='lat' dir='ltr'><strong>a</strong></span> <span class='ocrx_word' id='word_1_666' title='bbox 1005 4706 1237 4760; x_wconf 86' lang='lat' dir='ltr'><strong>Narsete</strong></span> <span class='ocrx_word' id='word_1_667' title='bbox 1281 4705 1567 4761; x_wconf 88' lang='lat' dir='ltr'><strong>interfecti</strong></span> <span class='ocrx_word' id='word_1_668' title='bbox 1597 4710 1746 4763; x_wconf 90' lang='lat' dir='ltr'><strong>sunt.</strong></span> 
     </span>
    </p>
   </div>
   <div class='ocr_carea' id='block_1_95' title="bbox 157 4791 1751 4868">
    <p class='ocr_par' dir='ltr' id='par_1_95' title="bbox 157 4791 1751 4868">
     <span class='ocr_line' id='line_1_95' title="bbox 157 4791 1751 4868; baseline 0.002 -21"><span class='ocrx_word' id='word_1_669' title='bbox 157 4791 399 4868; x_wconf 88' lang='lat' dir='ltr'><strong>Cumque</strong></span> <span class='ocrx_word' id='word_1_670' title='bbox 428 4796 530 4851; x_wconf 89' lang='lat' dir='ltr'><strong>tali</strong></span> <span class='ocrx_word' id='word_1_671' title='bbox 583 4796 791 4851; x_wconf 89' lang='lat' dir='ltr'><strong>eventu</strong></span> <span class='ocrx_word' id='word_1_672' title='bbox 840 4793 1117 4865; x_wconf 82' lang='lat' dir='ltr'><strong>gauderet</strong></span> <span class='ocrx_word' id='word_1_673' title='bbox 1143 4796 1265 4850; x_wconf 86' lang='lat' dir='ltr'><strong>tota</strong></span> <span class='ocrx_word' id='word_1_674' title='bbox 1291 4794 1473 4864; x_wconf 89' lang='lat' dir='ltr'><strong>Italia,</strong></span> <span class='ocrx_word' id='word_1_675' title='bbox 1505 4794 1751 4851; x_wconf 87' lang='lat' dir='ltr'><strong>Romani</strong></span> 
     </span>
    </p>
   </div>
   <div class='ocr_carea' id='block_1_96' title="bbox 159 4879 1751 4955">
    <p class='ocr_par' dir='ltr' id='par_1_96' title="bbox 159 4879 1751 4955">
     <span class='ocr_line' id='line_1_96' title="bbox 159 4879 1751 4955; baseline 0.003 -20"><span class='ocrx_word' id='word_1_676' title='bbox 159 4879 356 4940; x_wconf 88' lang='lat' dir='ltr'><strong>invidia</strong></span> <span class='ocrx_word' id='word_1_677' title='bbox 403 4884 554 4940; x_wconf 90' lang='lat' dir='ltr'><strong>ducti</strong></span> <span class='ocrx_word' id='word_1_678' title='bbox 588 4883 999 4955; x_wconf 86' lang='lat' dir='ltr'><strong>suggesserunt</strong></span> <span class='ocrx_word' id='word_1_679' title='bbox 1054 4882 1376 4939; x_wconf 76' lang='lat' dir='ltr'><strong>Iustiniano</strong></span> <span class='ocrx_word' id='word_1_680' title='bbox 1410 4886 1468 4938; x_wconf 87' lang='lat' dir='ltr'><strong>et</strong></span> <span class='ocrx_word' id='word_1_681' title='bbox 1514 4883 1751 4940; x_wconf 82' lang='lat' dir='ltr'><strong>Sufﬁnae</strong></span> 
     </span>
    </p>
   </div>
   <div class='ocr_carea' id='block_1_97' title="bbox 165 4968 1749 5047">
    <p class='ocr_par' dir='ltr' id='par_1_97' title="bbox 165 4968 1749 5047">
     <span class='ocr_line' id='line_1_97' title="bbox 165 4968 1749 5047; baseline -0.001 -17"><span class='ocrx_word' id='word_1_682' title='bbox 165 4968 561 5047; x_wconf 64' lang='lat' dir='ltr'><strong>[Sophzlz],quia</strong></span> <span class='ocrx_word' id='word_1_683' title='bbox 576 4970 854 5028; x_wconf 85' lang='lat' dir='ltr'><strong>Romanis</strong></span> <span class='ocrx_word' id='word_1_684' title='bbox 875 4969 1061 5042; x_wconf 87' lang='lat' dir='ltr'><strong>magis</strong></span> <span class='ocrx_word' id='word_1_685' title='bbox 1082 4970 1563 5044; x_wconf 82' lang='lat' dir='ltr'><strong>expetieratGotis</strong></span> <span class='ocrx_word' id='word_1_686' title='bbox 1577 4974 1749 5029; x_wconf 88' lang='lat' dir='ltr'><strong>servi-</strong></span> 
     </span>
    </p>
   </div>
   <div class='ocr_carea' id='block_1_98' title="bbox 163 5057 1746 5134">
    <p class='ocr_par' dir='ltr' id='par_1_98' title="bbox 163 5057 1746 5134">
     <span class='ocr_line' id='line_1_98' title="bbox 163 5057 1746 5134; baseline 0.004 -23"><span class='ocrx_word' id='word_1_687' title='bbox 163 5073 220 5111; x_wconf 94' lang='lat' dir='ltr'><strong>re</strong></span> <span class='ocrx_word' id='word_1_688' title='bbox 246 5076 410 5133; x_wconf 84' lang='lat' dir='ltr'><strong>quam</strong></span> <span class='ocrx_word' id='word_1_689' title='bbox 437 5058 666 5128; x_wconf 61' lang='lat' dir='ltr'><strong>Graecis,</strong></span> <span class='ocrx_word' id='word_1_690' title='bbox 712 5058 813 5114; x_wconf 89' lang='lat' dir='ltr'><strong>ubi</strong></span> <span class='ocrx_word' id='word_1_691' title='bbox 872 5059 1074 5114; x_wconf 86' lang='lat' dir='ltr'><strong>Narses</strong></span> <span class='ocrx_word' id='word_1_692' title='bbox 1120 5057 1425 5116; x_wconf 89' lang='lat' dir='ltr'><strong>Eunuchus</strong></span> <span class='ocrx_word' id='word_1_693' title='bbox 1480 5059 1746 5134; x_wconf 91' lang='lat' dir='ltr'><strong>imperat.</strong></span> 
     </span>
    </p>
   </div>
   <div class='ocr_carea' id='block_1_99' title="bbox 164 5144 1753 5221">
    <p class='ocr_par' dir='ltr' id='par_1_99' title="bbox 164 5144 1753 5221">
     <span class='ocr_line' id='line_1_99' title="bbox 164 5144 1753 5221; baseline 0.003 -19"><span class='ocrx_word' id='word_1_694' title='bbox 164 5144 313 5209; x_wconf 88' lang='lat' dir='ltr'><strong>Quod</strong></span> <span class='ocrx_word' id='word_1_695' title='bbox 327 5150 524 5205; x_wconf 85' lang='lat' dir='ltr'><strong>Narses</strong></span> <span class='ocrx_word' id='word_1_696' title='bbox 545 5149 787 5205; x_wconf 87' lang='lat' dir='ltr'><strong>audiens</strong></span> <span class='ocrx_word' id='word_1_697' title='bbox 814 5146 883 5203; x_wconf 90' lang='lat' dir='ltr'><strong>de</strong></span> <span class='ocrx_word' id='word_1_698' title='bbox 903 5147 1087 5202; x_wconf 86' lang='lat' dir='ltr'><strong>Roma</strong></span> <span class='ocrx_word' id='word_1_699' title='bbox 1100 5147 1255 5203; x_wconf 90' lang='lat' dir='ltr'><strong>venit</strong></span> <span class='ocrx_word' id='word_1_700' title='bbox 1271 5148 1672 5221; x_wconf 87' lang='lat' dir='ltr'><strong>Campaniam,</strong></span> <span class='ocrx_word' id='word_1_701' title='bbox 1696 5155 1753 5206; x_wconf 91' lang='lat' dir='ltr'><strong>et</strong></span> 
     </span>
    </p>
   </div>
   <div class='ocr_carea' id='block_1_100' title="bbox 165 5231 1753 5311">
    <p class='ocr_par' dir='ltr' id='par_1_100' title="bbox 165 5231 1753 5311">
     <span class='ocr_line' id='line_1_100' title="bbox 165 5231 1753 5311; baseline 0.006 -25"><span class='ocrx_word' id='word_1_702' title='bbox 165 5231 475 5310; x_wconf 85' lang='lat' dir='ltr'><strong>indignatus</strong></span> <span class='ocrx_word' id='word_1_703' title='bbox 502 5237 731 5311; x_wconf 85' lang='lat' dir='ltr'><strong>scripsit</strong></span> <span class='ocrx_word' id='word_1_704' title='bbox 756 5235 916 5309; x_wconf 85' lang='lat' dir='ltr'><strong>genti</strong></span> <span class='ocrx_word' id='word_1_705' title='bbox 944 5236 1481 5309; x_wconf 87' lang='lat' dir='ltr'><strong>Langobardorum,</strong></span> <span class='ocrx_word' id='word_1_706' title='bbox 1508 5242 1575 5293; x_wconf 87' lang='lat' dir='ltr'><strong>ut</strong></span> <span class='ocrx_word' id='word_1_707' title='bbox 1603 5240 1753 5295; x_wconf 89' lang='lat' dir='ltr'><strong>veni-</strong></span> 
     </span>
    </p>
   </div>
   <div class='ocr_carea' id='block_1_101' title="bbox 166 5324 1754 5400">
    <p class='ocr_par' dir='ltr' id='par_1_101' title="bbox 166 5324 1754 5400">
     <span class='ocr_line' id='line_1_101' title="bbox 166 5324 1754 5400; baseline 0.004 -23"><span class='ocrx_word' id='word_1_708' title='bbox 166 5329 303 5389; x_wconf 87' lang='lat' dir='ltr'><strong>rent,</strong></span> <span class='ocrx_word' id='word_1_709' title='bbox 321 5331 375 5382; x_wconf 87' lang='lat' dir='ltr'><strong>et</strong></span> <span class='ocrx_word' id='word_1_710' title='bbox 384 5328 746 5400; x_wconf 89' lang='lat' dir='ltr'><strong>possiderent</strong></span> <span class='ocrx_word' id='word_1_711' title='bbox 761 5325 1150 5391; x_wconf 73' lang='lat' dir='ltr'><strong>Italiam.Quze</strong></span> <span class='ocrx_word' id='word_1_712' title='bbox 1163 5324 1380 5395; x_wconf 91' lang='lat' dir='ltr'><strong>omnia,</strong></span> <span class='ocrx_word' id='word_1_713' title='bbox 1413 5329 1754 5400; x_wconf 89' lang='lat' dir='ltr'><strong>utcognovit</strong></span> 
     </span>
    </p>
   </div>
   <div class='ocr_carea' id='block_1_102' title="bbox 164 5410 1757 5490">
    <p class='ocr_par' dir='ltr' id='par_1_102' title="bbox 164 5410 1757 5490">
     <span class='ocr_line' id='line_1_102' title="bbox 164 5410 1757 5490; baseline 0.004 -23"><span class='ocrx_word' id='word_1_714' title='bbox 164 5410 393 5472; x_wconf 86' lang='lat' dir='ltr'><strong>Joannes</strong></span> <span class='ocrx_word' id='word_1_715' title='bbox 430 5419 607 5490; x_wconf 87' lang='lat' dir='ltr'><strong>Papa,</strong></span> <span class='ocrx_word' id='word_1_716' title='bbox 637 5416 880 5471; x_wconf 84' lang='lat' dir='ltr'><strong>festinus</strong></span> <span class='ocrx_word' id='word_1_717' title='bbox 904 5415 1059 5471; x_wconf 91' lang='lat' dir='ltr'><strong>venit</strong></span> <span class='ocrx_word' id='word_1_718' title='bbox 1081 5414 1402 5487; x_wconf 89' lang='lat' dir='ltr'><strong>Neapolim,</strong></span> <span class='ocrx_word' id='word_1_719' title='bbox 1425 5419 1483 5471; x_wconf 89' lang='lat' dir='ltr'><strong>et</strong></span> <span class='ocrx_word' id='word_1_720' title='bbox 1506 5418 1757 5474; x_wconf 80' lang='lat' dir='ltr'><strong>obtinuit</strong></span> 
     </span>
    </p>
   </div>
   <div class='ocr_carea' id='block_1_103' title="bbox 166 5504 1752 5578">
    <p class='ocr_par' dir='ltr' id='par_1_103' title="bbox 166 5504 1752 5578">
     <span class='ocr_line' id='line_1_103' title="bbox 166 5504 1752 5578; baseline 0.004 -21"><span class='ocrx_word' id='word_1_721' title='bbox 166 5515 195 5557; x_wconf 87' lang='lat' dir='ltr'><strong>a</strong></span> <span class='ocrx_word' id='word_1_722' title='bbox 215 5504 533 5575; x_wconf 81' lang='lat' dir='ltr'><strong>Narsete,ut</strong></span> <span class='ocrx_word' id='word_1_723' title='bbox 550 5507 934 5562; x_wconf 89' lang='lat' dir='ltr'><strong>reverteretur</strong></span> <span class='ocrx_word' id='word_1_724' title='bbox 948 5505 1231 5560; x_wconf 89' lang='lat' dir='ltr'><strong>Romam:</strong></span> <span class='ocrx_word' id='word_1_725' title='bbox 1264 5504 1363 5578; x_wconf 88' lang='lat' dir='ltr'><strong>qui</strong></span> <span class='ocrx_word' id='word_1_726' title='bbox 1405 5506 1603 5562; x_wconf 90' lang='lat' dir='ltr'><strong>relicta</strong></span> <span class='ocrx_word' id='word_1_727' title='bbox 1642 5506 1752 5563; x_wconf 87' lang='lat' dir='ltr'><strong>Ita-</strong></span> 
     </span>
    </p>
   </div>
   <div class='ocr_carea' id='block_1_104' title="bbox 165 5589 1756 5668">
    <p class='ocr_par' dir='ltr' id='par_1_104' title="bbox 165 5589 1756 5668">
     <span class='ocr_line' id='line_1_104' title="bbox 165 5589 1756 5668; baseline 0.004 -24"><span class='ocrx_word' id='word_1_728' title='bbox 165 5589 253 5660; x_wconf 89' lang='lat' dir='ltr'><strong>lia,</strong></span> <span class='ocrx_word' id='word_1_729' title='bbox 282 5611 378 5667; x_wconf 87' lang='lat' dir='ltr'><strong>pro</strong></span> <span class='ocrx_word' id='word_1_730' title='bbox 408 5612 523 5668; x_wconf 87' lang='lat' dir='ltr'><strong>qua</strong></span> <span class='ocrx_word' id='word_1_731' title='bbox 550 5594 715 5651; x_wconf 87' lang='lat' dir='ltr'><strong>valde</strong></span> <span class='ocrx_word' id='word_1_732' title='bbox 756 5594 1135 5662; x_wconf 85' lang='lat' dir='ltr'><strong>laboraverat,</strong></span> <span class='ocrx_word' id='word_1_733' title='bbox 1194 5591 1756 5668; x_wconf 87' lang='lat' dir='ltr'><strong>Constantinopolim</strong></span> 
     </span>
    </p>
   </div>
   <div class='ocr_carea' id='block_1_105' title="bbox 167 5680 1761 5759">
    <p class='ocr_par' dir='ltr' id='par_1_105' title="bbox 167 5680 1761 5759">
     <span class='ocr_line' id='line_1_105' title="bbox 167 5680 1761 5759; baseline 0.004 -23"><span class='ocrx_word' id='word_1_734' title='bbox 167 5680 341 5741; x_wconf 84' lang='lat' dir='ltr'><strong>redire</strong></span> <span class='ocrx_word' id='word_1_735' title='bbox 366 5681 717 5740; x_wconf 84' lang='lat' dir='ltr'><strong>decreverat.</strong></span> <span class='ocrx_word' id='word_1_736' title='bbox 742 5682 979 5757; x_wconf 82' lang='lat' dir='ltr'><strong>Utrique</strong></span> <span class='ocrx_word' id='word_1_737' title='bbox 1014 5698 1156 5759; x_wconf 83' lang='lat' dir='ltr'><strong>ergo</strong></span> <span class='ocrx_word' id='word_1_738' title='bbox 1210 5682 1427 5744; x_wconf 85' lang='lat' dir='ltr'><strong>reversi</strong></span> <span class='ocrx_word' id='word_1_739' title='bbox 1475 5687 1630 5743; x_wconf 85' lang='lat' dir='ltr'><strong>sunt.</strong></span> <span class='ocrx_word' id='word_1_740' title='bbox 1689 5685 1761 5743; x_wconf 87' lang='lat' dir='ltr'><strong>Et</strong></span> 
     </span>
    </p>
   </div>
   <div class='ocr_carea' id='block_1_106' title="bbox 400 5779 941 5864">
    <p class='ocr_par' dir='ltr' id='par_1_106' title="bbox 400 5779 941 5864">
     <span class='ocr_line' id='line_1_106' title="bbox 400 5779 941 5864; baseline -0.004 -21"><span class='ocrx_word' id='word_1_741' title='bbox 400 5783 643 5864; x_wconf 61' lang='lat' dir='ltr'><strong>Panos.</strong></span> <span class='ocrx_word' id='word_1_742' title='bbox 678 5779 941 5861; x_wconf 64' lang='lat' dir='ltr'><strong>CXXXIX,</strong></span> 
     </span>
    </p>
   </div>
   <div class='ocr_carea' id='block_1_107' title="bbox 1854 4613 3468 4689">
    <p class='ocr_par' dir='ltr' id='par_1_107' title="bbox 1854 4613 3468 4689">
     <span class='ocr_line' id='line_1_107' title="bbox 1854 4613 3468 4689; baseline 0.004 -19"><span class='ocrx_word' id='word_1_743' title='bbox 1854 4615 1983 4670; x_wconf 90' lang='lat' dir='ltr'><strong>stoli</strong></span> <span class='ocrx_word' id='word_1_744' title='bbox 2009 4613 2321 4668; x_wconf 89' lang='lat' dir='ltr'><strong>luminaria</strong></span> <span class='ocrx_word' id='word_1_745' title='bbox 2346 4613 2585 4669; x_wconf 89' lang='lat' dir='ltr'><strong>addidit.</strong></span> <span class='ocrx_word' id='word_1_746' title='bbox 2630 4614 2737 4679; x_wconf 87' lang='lat' dir='ltr'><strong>Qui</strong></span> <span class='ocrx_word' id='word_1_747' title='bbox 2768 4619 3021 4689; x_wconf 90' lang='lat' dir='ltr'><strong>sepultus</strong></span> <span class='ocrx_word' id='word_1_748' title='bbox 3048 4623 3134 4674; x_wconf 85' lang='lat' dir='ltr'><strong>est</strong></span> <span class='ocrx_word' id='word_1_749' title='bbox 3174 4620 3234 4674; x_wconf 92' lang='lat' dir='ltr'><strong>in</strong></span> <span class='ocrx_word' id='word_1_750' title='bbox 3275 4622 3468 4676; x_wconf 74' lang='lat' dir='ltr'><strong>Eccle-</strong></span> 
     </span>
    </p>
   </div>
   <div class='ocr_carea' id='block_1_108' title="bbox 1854 4701 3467 4776">
    <p class='ocr_par' dir='ltr' id='par_1_108' title="bbox 1854 4701 3467 4776">
     <span class='ocr_line' id='line_1_108' title="bbox 1854 4701 3467 4776; baseline 0.003 -19"><span class='ocrx_word' id='word_1_751' title='bbox 1854 4703 1937 4757; x_wconf 90' lang='lat' dir='ltr'><strong>sia</strong></span> <span class='ocrx_word' id='word_1_752' title='bbox 1966 4704 2025 4757; x_wconf 87' lang='grc' dir='ltr'><strong>Β.</strong></span> <span class='ocrx_word' id='word_1_753' title='bbox 2067 4701 2221 4757; x_wconf 90' lang='lat' dir='ltr'><strong>Petri</strong></span> <span class='ocrx_word' id='word_1_754' title='bbox 2246 4702 2521 4774; x_wconf 86' lang='lat' dir='ltr'><strong>Apostoli.</strong></span> <span class='ocrx_word' id='word_1_755' title='bbox 2555 4704 2854 4776; x_wconf 89' lang='lat' dir='ltr'><strong>Depositus</strong></span> <span class='ocrx_word' id='word_1_756' title='bbox 2879 4709 3073 4760; x_wconf 89' lang='lat' dir='ltr'><strong>autem</strong></span> <span class='ocrx_word' id='word_1_757' title='bbox 3115 4709 3201 4760; x_wconf 89' lang='lat' dir='ltr'><strong>est</strong></span> <span class='ocrx_word' id='word_1_758' title='bbox 3233 4707 3339 4760; x_wconf 87' lang='lat' dir='ltr'><strong>sub</strong></span> <span class='ocrx_word' id='word_1_759' title='bbox 3374 4707 3467 4763; x_wconf 91' lang='lat' dir='ltr'><strong>die</strong></span> 
     </span>
    </p>
   </div>
   <div class='ocr_carea' id='block_1_109' title="bbox 1852 4789 3465 4864">
    <p class='ocr_par' dir='ltr' id='par_1_109' title="bbox 1852 4789 3465 4864">
     <span class='ocr_line' id='line_1_109' title="bbox 1852 4789 3465 4864; baseline 0 -15"><span class='ocrx_word' id='word_1_760' title='bbox 1852 4795 1941 4849; x_wconf 83' lang='lat'><strong>22.</strong></span> <span class='ocrx_word' id='word_1_761' title='bbox 1968 4806 2152 4845; x_wconf 90' lang='lat' dir='ltr'><strong>mens.</strong></span> <span class='ocrx_word' id='word_1_762' title='bbox 2183 4789 2453 4846; x_wconf 84' lang='lat' dir='ltr'><strong>Februar.</strong></span> <span class='ocrx_word' id='word_1_763' title='bbox 2493 4791 2563 4846; x_wconf 89' lang='lat' dir='ltr'><strong>Et</strong></span> <span class='ocrx_word' id='word_1_764' title='bbox 2586 4792 2824 4847; x_wconf 88' lang='lat' dir='ltr'><strong>cessavit</strong></span> <span class='ocrx_word' id='word_1_765' title='bbox 2856 4791 3226 4864; x_wconf 89' lang='lat' dir='ltr'><strong>Episcopatus</strong></span> <span class='ocrx_word' id='word_1_766' title='bbox 3250 4793 3465 4849; x_wconf 89' lang='lat' dir='ltr'><strong>mensi-</strong></span> 
     </span>
    </p>
   </div>
   <div class='ocr_carea' id='block_1_110' title="bbox 1850 4877 2379 4936">
    <p class='ocr_par' dir='ltr' id='par_1_110' title="bbox 1850 4877 2379 4936">
     <span class='ocr_line' id='line_1_110' title="bbox 1850 4877 2379 4936; baseline -0.006 0"><span class='ocrx_word' id='word_1_767' title='bbox 1850 4879 1958 4936; x_wconf 90' lang='lat' dir='ltr'><strong>bus</strong></span> <span class='ocrx_word' id='word_1_768' title='bbox 1987 4882 2071 4935; x_wconf 89' lang='grc'><strong>10.</strong></span> <span class='ocrx_word' id='word_1_769' title='bbox 2102 4877 2255 4936; x_wconf 91' lang='lat' dir='ltr'><strong>dieb.</strong></span> <span class='ocrx_word' id='word_1_770' title='bbox 2290 4881 2379 4934; x_wconf 84' lang='lat'><strong>26.</strong></span> 
     </span>
    </p>
   </div>
   <div class='ocr_carea' id='block_1_111' title="bbox 2536 4966 2760 5022">
    <p class='ocr_par' dir='ltr' id='par_1_111' title="bbox 2536 4966 2760 5022">
     <span class='ocr_line' id='line_1_111' title="bbox 2536 4966 2760 5022; baseline 0.004 -1"><span class='ocrx_word' id='word_1_771' title='bbox 2536 4966 2760 5022; x_wconf 87' lang='lat' dir='ltr'><strong>LXVIII.</strong></span> 
     </span>
    </p>
   </div>
   <div class='ocr_carea' id='block_1_112' title="bbox 1921 5055 3461 5127">
    <p class='ocr_par' dir='ltr' id='par_1_112' title="bbox 1921 5055 3461 5127">
     <span class='ocr_line' id='line_1_112' title="bbox 1921 5055 3461 5127; baseline 0 -14"><span class='ocrx_word' id='word_1_772' title='bbox 1921 5059 2269 5126; x_wconf 61' lang='lat' dir='ltr'><strong>Bomracws,</strong></span> <span class='ocrx_word' id='word_1_773' title='bbox 2308 5055 2545 5111; x_wconf 89' lang='lat' dir='ltr'><strong>natione</strong></span> <span class='ocrx_word' id='word_1_774' title='bbox 2574 5056 2888 5122; x_wconf 89' lang='lat' dir='ltr'><strong>Romanus,</strong></span> <span class='ocrx_word' id='word_1_775' title='bbox 2923 5070 2990 5108; x_wconf 83' lang='lat' dir='ltr'><strong>ex</strong></span> <span class='ocrx_word' id='word_1_776' title='bbox 3027 5056 3193 5126; x_wconf 89' lang='lat' dir='ltr'><strong>patre</strong></span> <span class='ocrx_word' id='word_1_777' title='bbox 3216 5055 3461 5127; x_wconf 89' lang='lat' dir='ltr'><strong>Joanne,</strong></span> 
     </span>
    </p>
   </div>
   <div class='ocr_carea' id='block_1_113' title="bbox 1851 5141 3462 5215">
    <p class='ocr_par' dir='ltr' id='par_1_113' title="bbox 1851 5141 3462 5215">
     <span class='ocr_line' id='line_1_113' title="bbox 1851 5141 3462 5215; baseline -0.002 -12"><span class='ocrx_word' id='word_1_778' title='bbox 1851 5148 1998 5203; x_wconf 90' lang='lat' dir='ltr'><strong>sedit</strong></span> <span class='ocrx_word' id='word_1_779' title='bbox 2018 5146 2314 5202; x_wconf 89' lang='lat' dir='ltr'><strong>mensibus</strong></span> <span class='ocrx_word' id='word_1_780' title='bbox 2327 5148 2379 5199; x_wconf 90' lang='lat'><strong>8.</strong></span> <span class='ocrx_word' id='word_1_781' title='bbox 2404 5143 2605 5199; x_wconf 82' lang='lat' dir='ltr'><strong>diebus</strong></span> <span class='ocrx_word' id='word_1_782' title='bbox 2623 5145 2710 5197; x_wconf 90' lang='lat'><strong>22.</strong></span> <span class='ocrx_word' id='word_1_783' title='bbox 2743 5142 2839 5196; x_wconf 86' lang='lat' dir='ltr'><strong>Hic</strong></span> <span class='ocrx_word' id='word_1_784' title='bbox 2870 5141 3120 5197; x_wconf 88' lang='lat' dir='ltr'><strong>obtinuit</strong></span> <span class='ocrx_word' id='word_1_785' title='bbox 3142 5143 3294 5215; x_wconf 90' lang='lat' dir='ltr'><strong>apud</strong></span> <span class='ocrx_word' id='word_1_786' title='bbox 3313 5145 3462 5201; x_wconf 86' lang='lat' dir='ltr'><strong>Pho-</strong></span> 
     </span>
    </p>
   </div>
   <div class='ocr_carea' id='block_1_114' title="bbox 1852 5229 3465 5306">
    <p class='ocr_par' dir='ltr' id='par_1_114' title="bbox 1852 5229 3465 5306">
     <span class='ocr_line' id='line_1_114' title="bbox 1852 5229 3465 5306; baseline -0.004 -14"><span class='ocrx_word' id='word_1_787' title='bbox 1852 5240 2038 5292; x_wconf 89' lang='lat' dir='ltr'><strong>catem</strong></span> <span class='ocrx_word' id='word_1_788' title='bbox 2058 5234 2409 5305; x_wconf 89' lang='lat' dir='ltr'><strong>Principem,</strong></span> <span class='ocrx_word' id='word_1_789' title='bbox 2439 5235 2502 5285; x_wconf 89' lang='lat' dir='ltr'><strong>ut</strong></span> <span class='ocrx_word' id='word_1_790' title='bbox 2525 5229 2687 5285; x_wconf 89' lang='lat' dir='ltr'><strong>sedes</strong></span> <span class='ocrx_word' id='word_1_791' title='bbox 2706 5229 3033 5301; x_wconf 83' lang='lat' dir='ltr'><strong>Apostolica</strong></span> <span class='ocrx_word' id='word_1_792' title='bbox 3055 5231 3114 5286; x_wconf 92' lang='grc' dir='ltr'><strong>Β.</strong></span> <span class='ocrx_word' id='word_1_793' title='bbox 3139 5232 3291 5287; x_wconf 86' lang='lat' dir='ltr'><strong>Petri</strong></span> <span class='ocrx_word' id='word_1_794' title='bbox 3317 5234 3465 5306; x_wconf 80' lang='lat' dir='ltr'><strong>Apo-</strong></span> 
     </span>
    </p>
   </div>
   <div class='ocr_carea' id='block_1_115' title="bbox 1852 5318 3466 5396">
    <p class='ocr_par' dir='ltr' id='par_1_115' title="bbox 1852 5318 3466 5396">
     <span class='ocr_line' id='line_1_115' title="bbox 1852 5318 3466 5396; baseline -0.001 -15"><span class='ocrx_word' id='word_1_795' title='bbox 1852 5326 1982 5381; x_wconf 89' lang='lat' dir='ltr'><strong>stoli</strong></span> <span class='ocrx_word' id='word_1_796' title='bbox 2021 5327 2193 5396; x_wconf 90' lang='lat' dir='ltr'><strong>caput</strong></span> <span class='ocrx_word' id='word_1_797' title='bbox 2218 5326 2368 5377; x_wconf 86' lang='lat' dir='ltr'><strong>esset</strong></span> <span class='ocrx_word' id='word_1_798' title='bbox 2397 5318 2664 5374; x_wconf 90' lang='lat' dir='ltr'><strong>omnium</strong></span> <span class='ocrx_word' id='word_1_799' title='bbox 2695 5318 3097 5389; x_wconf 88' lang='lat' dir='ltr'><strong>Ecclesiarum,</strong></span> <span class='ocrx_word' id='word_1_800' title='bbox 3139 5321 3275 5395; x_wconf 87' lang='lat' dir='ltr'><strong>quia</strong></span> <span class='ocrx_word' id='word_1_801' title='bbox 3302 5323 3466 5379; x_wconf 87' lang='lat' dir='ltr'><strong>sedes</strong></span> 
     </span>
    </p>
   </div>
   <div class='ocr_carea' id='block_1_116' title="bbox 1856 5406 3465 5482">
    <p class='ocr_par' dir='ltr' id='par_1_116' title="bbox 1856 5406 3465 5482">
     <span class='ocr_line' id='line_1_116' title="bbox 1856 5406 3465 5482; baseline 0 -12"><span class='ocrx_word' id='word_1_802' title='bbox 1856 5409 2492 5482; x_wconf 87' lang='lat' dir='ltr'><strong>Constantinopolitana</strong></span> <span class='ocrx_word' id='word_1_803' title='bbox 2518 5406 2771 5478; x_wconf 90' lang='lat' dir='ltr'><strong>primam</strong></span> <span class='ocrx_word' id='word_1_804' title='bbox 2802 5424 2860 5463; x_wconf 91' lang='lat' dir='ltr'><strong>se</strong></span> <span class='ocrx_word' id='word_1_805' title='bbox 2892 5408 3155 5466; x_wconf 90' lang='lat' dir='ltr'><strong>omnium</strong></span> <span class='ocrx_word' id='word_1_806' title='bbox 3193 5412 3465 5471; x_wconf 87' lang='lat' dir='ltr'><strong>Ecclesia-</strong></span> 
     </span>
    </p>
   </div>
   <div class='ocr_carea' id='block_1_117' title="bbox 1853 5494 3472 5571">
    <p class='ocr_par' dir='ltr' id='par_1_117' title="bbox 1853 5494 3472 5571">
     <span class='ocr_line' id='line_1_117' title="bbox 1853 5494 3472 5571; baseline 0.001 -12"><span class='ocrx_word' id='word_1_807' title='bbox 1853 5520 1982 5559; x_wconf 91' lang='lat' dir='ltr'><strong>rum</strong></span> <span class='ocrx_word' id='word_1_808' title='bbox 1993 5495 2792 5557; x_wconf 88' lang='lat' dir='ltr'><strong>scribebat.Constituitetiam</strong></span> <span class='ocrx_word' id='word_1_809' title='bbox 2813 5494 3112 5571; x_wconf 90' lang='lat' dir='ltr'><strong>Synodum</strong></span> <span class='ocrx_word' id='word_1_810' title='bbox 3134 5500 3194 5557; x_wconf 93' lang='lat' dir='ltr'><strong>in</strong></span> <span class='ocrx_word' id='word_1_811' title='bbox 3220 5501 3472 5562; x_wconf 82' lang='lat' dir='ltr'><strong>Ecclesia</strong></span> 
     </span>
    </p>
   </div>
   <div class='ocr_carea' id='block_1_118' title="bbox 1854 5585 3475 5668">
    <p class='ocr_par' dir='ltr' id='par_1_118' title="bbox 1854 5585 3475 5668">
     <span class='ocr_line' id='line_1_118' title="bbox 1854 5585 3475 5668; baseline 0.002 -20"><span class='ocrx_word' id='word_1_812' title='bbox 1854 5594 1917 5648; x_wconf 89' lang='lat' dir='ltr'><strong>B.</strong></span> <span class='ocrx_word' id='word_1_813' title='bbox 1956 5589 2112 5647; x_wconf 90' lang='lat' dir='ltr'><strong>Petri</strong></span> <span class='ocrx_word' id='word_1_814' title='bbox 2138 5585 2420 5664; x_wconf 77' lang='lat' dir='ltr'><strong>Apostoli,</strong></span> <span class='ocrx_word' id='word_1_815' title='bbox 2450 5585 2510 5642; x_wconf 91' lang='lat' dir='ltr'><strong>in</strong></span> <span class='ocrx_word' id='word_1_816' title='bbox 2535 5603 2651 5662; x_wconf 92' lang='lat' dir='ltr'><strong>qua</strong></span> <span class='ocrx_word' id='word_1_817' title='bbox 2675 5587 3225 5667; x_wconf 89' lang='lat' dir='ltr'><strong>sederuntEpiscopi</strong></span> <span class='ocrx_word' id='word_1_818' title='bbox 3242 5597 3329 5652; x_wconf 88' lang='lat'><strong>72.</strong></span> <span class='ocrx_word' id='word_1_819' title='bbox 3345 5611 3475 5668; x_wconf 52' lang='lat' dir='ltr'><strong>pre‘</strong></span> 
     </span>
    </p>
   </div>
   <div class='ocr_carea' id='block_1_119' title="bbox 1857 5676 3473 5760">
    <p class='ocr_par' dir='ltr' id='par_1_119' title="bbox 1857 5676 3473 5760">
     <span class='ocr_line' id='line_1_119' title="bbox 1857 5676 3473 5760; baseline 0.004 -25"><span class='ocrx_word' id='word_1_820' title='bbox 1857 5677 2072 5758; x_wconf 78' lang='lat' dir='ltr'><strong>sbyteri</strong></span> <span class='ocrx_word' id='word_1_821' title='bbox 2107 5680 2199 5741; x_wconf 88' lang='lat'><strong>30.</strong></span> <span class='ocrx_word' id='word_1_822' title='bbox 2228 5676 2457 5735; x_wconf 86' lang='lat' dir='ltr'><strong>diaconi</strong></span> <span class='ocrx_word' id='word_1_823' title='bbox 2483 5679 2539 5737; x_wconf 85' lang='lat'><strong>3.</strong></span> <span class='ocrx_word' id='word_1_824' title='bbox 2559 5679 2620 5736; x_wconf 87' lang='lat' dir='ltr'><strong>et</strong></span> <span class='ocrx_word' id='word_1_825' title='bbox 2640 5677 2828 5737; x_wconf 87' lang='lat' dir='ltr'><strong>clerus</strong></span> <span class='ocrx_word' id='word_1_826' title='bbox 2850 5678 3064 5751; x_wconf 84' lang='lat' dir='ltr'><strong>omnis,</strong></span> <span class='ocrx_word' id='word_1_827' title='bbox 3091 5682 3199 5740; x_wconf 86' lang='lat' dir='ltr'><strong>sub</strong></span> <span class='ocrx_word' id='word_1_828' title='bbox 3230 5683 3473 5760; x_wconf 45' lang='lat' dir='ltr'><strong>anathe:</strong></span> 
     </span>
    </p>
   </div>
   <div class='ocr_carea' id='block_1_120' title="bbox 3048 5781 3124 5845">
    <p class='ocr_par' dir='ltr' id='par_1_120' title="bbox 3048 5781 3124 5845">
     <span class='ocr_line' id='line_1_120' title="bbox 3048 5781 3124 5845; baseline 0.092 -7"><span class='ocrx_word' id='word_1_829' title='bbox 3048 5781 3124 5845; x_wconf 69' lang='grc'><strong>18</strong></span> 
     </span>
    </p>
   </div>
  </div>
