3862 6210
373 398 470 460 1531

1401 389 1459 453 S.
1492 392 1786 454 ABBONIS
1824 393 2112 454 ABBATIS
2148 393 2643 456 FLORIACENSIS

3585 397 3706 461 552

373 538 449 578 ne
474 517 869 594 persisterent,
899 513 1116 584 timuit,
1149 513 1404 590 fecitque
1451 516 1753 573 Silverium
1801 516 1876 573 ad
1919 534 1980 572 se
2003 526 2056 584 Α
2080 517 2350 588 Romam,
2379 518 2602 575 invenit
2630 535 2764 576 eum
2794 517 2854 576 in
2884 519 3132 578 Ecclesia
3151 519 3210 578 S.
3235 519 3459 578 Ceciliae
3483 523 3570 578 ιο.
3595 521 3715 578 Ka-

375 610 568 666 venire
588 609 647 664 in
669 607 950 680 palatium
984 605 1190 671 Pincis,
1225 608 1282 660 et
1312 605 1452 660 foris
1473 607 1708 660 retineri
1741 622 1980 661 omnem

375 701 616 755 clerum.
648 697 906 768 Cumque
933 695 1220 766 ingressus
1267 697 1414 748 esset
1437 711 1571 748 cum
1603 696 1724 749 solo
1754 693 1980 766 Vigilio,

369 788 668 844 Antonina
695 784 947 856 patritia,
972 788 1034 838 ut
1051 782 1282 853 jacebat
1314 782 1372 836 in
1402 783 1574 848 lecto,
1629 783 1828 837 videns
1854 799 1982 838 eum

374 877 546 933 dixit:
568 875 666 930 Dic
682 874 926 929 Domine
941 871 1020 925 Sil
1032 869 1193 924 vestri
1207 871 1526 942 Papa,quid
1543 870 1784 924 fecimus
1797 870 1901 925 tibi
1927 874 1984 925 et

372 964 668 1030 Romanis,
704 966 766 1016 ut
795 965 858 1016 tu
886 961 1059 1015 velles
1077 975 1181 1014 nos
1212 958 1271 1012 in
1288 974 1494 1012 manus
1521 959 1842 1013 Gothorum
1871 963 1984 1014 tra-

372 1058 509 1112 dere
527 1056 554 1110 ‘?
590 1054 790 1108 Adhuc
815 1069 884 1106 ea
909 1051 1204 1122 loquente,
1237 1048 1526 1120 ingressus
1553 1050 1806 1102 Joannes
1837 1047 1980 1103 Sub-

373 1146 650 1200 diaconus
680 1138 1042 1213 regionarius
1074 1138 1277 1209 primae
1303 1137 1452 1190 sedis
1487 1137 1618 1191 tulit
1649 1138 1888 1208 pallium
1911 1137 1981 1191 de

373 1235 520 1288 collo
544 1233 686 1302 ejus,
715 1234 773 1284 et
804 1227 962 1283 duxit
991 1226 1048 1280 in
1081 1225 1428 1292 cubiculum,
1463 1225 1560 1279 ubi
1602 1219 1979 1296 exs'poliatnm

373 1337 508 1376 eum
539 1318 728 1373 induit
756 1319 912 1372 veste
944 1313 1303 1368 monachica.
1336 1312 1519 1376 Quem
1550 1313 1729 1367 Xistus
1751 1313 1980 1368 subdia-

373 1426 551 1465 conus
581 1404 834 1478 regionis
864 1406 1034 1457 sexlae
1066 1402 1266 1456 videns
1296 1402 1668 1467 monachum,
1723 1418 1982 1472 egressus

373 1499 529 1554 foras
560 1494 853 1550 nunciavit
882 1493 952 1546 ab
981 1492 1220 1553 clerum,
1256 1489 1452 1544 dicens
1483 1505 1497 1543 :
1535 1489 1678 1553 Quia
1731 1489 1982 1544 domnus

378 1588 533 1658 Papa
555 1583 847 1654 depositus
879 1583 982 1645 est,
1017 1582 1075 1632 et
1104 1579 1286 1632 factus
1339 1581 1423 1631 est
1482 1578 1813 1632 monachus.
1874 1577 1981 1642 Qui

373 1675 695 1737 audientes,
746 1671 1020 1740 fugerunt
1050 1683 1272 1721 omnes.
1309 1665 1566 1735 Suscepit
1593 1668 1786 1720 autem
1846 1683 1979 1720 eum

373 1761 610 1833 Vigilius
627 1755 1134 1814 archidiaconusin
1159 1770 1261 1806 sua
1281 1753 1445 1824 quasi
1489 1752 1686 1818 ﬁde,et
1734 1753 1892 1806 misit
1921 1752 1980 1807 in

2080 607 2233 662 lend.
2264 608 2534 664 Decemb.
2565 612 2690 664 erat
2712 609 2868 665 enim
2902 611 3024 666 dies
3042 610 3251 666 natalis
3275 611 3418 682 ejus.
3443 609 3552 675 Qui
3577 627 3714 666 mu-

2083 713 2224 751 nera
2237 697 2533 769 erogando
2547 697 2619 752 ad
2640 700 2918 770 populum
2936 702 3196 772 repertus
3209 703 3315 768 est,
3334 703 3394 756 et
3406 699 3714 772 depositus

2082 785 2155 839 ad
2177 784 2468 856 Tyberim,
2511 786 2830 860 missusque
2884 787 2942 842 in
2973 789 3201 856 navim;
3246 805 3424 860 quem
3455 788 3634 860 plebs
3652 789 3717 843 et

2081 873 2327 946 populus
2347 873 2714 944 sequebatur,
2748 875 3078 942 clamando,
3096 879 3158 930 ut
3179 875 3510 931 orationem
3538 875 3619 930 ab
3639 891 3714 930 eo

2081 961 2388 1032 acciperet.
2425 963 2491 1016 Et
2521 962 2657 1017 data
2707 963 2994 1025 oratione,
3034 963 3175 1019 dixit
3205 963 3400 1019 omnis
3428 963 3713 1036 populus,

2080 1051 2286 1104 Amen.
2321 1050 2388 1105 Et
2419 1053 2580 1105 mota
2610 1054 2694 1104 est
2717 1051 2896 1105 navis.
2941 1051 3215 1106 Videntes
3246 1051 3515 1117 Romani,
3542 1051 3716 1123 quod

2082 1140 2242 1192 mota
2267 1141 2352 1192 est
2372 1138 2552 1200 navis,
2577 1137 2635 1192 in
2666 1155 2780 1210 qua
2799 1139 3035 1194 sedebat
3065 1139 3322 1211 Vigilius,
3347 1142 3486 1194 tunc
3511 1156 3720 1211 popu-

2082 1226 2167 1280 lus
2197 1226 2369 1296 coepit
2397 1229 2526 1297 post
2551 1243 2684 1281 eum
2705 1226 2927 1296 jactare
2945 1227 3183 1299 lapides,
3211 1227 3411 1290 fustes,
3434 1227 3714 1292 cacabos,

2083 1317 2140 1368 et
2170 1313 2359 1368 dicere
2389 1331 2401 1367 :
2437 1314 2636 1368 Fames
2667 1316 2765 1368 tua
2795 1317 3011 1382 tecum,
3032 1315 3354 1370 mortalitas
3369 1317 3714 1373 tuatecum.

2082 1403 2232 1456 male
2255 1402 2434 1456 fecisti
2465 1419 2596 1456 cum
2631 1403 2923 1470 Romanis,
2951 1404 3101 1458 male
3119 1403 3489 1458 inveniasubi
3513 1402 3712 1458 vadis.

2082 1491 2148 1544 Et
2173 1489 2409 1562 quidem
2443 1493 2730 1544 amatores
2759 1489 2880 1560 ejus
2905 1490 3082 1544 secuti
3111 1494 3242 1544 sunt
3261 1507 3395 1546 eum
3425 1491 3496 1546 de
3515 1491 3718 1545 Eccle-

2081 1579 2184 1632 sia.
2219 1578 2326 1642 Qui
2376 1577 2668 1649 ingressus
2725 1577 2978 1632 Siciliam
3035 1578 3096 1633 in
3139 1579 3364 1634 civitate
3405 1579 3717 1634 Catinensi

2083 1665 2393 1738 permissus
2412 1670 2497 1720 est
2513 1666 2701 1720 facere
2722 1667 3151 1722 ordinationem
3179 1683 3283 1738 per
3303 1683 3576 1722 mensem
3603 1669 3719 1722 De-

2082 1754 2270 1808 cemb.
2304 1755 2665 1826 presbyteros
2696 1757 2754 1809 et
2777 1755 3068 1810 diaconos.
3106 1756 3183 1809 Ex
3213 1755 3418 1826 quibus
3444 1758 3716 1810 retrans-
3779 1764 3792 1771 “

375 1849 605 1904 exilium
631 1848 688 1900 in
712 1848 1019 1909 Ponzas,ac
1033 1841 1368 1903 sustentavit
1399 1857 1533 1894 eum
1559 1857 1710 1911 pane
1741 1841 1979 1896 tribula-
2005 1835 2057 1894 B
2082 1842 2591 1897 misitRomamAm
2603 1842 2840 1915 pliatum
2854 1843 3250 1914 presbyterum
3265 1843 3712 1900 vicedominum

377 1937 552 1992 tionis
603 1939 661 1988 et
690 1949 840 2004 aqua
869 1929 1172 2001 angustiae.
1225 1927 1330 1992 Qui
1361 1927 1634 1982 deﬁciens
1690 1929 1984 1983 confessor

371 2029 632 2081 mortuus
663 2025 768 2087 est,
790 2024 847 2074 et
875 2019 1130 2090 sepultus
1151 2017 1209 2071 in
1241 2016 1452 2071 eodem
1473 2017 1598 2071 loco
1644 2018 1981 2072 l2.Kalend.

369 2115 477 2169 Jul.
499 2111 694 2182 ibique
727 2109 1018 2162 salvantur
1050 2104 1290 2162 inﬁrmi.
1324 2104 1390 2158 Et
1421 2103 1657 2158 cessavit
1681 2104 1986 2176 Episcopa-

372 2205 464 2257 tus
487 2199 608 2256 dies
637 2203 691 2256 ὃ.

1127 2282 1252 2335 LXI.

443 2373 967 2440 ViclLius,natione
997 2371 1384 2435 Romanus,ex
1414 2372 1577 2440 patre
1598 2369 1819 2423 Joanne
1839 2368 1985 2424 Con-

375 2470 518 2528 sule,
549 2463 697 2519 sedit
724 2461 896 2516 annis
930 2462 1014 2512 l7.
1046 2457 1338 2510 mensibus
1359 2459 1410 2509 6.
1447 2456 1646 2510 diebus
1669 2456 1986 2512 26.Eodem

381 2559 645 2625 tempore
676 2547 992 2604 Belesarius
1018 2544 1312 2599 commisit
1339 2544 1556 2598 bellum
1583 2547 1784 2598 contra
1813 2544 1987 2598 Vuiti-

379 2657 516 2715 gem
543 2654 740 2709 regem
755 2637 1274 2703 Gotliorum,quem
1291 2631 1614 2701 fugientem
1637 2635 1808 2686 noctu
1831 2632 1979 2686 inse-

379 2733 543 2787 cutus
573 2729 659 2782 est
680 2727 930 2780 Joannes
958 2721 1224 2792 Magister
1247 2719 1611 2786 militum,cui
1637 2737 1985 2792 cognomen-

381 2823 503 2873 tum
529 2812 1027 2886 Sanguinarius,et
1050 2809 1236 2862 tenuit
1251 2825 1406 2874 eum,
1426 2808 1774 2880 adduxitque
1789 2809 1860 2864 ad
1885 2811 1982 2865 Be-

385 2905 686 2968 lesarium,
711 2901 805 2973 qui
842 2897 1247 2971 pei‘duxiteum
1263 2896 1366 2950 sub
1387 2901 1748 2952 sacramento
1765 2899 1983 2953 salvum

383 2994 458 3050 ad
509 2993 927 3062 Imperatorem
963 2984 1347 3040 Justinianum
1389 2984 1969 3057 Constantinopolim.

384 3082 569 3146 Quem
617 3078 941 3148 Imperator
966 3070 1415 3142 fecit'patritium
1437 3073 1494 3126 et
1521 3071 1794 3126 comitem
1824 3076 1985 3127 trans

381 3168 650 3239 misitque
671 3167 834 3237 juxta
891 3163 1037 3216 ﬁnes
1067 3163 1392 3226 Persarum,
1423 3157 1520 3213 ubi
1546 3158 1722 3214 vitam
1781 3160 1982 3215 finivit.

382 3256 639 3312 Beleario
660 3268 793 3306 vero
825 3266 997 3321 egere
1028 3247 1240 3320 gratias
1267 3249 1585 3318 Imperator
1604 3251 1662 3300 et
1708 3249 1980 3320 Augusta,

385 3350 446 3402 et
475 3344 826 3400 remiserunt
847 3356 980 3394 eum
1000 3338 1058 3392 in
1071 3337 1346 3402 Africam,
1376 3353 1504 3408 quas
1527 3336 1760 3391 redacta
1781 3338 1983 3393 estsub

384 3433 700 3506 republica,
731 3430 1034 3484 interfecto
1055 3427 1158 3482 sub
1187 3426 1320 3481 dolo
1347 3425 1502 3498 pacis
1527 3424 1830 3499 [Gundaro]
1851 3427 1983 3481 Vni-

383 3523 599 3580 marith
629 3536 767 3591 rege
813 3515 1232 3577 Vandolorum,
1295 3514 1418 3579 Quo
1450 3517 1714 3584 tempore
1763 3515 1988 3586 scripsit

379 3609 681 3666 Tbeodora
705 3609 959 3677 Augusta
985 3603 1058 3658 ad
1078 3603 1344 3674 Vigilium
1368 3604 1578 3672 Papam
1597 3618 1610 3656 :
1629 3603 1768 3657 Veni
1800 3603 1987 3657 adim-

384 3701 476 3774 ple
511 3695 699 3761 nobis,
732 3710 860 3764 qua:
877 3708 1062 3763 prona
1087 3691 1382 3746 voluntate
1395 3689 1708 3759 promisisti
1730 3691 1802 3744 de
1825 3693 1988 3762 patre

384 3790 582 3844 nostro
603 3781 939 3846 Anthemio,
971 3782 1030 3832 et
1054 3795 1258 3832 revoca
1283 3793 1417 3830 eum
1437 3777 1495 3830 in
1520 3778 1772 3832 ofﬁcium
1795 3795 1985 3833 suum.

382 3875 470 3932 Ad
491 3875 614 3928 haec
644 3869 933 3940 rescripsit
957 3866 1194 3936 Vigilius
1216 3864 1408 3919 :Absit
1423 3865 1531 3919 hoc
1551 3883 1585 3920 a
1611 3881 1725 3932 me,
1741 3866 1990 3922 Domina

380 3963 655 4033 Augusta.
689 3957 853 4012 Prius
879 3956 1098 4008 locutus
1143 3969 1268 4006 sum
1310 3952 1462 4005 male
1515 3956 1572 4006 et
1629 3953 1984 4024 insipienter,

384 4049 562 4106 modo
589 4050 783 4100 autem
816 4042 973 4096 nullo
1002 4039 1176 4094 modo
1201 4039 1302 4092 tibi
1335 4039 1688 4108 conentiam,
1720 4044 1784 4095 ut
1829 4058 1988 4098 revo-

382 4153 511 4193 cem
525 4132 824 4188 hominem
839 4127 1175 4182 haereticum
1191 4127 1830 4184 etanathematizatum.
1863 4130 1986 4194 Quo

381 4225 429 4281 si
451 4215 979 4291 indignusvicarius
999 4230 1126 4268 sum
1147 4213 1213 4268 B.
1237 4213 1389 4268 Petri
1407 4215 1986 4288 Apostoli,quomodo

384 4312 623 4368 fuerunt
651 4309 1040 4362 antecessores
1071 4302 1186 4356 mei
1219 4303 1587 4371 sanctissimi,
1619 4305 1894 4377 Agapitus
1931 4310 1989 4362 et

2083 1947 2268 1995 suum,
2301 1933 2360 1984 et
2387 1931 2754 1984 Valentinum
2775 1931 3118 2003 Episcopum
3141 1931 3216 1986 ad
3245 1931 3305 1987 S.
3324 1931 3630 1997 Ruﬁnam,
3652 1934 3714 1986 et

2087 2018 2414 2073 Secundum
2446 2018 2518 2072 ad
2567 2019 3011 2073 custodiendum
3043 2019 3357 2084 Lateranis,
3401 2024 3460 2072 et
3484 2020 3714 2090 guber-

2090 2105 2347 2160 nandum
2371 2106 2610 2160 clerum.
2630 2105 2734 2170 Qui
2754 2107 3094 2161 valefaciens
3119 2105 3388 2162 omnibus
3408 2105 3715 2178 ingressus

2089 2197 2174 2249 est
2204 2193 2761 2266 Constantinopolim
2788 2195 2847 2249 in
2876 2194 3080 2266 Vigilia
3109 2194 3341 2250 Domini
3368 2195 3554 2249 nostri
3577 2196 3714 2249 Jasu

2091 2282 2319 2337 Christi.
2354 2282 2537 2346 Quem
2589 2281 2787 2336 obvius
2828 2284 3149 2354 Imperator
3177 2284 3464 2338 osculatus
3490 2285 3608 2349 est,
3658 2285 3716 2336 et

2087 2370 2260 2442 capit
2284 2371 2444 2437 ﬁere,
2470 2387 2535 2424 ac
2567 2370 2729 2442 plebs
2756 2369 2858 2424 illa
2888 2371 3169 2442 psallebat
3192 2373 3325 2426 ante
3347 2386 3488 2425 eum
3520 2385 3712 2443 usque

2087 2459 2161 2514 ad
2194 2457 2495 2512 Ecclesiam
2531 2457 2588 2512 S.
2635 2457 2884 2528 Sophim.
2940 2456 3080 2513 Ecce
3123 2459 3348 2514 advenit
3395 2458 3716 2515 dominator

2085 2547 2367 2612 Dominus,
2401 2550 2510 2600 etc.
2535 2547 2644 2601 Per
2673 2545 2970 2600 biennium
2998 2545 3155 2601 enim
3177 2546 3409 2602 fuerant
3426 2545 3691 2603 intentio

2087 2653 2189 2690 nes
2203 2635 2273 2688 de
2291 2638 2330 2688 Α
2344 2653 2378 2688 n
2389 2633 2606 2688 themio
2620 2633 2968 2706 patriarcha,
2985 2633 3355 2689 ostendentes
3365 2633 3712 2691 cautionem

2087 2740 2294 2778 manus
2323 2722 2466 2792 ejus,
2488 2739 2602 2794 qua
2625 2721 2969 2792 promiserat
2989 2738 3122 2776 eum
3141 2722 3486 2776 revocarein
3510 2723 3712 2778 locum

2084 2829 2274 2867 suum.
2308 2810 2420 2865 Sed
2450 2809 2684 2882 Vigilius
2721 2809 2906 2880 magis
2935 2809 3266 2864 desiderans
3293 2810 3466 2877 mori,
3525 2828 3708 2883 quam

2083 2900 2294 2965 vivere,
2331 2899 2654 2953 nullatenus
2679 2897 2858 2953 voluit
2881 2897 2963 2952 eis
2982 2897 3332 2964 consentire,
3359 2901 3419 2952 et
3447 2897 3598 2952 dixit
3617 2900 3712 2956 :Ut

2085 2989 2270 3054 video,
2303 3005 2420 3042 non
2445 3003 2538 3041 me
2569 2986 2832 3041 fecerunt
2852 2985 3048 3040 venire
3071 2985 3146 3040 ad
3174 3001 3232 3040 se
3260 2985 3630 3042 Justinianus
3654 2991 3712 3042 et

2080 3076 2403 3143 Theodora,
2434 3075 2533 3129 sed
2564 3073 2949 3130 Diocletianus
2975 3078 3034 3128 et
3050 3072 3396 3128 Eleutheria.
3423 3073 3622 3129 Facite
3648 3078 3712 3129 ut

2082 3164 2266 3230 vultis,
2301 3163 2481 3235 digna
2509 3161 2842 3218 enimfactis
2859 3161 3267 3234 recipio.’l‘unc
3289 3161 3449 3216 dedit
3467 3162 3710 3235 alapam

2084 3262 2142 3317 in
2175 3251 2380 3304 faciem
2413 3251 2537 3320 ejus
2583 3248 2841 3320 quidam,
2873 3247 3069 3303 dicens
3101 3265 3114 3302 :
3150 3248 3472 3315 Homicida,
3520 3251 3710 3306 nescis

2083 3339 2284 3410 quibus
2311 3337 2599 3410 loqueris?
2625 3335 2828 3405 nescis,
2860 3335 2994 3408 quia
3015 3335 3315 3392 Silverium
3352 3337 3577 3408 Papam
3611 3355 3708 3394 oc-

2085 3426 2300 3482 cidisti?
2325 3431 2385 3480 et
2413 3425 2594 3479 ﬁlium
2627 3424 2885 3478 mulleris
2901 3423 3085 3478 viduae
3116 3423 3362 3478 calcibus
3379 3428 3437 3478 et
3452 3424 3710 3480 fustibus

2085 3514 2448 3570 interfecisti?
2471 3515 2627 3568 Tunc
2658 3511 2882 3582 fugiens
2903 3511 2962 3566 in
2983 3511 3276 3566 basilicam
3298 3511 3708 3583 S.Euphemia3

2086 3602 2274 3658 tenuit
2303 3604 2633 3657 columnam
2667 3599 2880 3653 altaris.
2901 3599 3008 3663 Qui
3029 3602 3243 3654 tractus
3264 3600 3336 3654 ab
3375 3616 3467 3666 ea,
3495 3604 3556 3654 et
3583 3601 3704 3672 eje-

2087 3696 2210 3745 ctus
2234 3689 2370 3745 foris
2397 3687 2728 3758 Ecclesiam,
2749 3687 3011 3742 fecerunt
3041 3687 3194 3742 mitti
3225 3687 3429 3742 funem
3457 3687 3520 3742 in
3552 3690 3704 3744 collo

2088 3780 2232 3850 ejus,
2264 3782 2322 3832 et
2357 3780 2654 3830 traxerunt
2679 3793 2810 3830 eum
2839 3792 2944 3846 per
2989 3779 3172 3831 totam
3199 3775 3489 3830 civitatem
3521 3793 3706 3850 usque

2088 3867 2160 3922 ad
2191 3882 2512 3938 vesperum.
2544 3865 2700 3918 Tunc
2730 3863 2936 3918 missus
2977 3866 3063 3918 est
3105 3863 3164 3918 in
3197 3863 3546 3932 custodiam,
3607 3864 3704 3919 ubi

2087 3954 2375 4009 dabantur
2427 3953 2479 4008 ei
2510 3952 2734 4007 modice
2763 3951 2930 4024 panis
2959 3953 3020 4006 et
3046 3967 3216 4023 aqua.
3251 3951 3448 4006 Clerus
3499 3955 3702 4006 autem

2087 4043 2402 4109 Romanus,
2435 4041 2533 4114 qui
2570 4057 2701 4096 cum
2731 4056 2800 4096 eo
2837 4042 2982 4106 erat,
3016 4039 3223 4095 missus
3242 4043 3330 4094 est
3357 4039 3416 4094 in
3459 4039 3703 4094 exilium

2085 4146 2188 4204 per
2211 4130 2431 4184 diversa
2463 4130 2697 4184 metalla
2723 4127 3052 4182 incidenda.
3069 4127 3225 4182 Tunc
3250 4125 3419 4182 Gothi
3443 4142 3582 4181 cum
3599 4142 3702 4182 suo

2084 4235 2222 4288 rege
2237 4217 2490 4284 Bandua,
2506 4215 2797 4290 quiTotila
2810 4215 3267 4289 nuncupabatur,
3282 4214 3700 4270 descendentes

2089 4308 2332 4362 Romam
2360 4307 2710 4362 obsederunt
2739 4322 2890 4372 eam,
2924 4309 2982 4360 et
2996 4304 3149 4360 facta
3164 4306 3250 4359 est
3275 4303 3464 4359 fames
3490 4302 3555 4358 in
3571 4302 3700 4358 civi-

383 4397 677 4463 Silverius,
704 4393 802 4466 qui
829 4407 960 4446 eum
983 4389 1329 4446 damnavere
1351 4391 1379 4445 ‘2
1397 4392 1551 4446 Tunc
1591 4393 1834 4448 Romani
1857 4411 1988 4466 sug-
2011 4400 2062 4458 D
2086 4401 2203 4452 tate
2227 4397 2508 4464 Romana,
2528 4399 2589 4450 ut
2609 4395 2782 4450 etiam
2805 4399 2974 4449 natos
2989 4408 3120 4448 suos
3137 4393 3350 4450 vellent
3365 4392 3696 4448 comedere.

383 4487 708 4564 gesserunt,
743 4479 898 4554 quod
927 4478 1168 4534 consilio
1211 4479 1400 4550 Vigilii
1455 4481 1746 4551 depositus
1795 4483 1992 4538 fuisset

383 4574 675 4640 Silverius,
710 4568 1078 4633 mandantes,
1109 4567 1244 4639 quia
1258 4569 1410 4622 male
1428 4569 1546 4640 agit
1562 4586 1692 4625 cum
1719 4571 1990 4626 Romanis

382 4664 559 4723 servis
612 4661 745 4728 tuis,
777 4662 836 4714 et
884 4673 1016 4712 cum
1048 4655 1170 4727 ipsa
1201 4655 1365 4726 plebe
1398 4660 1497 4712 tua
1530 4673 1542 4712 :
1575 4657 1652 4712 sic
1705 4660 1860 4714 enim
1905 4664 1991 4714 est

383 4754 651 4820 furiosus,
675 4754 736 4805 ut
765 4749 931 4804 daret
965 4747 1193 4816 alapam
1225 4745 1451 4800 notario
1477 4763 1600 4813 suo,
1629 4747 1726 4819 qui
1754 4764 1884 4803 mox
1905 4765 1994 4803 ca-

383 4848 529 4904 dens
553 4841 628 4898 ad
668 4839 842 4912 pedes
872 4837 995 4908 ejus
1017 4833 1313 4908 expiravit.
1367 4835 1511 4888 Item
1542 4835 1701 4889 dedit
1755 4841 1988 4910 neptem

380 4949 546 4991 suam
565 4927 827 5001 Vigiliam
842 4923 1106 4980 Astherio
1127 4921 1356 4978 Consuli
1375 4921 1492 4977 ﬁlio
1518 4922 1986 4992 mulierisviduaa,

381 5037 556 5096 quem
588 5017 724 5074 fecit
745 5013 932 5070 teneri
964 5015 1154 5079 nocte,
1188 5013 1247 5065 et
1274 5009 1500 5065 tamdiu
1519 5010 1684 5078 caedi,
1712 5013 1990 5082 quamdiu

379 5111 558 5167 vitam
589 5103 933 5168 ﬁniret.Quo
951 5101 1430 5170 audito,Augusta
1445 5097 1602 5152 misit
1613 5099 1987 5154 Anthemium

381 5198 722 5256 Scribonem
747 5208 882 5247 cum
911 5190 1122 5245 virtute
1144 5189 1350 5259 majori
1365 5187 1439 5242 ad
1471 5188 1738 5255 Romam,
1763 5187 1984 5244 dicens:

383 5289 628 5358 Excepto
671 5283 730 5338 in
755 5279 992 5336 basilica
1037 5277 1094 5332 S.
1130 5277 1302 5342 Petri,
1337 5291 1526 5347 parce,
1586 5279 1884 5344 caeterum,
1940 5277 1984 5332 si

380 5376 442 5430 in
468 5367 970 5432 Lateranis,autin
1003 5365 1238 5437 palatio,
1269 5363 1441 5418 autin
1455 5363 1712 5435 qualibet
1741 5365 1988 5420 Ecclesia

380 5461 666 5517 inveneris
682 5453 1312 5528 Vigilium,impositum
1329 5467 1460 5506 mox
1480 5452 1608 5506 navi
1621 5453 1836 5524 perduc
1851 5470 1983 5510 eum

382 5549 455 5603 ad
477 5563 598 5602 nos.
623 5545 790 5610 Quod
823 5541 926 5596 nisi
950 5540 1169 5606 feceris,
1203 5555 1307 5610 per
1334 5539 1621 5595 viventem
1673 5541 1732 5594 in
1777 5543 1983 5598 saecula

381 5633 654 5690 excoriari
677 5637 733 5686 te
759 5629 993 5684 faciam.
1029 5626 1494 5691 QuiAntliemius
1517 5627 1716 5684 Scribe
1745 5629 1979 5687 veniens

2089 4485 2349 4550 Quadam
2394 4483 2589 4556 itaque
2642 4483 2734 4538 die
2761 4481 2997 4538 intravit
3042 4497 3141 4535 rex
3194 4481 3440 4535 Romam
3469 4496 3505 4533 a
3531 4483 3700 4553 porta

2090 4576 2147 4630 S.
2182 4573 2363 4642 Pauli,
2396 4571 2708 4627 indictione
2743 4574 2807 4626 I3
2837 4574 2896 4626 et
2923 4569 3201 4625 habitavit
3235 4585 3368 4624 cum
3395 4569 3696 4635 Romanis,

2091 4663 2248 4736 quasi
2283 4664 2448 4732 pater
2467 4677 2597 4715 cum
2627 4659 2776 4714 ﬁliis.
2811 4657 3058 4724 Quidam
3080 4674 3212 4714 vero
3235 4657 3306 4712 de
3323 4656 3699 4714 Senatoribus

2090 4751 2380 4823 fugientes
2408 4747 2649 4820 ingressi
2676 4751 2809 4802 sunt
2833 4744 3414 4818 Constantinopolim,
3439 4748 3500 4800 et
3529 4761 3694 4801 vene-

2089 4842 2227 4893 runt
2242 4837 2314 4892 ad
2332 4839 2746 4909 Imperatorem
2798 4833 2995 4889 afﬂicti
3015 4837 3074 4888 et
3099 4831 3358 4888 desolati.
3385 4831 3543 4897 Quos
3560 4849 3697 4888 con-

2088 4927 2300 4980 solatus
2321 4929 2406 4979 est
2430 4926 2769 4995 Imperator,
2785 4921 3010 4977 etmisit
3023 4922 3326 4976 Narsetum
3356 4921 3696 4976 Eunuchum

2089 5017 2146 5070 et
2175 5013 2586 5068 cubicularium
2612 5028 2779 5066 suum
2824 5010 2882 5064 in
2915 5009 3160 5064 Italiam.
3193 5009 3292 5064 Cui
3323 5009 3460 5064 data
3505 5026 3699 5081 pugna

2087 5119 2218 5158 cum
2250 5101 2444 5157 Gothis
2473 5099 2708 5156 donavit
2756 5101 2902 5154 Deus
2931 5097 3250 5163 victoriam,
3281 5099 3340 5152 et
3368 5099 3586 5152 occisus
3612 5101 3699 5169 est

2086 5207 2184 5246 rex
2212 5194 2270 5245 et
2299 5188 2608 5244 multitudo
2630 5187 2944 5242 Gothorum
2977 5185 3281 5240 interfecta
3298 5188 3405 5242 est.
3421 5185 3580 5238 Tunc
3593 5185 3698 5240 ad-

2087 5281 2292 5334 unatus
2323 5278 2506 5332 clerus
2558 5274 2783 5346 rogavit
2810 5274 3126 5338 Narsetem,
3159 5275 3222 5327 ut
3249 5289 3366 5326 una
3411 5289 3544 5328 cum
3575 5273 3698 5344 ejus

2084 5367 2454 5439 suggestione
2478 5367 2713 5437 rogaret
2745 5361 3089 5432 Principem,
3107 5363 3171 5416 ut
3194 5360 3238 5415 si
3267 5360 3457 5416 adhuc
3487 5359 3697 5416 viveret

2083 5455 2318 5527 Vigilius
2346 5455 2522 5525 Papa,
2555 5455 2652 5507 aut
2676 5447 3021 5522 Presbyteri,
3045 5465 3145 5504 seu
3177 5448 3428 5517 diaconi,
3457 5450 3543 5504 vel
3580 5449 3692 5504 cle-

2084 5561 2201 5610 rus,
2225 5543 2319 5614 qui
2353 5559 2481 5596 cum
2513 5540 2720 5596 eodem
2764 5538 2952 5594 fuerat
2981 5536 3039 5591 in
3069 5536 3300 5592 exilium
3335 5537 3690 5608 deportatus,

2082 5633 2484 5688 reverteretur.
2506 5627 2780 5701 Suscepta,
2803 5625 3083 5683 relatione
3113 5624 3382 5693 Narsetis,
3402 5625 3493 5682 vel
3507 5622 3689 5681 cuncti
