3862 6210
139 375 231 432 353

1115 358 1544 425 EXCERP’I‘UM
1585 366 1675 423 DE
1713 356 1947 424 GESTIS
1984 364 2149 425 ROM.
2192 366 2395 425 PON’I‘.

3316 372 3427 433 554

144 492 257 549 cleri
283 487 512 547 Romani
543 489 703 546 latus
732 485 966 544 effectus
991 492 1076 544 est
1105 491 1426 560 Imperator
1472 491 1529 543 et
1579 504 1706 543 om-
1724 491 1780 551 Α
1808 490 2198 545 sanctissimus
2231 490 2467 563 quidem
2505 490 2755 544 Joannes
2786 488 3062 546 habitavit
3087 494 3269 551 multo
3290 498 3433 553 tem-

145 571 227 636 nes
257 579 437 651 inclyti
465 580 610 651 ejus,
640 595 703 633 eo
735 579 891 650 quod
946 577 1209 650 requiem
1267 577 1517 632 dedisset
1563 578 1710 632 Deus
1811 594 1951 649 pore
1984 579 2043 632 in
2073 578 2356 634 cimiterio
2392 579 2737 634 Sanctorum
2766 578 3007 635 Tiburtii
3038 584 3094 635 et
3117 582 3428 640 Valeriani.

143 668 398 725 Romanis.
431 668 553 721 Mox
586 666 759 729 misit,
791 681 895 738 per
923 666 1146 720 diversa
1176 666 1322 729 loca,
1354 665 1453 720 ubi
1482 665 1713 719 fuerant

142 756 419 813 inexilium
465 754 771 827 deportati,
828 755 888 809 in
946 754 1130 826 Gypso
1191 756 1249 809 et
1278 755 1625 821 Proconeso,
1658 756 1716 807 et

142 844 282 917 jussit
305 846 432 898 ante
460 858 520 898 se
542 842 736 897 venire
766 844 1107 914 Imperator,
1143 842 1339 897 dicens
1366 842 1447 895 eis
1484 857 1496 895 :
1537 840 1715 895 Vultis

141 933 357 1005 recipere
380 931 670 1002 Vigilium,
700 934 764 986 ut
793 931 902 985 fuit
925 931 1080 1001 Papa
1108 935 1313 999 vester,
1341 948 1414 985 an
1442 930 1721 984 archidia-

145 1038 323 1077 conum
352 1023 601 1073 vestrum
630 1018 947 1090 Pelagium,
980 1022 1038 1074 et
1071 1035 1279 1074 manus
1317 1035 1448 1073 mea
1487 1018 1598 1073 erit
1624 1034 1718 1072 vo-

140 1110 344 1166 hiscum.
374 1106 818 1179 Responderunt
842 1123 1045 1162 omnes
1077 1123 1091 1162 :
1125 1108 1375 1176 Imperet
1421 1106 1568 1161 Deus
1594 1105 1716 1178 pie-

140 1198 221 1252 tati
246 1200 364 1263 tuae,
389 1198 451 1249 ut
474 1195 741 1249 restituat
769 1194 938 1250 nobis
968 1196 1143 1250 modo
1168 1195 1521 1267 Vigilium,et
1539 1209 1718 1266 quan-

142 1286 200 1341 do
221 1282 444 1340 voluerit
470 1298 607 1338 eum
633 1283 781 1338 Deus
809 1283 1057 1338 transire
1086 1284 1156 1338 de
1180 1284 1289 1337 hoc
1319 1284 1547 1349 smculo,
1581 1286 1717 1337 tunc

140 1389 247 1427 cum
271 1374 448 1426 vestra
498 1370 891 1442 praeceptione
954 1371 1203 1426 donetur
1240 1370 1406 1426 nobis
1454 1370 1718 1441 Pelagius

141 1465 304 1517 noster
346 1459 800 1515 archidiaconus.
851 1461 1004 1514 Tunc
1061 1459 1280 1515 dimisit
1328 1476 1533 1515 omnes
1584 1476 1716 1515 cum

139 1549 330 1621 Vigilio,
358 1552 414 1602 et
439 1551 727 1602 venerunt
766 1546 1021 1603 Siciliam
1069 1548 1129 1602 in
1160 1548 1445 1603 civitatem
1476 1549 1715 1620 Syracu-

140 1636 217 1705 sis,
236 1637 324 1692 ubi
348 1637 597 1691 afﬂictus
641 1636 839 1691 calculi
870 1637 1070 1691 dolore
1116 1640 1380 1692 mortuus
1409 1640 1511 1691 est.
1546 1637 1717 1708 Cujus

139 1740 310 1796 corpus
336 1725 681 1780 translatum
713 1727 797 1778 est
829 1726 1095 1793 Romam,
1129 1729 1187 1780 et
1224 1726 1477 1797 sepultus
1519 1729 1606 1779 est
1645 1725 1718 1780 ad

140 1813 186 1868 S.
209 1814 537 1880 Marcellum,
570 1813 665 1867 via
696 1813 935 1869 Salaria.
964 1815 1034 1868 Et
1072 1813 1309 1869 cessavit
1352 1813 1718 1886 Episcopatus

138 1918 330 1957 menses
349 1905 378 1958 3
403 1905 461 1956 et
488 1901 618 1956 dies
642 1905 694 1957 5.

854 1991 990 2046 LXII

196 2081 460 2146 Pmcms,
489 2078 736 2135 natione
762 2080 1080 2146 Romanus,
1110 2094 1177 2133 ex
1198 2080 1360 2151 patre
1374 2079 1597 2135 Joanne
1627 2078 1718 2133 Vi-

140 2167 352 2232 cariano,
374 2168 522 2223 sedit
549 2167 726 2223 annis
776 2170 832 2222 11
883 2167 1176 2222 mensibus
1240 2171 1324 2235 10,
1384 2166 1585 2222 diebus
1633 2169 1717 2222 18.

143 2255 312 2324 Quem,
332 2255 466 2312 dum
480 2273 609 2312 non
638 2259 829 2312 essent
848 2256 1129 2327 Episcopi,
1155 2256 1250 2327 qui
1292 2272 1425 2311 eum
1482 2256 1722 2312 ordina-

141 2347 263 2411 rent,
284 2361 346 2397 eo
373 2345 529 2417 quod
561 2344 878 2399 multitudo
917 2344 1317 2415 religiosorum
1348 2345 1718 2417 sapientium,

143 2434 189 2486 et
210 2432 471 2488 nobilium
494 2433 854 2487 subduxerat
872 2449 931 2487 se
953 2449 988 2486 a
1006 2433 1419 2488 communione
1450 2434 1593 2505 ejus,
1637 2432 1720 2487 di-

142 2533 268 2586 cens,
288 2521 414 2593 quia
441 2522 501 2575 in
535 2523 733 2575 morte
762 2520 951 2591 Vigilii
982 2521 1149 2591 Papae
1192 2537 1251 2574 se
1291 2520 1626 2588 immiscuit,
1660 2522 1725 2574 ut

142 2608 287 2662 tantis
312 2610 491 2681 paruis
524 2609 912 2680 afﬂigeretur,
966 2608 1380 2663 ordinaverunt
1425 2609 1536 2663 duo
1594 2609 1722 2681 Epi-

144 2696 292 2767 scopi,
311 2697 564 2752 Joannes
595 2696 667 2751 de
686 2695 941 2764 Perusia,
969 2699 1029 2751 et
1058 2698 1246 2751 Bonus
1286 2697 1355 2751 de
1394 2697 1722 2766 Ferentino,

143 2786 188 2836 et
207 2785 443 2841 Andreas
469 2786 781 2858 presbyter
805 2785 875 2854 de
907 2784 1117 2839 Hostia.
1151 2786 1295 2840 Nam
1324 2802 1442 2840 non
1493 2789 1617 2840 erat
1665 2786 1725 2841 in

143 2872 267 2928 clero
309 2875 394 2929 vel
424 2873 823 2941 monasteriis,
857 2873 953 2945 qui
984 2876 1174 2945 posset
1200 2874 1545 2945 promoveri.
1571 2875 1729 2930 Tunc

145 2958 315 3016 Narses
338 2966 395 3016 et
419 2961 698 3033 Pelagius
746 2963 903 3033 Papa
932 2962 1171 3017 consilio
1208 2963 1351 3017 inito
1380 2966 1609 3034 sumpta
1638 2963 1730 3018 Li-

145 3050 275 3105 tania
299 3068 332 3105 a
357 3052 414 3107 S.
448 3050 765 3107 Pancratio
790 3067 920 3104 cum
962 3050 1192 3122 hymnis
1221 3054 1278 3106 et
1303 3052 1539 3106 canticis
1565 3052 1728 3125 spiri-

146 3138 357 3193 tualibus
376 3141 669 3195 venerunt
726 3138 801 3193 ad
857 3138 915 3194 S.
976 3141 1210 3194 Petrum
1246 3141 1603 3211 Apostolum,
1635 3141 1733 3195 ubi

147 3223 271 3279 idem
295 3228 443 3299 Papa
470 3231 690 3282 tenens
716 3226 1023 3298 Evangelia
1044 3230 1102 3281 et
1120 3242 1346 3281 crucem
1381 3227 1611 3282 Domini
1641 3246 1733 3283 su-

148 3327 231 3382 per
255 3320 415 3388 caput
444 3332 622 3371 suum
649 3314 709 3369 in
738 3315 1052 3370 ambonem
1075 3316 1351 3383 ascendit,
1379 3320 1435 3370 et
1464 3316 1738 3371 satisfecit

150 3405 351 3473 populo,
382 3405 521 3476 quia
554 3404 783 3459 nullum
809 3404 1030 3458 malum
1066 3403 1379 3476 peregisset
1416 3408 1619 3460 contra
1642 3404 1737 3459 Vi-

1814 667 2016 722 Narses
2034 684 2165 722 vero
2194 669 2439 722 Romam
2472 666 2761 737 ingressus
2806 672 2938 739 post
2987 670 3238 725 multum
3283 675 3434 727 tem-

1816 755 1972 826 poris
1998 759 2259 810 mortuus
2308 758 2411 811 est.
2446 756 2849 811 Sanctissimus
2894 774 3125 829 quoque
3179 759 3433 816 Joannes

1817 847 1875 896 et
1903 844 2021 916 ipse
2053 848 2318 900 mortuus
2356 846 2609 916 sepultus
2650 848 2734 900 est
2780 845 2841 899 in
2880 846 3110 901 basilica
3167 848 3226 905 Β.
3279 850 3433 905 Petri

1818 933 2088 1003 Apostoli.
2120 934 2187 988 Et
2217 933 2452 989 cessavit
2477 933 2845 1007 Episcopatus
2875 935 3169 991 mensibus
3203 940 3288 994 10.
3319 937 3435 993 die-

1816 1020 1922 1075 bus
1953 1023 2007 1081 3.

2530 1094 2708 1153 LXIV.

1894 1180 2246 1249 BENEDIC’I’US,
2266 1182 2501 1238 natione
2525 1184 2912 1254 Romanus,de
2929 1189 3091 1257 patre
3111 1188 3430 1258 Bonifacio,

1817 1267 1966 1321 sedit
1996 1268 2164 1324 annis
2193 1272 2247 1324 4.
2273 1287 2473 1325 mense
2499 1275 2548 1326 1.
2583 1272 2782 1328 diebus
2805 1279 2893 1330 29.
2929 1276 3144 1331 Eodem
3167 1280 3429 1350 tempore

1817 1371 1961 1426 gens
1992 1358 2503 1428 Langobardorum
2532 1360 2736 1415 invasit
2768 1379 3003 1419 omnem
3062 1365 3306 1433 Italiam,
3353 1366 3430 1421 si-

1817 1446 2053 1517 mulque
2112 1450 2169 1500 et
2197 1448 2381 1503 fames
2413 1449 2595 1505 nimia
2624 1452 2788 1519 adeo,
2822 1455 2885 1506 ut
2916 1454 3089 1508 etiam
3122 1455 3429 1511 multitudo

1816 1537 2135 1590 castrorum
2154 1553 2211 1590 se
2239 1538 2492 1593 traderet
2522 1540 2933 1612 Langobardis,
2992 1546 3053 1597 ut
3104 1547 3431 1619 temperare

1816 1627 2052 1694 possent
2080 1625 2151 1679 ab
2174 1625 2372 1697 inopia
2398 1628 2586 1683 famis.
2607 1632 2668 1683 In
2690 1630 2809 1685 istis
2831 1632 3025 1704 itaque
3060 1633 3352 1688 laboribus
3375 1637 3434 1688 et

1817 1711 2223 1767 afﬂictionibus
2276 1715 2492 1785 positus
2524 1719 2914 1774 sanctissimus
2956 1723 3111 1793 Papa
3168 1726 3432 1779 mortuus

1818 1802 1924 1863 est,
1956 1803 2013 1854 et
2038 1803 2290 1872 sepultus
2313 1802 2370 1855 in
2404 1805 2463 1858 Β.
2496 1806 2649 1860 Petri
2689 1809 2943 1878 Apostoli
2994 1810 3228 1865 basilica
3252 1811 3312 1865 in
3343 1827 3431 1866 se-

1747 1872 1799 1931 B
1816 1888 2153 1943 cretario.Et
2168 1872 2780 1965 cessavitEpiscopatus
2800 1911 3029 1952 menses
3050 1899 3100 1952 3.
3118 1898 3239 1953 dies
3272 1902 3358 1956 10.

2542 1980 2693 2036 LXV.

1892 2066 2182 2135 PELAGIUS,
2215 2067 2451 2123 natione
2496 2069 2809 2139 Romanus,
2838 2072 2909 2127 de
2942 2075 3105 2144 patre
3140 2074 3430 2146 Unigildo,

1821 2152 1968 2208 sedit
1996 2155 2164 2208 annis
2194 2159 2277 2211 10.
2312 2172 2499 2211 mens.
2548 2161 2600 2213 2.
2635 2158 2786 2216 dieb.
2840 2164 2924 2215 10.
2977 2160 3075 2216 Hic
3133 2162 3436 2220 ordinatur

1822 2242 2036 2313 absque
2062 2242 2319 2313 jussione
2350 2245 2653 2317 Principis,
2672 2263 2740 2301 eo
2762 2248 2917 2320 quod
2941 2249 3272 2306 obsiderent
3298 2251 3433 2306 civi-

1820 2334 1999 2386 tatem
2020 2333 2342 2387 Romanam
2374 2334 2759 2406 Langobardi,
2816 2338 2914 2410 qui
2973 2338 3196 2395 Italiam
3253 2342 3438 2397 multa

1822 2421 2135 2477 vastatione
2158 2423 2527 2482 infestabant.
2559 2426 2732 2497 Cujus
2744 2428 3103 2499 temporibus
3114 2432 3289 2485 tanta:
3308 2432 3437 2504 plu-

1822 2509 1927 2564 viae
1954 2510 2208 2577 fuerunt,
2242 2514 2304 2565 ut
2333 2528 2535 2567 omnes
2564 2513 2842 2583 dicerent,
2874 2516 3011 2587 quia
3042 2532 3206 2589 aqum.
3239 2518 3437 2574 diluvii

1824 2599 2443 2670 superinundaverunt,
2462 2604 2521 2656 et
2537 2604 2666 2657 talis
2680 2604 2871 2659 clades
2892 2606 3021 2673 fuit,
3038 2608 3436 2679 qualemasas-

1825 2690 1951 2743 culo
1981 2690 2169 2743 nullus
2194 2690 2462 2745 meminit
2492 2691 2683 2748 fuisse.
2718 2694 2817 2749 Hic
2841 2699 3102 2750 mortuus
3129 2700 3235 2768 est,
3266 2700 3325 2753 et
3348 2714 3437 2754 se-

1826 2780 2017 2850 pultus
2038 2779 2109 2832 ad
2133 2780 2189 2833 Β.
2213 2781 2448 2835 Petrum
2472 2783 2830 2853 Apostolum.
2860 2786 2927 2840 Et
2949 2786 3186 2842 cessavit
3200 2788 3434 2860 Episco-

1827 2870 1992 2940 patus
2019 2884 2248 2924 menses
2277 2874 2328 2926 3.
2362 2870 2483 2926 dies
2498 2875 2586 2927 25.

2548 2961 2721 3018 LXVI.

1899 3047 2227 3116 Gnaconws,
2261 3049 2497 3105 natione
2527 3051 2840 3121 Romanus,
2864 3070 2931 3108 ex
2962 3055 3445 3127 patreGordiano,

1832 3137 1979 3192 sedit
2006 3137 2173 3191 annis
2202 3142 2286 3194 13.
2312 3155 2499 3194 mens.
2529 3145 2583 3196 6.
2607 3141 2808 3197 diebus
2844 3148 2928 3198 10.
2956 3145 3054 3199 Hic
3073 3146 3334 3218 exposuit
3348 3146 3450 3202 ho-

1835 3226 2024 3280 milias
2062 3227 2526 3298 Evangeliorum,
2554 3232 2613 3283 et
2641 3232 2823 3285 multa
2857 3231 2990 3303 alia,
3028 3250 3155 3305 quae
3207 3250 3449 3290 enume-

1835 3330 1966 3368 rare
1996 3330 2112 3369 non
2148 3330 2471 3385 possumus,
2504 3316 2829 3390 adjecitque
2890 3319 2950 3373 in
3016 3337 3260 3377 canone.
3324 3322 3454 3378 Dte:

1836 3410 2039 3457 nostros
2062 3404 2118 3454 in
2147 3408 2240 3456 tua
2264 3419 2397 3473 pace
2425 3404 2662 3475 dispone,
2690 3409 2796 3460 etc.
2821 3406 2965 3462 Misit
2985 3408 3161 3463 etiam
3176 3410 3454 3482 praedica-

152 3487 644 3564 gilium,petiitque
671 3491 1027 3559 conﬁrmari,
1054 3495 1119 3546 ut
1155 3491 1200 3545 si
1232 3492 1360 3564 quis
1414 3493 1509 3547 ille
1550 3495 1636 3547 est
1677 3492 1738 3547 in
1769 3499 1816 3559 C
1838 3505 1993 3557 tores
2027 3491 2099 3544 ad
2131 3492 2369 3560 gentem
2395 3492 2749 3562 Anglorum,
2778 3494 2874 3566 qui
2913 3511 3011 3550 eos
3055 3493 3459 3554 converterent

151 3583 317 3635 sancta
365 3581 627 3637 Ecclesia
665 3581 740 3635 ab
768 3579 1007 3635 Ostiario
1034 3597 1215 3652 usque
1239 3581 1313 3636 ad
1338 3581 1582 3652 gradum
1611 3581 1739 3653 Epi-

150 3668 297 3739 scopi,
327 3685 519 3743 neque
544 3684 651 3740 per
683 3685 902 3737 aurern,
958 3686 1146 3747 neque
1183 3685 1288 3740 per
1341 3670 1562 3742 aliquas
1608 3687 1739 3743 pro-

1841 3579 1914 3633 ad
1972 3578 2283 3634 Dominum
2331 3579 2501 3634 Jasuu
2557 3579 2867 3636 Christum.
2920 3583 3170 3637 Domum
3226 3601 3457 3658 quoque

1841 3684 2005 3721 suam
2030 3667 2448 3723 monasterium
2472 3668 2904 3734 constituit.Qui
2922 3674 3184 3727 mortuus
3202 3674 3461 3744 sepultus

150 3754 419 3813 missiones
442 3757 743 3835 proﬁciat,
774 3757 911 3829 quia
934 3756 1328 3812 Simoniacum
1356 3761 1459 3813 est.
1488 3760 1743 3814 Mortuus
1844 3759 1929 3811 est
1954 3755 2027 3810 ad
2056 3757 2116 3810 Β.
2150 3757 2386 3811 Petrum
2417 3757 2752 3829 Apostolum
2791 3761 2926 3813 ante
2952 3759 3335 3816 Secretarium
3366 3761 3459 3818 die

149 3846 218 3897 est
240 3848 423 3901 autem
450 3848 514 3902 et
543 3846 803 3917 sepultus
832 3844 894 3899 in
923 3844 1157 3900 basilica
1187 3846 1245 3899 Β.
1279 3845 1431 3900 Petri
1459 3847 1737 3919 Apostoli.

150 3928 204 3982 Et
226 3935 449 3991 cessavit
478 3933 860 4006 Episcopatus
897 3949 1128 3988 menses
1162 3937 1215 4003 2,
1245 3933 1365 3989 dies
1399 3938 1487 3990 25.

852 4022 1029 4077 LXIII.

203 4108 451 4180 Icum-:5,
480 4130 553 4170 ex
580 4115 746 4186 patre
776 4111 1073 4165 Anastasio
1112 4110 1337 4179 illustri,
1378 4111 1526 4167 sedit
1571 4113 1741 4168 annis

152 4199 220 4255 l2.
255 4204 550 4259 mensibus
591 4203 678 4255 11.
713 4199 865 4254 dieb.
895 4201 984 4257 26.
1018 4200 1095 4254 Eo
1126 4202 1389 4272 tempore
1439 4202 1628 4255 Heruli
1679 4202 1738 4256 in

147 4282 417 4346 Tharsiam
447 4291 765 4357 venerunt,
788 4288 971 4343 levato
1003 4305 1173 4360 super
1189 4306 1248 4343 se
1278 4305 1416 4361 rege
1439 4289 1737 4358 Sindaldo,

150 4378 197 4428 et
216 4382 558 4447 premebant
585 4380 852 4432 cunctam
868 4377 1109 4431 Italiam.
1136 4378 1346 4432 Contra
1372 4394 1515 4450 quos
1537 4379 1742 4434 Narses

147 4478 613 4540 egressus,regem
635 4482 836 4521 eorum
853 4464 1476 4533 interfecit,etomnem
1504 4470 1741 4538 gentem

1846 3848 1932 3901 l2.
1950 3844 2167 3901 mensis
2197 3845 2403 3901 Martii.
2434 3845 2501 3900 Et
2516 3845 2753 3901 cessavit
2768 3847 3132 3921 Episcopatus
3154 3865 3383 3906 menses
3401 3854 3455 3908 5.

1842 3933 1962 3988 dies
1988 3937 2072 3990 19.

2558 4023 2756 4080 LXVII.

1912 4113 2274 4183 SABINIANUS,
2303 4111 2539 4168 natione
2559 4114 2786 4170 Tuscus.
2822 4115 2892 4171 de
2918 4115 3142 4172 civitate
3171 4118 3357 4188 Blera,
3389 4135 3459 4177 ex

1839 4206 2003 4274 patre
2030 4203 2207 4269 Bono,
2230 4202 2376 4257 sedit
2402 4218 2623 4256 annum
2651 4207 2698 4257 1.
2730 4220 2960 4259 menses
2989 4209 3040 4260 5.
3083 4206 3204 4262 dies
3234 4212 3287 4265 9.
3332 4207 3458 4274 Quo

1840 4294 2105 4363 tempore
2129 4289 2237 4344 fuit
2259 4290 2442 4344 fames
2460 4290 2647 4361 gravis
2684 4291 2744 4346 in
2771 4292 2996 4348 civitate
3032 4295 3314 4352 Romana.
3345 4296 3455 4362 Qui

1839 4378 1990 4433 facta
2014 4393 2153 4449 pace
2184 4394 2314 4431 cum
2348 4381 2520 4449 gente
2551 4378 3065 4451 Langobardorum
3078 4383 3248 4455 jussit
3267 4385 3454 4455 aperi-

1840 4467 1888 4521 ri
1917 4468 2127 4521 horrea
2155 4466 2417 4521 Ecclesiae
2464 4470 2521 4521 et
2566 4469 2881 4524 venumdari
2908 4470 3203 4527 frumenta
3226 4489 3330 4545 pro
3362 4489 3459 4529 so-

145 4552 472 4627 subjugavit.
508 4552 914 4610 Deindesimili
930 4554 1104 4609 modo
1119 4554 1440 4625 Immingus
1471 4558 1529 4609 et
1553 4555 1742 4610 Bucel-
1768 4572 1816 4632 D
1840 4553 1954 4609 lido
1988 4570 2103 4607 uno
2134 4554 2361 4608 modios
2392 4556 2477 4609 30.
2522 4554 2620 4609 Hic
2649 4555 2708 4610 in
2749 4557 2997 4614 Ecclesia
3026 4560 3085 4616 Β.
3110 4560 3264 4616 Petri
3304 4564 3456 4636 Apo-

146 4636 287 4708 lenus
313 4643 489 4700 duces
516 4644 873 4699 Francorum
901 4643 1248 4715 premebant
1268 4644 1508 4712 Italiam,
1524 4644 1623 4699 sed
1640 4661 1739 4699 au-

145 4727 355 4788 xiliante
385 4732 666 4802 Domino,
699 4734 758 4786 et
787 4729 894 4804 ipsi
930 4747 965 4786 a
993 4732 1225 4786 Narsete
1269 4731 1555 4787 interfecti
1584 4736 1733 4789 sunt.

147 4815 379 4894 Cumque
410 4821 515 4878 tali
568 4822 778 4877 eventu
827 4819 1105 4892 gauderet
1132 4823 1253 4876 tota
1280 4821 1460 4889 Italia,
1493 4820 1738 4877 Romani

148 4902 337 4965 invidia
385 4910 541 4966 ducti
573 4910 987 4981 suggessernnt
1042 4908 1363 4965 Justiniano
1397 4912 1457 4964 et
1502 4909 1737 4966 Sufﬂnaa

154 4992 546 5073 [Sophia],quia
562 4996 841 5054 Romanis
861 4996 1049 5068 magis
1069 4997 1550 5069 expetieratGotis
1564 4999 1735 5055 servi-

150 5096 203 5135 1⁵6
228 5100 394 5158 quam
423 5084 652 5154 Graecis,
701 5084 801 5140 ubi
858 5084 1061 5140 Narses
1108 5084 1412 5142 Eunuchus
1466 5085 1732 5160 imperat.

153 5168 297 5234 Quod
310 5175 509 5231 Narses
530 5174 774 5231 audiens
801 5173 871 5229 de
889 5172 1075 5229 Roma
1087 5173 1242 5228 venit
1258 5174 1658 5247 Campaniam,
1683 5180 1740 5232 et

152 5255 459 5334 indignatus
487 5262 717 5336 scripsit
743 5262 902 5334 genti
931 5262 1468 5335 Langobardorum,
1495 5268 1561 5320 ut
1589 5266 1740 5321 veni-

152 5353 287 5413 rent,
306 5355 361 5406 et
371 5353 733 5425 possiderent
748 5351 1137 5417 Italiam.Quze
1150 5350 1367 5421 omnia,
1400 5355 1740 5426 utcognovit

149 5433 381 5496 Joannes
418 5445 593 5515 Papa,
625 5441 867 5497 festinus
891 5440 1045 5496 venit
1068 5440 1388 5514 Neapolim,
1411 5446 1469 5497 et
1493 5444 1743 5500 obtinuit

152 5527 440 5600 aNarsete,
454 5534 519 5587 ut
536 5533 922 5587 reverteretur
936 5531 1217 5587 Romam:
1251 5530 1350 5604 qui
1391 5532 1590 5588 relicta
1629 5533 1739 5589 Ita-

1841 4642 1969 4697 stoli
1996 4640 2309 4695 luminaria
2334 4641 2572 4696 addidit.
2616 4642 2723 4707 Qui
2755 4648 3008 4718 sepultus
3035 4652 3121 4703 est
3160 4649 3220 4703 in
3263 4650 3455 4706 Eccle-

1840 4729 1923 4785 sia
1952 4730 2012 4784 B.
2054 4728 2207 4783 Petri
2233 4730 2507 4801 Apostoli.
2541 4731 2841 4804 Depositus
2865 4738 3060 4789 autem
3101 4738 3187 4789 est
3220 4736 3326 4790 sub
3361 4737 3454 4793 die

1839 4822 1927 4876 22.
1954 4833 2138 4872 mens.
2169 4816 2439 4873 Februar.
2480 4819 2549 4873 Et
2572 4820 2811 4875 cessavit
2843 4820 3213 4893 Episcopatus
3238 4823 3452 4879 mensi-

1837 4906 1945 4963 bus
1973 4909 2058 4962 10.
2089 4904 2242 4963 dieb.
2277 4908 2366 4961 26.

2522 4994 2747 5050 LXVIII.

1907 5085 2255 5153 Bomrscws,
2294 5081 2531 5138 natione
2560 5084 2875 5151 Romanus,
2910 5099 2977 5137 ex
3016 5085 3179 5155 patre
3203 5084 3448 5157 Joanne,

1838 5174 1985 5230 sedit
2005 5174 2301 5228 mensibus
2314 5174 2366 5226 8.
2391 5170 2592 5226 diebus
2610 5173 2696 5225 22.
2728 5170 2826 5224 Hic
2857 5170 3106 5226 obtinuit
3129 5173 3281 5244 apud
3299 5174 3449 5229 Pho-

1838 5267 2025 5320 catem
2045 5262 2396 5334 Principem,
2427 5262 2488 5315 ut
2513 5259 2673 5315 sedes
2692 5258 3020 5330 Apostolica
3041 5260 3101 5316 Β.
3126 5261 3279 5316 Petri
3303 5263 3452 5335 Apo-

1839 5353 1969 5409 stoli
2008 5354 2180 5423 caput
2205 5355 2355 5406 esset
2384 5349 2651 5405 omnium
2682 5347 3084 5418 Ecclesiarum,
3126 5349 3262 5424 quia
3288 5351 3452 5407 sedes

1843 5440 2479 5511 Constantinopolitana
2506 5440 2757 5512 primam
2789 5455 2847 5493 se
2879 5438 3140 5495 omnium
3178 5441 3451 5499 Ecclesia-

1839 5547 1969 5587 rum
1980 5526 2779 5583 scribebat.Constituitetiam
2801 5526 3099 5602 Synodum
3121 5530 3181 5586 in
3207 5531 3458 5591 Ecclesia

153 5611 242 5683 lia,
267 5634 368 5689 pro
397 5638 510 5694 qua
535 5619 702 5677 valde
742 5620 1121 5688 laboraverat,
1180 5618 1742 5695 Constantinopolim
1840 5621 1903 5675 B.
1943 5616 2099 5673 Petri
2124 5614 2408 5689 Apostoli,
2436 5614 2495 5671 in
2521 5634 2637 5690 qua
2661 5617 3461 5696 sederuntEpiscopi72.pr&

155 5702 330 5763 redire
356 5705 704 5766 decreverat.
728 5708 965 5783 Utrique
1002 5724 1143 5786 ergo
1196 5709 1412 5771 reversi
1461 5714 1617 5770 sunt.
1675 5713 1748 5770 Et
1844 5704 2058 5783 sbyteri
2093 5707 2186 5768 30.
2215 5702 2443 5761 diaconi
2470 5706 2526 5763 3.
2546 5706 2606 5762 et
2626 5705 2815 5762 clerus
2837 5708 3051 5780 omnis,
3078 5712 3187 5768 sub
3216 5710 3459 5787 anatheg

390 5807 628 5887 Pri-non.
663 5805 928 5887 CXXXIX,
3036 5808 3111 5873 18
