3862 6210
430 375 539 438 Β59

1477 368 1547 430 ‘s.
1587 319 1882 463 AB'BONIS
1914 365 2201 430 ABBATIS
2241 360 2742 431 FLORIACENCIS

3602 385 3691 446 360

437 499 562 554 lum
592 497 696 552 sub
735 495 827 550 die
863 497 918 550 4.
951 493 1140 549 Nonas
1167 491 1298 548 Jun.
1327 491 1396 548 Et
1423 493 1660 548 cessavit
1678 493 2046 566 Episcopatus
2066 497 2123 558 Α
2147 485 2410 550 instituit.
2447 495 2617 566 Cujus
2643 493 3004 566 temporibus
3027 493 3268 554 Ecclesia
3290 499 3571 573 Ravennae,
3591 521 3694 577 qua:

439 602 644 642 mense
677 588 728 640 1.
766 583 968 639 diebus
996 582 1091 655 28]

1115 688 1382 745 LXXVIII.

508 801 858 866 VITALIANCS,
906 795 1140 852 natione
1213 793 1540 866 Segnensis,
1607 810 1675 848 ex
1752 793 2048 866 provincia

439 887 788 961 Campaniae,
850 901 918 939 ex
971 887 1135 958 patre
1181 882 1502 946 Anastasio,
1561 881 1708 936 sedit
1759 882 1926 936 annis
1959 885 2042 936 14.

438 977 734 1034 mensibus
763 980 814 1032 6.
847 973 944 1027 Hic
967 971 1172 1027 direxit
1200 971 1562 1042 responsales
1605 987 1737 1024 suos
1773 987 1904 1024 cum
1936 970 2052 1041 Sy—

437 1067 648 1122 nodica
665 1066 830 1136 juxta
874 1060 1355 1116 consuetudinem
1387 1059 1448 1112 in
1498 1057 1720 1129 regiam
1747 1058 1952 1112 urbem
1981 1057 2054 1111 ad

435 1153 724 1227 piissimus
751 1149 1066 1220 Principes,
1095 1146 1426 1218 signiﬁcans
1448 1145 1632 1200 desua
1662 1143 2049 1200 ordinatione.

436 1241 608 1313 Cujus
665 1237 1021 1310 temporibus
1075 1235 1231 1290 venit
1297 1233 1706 1289 Constantinus
1759 1233 2044 1304 Augustus

433 1333 705 1396 Romam,
729 1327 1022 1397 susceptus
1053 1323 1124 1378 ab
1151 1323 1361 1378 eodem
1401 1321 1673 1393 Papa,cui
1705 1324 1761 1375 et
1786 1319 2057 1388 occurrit,

437 1417 757 1474 indictione
789 1416 966 1479 sexta,
999 1411 1197 1484 quinto
1234 1410 1504 1464 milliario
1529 1411 1601 1464 ab
1630 1408 2060 1478 urbe.Cumque

437 1525 544 1581 per
575 1503 883 1561 duodecim
916 1501 1038 1556 dies
1089 1500 1146 1554 in
1169 1499 1397 1553 civitate
1436 1499 1701 1552 Romana
1730 1497 2059 1551 demoratus

440 1615 546 1673 per
569 1597 790 1652 diversa
810 1595 932 1649 loca
947 1590 1196 1666 plurima
1216 1590 1370 1644 dona
1387 1586 1910 1654 obtulisset,omnia
1930 1603 2057 1657 quae

441 1689 608 1742 erant
635 1685 697 1739 in
729 1699 842 1738 aere
873 1681 944 1735 ad
973 1681 1245 1734 ornatum
1274 1676 1519 1731 civitatis
1547 1673 1830 1745 deposuit.
1857 1673 1970 1728 Sed
2000 1677 2059 1727 et

447 1772 760 1830 Ecclesiam
793 1769 848 1825 S.
876 1769 1066 1824 Mnus;
1089 1767 1161 1822 ad
1205 1766 1476 1835 Martyres
1515 1763 1721 1834 tegulis
1747 1761 1910 1816 aereis
1941 1760 2060 1816 dis-

441 1861 761 1933 cooperuit,
811 1862 870 1912 et
929 1872 1062 1910 cum
1121 1853 1244 1908 aliis
1283 1853 1454 1907 rebus
1485 1851 1545 1905 in
1575 1850 1798 1922 regiam
1852 1849 2056 1904 urbem

443 1949 674 2007 direxit.
707 1949 982 2002 Reversus
1014 1946 1208 1998 autem
1234 1941 1489 1996 Siciliam
1522 1939 1798 1995 habitavit
1815 1937 2056 2008 Syracu-

441 2040 536 2106 sis,
569 2037 667 2092 ubi
688 2037 831 2090 tales
859 2031 1201 2088 afflictiones
1217 2030 1430 2102 populo
1450 2027 1878 2099 provinciarum
1900 2026 2058 2080 Cala-

441 2123 840 2192 brize,Siciliae,
872 2121 1100 2188 Africae,
1130 2121 1216 2173 vel
1259 2117 1537 2174 Sardiniae
1586 2132 1690 2189 per
1717 2115 2054 2186 diagrapba,

442 2234 540 2272 seu
567 2214 756 2286 capita
785 2215 958 2284 atque
1010 2207 1428 2264 nauticationes
1457 2203 1757 2276 imposuit,
1799 2205 1994 2276 quales
2023 2219 2058 2258 a

444 2305 651 2360 saeculo
708 2315 1011 2372 nunquam
1046 2298 1279 2352 fuerant
1326 2295 1558 2360 auditae,
1614 2293 1881 2347 auferens
1925 2308 2058 2346 vasa

450 2410 634 2463 sacra,
669 2391 756 2445 vel
789 2387 1004 2443 cimilia
1033 2387 1361 2440 sanctarum
1385 2384 1482 2437 DEI
1513 2381 1915 2436 Ecclesiarum.
1951 2377 2058 2444 Qui

442 2479 819 2555 postmodum
850 2479 912 2530 15
937 2475 1027 2528 die
1051 2471 1266 2527 mensis
1294 2469 1947 2540 Julii,perindictionem
1968 2473 2053 2526 12.

446 2569 706 2642 proditus
752 2566 813 2618 in
860 2564 1068 2617 balneo
1123 2560 1338 2615 occisus
1403 2562 1507 2613 est.
1560 2558 1765 2613 Secuta
1815 2561 1900 2612 est
1941 2561 2056 2614 sta-

444 2658 552 2712 tim
583 2671 740 2710 mors
789 2648 1131 2706 sanctissimi
1185 2646 1468 2713 Vitaliani,
1530 2645 1627 2718 qui
1681 2647 1934 2716 sepultus
1971 2650 2058 2702 est

447 2747 522 2802 ad
565 2745 623 2800 S.
675 2743 911 2798 Petrum
969 2738 1308 2809 Apostolum
1372 2735 1474 2790 sub
1533 2734 1626 2790 die
1701 2737 1752 2790 6.
1811 2736 2052 2792 Kalend.

441 2835 718 2892 Februar.
776 2830 846 2898 Et
904 2826 1144 2882 cessavit
1213 2825 1581 2896 Episcopatus
1647 2823 1942 2880 mensibus
1996 2827 2051 2882 2.

441 2924 645 2981 diebus
679 2924 764 2977 13.

1147 3003 1362 3062 LXXIX.
1380 3053 1385 3057 .

510 3123 858 3184 Annonarcs,
905 3112 1142 3170 natione
1174 3113 1488 3178 Romanus,
1531 3127 1599 3164 ex
1619 3107 1937 3177 monachis,
1983 3124 2050 3164 ex
2079 3100 2127 3161 C

441 3212 606 3282 patre
633 3206 892 3272 Joviano,
919 3202 1068 3258 sedit
1105 3200 1271 3256 annis
1298 3202 1349 3254 4.
1385 3199 1634 3256 mensib.
1688 3203 1740 3255 2.
1773 3197 1972 3252 diebus
1993 3201 2046 3252 5.

439 3297 630 3369 Hujus
661 3293 1012 3366 temporibus
1029 3287 1452 3360 Mezentius,qui
1480 3289 1607 3342 erat
1633 3286 1694 3340 in
1717 3284 2048 3342 Siciliacum

441 3383 692 3440 exercitu
744 3379 1022 3437 Orientali
1078 3380 1309 3450 arrepto
1359 3392 1542 3447 regno
1581 3374 1949 3442 intarzizavit,
1991 3377 2050 3428 et

440 3474 720 3529 exercitus
759 3469 935 3526 Italian
970 3483 1076 3540 per
1131 3467 1353 3522 diversa
1383 3464 1552 3536 fugit,
1595 3479 1890 3536 quousque
1931 3465 2048 3519 D30

443 3561 754 3618 auxiliante
806 3559 962 3614 idem
1015 3557 1398 3626 interemptus
1453 3555 1558 3622 est,
1603 3555 1662 3606 et
1715 3555 1887 3626 caput
1928 3552 2050 3622 ejus

441 3652 666 3707 intarta
706 3647 1270 3718 Constantinopolim
1306 3645 1674 3715 perductum.
1729 3644 1864 3697 Post
1891 3657 2050 3712 cujus

436 3744 690 3796 mortem
721 3737 1025 3794 Sarraceni
1047 3734 1301 3791 Siciliam
1342 3731 1739 3799 obtinuerunt,
1771 3733 1830 3785 et
1855 3729 2050 3785 multis

439 3829 658 3897 occisis,
687 3824 933 3899 populus
954 3825 1016 3879 in
1045 3821 1361 3886 montanis,
1403 3836 1502 3874 seu
1533 3819 1593 3873 in
1623 3818 1822 3874 castris
1846 3818 2050 3874 confu-

441 3917 603 3990 gium
637 3915 795 3972 fecit.
827 3913 912 3992 Illi
943 3927 1077 3967 vero
1132 3907 1342 3963 reversi
1400 3906 1808 3962 Alexandriam
1854 3923 2048 3962 secum

439 4006 898 4080 asportaverunt,
921 4017 1050 4072 quae
1079 4015 1112 4052 a
1131 3997 1356 4052 civitate
1377 3997 1640 4050 Romana
1659 3995 1792 4051 illuc
1821 3997 2047 4070 navigio

441 4094 677 4149 fuerant
705 4091 912 4144 delata.
941 4085 1255 4142 Przedictus
1281 4101 1514 4156 quoque
1543 4084 1936 4141 sanctissimus
1966 4086 2050 4142 vir

443 4181 654 4238 casalia
671 4175 1032 4248 conquisivit,
1064 4177 1122 4228 et
1141 4173 1199 4228 in
1230 4173 1345 4227 vita
1367 4189 1470 4228 sua
1514 4173 1799 4228 Abbatem
1824 4178 1882 4230 et
1907 4192 2046 4230 con-

440 4267 841 4342 gregationem
864 4263 1081 4320 ibidem
1095 4261 1403 4318 constituit.
1429 4262 1731 4333 Postcujus
1743 4263 2048 4320 transitum

440 4360 618 4413 tantae
640 4354 847 4428 pluvia:
873 4355 930 4408 et
951 4352 1207 4408 tonitrua
1224 4350 1480 4420 fuerunt,
1503 4351 1695 4422 qualia
1724 4353 1882 4407 nulla
1910 4356 2048 4408 tetas

441 4445 806 4504 meminit.Et
833 4443 938 4498 nisi
962 4459 1066 4514 per
1096 4440 1379 4509 Letanias,
1397 4457 1522 4512 quae
1539 4440 1792 4514 quotidie
1809 4442 2046 4507 ﬁebant,

440 4536 721 4592 Dominus
744 4532 1086 4606 pr0pitiatus
1112 4529 1549 4598 esset,homines
1569 4532 1847 4600 etpecora
1868 4529 2046 4586 inter-

437 4626 610 4682 irent.
638 4621 1087 4680 Renascentibus
1111 4636 1340 4692 quoque
1359 4618 1746 4691 leguminibus
1776 4618 1966 4674 denuo
1985 4619 2045 4674 in

437 4713 655 4786 campis
671 4714 908 4786 pr0pter
935 4709 1144 4766 nimias
1156 4707 1375 4781 pluvias
1395 4707 1474 4762 nil
1503 4707 1724 4762 triturae
1746 4706 1804 4760 in
1833 4707 2046 4763 horrea

435 4801 754 4858 recondere
785 4799 1072 4856 valebant.
1097 4797 1364 4868 Sepultus
1377 4799 1574 4851 autem
1588 4794 2046 4852 estbeatissimus

433 4891 760 4947 Adeodatus
787 4890 863 4946 ad
911 4889 969 4946 S.
1001 4889 1236 4944 Petrum
1281 4885 1621 4956 Apostolum
1686 4885 1789 4940 sub
1843 4885 1934 4940 die
1991 4890 2044 4944 6.

433 4981 562 5037 Idus
610 4981 720 5036 Jul.
777 4980 846 5033 Et
896 4975 1134 5033 cessavit
1189 4975 1562 5048 Episcopatus
1627 4972 1925 5030 mensibus
1987 4974 2042 5031 4.

431 5069 634 5126 diebus
670 5071 754 5123 15.

1145 5170 1336 5226 LXXX.

497 5283 708 5348 Bonus,
739 5278 976 5334 natione
1001 5278 1318 5344 Romanus,
1349 5291 1418 5331 ex
1447 5275 1613 5347 patre
1641 5273 1925 5342 Mauritio,
1955 5290 2048 5330 se-

433 5370 516 5426 dit
543 5385 696 5424 anno
725 5371 776 5424 1.
801 5367 1097 5422 mensibus
1117 5370 1168 5422 6.
1203 5365 1402 5420 diebus
1443 5365 1529 5418 10.
1561 5361 1659 5416 Ηίο
1699 5363 1958 5436 repperit
1987 5363 2044 5418 in

427 5459 565 5514 urbe
579 5457 850 5525 Roma,in
867 5453 1220 5511 monasterio
1234 5452 1389 5525 quod
1401 5451 1727 5523 appellatur
1743 5451 2045 5522 Boeziana,

421 5545 871 5603 Nestorianistas
901 5542 1216 5600 monachos
1243 5541 1434 5612 Syros,
1458 5556 1603 5612 quos
1621 5555 1726 5611 per
1753 5543 2051 5596 monaste-

423 5635 509 5694 ria
557 5635 782 5691 diversa
832 5631 1042 5699 divisit,
1073 5632 1132 5686 et
1155 5628 1373 5685 ibidem
1401 5628 1722 5686 monachos
1756 5629 2052 5688 Romanos

2146 601 2205 638 se
2233 584 2306 638 ad
2329 583 2574 640 Ecclesia
2611 585 2876 639 Romana
2897 591 3300 658 segregaverat
3323 605 3481 645 causa
3499 596 3696 649 autoce-

2148 672 2354 744 phalia:
2371 672 2561 727 denuo
2577 689 2634 726 se
2648 671 2910 743 pristinae
2934 673 3388 746 sediApostolicaa
3399 678 3696 750 subjugavit.

2153 760 2590 831 CujusEcclesim
2615 763 3078 834 praesul,nomine
3107 764 3696 840 Reparatus,evestigio,

2148 851 2212 904 ut
2233 851 2348 905 Deo
2390 850 2806 922 placuit,vitam
2837 851 3042 907 ﬁnivit.
3085 853 3180 908 Hic
3208 853 3342 909 dum
3363 858 3500 910 esset
3521 857 3695 913 electus

2151 938 2410 1009 Augusto
2441 956 2664 1005 mense,
2697 941 2865 995 stella
2901 957 2934 995 a
2964 944 3132 1012 parte
3157 941 3397 998 Orientis
3423 945 3701 1016 apparuita

2153 1026 2285 1096 galli
2325 1029 2497 1082 cantu
2523 1044 2702 1098 usque
2733 1045 2906 1084 mane
2933 1045 3039 1100 per
3084 1032 3200 1086 tres
3253 1047 3486 1100 menses,
3533 1035 3584 1087 et
3605 1033 3703 1104 ejus

2157 1114 2306 1168 radii
2337 1117 2508 1170 eoelos
2543 1116 3094 1187 penetrabant.0uae
3118 1121 3248 1190 post
3271 1119 3608 1191 semetipsam
3631 1137 3704 1176 re-

2157 1219 2321 1256 versa
2355 1203 2654 1274 disparuit,
2682 1207 2740 1259 et
2770 1222 2804 1259 a
2829 1207 2994 1276 parte
3039 1205 3276 1261 orientis
3316 1207 3551 1262 maxima
3577 1223 3704 1262 mors

2161 1290 2467 1344 hominum
2495 1291 2796 1347 subsecuta
2825 1292 3006 1348 aﬂ'uit.
3053 1292 3316 1366 Sepultus
3342 1296 3522 1349 autem
3557 1296 3629 1350 est
3647 1295 3705 1350 ad

2161 1379 2224 1432 Β.
2259 1380 2494 1433 Petrum
2539 1381 2880 1450 Apostolum
2931 1381 3036 1436 sub
3067 1381 3160 1437 die
3203 1384 3254 1438 3.
3295 1383 3422 1438 Idus
3459 1383 3617 1456 April.
3651 1383 3705 1436 Et

2160 1466 2395 1522 cessavit
2423 1467 2793 1540 Episcopatus
2815 1471 3060 1525 mensib.
3085 1475 3138 1527 2.
3173 1471 3324 1530 dieb.
3357 1475 3437 1526 15.

2867 1558 3078 1614 LXXXI.

2227 1642 2472 1710 Acarno,
2500 1643 2734 1699 natione
2765 1643 3004 1715 Siculus,
3038 1645 3188 1702 sedit
3203 1646 3364 1702 annis
3389 1648 3439 1703 2.
3459 1645 3707 1702 mensibus

2157 1730 2419 1786 6.diebus
2448 1734 2500 1785 3.
2521 1731 2696 1803 Hujus
2722 1733 3081 1805 temporibus
3106 1735 3432 1790 Theodorus
3451 1734 3706 1807 Archiepi-

2087 1820 2138 1880 B
2159 1833 2360 1890 scapus
2381 1820 2665 1874 Ravenna:
2714 1821 3088 1894 semetipsum
3117 1822 3238 1878 sedi
3264 1823 3579 1896 Apostolicas
3603 1826 3705 1895 post

2156 1907 2474 1962 multorum
2490 1925 2778 1964 annorum
2798 1911 3081 1966 curricula
3089 1911 3466 1985 praesentavit.
3492 1911 3706 1983 Suscepit

2157 1998 2351 2050 autem
2378 1997 2622 2052 divalem
2643 1999 2968 2070 jussionem
3006 1999 3394 2072 piissimorum
3421 1999 3705 2072 Principum

2159 2081 2538 2154 Constantini,
2568 2087 2812 2142 Heraclii
2852 2091 2910 2142 et
2951 2087 3182 2160 Tyberii
3207 2091 3576 2162 Augustorum
3623 2102 3706 2159 per

2157 2172 2538 2244 Epiphanium
2561 2175 2877 2247 gloriosum
2901 2191 2935 2232 a
2961 2177 3348 2250 secretis,qua3
3369 2177 3530 2232 missa
3553 2175 3706 2231 fuerat

2153 2261 2560 2333 praedecessori
2590 2281 2691 2319 suo
2722 2266 2885 2320 Dono
2911 2266 3102 2338 Papae,
3127 2267 3452 2337 exhortans,
3469 2267 3524 2320 ut
3539 2263 3707 2320 debeat

2155 2350 2479 2406 sacerdotes
2491 2351 2792 2408 velmissos
2810 2369 2942 2408 suos
2963 2353 3214 2426 dirigere
3227 2355 3288 2410 in
3313 2354 3523 2426 regiam
3537 2352 3706 2408 urbem

2157 2455 2262 2510 pro
2293 2440 2645 2496 adunatione
2671 2446 2999 2498 sanctarum
3028 2444 3133 2498 Dm
3163 2443 3544 2500 Ecclesiarum.
3572 2438 3706 2506 Quod

2155 2529 2345 2586 facere
2375 2547 2494 2585 non
2523 2531 2822 2599 distulit,et
2851 2532 3162 2604 Episcopos
3187 2549 3254 2588 ac
3270 2532 3622 2612 presbyteros,
3638 2525 3707 2582 vel

2154 2618 2454 2690 religiosos
2482 2621 2800 2675 monachos
2825 2619 2958 2676 illuc
2997 2625 3354 2693 quantocyus
3375 2617 3580 2676 direxit.
3607 2615 3704 2680 0110

2154 2708 2420 2778 tempore
2452 2708 2610 2762 Luna
2659 2708 2910 2781 eclypsin
2959 2708 3218 2780 pertulit.
3267 2711 3330 2763 18
3381 2707 3470 2763 die
3531 2702 3706 2760 mensis

2151 2793 2324 2861 Junii,
2358 2794 2674 2850 indictione
2720 2800 2773 2852 8.
2809 2795 2994 2860 Quam
3043 2796 3366 2852 mortalitas
3419 2791 3706 2868 gravissima

2154 2898 2258 2954 per
2285 2884 2401 2936 tres
2421 2886 2724 2956 sequentes
2754 2899 2982 2939 menses
3019 2885 3324 2940 subsecuta
3350 2883 3496 2939 intus
3521 2884 3573 2937 et
3595 2877 3707 2935 foris

2153 2971 2367 3026 Urbem
2399 2971 2526 3026 talis
2583 2971 2932 3044 depopulata
2973 2975 3079 3040 est,
3139 2972 3322 3046 qualis
3375 2987 3476 3028 nec
3501 2969 3705 3025 aliorum

2153 3058 2497 3114 Pontiﬁcum
2533 3059 2894 3132 temporibus
2922 3059 3095 3116 fuisse
3125 3052 3706 3130 memoratur.lngressi

2151 3145 2400 3218 denique
2429 3146 2603 3218 legati
2633 3147 2976 3218 Apostolicze
3000 3148 3166 3204 Sedis
3185 3149 3406 3222 regiam
3425 3147 3610 3203 urbem
3634 3141 3706 3198 die

2152 3238 2218 3290 10
2245 3235 2457 3290 mensis
2502 3235 2778 3293 Novemb.
2835 3235 3152 3293 indictione
3185 3242 3240 3295 9.
3289 3236 3524 3294 Domino
3563 3229 3708 3289 comi-

2147 3327 2309 3379 tante
2331 3327 2465 3378 sunt
2490 3324 2736 3394 suscepti
2758 3323 2818 3378 in
2849 3327 3080 3382 oraculo
3111 3325 3336 3382 B.Petri
3354 3323 3706 3398 Apostolorum

2150 3411 2432 3482 Principis
2479 3411 2636 3467 intra
2654 3413 2956 3485 palatium,
2989 3414 3360 3488 porrigentes
3385 3413 3436 3470 ei
3460 3415 3514 3468 et
3537 3407 3708 3482 scripta

2150 3499 2461 3555 Pontiﬁcis.
2495 3499 2648 3565 Quos
2692 3501 2832 3557 dum
2883 3503 3244 3576 suscepisset,
3285 3499 3634 3560 commonuit.
3658 3497 3706 3550 ιιι

2149 3589 2513 3644 remittentes
2542 3589 2888 3646 assertiones
2907 3591 3357 3664 philosophicas,
3389 3608 3500 3647 non
3526 3589 3703 3652 furore,

2149 3677 2249 3733 sed
2274 3677 2510 3751 pacifica
2531 3677 2902 3749 dispositione
2917 3695 3125 3752 puram
3145 3684 3471 3736 sanctorum
3489 3679 3704 3739 Patrum,

2150 3766 2560 3840 scripturarum
2567 3783 2678 3839 que
2690 3769 3132 3842 comprobatam
3148 3769 3328 3826 ﬁdem
3339 3761 3706 3842 perSynodalia

2151 3855 2381 3911 decreta
2406 3855 2820 3925 satisfacerent,
2851 3860 2911 3914 et
2938 3857 3200 3914 inducias
3227 3859 3302 3915 ad
3326 3853 3704 3914 retractandum

2149 3944 2330 4014 dedit,
2361 3945 2622 4002 tribuens
2653 3945 2736 4002 eis
2763 3947 2983 4017 omnia,
3015 3964 3145 4021 quas
3167 3947 3247 4004 ad
3273 3943 3702 4004 sustentationem

2149 4033 2512 4090 sufﬁciebant
2535 4035 2593 4090 in
2615 4034 2812 4104 domo,
2828 4053 2955 4108 qua:
2987 4038 3317 4110 appellatur
3336 4035 3585 4093 Placidia.
3614 4031 3705 4085 Do-

2149 4121 2364 4178 minica
2392 4123 2585 4195 itaque
2617 4123 2710 4180 die
2735 4125 2980 4180 evocatis
3001 4125 3074 4180 ad
3095 4125 3370 4182 Sanctam
3390 4123 3486 4183 Dei
3502 4115 3704 4178 Genitri-

2149 4227 2276 4266 cem
2293 4211 2366 4266 ad
2391 4211 2733 4268 Blachernas
2747 4213 2809 4267 in
2821 4215 2986 4268 tanta
3006 4214 3465 4282 honoriﬁcentia,
3486 4214 3544 4268 ut
3565 4208 3705 4266 etiam

2149 4298 2230 4354 eis
2254 4298 2314 4353 in
2345 4299 2558 4370 palatio
2585 4300 2838 4355 caballos
2877 4317 3009 4356 cum
3037 4301 3319 4376 obsequio
3346 4293 3700 4374 dirigeret.Die

2071 4383 2125 4444 I)
2149 4403 2378 4461 quoque
2402 4388 2714 4444 22.mensis
2741 4389 3014 4445 Novemb.
3039 4389 3100 4445 in
3126 4390 3384 4461 basilica,
3423 4407 3541 4464 qua:
3575 4382 3706 4442 Trul-

2147 4479 2234 4532 lus
2257 4477 2710 4549 appellatur,sub
2727 4477 3076 4548 regalicultu
3094 4480 3312 4536 resedit
3329 4480 3638 4553 Imperator,
3661 4469 3704 4524 et

2148 4581 2282 4620 cum
2308 4581 2376 4619 eo
2419 4565 2694 4637 Georgius
2713 4566 3041 4638 patriarcha
3066 4565 3702 4640 Constantinopolim“:

2147 4657 2206 4708 et
2223 4653 2921 4722 MacariusAntiochenus,
2939 4654 3214 4727 missique
3247 4657 3400 4712 sedis
3417 4649 3703 4727 Apostolica:

2147 4759 2280 4798 cum
2301 4741 2590 4814 Episcopis
2634 4741 3011 4798 Orientalium
3038 4745 3316 4816 partium,
3357 4757 3583 4801 numero
3608 4740 3701 4796 150.

2146 4833 2282 4888 Post
2299 4831 2420 4886 haec
2444 4831 2885 4886 intromiserunt
2938 4832 3137 4902 libros,
3170 4836 3229 4889 et
3264 4838 3452 4891 tomos
3478 4831 3700 4892 diversos,

2149 4923 2208 4976 et
2236 4919 2516 4992 Synodos,
2548 4936 2688 4992 quas
2717 4921 3066 4976 falsaverunt
3094 4921 3354 4978 haeretici
3380 4918 3702 4980 aestimantes,

2147 5026 2267 5066 non
2293 5011 2532 5081 propter
2556 5009 2880 5076 veritatem,
2913 5009 3014 5066 sed
3050 5027 3154 5082 per
3191 5010 3550 5067 mendacium
3572 5018 3706 5076 supe-
3773 5081 3781 5088 l

2145 5114 2298 5166 rare,
2329 5097 2428 5170 qui
2455 5115 2572 5154 non
2588 5098 2750 5168 duas,
2773 5098 2874 5154 sed
2890 5115 3068 5155 unam
3097 5101 3450 5156 voluntatem
3471 5101 3523 5153 et
3545 5106 3706 5168 opera-

2144 5185 2367 5243 tionem
2387 5185 2658 5242 dicebant
2685 5187 2745 5242 in
2785 5187 3008 5244 Christo
3037 5205 3053 5258 ;
3081 5187 3240 5262 quod
3268 5204 3464 5245 coram
3487 5180 3706 5252 Principo

2146 5278 2205 5330 et
2229 5274 2462 5346 Synodo
2493 5275 2716 5330 claruit.
2757 5274 2977 5332 Deinde
3026 5276 3302 5349 praecepit
3330 5276 3454 5350 pius
3479 5272 3706 5338 Princeps

2147 5362 2419 5420 missosin
2439 5363 2672 5436 Synodo
2700 5363 2954 5420 residere
2975 5367 3393 5437 praesentantes
3407 5365 3582 5420 locum
3604 5370 3707 5413 san-

2147 5451 2382 5508 ctissimi
2409 5453 2726 5525 Agathonis
2755 5454 2945 5526 Papa.
3004 5453 3221 5519 Quibus
3277 5453 3488 5508 dictum
3539 5449 3628 5514 est,
3659 5441 3708 5496 ιιι

2149 5557 2354 5597 omnes
2377 5541 2578 5610 libros,
2611 5557 2756 5614 quos
2791 5541 3007 5598 scirent
3038 5542 3111 5598 ad
3143 5558 3377 5598 causam
3420 5529 3710 5610 ﬁdeiperti-

2151 5646 2290 5687 uere
2315 5645 2514 5688 coram
2544 5629 2780 5705 Synodo
2809 5629 3288 5708 deferrent,quod
3313 5633 3372 5688 et
3386 5629 3590 5690 factum
3613 5621 3698 5696 est.
