3862 6210
172 518 261 579 861

1208 508 1621 576 EXCERP’I’UM
1652 510 1740 573 DE
1785 510 2016 573 CESTIS
2075 510 2468 575 ROM.PONT.

3320 485 3326 491 ’
3399 513 3504 570 562

171 645 238 701 Et
263 644 467 701 vocato
497 638 750 716 Georgio
795 641 1058 711 diacono,
1086 644 1145 698 et
1171 644 1574 716 cartophylace
1607 643 1793 697 Eccle-
1815 645 1871 705 Α
1892 643 2050 714 prius
2076 641 2375 697 decretum
2407 638 2678 712 generale
2709 634 3155 692 introducatura
3177 632 3339 707 regia
3361 636 3504 691 urbe

171 734 263 791 size
314 733 980 806 Constantinopolitanae
1029 734 1382 805 prmeeptum
1454 735 1538 786 est
1609 731 1681 798 ei,
1733 734 1795 786 ut

167 824 324 895 juxta
352 839 562 877 eorum
613 822 886 878 notitiam
917 821 1138 876 codices
1180 838 1247 876 ex
1290 820 1639 876 bibliotheca
1690 820 1794 873 Ec-

173 913 350 967 clesia:
400 911 477 966 ad
528 911 793 966 medium
842 910 1284 966 deducerentur.
1335 911 1397 964 lu
1455 909 1661 982 quibus
1704 924 1792 961 re-

173 1002 399 1072 pertum
457 1003 547 1055 est
604 999 750 1054 duas
808 1001 1063 1061 naturas,
1144 998 1399 1070 duasque
1471 998 1794 1052 voluntates

171 1090 255 1144 vel
284 1088 661 1160 operationes
709 1104 832 1143 esse
885 1088 944 1142 in
992 1087 1235 1142 Christo.
1295 1088 1621 1158 Contraque
1655 1102 1795 1140 con-

169 1178 345 1233 fessus
398 1175 723 1231 Macharius
786 1176 1058 1231 inventus
1123 1179 1212 1230 est
1283 1176 1551 1230 mendax.
1638 1176 1792 1229 Tunc

170 1264 465 1321 interdixit
513 1265 702 1337 pietas
758 1264 1084 1335 Augustalis
1129 1264 1375 1335 Georgio
1427 1262 1789 1328 Patriarehze,

170 1358 231 1409 ut
273 1353 526 1409 minime
576 1353 636 1407 in
690 1352 935 1407 Ecclesia
984 1370 1086 1407 sua
1145 1353 1459 1425 susciperet
1517 1352 1791 1406 eumdem

167 1440 478 1497 Iacarium
511 1441 749 1512 ejusque
806 1457 1095 1513 sequaces.
1162 1441 1399 1508 Deinde,
1449 1443 1512 1494 ut
1539 1439 1793 1495 veritatis

168 1530 367 1585 lumen
419 1533 750 1601 appareret,
789 1529 1121 1583 intromissa
1149 1532 1281 1583 sunt
1316 1545 1511 1583 coram
1561 1528 1791 1598 Synodo

167 1617 593 1672 venerabilium
614 1619 848 1671 Patrum
872 1617 1024 1670 dicta
1048 1617 1286 1671 Joannis
1310 1615 1792 1685 Constantinopo-

169 1706 356 1769 litani,
390 1704 607 1777 Cyrilli,
639 1705 954 1771 Athanasii,
991 1704 1199 1771 Basilii,
1253 1704 1510 1775 Gregorii
1566 1703 1795 1757 Nazian-

169 1794 315 1860 zeni,
342 1792 625 1864 Dionysii,
647 1792 863 1860 Hilarii,
886 1792 1195 1859 Ambrosii,
1230 1791 1554 1864 Augustini,
1578 1795 1635 1844 et
1652 1792 1792 1845 Leo-

170 1882 259 1937 nis
278 1882 424 1936 duas
447 1883 706 1948 naturas,
737 1880 878 1935 duas
898 1881 1219 1935 voluntates
1248 1881 1332 1935 vel
1354 1880 1720 1949 operationes
1736 1879 1793 1932 in

1894 731 2209 785 secundum
2240 730 2539 801 antiquam
2580 725 3080 782 consuetudinem.
3124 724 3391 796 Sepultus
3420 729 3507 779 est

1894 824 2089 874 autem
2122 821 2347 874 sanctus
2377 818 2600 889 Agatho
2629 816 2700 869 ad
2735 817 2790 872 B.
2834 817 3067 870 Petrum
3100 814 3438 884 Apostolum
3472 816 3505 867 4

1893 908 2023 961 ldus
2041 909 2273 962 Januar.
2308 908 2373 960 Et
2404 905 2639 960 cessavit
2669 904 3038 977 Episcopatus
3065 917 3217 956 anno
3246 905 3293 957 1.
3345 917 3505 956 men-

1894 995 2048 1051 sibus
2079 1002 2131 1054 7.
2164 995 2364 1050 diebus
2386 998 2436 1049 5.

2577 1136 2815 1191 LXXXII.

1967 1264 2077 1318 Leo
2097 1261 2318 1333 junior,
2351 1259 2586 1315 natione
2610 1260 2851 1325 Siculus,
2901 1258 2971 1313 de
2998 1261 3161 1330 patre
3188 1259 3385 1320 Paulo,
3417 1273 3508 1312 se-

1894 1351 2284 1407 ditmensibus
2310 1351 2389 1405 10.
2411 1351 2612 1404 diebus
2635 1354 2717 1403 I7.
2741 1349 2837 1401 llic
2857 1348 2959 1402 fuit
2980 1348 3504 1419 eloquentissimus,

1893 1440 1951 1494 in
1980 1439 2185 1493 divinis
2216 1438 2528 1511 Scripturis
2568 1436 2921 1492 sufficienter
2974 1436 3287 1502 institutus,
3322 1452 3511 1507 graeca

1892 1528 2187 1599 latinaque
2218 1528 2415 1597 lingua
2436 1526 2713 1591 eruditus,
2744 1525 3034 1579 cantilena
3088 1541 3151 1578 ac
3183 1524 3511 1595 psalmodia

1892 1618 2232 1689 praecipuus,
2256 1621 2313 1671 et
2341 1617 2397 1670 in
2438 1632 2638 1670 earum
2679 1615 2937 1668 sensibus
2959 1613 3326 1667 subtilissima
3356 1630 3512 1668 exer-

1893 1705 2163 1760 citatione
2195 1705 2446 1760 limatus.
2498 1704 2597 1757 Hic
2621 1703 2931 1774 suscipiens
2954 1706 3210 1756 sanctam
3243 1708 3294 1758 6.
3328 1704 3510 1772 Syno-

1896 1794 2055 1859 dum,
2090 1810 2218 1864 quae
2246 1793 2304 1846 in
2336 1791 2496 1861 regia
2539 1793 2676 1846 urbe
2728 1796 2853 1846 acta
2884 1792 3073 1844 fuerat
3106 1793 3208 1846 sub
3238 1791 3513 1845 Constan-

1893 1881 2016 1935 tino
2044 1881 2311 1952 Principe
2333 1898 2367 1934 a
2388 1881 2610 1935 duobus
2635 1878 2999 1944 Patriarchis,
3024 1880 3511 1949 Constantinopo-

172 1971 399 2027 Cbristo
434 1970 695 2025 dicentes
746 1970 820 2025 ad
863 1969 1315 2024 satisfactionem
1363 1968 1659 2040 Principis,
1708 1956 2071 2024 velBlitano
2133 1973 2191 2023 et
2240 1968 2600 2023 Antiocheno
2638 1971 2809 2039 atque
2862 1973 2960 2022 150
3011 1968 3320 2039 Episcopis,
3382 1982 3513 2021 eam

169 2058 413 2130 Synodi.
448 2058 728 2130 Sequenti
761 2058 853 2113 die
886 2059 1101 2112 reiecta
1130 2062 1215 2112 est
1242 2057 1528 2128 Synodica
1557 2057 1794 2111 sanctis-

169 2147 302 2202 simi
344 2146 668 2218 Agathonis
716 2148 908 2218 Papm,
954 2162 1129 2218 quam
1181 2145 1486 2199 Catholicis
1534 2144 1797 2198 Patribus

170 2236 617 2307 comprobatam
640 2234 1094 2306 subscripserant
1114 2234 1507 2288 Occidentales
1538 2231 1797 2305 Episcopi

175 2327 296 2382 120.
331 2325 464 2378 Post
480 2324 605 2378 haec
625 2323 834 2378 hortati
870 2326 1003 2377 sunt
1031 2324 1338 2378 Macarium
1359 2339 1582 2390 omnes,
1632 2324 1694 2376 ut
1725 2321 1795 2375 de

171 2413 471 2468 voluntate
492 2413 582 2467 vel
596 2410 934 2483 operatione
960 2410 1165 2465 Christi
1184 2427 1347 2465 suam
1368 2412 1653 2482 proferret
1673 2426 1797 2463 sen-

170 2500 441 2555 tentiam.
478 2498 586 2564 Qui
609 2515 741 2553 cum
774 2515 959 2570 neque
983 2515 1183 2566 unam,
1214 2515 1401 2570 neque
1427 2499 1566 2553 duas
1589 2499 1797 2553 volun-

182 2590 356 2654 tates,
382 2588 474 2642 vel
505 2587 872 2658 operationes
933 2586 1123 2641 dicere
1162 2588 1349 2653 vellet,
1391 2585 1796 2640 Serenissimus

170 2676 450 2749 Princeps
482 2678 713 2730 tomum
759 2674 933 2746 ipsius
982 2674 1207 2730 Macarii
1267 2675 1525 2745 prctulit,
1572 2675 1631 2728 in
1681 2690 1794 2746 quo

170 2763 535 2835 apertissime
560 2778 734 2817 unam
758 2763 1116 2816 voluntatem
1135 2761 1190 2816 in
1212 2762 1458 2817 Domino
1477 2763 1795 2815 affirmave-

168 2854 284 2917 rat,
316 2854 373 2905 et
400 2867 583 2905 manu
639 2866 742 2904 sua
770 2850 1181 2922 subscripserat
1237 2866 1368 2904 cum
1409 2850 1706 2904 Theodoro
1738 2852 1795 2903 et

170 2937 420 3010 Georgio
446 2937 814 2995 Patriarchis.
840 2937 951 2993 Sed
976 2937 1249 3009 Georgius
1290 2937 1679 2992 sanctissimus
1695 2938 1795 2991 Pa-

170 3024 430 3081 triarcha
455 3026 542 3081 sui
565 3026 778 3081 erroris
827 3026 1113 3098 paenituit,
1148 3030 1206 3081 et
1242 3026 1323 3081 ita
1349 3028 1583 3081 credere
1614 3042 1697 3094 se,
1738 3027 1795 3081 et

172 3115 490 3185 praedicare
521 3115 810 3187 professus
838 3118 942 3181 est,
973 3115 1118 3169 sicut
1136 3114 1299 3170 sedes
1326 3115 1654 3187 Apostolica
1684 3118 1795 3169 tra-

1896 2058 2308 2113 studiosissime
2375 2057 2446 2110 de
2508 2073 2697 2127 graeco
2756 2056 2815 2109 in
2900 2057 3147 2110 latinum
3198 2054 3513 2110 transtulit.

1898 2146 2004 2210 Qui
2035 2147 2212 2201 etiam
2261 2146 2553 2199 damnatis
2594 2144 2718 2198 aliis
2764 2145 3047 2199 haereticis
3093 2145 3237 2199 duos
3284 2146 3514 2197 tantum

1896 2235 2157 2301 absolvit,
2208 2233 2269 2289 id
2337 2237 2441 2300 est,
2523 2233 2889 2287 Anastasium
2961 2234 3384 2304 presbyterum,
3457 2234 3517 2285 et

1896 2323 2244 2378 Leontinum
2277 2322 2586 2377 diaconum
2637 2322 2698 2375 in
2736 2323 2828 2376 die
2876 2326 3075 2377 saneto
3124 2320 3514 2391 Theophanius

1896 2415 2251 2482 exponentes
2321 2427 2426 2481 per
2503 2410 2741 2482 propria
2814 2411 3026 2481 scripta
3095 2410 3270 2463 ﬁdem
3325 2425 3511 2478 suam,

1887 2499 2054 2570 juxta
2102 2500 2259 2571 quod
2303 2501 2500 2553 sancta
2542 2498 2805 2567 Synodus
2859 2497 3285 2552 determinavit.
3329 2496 3507 2566 Hujus

1895 2588 2255 2659 temporibus
2310 2590 2682 2659 percurrente
2724 2586 2893 2640 divali
2950 2586 3205 2657 jussione
3266 2584 3506 2657 piissimi

1895 2676 2175 2747 Principis
2202 2677 2465 2731 restituta
2496 2679 2580 2730 est
2616 2675 2863 2730 Ecclesia
2894 2674 3241 2729 Ravennatis
3284 2673 3385 2727 sub
3418 2690 3514 2727 or-

1895 2764 2191 2819 dinatione
2220 2765 2561 2835 Apostolicze
2602 2765 2774 2831 sedis,
2827 2768 2890 2818 ut
2918 2763 3186 2817 defuncto
3217 2761 3512 2833 Archiepi-

1893 2869 2065 2923 scopo
2095 2854 2307 2907 electus
2336 2854 2410 2907 ad
2440 2854 2729 2908 civitatem
2762 2853 3087 2907 Romanam
3136 2850 3327 2905 veniat
3356 2850 3512 2905 ordi-

1894 2941 2141 3009 nandus,
2175 2945 2232 2995 et
2262 2942 2578 3008 constituit,
2612 2942 2751 3013 quid
2774 2942 2991 2996 solvere
3024 2940 3233 2994 debeat
3270 2954 3375 3011 pro
3408 2956 3513 2994 usu

1892 3030 2073 3102 pallii,
2104 3033 2202 3085 aut
2229 3030 2463 3085 diversis
2488 3031 2750 3085 Ecclesia:
2772 3030 2993 3085 officiis.
3021 3029 3134 3085 Sed
3156 3031 3307 3083 etne
3332 3026 3513 3082 Mauri

1895 3120 2190 3190 quondam
2223 3120 2485 3192 Episcopi
2529 3119 2907 3174 anniversitas
2953 3122 3050 3173 aut
3089 3117 3328 3187 Agenda
3365 3116 3513 3170 cele-

175 3202 276 3258 dit.
334 3204 502 3259 Unde
555 3220 689 3259 cum
745 3203 871 3258 aliis
924 3203 1228 3258 Catholicis
1295 3196 2112 3275 anathematizavithretur,
2147 3224 2252 3261 nec
2284 3224 2401 3261 non
2430 3211 2631 3279 typum
2685 3206 3117 3277 autocephalise,
3175 3220 3350 3277 quem
3405 3202 3513 3257 sibi

173 3307 379 3348 omnes
408 3293 734 3359 haereticos,
788 3295 846 3346 et
900 3292 1088 3364 ipsum
1140 3293 1797 3364 Macarium,postquam

190 3396 326 3436 ussu
350 3382 570 3452 Synodi
590 3385 650 3436 et
678 3380 962 3454 Principis
1006 3381 1058 3435 ei
1093 3382 1348 3436 ablatum
1372 3386 1457 3436 est
1475 3381 1731 3436 orarium
1762 3397 1797 3436 a

177 3467 382 3524 Basilio
402 3469 664 3525 Cretensi
689 3470 992 3541 Episcopo,
1018 3473 1075 3524 et
1090 3470 1639 3525 anathematizatum
1656 3468 1796 3523 foris

179 3554 475 3628 Synodum
506 3558 681 3613 simul
702 3574 834 3612 cum
860 3574 963 3614 suo
996 3558 1204 3613 throno
1218 3559 1532 3629 projecere.
1559 3558 1795 3629 Stepha-

178 3661 316 3701 num
336 3651 533 3703 autem
552 3647 899 3718 discipulum
926 3647 1048 3719 ejus
1077 3647 1389 3702 cervicibus
1410 3664 1444 3701 a
1470 3646 1527 3701 S.
1558 3646 1792 3717 Synodo

177 3734 419 3791 Romani
450 3736 642 3791 clerici
680 3736 1042 3808 expulerunt.
1065 3735 1280 3790 Eadem
1296 3737 1441 3791 hora
1466 3738 1643 3789 tanta:
1663 3735 1792 3789 telae

177 3837 558 3879 aranearuum
577 3824 910 3896 nigerrimae
928 3824 987 3879 in
1012 3823 1202 3879 medio
1220 3824 1415 3896 populi
1438 3824 1790 3893 ceciderunt,

176 3913 238 3965 ut
266 3928 474 3968 omnes
504 3913 882 3980 mirarentur,
914 3928 979 3967 ac
1008 3911 1089 3967 ita
1112 3912 1376 3967 sordibus
1393 3912 1687 3968 hrereseon
1705 3928 1794 3966 ex-

176 4002 346 4071 pulsis
368 4002 531 4057 unita
552 4005 643 4057 est
662 4005 864 4057 sancta
896 4003 995 4057 DEI
1030 4001 1295 4057 Ecclesia.
1327 4001 1394 4055 In
1442 4003 1634 4057 locum
1659 4017 1793 4056 vero

175 4088 394 4146 Macarii
419 4091 729 4147 ordinatus
762 4093 848 4145 est
874 4090 1276 4161 Theophanius
1292 4091 1482 4146 Abbas
1503 4093 1797 4146 monaste-

178 4179 244 4235 rii
268 4181 493 4254 Pagias,
520 4181 729 4236 insula:
753 4178 1083 4247 Siciliensis,
1106 4180 1353 4235 etfactus
1374 4182 1460 4235 est
1472 4179 1798 4253 patriarcha

178 4269 553 4326 Antiochenaa
609 4267 897 4323 Ecclesiae.
966 4267 1242 4324 Macarius
1269 4285 1497 4341 quoque
1525 4285 1657 4323 cum
1684 4268 1798 4323 suis

181 4360 531 4415 amatoribus
591 4357 840 4412 directus
870 4360 956 4412 est
999 4357 1061 4411 in
1112 4357 1347 4412 exilium
1390 4357 1463 4411 ad
1508 4356 1796 4411 civitatem

182 4444 521 4516 Romanam,
558 4447 978 4517 decretumque
1020 4449 1125 4514 est,
1163 4448 1225 4499 ut
1254 4446 1531 4501 tollantur
1557 4446 1799 4501 nomina

186 4534 646 4592 Patriareharum
705 4535 776 4589 de
817 4535 1103 4607 dyptichis
1155 4536 1559 4603 Ecclesiarum,
1604 4538 1690 4591 vel
1729 4535 1799 4589 de

184 4623 425 4694 picturis,
453 4628 556 4681 aut
587 4623 829 4690 foribus,
849 4622 947 4678 ubi
970 4639 1091 4679 esse
1119 4626 1412 4696 poterant,
1441 4622 1500 4679 id
1521 4626 1626 4692 est,
1646 4624 1795 4696 Cyri,

188 4710 384 4785 Sergii,
414 4712 624 4785 Pyrrhi
652 4714 710 4766 et
742 4711 925 4779 Pauli,
959 4727 1064 4766 nec
1091 4729 1209 4767 non
1243 4716 1301 4768 et
1328 4711 1502 4780 Petri,
1534 4728 1639 4783 per
1657 4729 1799 4785 quos

190 4817 341 4858 error
369 4803 476 4859 iste
503 4802 908 4876 pullulaverat.
946 4799 1225 4856 Catholici
1253 4818 1388 4857 vero
1411 4801 1607 4874 populi
1638 4804 1799 4858 tanta

186 4888 283 4946 fuit
314 4892 525 4964 gratia,
561 4891 640 4945 ud
670 4889 744 4943 ad
775 4888 1038 4944 laetitiam
1068 4889 1250 4944 sancti
1284 4889 1540 4957 Concilii,
1563 4890 1796 4962 quodin

189 4979 328 5052 regia
353 4981 496 5035 urbe
526 4982 674 5045 erat,
718 4979 976 5032 Joannes
1004 4978 1333 5033 Portuensis
1362 4978 1795 5051 Episcopus,qui

190 5083 318 5123 unus
342 5070 699 5141 Legatorum
752 5067 899 5134 erat,
956 5066 1391 5122 Dominicorum
1441 5067 1530 5122 die
1579 5070 1792 5123 octavae

190 5157 394 5213 Pascha:
424 5157 488 5211 in
539 5153 792 5210 Ecclesia
828 5156 889 5213 S.
950 5154 1180 5226 Sophia:
1211 5172 1409 5211 coram
1446 5156 1704 5229 Principe
1736 5160 1794 5212 et

191 5245 505 5301 Patriareha
516 5243 977 5317 publicasMissas
1000 5242 1176 5299 latine
1197 5245 1535 5313 celebraret,
1560 5249 1617 5300 et
1648 5263 1789 5301 una-

191 5333 402 5389 nimiter
430 5349 642 5389 omnes
676 5331 872 5386 laudes
894 5336 951 5388 et
979 5332 1244 5389 victorias
1264 5333 1656 5406 piissimorum
1678 5336 1789 5389 Im-

191 5426 503 5494 peratorum
536 5420 960 5476 adclamarent.
1019 5422 1279 5494 Suscepit
1335 5421 1511 5477 etiam
1542 5423 1789 5477 divalem

187 5510 478 5583 jussionem
500 5508 825 5565 secundum
846 5526 1005 5565 suam
1023 5511 1494 5582 postulationem,
1516 5528 1629 5584 qua
1642 5512 1790 5566 rele-

191 5602 303 5655 vata
322 5604 405 5656 est
429 5597 753 5671 quantitas,
782 5614 908 5669 qua:
932 5600 1099 5655 solita
1128 5603 1254 5655 erat
1274 5599 1400 5655 dari
1419 5615 1525 5671 pro
1558 5599 1788 5653 ordina-

192 5687 326 5743 tione
349 5684 674 5752 Pontiflcis,
701 5684 781 5739 sic
805 5688 1022 5755 tamen,
1046 5688 1165 5758 utsi
1186 5688 1496 5760 contigerit
1518 5690 1647 5758 post
1667 5686 1791 5757 ejus

216 5777 483 5835 ransitum
500 5771 853 5830 electionem
878 5775 1022 5845 fieri,
1036 5794 1154 5834 non
1169 5777 1379 5834 debeat
1389 5773 1670 5842 ordinari,
1686 5774 1792 5829 nisi

1823 4506 1877 4566 D

1896 3297 2216 3351 elicuerant
2237 3296 2309 3349 ad
2326 3296 2684 3365 amputanda
2710 3295 2979 3348 scandala
2995 3293 3143 3347 sedis
3174 3291 3514 3363 Apostolicas

1895 3384 2291 3439 restituerunt.
2340 3382 2611 3452 Ejusdem
2662 3398 2890 3456 quoque
2944 3380 3302 3452 temporibus
3352 3379 3515 3434 Luna.

1895 3472 2147 3542 eclypsin
2176 3469 2411 3541 pertulit
2442 3469 2534 3524 die
2569 3474 2652 3526 15.
2688 3469 2903 3523 mensis
2932 3469 3162 3539 Aprilis,
3193 3468 3511 3522 indictione

1898 3563 1985 3614 11.
2017 3561 2152 3614 Post
2177 3573 2402 3612 ccenam
2425 3557 2657 3611 Domini
2675 3560 2842 3611 nocte
2870 3572 3038 3627 poene
3055 3558 3177 3609 tota
3208 3555 3267 3608 in
3283 3555 3512 3624 sangui-

1895 3665 2032 3703 nem
2076 3663 2256 3702 versa.
2290 3645 2395 3710 Qui
2424 3645 2601 3699 etiam
2643 3646 2897 3716 sepultus
2945 3648 3032 3697 est
3061 3644 3134 3697 ad
3165 3645 3224 3696 Β.
3274 3645 3509 3697 Petrum

1892 3737 2252 3810 Apostolum,
2272 3735 2375 3789 sub
2398 3735 2490 3790 die
2511 3739 2563 3790 5.
2596 3736 2782 3789 Nonas
2809 3734 3004 3789 Julias.
3037 3734 3105 3787 Et
3123 3732 3363 3787 cessavit
3379 3732 3512 3804 Epi-

1891 3830 2128 3900 copatus
2158 3841 2388 3880 menses
2416 3828 2501 3879 11.
2537 3824 2659 3879 dies
2691 3827 2780 3880 22.

2569 3966 2828 4020 LXXXIII.

1967 4094 2332 4159 BENEDICTUS,
2381 4091 2583 4163 junior
2634 4090 2873 4146 natione
2947 4090 3263 4160 Romanus,
3344 4092 3510 4161 patre

1894 4183 2138 4249 Joanne,
2164 4180 2311 4235 sedit
2326 4197 2552 4235 menses
2575 4183 2660 4236 10.
2685 4180 2808 4234 dies
2832 4184 2897 4236 12
2944 4180 3043 4234 Hic
3063 4198 3096 4234 a
3115 4177 3322 4251 puerili
3339 4181 3509 4235 astate

1894 4272 1954 4327 in
1985 4270 2279 4343 scripturis
2304 4273 2362 4325 et
2408 4269 2697 4325 cantilena
2725 4269 3084 4326 doctissimus
3114 4274 3172 4326 et
3200 4269 3509 4341 benignus,

1897 4360 2141 4432 suscepit
2158 4359 2368 4414 divales
2383 4358 2671 4431 jussiones
2694 4359 3055 4415 Constantini
3074 4358 3275 4431 magni
3298 4358 3513 4414 Princi-

1896 4449 1982 4521 pis
2011 4449 2085 4503 ad
2108 4446 2497 4502 venerabilem
2524 4448 2742 4502 clerum
2776 4449 2829 4501 et
2856 4450 3160 4520 populum,
3190 4451 3361 4518 atque
3392 4446 3513 4502 feli-

1898 4539 2190 4594 cissimum
2223 4536 2536 4591 exercitum
2586 4537 2865 4592 Romanae
2914 4537 3175 4605 civitatis,
3235 4552 3340 4608 per
3370 4552 3511 4607 quas

1898 4626 2197 4695 concessit,
2229 4628 2291 4679 ut
2320 4624 2417 4696 qui
2446 4626 2658 4681 electus
2683 4625 2857 4680 fuerit
2902 4625 2960 4680 in
3010 4626 3157 4682 Sede
3186 4623 3514 4697 Apostolica

1899 4734 1930 4772 e
1950 4715 2189 4787 vestigio
2210 4715 2426 4787 absque
2448 4715 2717 4769 tarditate
2736 4715 3044 4787 Episcopus
3066 4714 3385 4771 ordinetur.
3402 4712 3510 4768 Hic

1898 4822 2013 4860 una
2028 4820 2158 4860 eum
2182 4804 2333 4858 clero
2356 4808 2414 4858 et
2438 4804 2689 4858 exercitu
2708 4805 2955 4875 suscepit
2974 4806 3255 4859 mallones
3276 4801 3513 4875 capillo-

1896 4911 2026 4949 rum
2040 4892 2489 4948 DominiJustini
2503 4890 3510 4947 etHeracliifiliorumclementissimi

1896 4982 2195 5054 Principis.
2225 4981 2347 5046 Quo
2374 4985 2637 5053 tempore
2667 4979 2933 5052 apparuit
2955 4981 3118 5033 stella
3136 4982 3311 5032 noctu
3341 4979 3512 5033 veluti

1894 5074 2032 5127 luna
2060 5071 2164 5125 sub
2200 5070 2351 5124 nube
2382 5070 2534 5123 inter
2565 5069 2820 5122 natalem
2866 5065 3097 5121 Domini
3131 5072 3190 5119 et
3212 5065 3511 5135 Theopha-

1893 5160 2083 5218 niam.
2108 5161 2251 5213 Item
2282 5174 2462 5231 prope
2494 5157 2710 5211 exitum
2752 5154 2967 5208 mensis
3010 5152 3298 5207 Februarii
3330 5152 3389 5205 in
3420 5153 3513 5207 die

1893 5249 1968 5304 ab
1997 5264 2201 5304 occasu
2228 5248 2364 5301 exiit
2394 5246 2556 5300 stella
2586 5242 2853 5309 meridie,
2880 5245 2937 5296 et
2968 5242 3025 5296 in
3054 5243 3245 5312 partes
3267 5239 3513 5296 Orientis

1892 5336 2221 5393 declinavit.
2249 5338 2383 5390 Post
2406 5335 2513 5388 hoc
2532 5348 2702 5386 mons
2721 5330 2945 5397 Bebius,
2964 5330 3060 5402 qui
3081 5333 3167 5384 est
3184 5328 3241 5382 in
3264 5329 3515 5401 Campa-

1889 5426 2008 5492 nia,
2025 5440 2225 5478 mense
2242 5421 2441 5477 Martio
2456 5436 2560 5490 per
2578 5419 2734 5474 diem
2749 5418 3088 5487 eructuavit,
3103 5418 3162 5472 et
3174 5417 3374 5472 omnia
3390 5418 3517 5475 loca

1890 5514 2338 5583 circumquaque
2364 5525 2485 5581 pro:
2528 5510 2761 5580 pulvere
2791 5507 3177 5563 exterminata
3216 5510 3368 5563 sunt.
3402 5509 3514 5575 Qui

1890 5620 1922 5656 e
1951 5599 2188 5670 vestigio
2221 5597 2553 5653 infirmitate
2586 5598 2855 5652 detentus
2897 5596 3198 5651 defunctus
3228 5600 3313 5652 est
3337 5615 3402 5653 ac
3431 5615 3517 5654 se-

1893 5688 2085 5762 pultus
2109 5686 2181 5740 ad
2204 5686 2260 5744 S.
2284 5688 2516 5741 Petrum
2542 5686 2878 5759 Apostolum
2896 5685 3000 5740 sub
3022 5686 3114 5741 die
3134 5688 3181 5743 8.
3210 5687 3341 5742 Idus
3358 5687 3512 5743 Maii.

1892 5778 1963 5833 Et
2005 5775 2245 5832 cessavit
2270 5776 2640 5851 Episcopatus
2665 5791 2893 5831 menses
2922 5779 2974 5831 2.
3010 5774 3149 5831 dies.
3183 5778 3268 5831 15.
