3862 6210
390 491 494 552 563
1441 493 1500 554 S.
1540 494 1836 555 ABBONIS
1875 494 2164 556 ABBATIS
2205 495 2710 560 FLORIACENSIS
3599 511 3689 572 BM

1069 611 1329 670 LXXXIV.
2031 623 2088 684 Α
2113 618 2384 676 diaconus
2394 621 2593 678 videns
2605 621 2878 679 eumdem
2890 620 3498 700 infirmari,eupiditate
3509 627 3688 688 ductus

457 699 726 771 Joannes,
757 699 992 756 natione
1020 701 1214 774 Syrus,
1251 703 1322 758 de
1349 704 1646 776 provincia
1669 705 2009 775 Antiochia,
2115 705 2319 764 aurum
2345 711 2561 766 solvere
2585 713 2790 779 noluit,
2811 712 2911 767 sed
2924 713 3146 787 scripsit
3164 699 3441 772 Ravenna
3462 721 3684 776 moranti

390 792 555 862 patre
585 788 872 857 Quiriaco,
903 790 1052 847 sedit
1081 808 1238 846 anno
1275 795 1322 846 l.
1373 792 1570 847 diebus
1621 799 1672 848 9.
1710 793 1817 848 Hic
1850 795 2013 850 valde
2114 798 2320 852 Joanni
2349 799 2602 869 glorioso
2633 816 2779 855 novo
2813 803 3060 858 exarcho
3093 805 3430 874 promittens
3465 807 3622 877 dona,
3646 809 3686 865 si

387 883 672 947 strenuus,
707 882 878 951 atque
916 879 1156 934 scientia
1189 881 1487 948 praditus,
1541 899 1669 936 cum
1705 885 1851 937 esset
1883 883 2013 937 Dia-
2117 885 2365 940 factione
2398 887 2548 942 illius
2580 888 2700 958 ipse
2723 889 2796 943 ad
2820 891 3188 946 Pontiﬁcium
3219 892 3688 964 eligeretur.Quod

389 993 570 1032 conus
597 976 799 1032 missus
821 993 854 1030 a
879 981 1091 1031 sancta
1125 979 1423 1034 memoriae
1457 981 1758 1050 Agathone
1783 981 2015 1055 Papam
2119 976 2395 1029 exarchus
2429 977 2672 1030 Romam
2705 977 2940 1032 mittens
2971 979 3094 1034 fieri
3125 980 3322 1036 voluit.
3350 981 3593 1054 Sepultus
3617 988 3689 1038 est

393 1065 617 1138 regiam
634 1065 834 1120 urbem
856 1082 987 1120 eum
1011 1066 1135 1120 aliis
1150 1069 2018 1142 sacerdotibus,repraesentavit
2119 1067 2314 1117 autem
2343 1064 2706 1120 beatissimus
2725 1067 2985 1122 Pontifex
3029 1068 3103 1123 ad
3141 1069 3201 1122 Β.
3231 1071 3456 1124 Petrum
3481 1072 3690 1141 Aposto-

399 1156 591 1210 loeum
615 1153 955 1224 Apostolica
990 1154 1152 1208 Sedis
1172 1155 1230 1209 in
1249 1161 1447 1211 sancta
1462 1163 1618 1212 sexta
1634 1159 1888 1230 Synodo.
1913 1160 2018 1224 Qui
2121 1152 2264 1218 lum,
2296 1153 2398 1206 δαὶ)
2431 1153 2522 1207 die
2555 1157 2642 1208 22-
2670 1155 2881 1208 mensis
2913 1156 3211 1228 Septemb.
3244 1158 3311 1212 Et
3330 1159 3554 1214 cessavit
3576 1158 3686 1234 Epi-

393 1241 718 1316 impetratis
742 1243 1240 1298 aelementissimo
1263 1245 1528 1318 Principe
1546 1245 1658 1314 his,
1687 1264 1789 1319 pro
1814 1248 2020 1319 quibus
2122 1245 2386 1312 scopulus
2417 1258 2643 1298 menses
2673 1247 2725 1298 2.
2763 1243 2882 1298 dies
2910 1247 2998 1299 23.

394 1331 539 1387 ierat
568 1347 824 1386 reversus
857 1334 964 1397 est,
999 1333 1056 1386 et
1086 1332 1142 1386 in
1177 1333 1426 1388 Ecclesia
1471 1337 1558 1388 est
1613 1337 1827 1390 electus
1868 1337 2018 1392 Con-
2809 1333 3062 1390 LXXXVI.

393 1418 766 1476 stantiniana.
800 1417 922 1484 Quo
951 1423 1214 1492 tempore
1228 1422 1512 1492 regnabat
1531 1423 1882 1479 Justinianus
1903 1428 2020 1480 Au—
2193 1417 2448 1486 SERGIL’S,
2480 1419 2716 1474 natione
2743 1419 2938 1492 SyrUS,
2961 1421 3266 1476 Antiochia
3289 1421 3518 1494 regione
3535 1427 3687 1493 ortus,

393 1511 594 1581 gustus
622 1506 894 1562 defuncto
932 1511 1096 1580 patre
1127 1509 1185 1563 in
1237 1509 1402 1565 initio
1455 1513 1668 1566 mensis
1721 1511 1994 1584 Septemb
2122 1504 2192 1560 de
2209 1509 2372 1576 patre
2401 1506 2625 1562 Tiberio
2644 1507 2701 1561 in
2725 1509 3014 1564 Panormo
3041 1509 3270 1577 Sicilia,
3293 1511 3691 1568 seditannistil.

393 1588 710 1652 indictione
743 1599 829 1652 14.
858 1597 917 1650 et
965 1596 1158 1651 statim
1217 1598 1526 1655 auxiliante
1579 1602 1694 1655 Deo
1725 1601 2020 1656 constituit
2121 1594 2413 1649 meIISibus
2449 1599 2501 1651 8ο
2531 1595 2729 1650 diebus
2760 1599 2848 1652 23.
2904 1598 3001 1650 ilic
3061 1599 3307 1654 Romam
3363 1599 3579 1655 veniens
3604 1601 3691 1656 sub

392 1700 595 1756 pacem
624 1700 757 1739 cum
807 1687 981 1756 gente
1033 1685 1486 1742 Sarracenorum
1537 1689 1817 1743 decennio
1863 1692 2020 1744 terra
2119 1685 2329 1736 sancta
2370 1683 2669 1739 memoria
2700 1685 2994 1740 Adeodato
3025 1687 3382 1743 Pontiﬁcein
3429 1689 3568 1742 clero
3594 1689 3692 1744 Ro-

393 1772 677 1845 marique.
709 1773 823 1828 Sed
851 1776 910 1827 et
929 1773 1226 1845 provincia
1247 1775 1454 1830 Africa
1477 1777 1645 1846 subju
1653 1780 1789 1848 gata
1807 1782 1891 1832 est
1912 1779 2018 1832 Ro-
2118 1787 2307 1825 mana
2328 1772 2585 1828 Ecclesia
2607 1779 3057 1830 connumeratus
3076 1779 3181 1832 est.
3203 1777 3268 1831 Et
3289 1777 3419 1848 quia
3445 1777 3692 1832 studiosus

393 1876 570 1916 mano
605 1861 875 1934 Imperio,
905 1877 969 1915 ac
996 1866 1338 1920 restaurata.
1385 1863 1483 1917 Hic
1537 1869 1666 1934 post
1696 1867 2016 1921 multorum
2120 1863 2264 1927 erat,
2301 1864 2358 1914 et
2379 1877 2556 1932 capax
2577 1861 2634 1915 in
2655 1861 2846 1917 officio
2861 1863 3188 1930 cantilena,
3216 1865 3390 1934 priori
3414 1864 3691 1920 Cautorum

392 1964 681 2004 annorum
713 1949 995 2004 curricula
1018 1951 1364 2022 Episcopum
1390 1953 1707 2007 Turritana
1731 1955 2014 2022 Ecclesia,
2041 1942 2094 2004 Β
2121 1963 2224 2019 pro
2259 1948 2522 2003 doctrina
2551 1953 2636 2004 est
2668 1949 2926 2017 traditus,
2980 1953 3386 2025 acolythusque
3415 1953 3581 2007 factus
3603 1969 3689 2024 per

391 2054 566 2110 quem
598 2037 720 2093 sine
765 2039 1109 2094 auctoritate
1169 2041 1414 2095 Romani
1465 2043 1756 2096 Pontificis
1800 2044 2017 2099 fecerat
2119 2037 2388 2091 ordinem
2441 2038 2698 2093 ascendit
2741 2055 2919 2110 usque
2967 2041 3039 2094 ad
3089 2041 3558 2112 presbyteratum,
3594 2057 3687 2113 quo

391 2127 687 2184 Citonatus
706 2128 1178 2200 Archiepiscopus
1211 2130 1574 2185 Caralitanus
1595 2133 1700 2186 sub
1731 2132 2014 2187 ditionem
2116 2129 2480 2180 consecratus
2528 2130 2612 2180 est
2660 2144 2694 2181 a
2722 2128 2910 2182 Leone
2941 2129 3219 2184 Pontiﬁce
3253 2129 3314 2184 in
3329 2130 3496 2185 titulo
3520 2129 3572 2185 S.
3601 2130 3688 2185 Su-

390 2216 650 2290 ejusdem
671 2217 932 2272 Ecclesia
951 2217 1372 2289 redintegravit
1409 2222 1580 2291 atque
1612 2221 1879 2275 ﬁrmavit.
1905 2220 2013 2286 Qui
2116 2229 2332 2270 sannae.
2355 2214 2611 2288 Cumque
2627 2216 2895 2271 deiunctO
2912 2221 3123 2272 sanctte
3144 2219 3440 2274 ωθιηοτίω
3461 2219 3686 2284 Conone,

389 2304 778 2360 sanctissimus
799 2305 891 2362 vir
911 2306 1137 2362 diutina
1159 2308 1782 2364 detentusinlirmitate
1807 2309 2011 2364 defun-
2115 2305 2178 2356 ut
2201 2302 2326 2357 fieri
2353 2304 2516 2367 solet.
2549 2305 2745 2376 populi
2791 2305 3036 2360 Romani
3085 2322 3222 2378 pars
3273 2307 3602 2362 consentiret
3640 2307 3688 2362 in

389 2396 2012 2468 ctusestaesepultusadB.PetrumApostolum,secunda
2113 2391 2398 2446 electione
2449 2393 2733 2447 Theodori
2787 2393 3292 2466 archipresbyteri,
3335 2413 3463 2470 pars
3511 2396 3565 2451 in
3591 2397 3689 2451 ele-

391 2481 484 2538 die
505 2481 719 2538 mensis
743 2483 1002 2556 Augusti.
1025 2485 1096 2538 Et
1113 2485 1352 2541 cessavit
1380 2484 1751 2558 Episcopatus
1781 2503 2010 2543 menses
2111 2479 2301 2536 ctione
2322 2481 2604 2536 Paschalis
2617 2481 3027 2550 archidiaconi,
3043 2486 3099 2538 et
3111 2487 3354 2557 utraque
3364 2501 3489 2557 pars
3505 2484 3686 2540 imma-

391 2572 426 2626 2
455 2570 580 2626 dies
613 2574 702 2628 18.
2109 2567 2262 2627 niter
2290 2569 2349 2624 in
2377 2569 2556 2640 ceptis
2579 2569 2941 2641 perduraret,
2994 2571 3274 2642 primates
3321 2573 3584 2645 judicum,
3635 2575 3684 2626 et

2109 2657 2388 2712 exercitus
2421 2657 2591 2711 Roma

1066 2714 1302 2770 Lxxxv'
2107 2743 2182 2804 ad
2211 2761 2438 2799 sacrum
2463 2746 2590 2816 pala

2156 2657 2388 2710 xercitus
2421 2657 2697 2712 Romanae
2728 2657 2970 2725 militia,
3020 2659 3107 2713 vel
3136 2659 3276 2715 cleri
3305 2659 3544 2732 plurima
3570 2675 3681 2730 pars

2156 2743 2182 2798 1
2211 2761 2438 2799 sacrum
2463 2745 2740 2816 palatium
2780 2751 3182 2818 perrexerunt,
3215 2753 3273 2804 et
3310 2749 3446 2805 inito
3475 2747 3681 2804 consilio

462 2837 675 2905 Conon,
708 2835 988 2893 oriundus
1017 2840 1180 2910 patre
1225 2837 1523 2904 Traceseo,
1550 2839 1822 2895 educatus
1853 2843 2005 2914 apud
2104 2834 2518 2899 tractaverunt,
2543 2833 2790 2904 qualiter
2805 2835 3210 2890 altercantium
3235 2837 3685 2909 sopireturinten-

397 2925 1066 2998 Sieiliam,postmodum
1087 2927 1330 2981 Romam
1353 2927 1511 2981 venit
1530 2927 1718 2982 eidem
1745 2930 2005 2986 Ecclesia
2108 2919 2209 2987 ιίον
2241 2921 2433 2992 sicque
2488 2923 2604 2975 ΠΕΟ
2655 2926 2948 2977 annuente
2993 2923 3050 2978 in
3105 2941 3415 2998 personam
3457 2923 3680 2997 praedicti

391 3014 762 3080 militaturus,
786 3019 956 3088 atque
979 3015 1050 3070 ad
1068 3015 1408 3088 presbyterii
1435 3016 1718 3072 honorem
1739 3018 1998 3088 devenit;
2106 3008 2289 3080 Sergii
2307 3011 2684 3065 devenerunt.
2717 3011 2898 3074 Quem
2921 3011 2991 3066 de
3010 3013 3207 3068 medio
3235 3013 3428 3086 populi
3449 3013 3680 3068 tollentes

385 3103 535 3160 sedit
563 3103 861 3160 mensibus
896 3107 980 3163 ll.
1007 3107 1071 3158 In
1123 3105 1284 3176 cujus
1325 3105 1662 3160 electionem
1715 3109 2005 3163 consensit
2103 3097 2162 3153 in
2194 3100 2491 3154 oraculum
2523 3101 2568 3154 Β
2620 3099 2848 3154 Cmsarii
2895 3101 3162 3172 martyris
3219 3102 3421 3158 Christi
3451 3101 3682 3174 quodest

383 3197 570 3250 clerus
599 3197 658 3250 et
675 3193 935 3264 populus,
962 3193 1103 3247 dum
1121 3210 1238 3248 non
1263 3193 1510 3248 minima
1533 3197 1826 3251 contentio
1851 3198 2003 3254 facta
2023 3224 2074 3288 α
2107 3186 2261 3242 intra
2293 3188 2591 3258 Palatium,
2625 3187 3090 3287 intI‘Oduxerunt.
3122 3193 3183 3245 et
3211 3191 3414 3246 exinde
3449 3190 3516 3245 ad
3543 3191 3682 3244 Late‘

386 3285 554 3350 esset,
583 3298 654 3337 eo
682 3281 840 3354 quod
863 3281 1122 3336 clerusin
1147 3283 2001 3357 PetrumArchipresbyterum,
2029 3276 2073 3288 “’
2106 3293 2351 3332 ranense
2381 3276 2744 3349 Episcopium
2775 3293 2905 3332 cum
2931 3278 3176 3333 laudum
3203 3278 3681 3334 adclamationibus

386 3375 445 3427 et
470 3370 750 3428 exercitus
769 3369 828 3424 in
855 3373 1196 3442 sequentem
1221 3371 1344 3442 ejus
1372 3371 1740 3428 Theodorum
1769 3375 2004 3448 presby-
2107 3366 2487 3423 deduxerunt.
2518 3365 2641 3430 Quo
2664 3365 2942 3437 palatium
2971 3366 3234 3438 ingresso
3265 3385 3410 3423 unus
3437 3385 3466 3424 e
3491 3367 3680 3422 duobus

385 3463 578 3515 terum
593 3457 950 3514 intendebat.
968 3457 1228 3532 Cumque
1242 3460 1425 3514 clerus
1443 3461 1578 3514 ante
1589 3460 1743 3516 fores
1755 3462 2005 3520 basilica
2108 3455 2322 3523 electiS.
2340 3454 2398 3510 id
2427 3457 2532 3520 est,
2553 3454 2888 3510 Theodorus
2905 3455 3370 3528 archipresbyter
3387 3457 3528 3512 illico
3547 3455 3680 3528 quie-

384 3546 879 3606 Constantiniana
911 3547 1245 3603 observaret
1262 3548 1549 3604 custodias
1570 3553 1629 3604 et
1651 3551 1930 3606 exercitus
1945 3552 2004 3608 in
2107 3543 2206 3612 Vit,
2239 3559 2305 3598 ac
2334 3561 2392 3599 se
2417 3542 2779 3598 humiliando
2811 3543 3080 3599 salutavit
3107 3548 3167 3600 et
3188 3547 3466 3601 osculatus
3483 3548 3574 3600 est.
3592 3545 3678 3598 Pa-

380 3636 618 3694 hasilica
663 3637 726 3691 B.
779 3635 1058 3707 Stephani
1091 3637 1557 3708 protomartyris,
1588 3639 1760 3708 atque
1799 3641 2006 3695 neutra
2108 3632 2314 3687 schalis
2342 3648 2476 3686 vero
2506 3632 2666 3686 nullo
2693 3632 2868 3687 modo
2899 3632 3169 3704 primitus
3201 3634 3494 3708 acquievit,
3511 3646 3680 3688 verum

380 3741 514 3798 pars
544 3724 710 3781 alteri
735 3725 985 3791 cederet,
1010 3725 1337 3780 sacerdotes
1353 3727 1411 3779 et
1436 3725 1621 3779 clerus
1650 3725 2006 3782 unanimiter
2106 3720 2342 3775 tandem
2357 3719 2669 3792 aliquando
2689 3720 2971 3776 salutavit.
2988 3721 3101 3777 Sed
3112 3722 3372 3780 clanculo
3386 3727 3566 3778 tamon
3580 3733 3678 3775 non

379 3813 772 3886 ingredientes
827 3812 1193 3885 Episcopium
1249 3813 1654 3881 Lateranense,
1704 3815 2007 3886 elegerunt
2105 3809 2369 3864 cessabat
2419 3809 2753 3864 Ravennam
2810 3808 3066 3878 mittere.
3112 3811 3462 3882 persuadens
3501 3804 3680 3867 Joanni

377 3902 770 3974 supradictum
802 3900 1165 3966 Pontiﬁcem,
1194 3899 1255 3953 in
1286 3917 1400 3971 quo
1429 3917 1560 3954 vere
1583 3905 1708 3956 erat
1743 3909 2002 3974 aspectus
2102 3897 2340 3952 Patritio
2369 3900 2429 3952 et
2457 3897 2702 3952 exarcho
2733 3899 2981 3953 Romam
3003 3898 3220 3958 venire.
3247 3900 3353 3966 Qui
3371 3916 3556 3956 amore
3575 3911 3680 3969 ρτο·

379 3989 693 4062 angelieus,
727 3989 1060 4042 veneranda
1091 3986 1351 4054 canities,
1379 4005 1572 4043 sermo
1607 4007 1787 4045 verus.
1833 3993 1998 4056 Quod
2103 3985 2286 4040 miSSm
2318 3986 2576 4058 pecuniae
2607 3985 2868 4054 veniens,
2897 3987 3034 4041 dum
3067 4005 3278 4044 omnes
3327 3989 3386 4044 in
3410 4000 3677 4060 personam

378 4077 579 4132 videns
597 4075 879 4130 exercitus
905 4079 1035 4146 post
1060 4075 1387 4145 aliquantus
1410 4075 1718 4132 diesllexus
1734 4096 1862 4134 cum
1881 4083 1995 4135 clo-
2101 4074 2252 4146 Segii
2275 4074 2615 4129 sanctissimi
2634 4075 2946 4130 invenisset
2963 4079 3342 4146 consensisse,
3377 4075 3607 4133 Paschali
3629 4071 3678 4126 id

380 4163 514 4220 ricis
530 4161 888 4232 subscripsit,
913 4165 990 4228 et,
1020 4166 1082 4218 ut
1109 4179 1235 4218 mos
1256 4165 1360 4231 est,
1389 4165 1608 4235 legatos
1628 4167 1700 4222 ad
1723 4169 1997 4224 exeellen-
2098 4163 2332 4235 quidem
2363 4163 2665 4236 suffragari
2711 4182 2828 4219 non
2879 4164 3073 4232 valuit,
3112 4170 3170 4220 et
3202 4167 3332 4222 ideo
3362 4164 3599 4222 Ecclesiae
3623 4161 3672 4214 Β.

381 4250 1046 4308 tissimumTheodorum
1061 4268 1124 4307 ex
1133 4252 1370 4307 archum
1394 4253 1619 4310 direxit.
1643 4256 1739 4310 Hic
1751 4259 1999 4329 suscepit
2098 4251 2252 4307 Petri
2264 4251 2633 4324 ApostOlisuo
2649 4251 2935 4325 stipendio
2951 4253 3238 4310 damnum
3254 4255 3462 4322 intulit,
3476 4253 3603 4309 adeo
3625 4250 3674 4302 ιιι

381 4341 633 4398 divalem
649 4339 967 4412 jussionem
1017 4340 1320 4397 Iustiniani
1344 4341 1646 4416 Principis,
1688 4363 1800 4418 qua
1829 4349 2000 4418 signi.
2102 4345 2334 4395 centum
2365 4340 2540 4395 libras
2568 4341 2754 4396 auria
2810 4341 3086 4414 pradicto
3124 4345 3402 4400 Pontiﬁee
3433 4340 3670 4414 exigeret,

380 4432 517 4488 ﬂeat
545 4433 674 4486 aeta
703 4431 874 4486 sexta
907 4431 1123 4502 Synodi
1156 4433 1308 4502 apud
1359 4449 1419 4488 se
1470 4435 1704 4502 habere,
1739 4453 1866 4508 qua
1892 4437 2000 4510 pia
2103 4446 2244 4500 quas
2262 4429 2566 4500 pradictus
2597 4430 2956 4486 miserrimus
3011 4433 3458 4489 Arehidiaconus
3485 4425 3672 4503 promi-

388 4519 692 4576 memoria
723 4519 975 4574 domnus
1024 4521 1435 4576 Constantinus
1477 4524 1706 4594 genitor
1736 4525 1783 4596 ej
1797 4544 1858 4580 us
1886 4528 2002 4581 Ι)Εο
2024 4515 2078 4574 Ι)
2103 4519 2286 4574 sisset.
2316 4519 2422 4584 Qui
2447 4522 2574 4588 post
2593 4519 2840 4574 multum
2866 4524 3091 4593 tempus
3114 4515 3668 4593 propterincantatio-

381 4607 690 4665 auxiliante
702 4609 1117 4680 fecerawqius
1131 4611 1486 4682 temporibus
1498 4612 2006 4686 pietaslmperialis
2107 4625 2206 4662 nes
2227 4611 2284 4661 et
2309 4607 2524 4662 loculos
2549 4608 2747 4678 [lucos]
2777 4625 2923 4679 quos
2947 4610 3194 4681 colebat,
3221 4612 3306 4666 vel
3337 4614 3528 4675 sortes,
3555 4618 3670 4676 (ιιιδδ

383 4697 656 4755 relevavit
681 4698 794 4754 duo
824 4703 1070 4754 centena
1107 4716 1378 4765 annona,
1403 4718 1545 4772 quas
1583 4703 1788 4757 Brutiis
1809 4707 1866 4758 et
1895 4705 2005 4759 Lu-
2105 4695 2658 4768 ιτᾶοιδὺειιρνίναιυε
2675 4697 2733 4751 in
2759 4698 3111 4754 monasterio
3132 4700 3466 4765 tetraditm‘,
3491 4711 3550 4750 ac
3567 4692 3670 4764 Ροδί

381 4787 562 4843 cania
583 4803 776 4842 annue
794 4787 1332 4860 persolvebant.llic
1348 4789 1497 4844 ultra
1521 4791 2001 4847 consuetudinem
2105 4785 2570 4857 quinquennium
2602 4801 2720 4856 pra!
2756 4785 2943 4840 cordis
2982 4787 3194 4843 duritia
3232 4787 3581 4860 impaeniteus
3603 4782 3671 4834 θεί

383 4877 598 4950 absque
628 4892 910 4932 consensu
931 4877 1067 4931 cieri
1098 4877 1545 4931 Constantinum
1576 4879 1883 4934 diaconum
1908 4883 2004 4935 Ec-
2103 4875 2422 4930 defunctus.
2455 4875 2713 4945 Denique
2754 4874 2920 4944 hujus
2951 4875 3133 4947 Sergii
3159 4877 3508 4948 temporibus
3529 4868 3666 4926 Justi-

379 4965 564 5020 clesia
592 4966 966 5037 Syracusana
997 4965 1385 5020 Reetoremin
1413 4965 1766 5038 patrimonio
1794 4968 1999 5024 Silieia
2103 4965 2306 5019 nianus
2335 4967 2655 5034 Imperator
2698 4964 2819 5019 ﬁeri
2870 4965 3187 5021 Concilium
3225 4967 3392 5038 jussit
3437 4965 3489 5020 in
3536 4957 3670 5030 regia

381 5053 699 5121 constituit,
733 5053 1036 5109 hominem
1089 5054 1278 5110 ferum
1323 5058 1382 5108 et
1412 5055 1874 5125 tergiversutum,
1910 5057 2002 5113 cui
2103 5053 2264 5120 urbe,
2292 5053 2352 5106 in
2383 5069 2498 5124 qua
2526 5057 2585 5108 et
2605 5053 2778 5123 legati
2809 5053 2971 5108 Sedis
2999 5055 3337 5125 Apostolica
3368 5048 3668 5126 quibusdam

380 5142 666 5214 mappulis
695 5142 770 5197 ad
796 5141 1256 5196 caballicandum
1279 5143 1360 5196 uti
1378 5143 1676 5198 licentiam
1699 5145 1996 5202 concessit.
2099 5142 2361 5214 capitulis
2381 5144 2543 5196 extra
2572 5145 2763 5196 cetum
2805 5141 3024 5204 [ritum]
3055 5143 3495 5198 Ecclesiasticum
3533 5131 3670 5193 editis

379 5230 542 5304 Unde
569 5234 701 5303 post
727 5231 1040 5286 discessum
1073 5231 1364 5286 Pontilicis
1406 5231 1609 5286 seditio
1662 5251 1834 5304 super
1863 5251 1998 5288 eum
2101 5231 2323 5302 decepti
2338 5231 2815 5303 subscripserunt,
2841 5235 2899 5286 et
2918 5233 3178 5288 Romano
3199 5231 3476 5296 Pontiﬁci,
3501 5225 3667 5296 utpote

377 5321 507 5375 orta
525 5335 559 5374 a
572 5317 786 5374 civibus
803 5319 876 5374 ob
892 5318 1227 5390 patrimonii
1252 5319 1398 5386 lites,
1415 5336 1450 5374 a
1469 5319 1664 5391 judice
1691 5321 1999 5392 provincia
2101 5319 2272 5391 capiti
2292 5319 2656 5378 sacerdotum
2673 5319 2960 5388 omnium,
2975 5324 3038 5376 ut
3056 5321 3451 5382 subscriberet,
3474 5315 3668 5371 direxe'

377 5408 482 5464 sub
531 5410 691 5463 arcta
738 5409 998 5465 custodia
1040 5413 1127 5464 est
1164 5412 1437 5478 retrusus,
1479 5425 1582 5482 pro
1633 5426 1701 5464 eo
1753 5411 1907 5482 quod
1937 5411 1998 5468 in
2099 5409 2482 5464 runt.Verum
2507 5409 2870 5464 beatissimus
2894 5409 3158 5465 Pontifex
3187 5409 3416 5481 penitus
3443 5421 3552 5461 non
3593 5415 3666 5456 ac-

377 5495 2003 5569 dissensionejudicuminveniebatur.Cumquesanctissi-
2099 5497 2333 5570 quievit,
2365 5513 2470 5553 nec
2491 5497 2726 5552 eosdem
2755 5501 2949 5552 tomos
2994 5498 3304 5570 suscipere,
3353 5498 3448 5551 aut
3469 5484 3666 5548 lectioni

375 5601 506 5641 mus
533 5584 797 5640 Pontifex
829 5584 1048 5640 diutina
1074 5585 1411 5640 inﬁrmitate
1443 5587 1709 5640 detentus
1739 5585 1996 5654 obiissct,
2102 5587 2354 5658 pandere
2381 5602 2578 5656 passus
2606 5587 2734 5654 fuit,
2765 5587 2864 5641 sed
2894 5589 2956 5641 ut
2974 5586 3253 5642 invalidos
3283 5583 3494 5657 respuit
3519 5583 3662 5649 atque

375 5673 596 5730 dimisit
627 5672 792 5727 omni
821 5673 973 5726 clero
1024 5676 1080 5727 et
1135 5673 1501 5727 monasleriis
1533 5675 1712 5729 multa
1741 5675 1798 5730 in
1832 5693 1996 5731 auro-
2097 5674 2328 5747 abjecit,
2354 5675 2574 5746 eligens
2603 5679 2738 5730 ante
2761 5675 2934 5744 mori,
2961 5693 3138 5749 quam
3159 5674 3470 5731 novitatum
3489 5663 3663 5726 errori-

374 5761 520 5815 sicut
551 5775 866 5830 praecessor
895 5757 1014 5829 ejus
1046 5757 1385 5815 Benedictus
1415 5762 1590 5832 Papa.
1619 5762 1788 5834 Cujus
1812 5764 1996 5828 archi,
2096 5763 2200 5818 bus
2223 5762 2567 5818 consentire.
2604 5763 2762 5819 Unde
2794 5763 3129 5836 indignatus
3167 5764 3479 5835 Imperator
3523 5751 3660 5822 καθ’
