3862 6210
1183 496 1590 557 EXCERPTUM
1627 494 1720 552 DE
1761 489 1996 552 GESTIS
2033 490 2202 549 ROM.
2239 486 2440 548 ΡΟΝΤ.

3373 489 3477 550 56B

154 635 424 695 stt-ianum
438 627 892 696 Romammisit,
905 625 1002 702 qui
1021 626 1308 683 Joannem
1321 625 1437 680 Ι)εο
1449 621 1762 678 amabilem
1786 617 1843 681 Δ
1871 635 2024 685 cum,
2055 615 2152 690 qui
2176 618 2418 671 llorreas
2449 612 2676 680 dicitur,
2703 611 2976 668 fossatum
3004 612 3227 684 ﬁgeret,
3261 613 3479 668 nullus-

151 729 526 784 Portuensem
553 721 921 793 Episcopum,
961 733 1060 772 seu
1101 714 1456 770 Bonifacium
1503 711 1766 766 consilia-

147 816 289 871 rium
331 810 572 866 Domini
604 811 776 880 Papm
802 807 860 862 in
887 805 1110 876 regiam
1150 802 1491 857 transferret
1538 800 1763 853 urbem.

148 901 362 961 Deinde
391 897 734 954 Zachariam
765 891 1289 968 protospatharium
1334 906 1501 944 suum
1541 887 1765 952 direxit,

140 993 350 1065 jubens
381 989 542 1044 idem
585 987 776 1040 facere
823 985 894 1039 de
944 985 1206 1037 Romano
1252 979 1545 1034 Pontifice.
1590 978 1766 1030 Porro

141 1063 546 1138 misericordia
574 1077 677 1130 D51
702 1073 1014 1128 excitatum
1041 1073 1126 1124 est
1149 1085 1249 1123 cor
1285 1064 1628 1122 Ravennatis
1657 1063 1766 1118 mi-

139 1169 301 1236 litiae,
335 1168 589 1222 Ducatus
628 1163 804 1219 etiam
829 1158 1274 1231 Pentapolitani,
1305 1156 1402 1229 qui
1429 1157 1537 1210 hoc
1579 1153 1768 1226 prohi-

140 1260 402 1316 buerunt
426 1253 579 1324 ﬁeri,
627 1251 873 1324 ingressi
921 1265 1028 1322 per
1074 1251 1302 1320 portam
1350 1247 1410 1299 Β.
1444 1243 1594 1298 Petri
1633 1257 1766 1296 cum

139 1347 327 1404 armis
393 1348 456 1400 et
511 1343 684 1398 turba
726 1336 1124 1396 Lateranensis
1175 1332 1456 1408 Episcopii
1512 1333 1766 1387 volentes

135 1435 338 1492 videre
383 1431 746 1498 Pontiﬁcem,
798 1443 972 1501 quem
1029 1426 1320 1481 sublatum
1381 1419 1610 1491 navigio
1661 1435 1766 1492 per

137 1528 383 1580 noctem
412 1522 574 1577 fama
597 1518 948 1590 vulgaverat.
990 1515 1260 1586 Egressus
1279 1510 1459 1582 igitur
1487 1507 1766 1563 sanctissi-

136 1630 275 1670 mus
306 1610 548 1682 Sergius
573 1606 838 1664 Pontifex
865 1603 1091 1660 obviam
1123 1600 1403 1656 militibus
1431 1600 1564 1653 ante
1613 1597 1766 1652 fores

138 1703 422 1768 basilicae,
453 1715 585 1771 quae
619 1695 826 1752 dicitur
856 1692 1066 1749 Domni
1096 1688 1382 1745 Theodori
1411 1689 1578 1758 Papae
1607 1683 1765 1739 suavi

136 1807 429 1864 responso
458 1803 665 1844 eorum
692 1784 876 1840 linivit
919 1781 1114 1847 corda,
1169 1783 1227 1834 et
1265 1776 1620 1840 Zachariam,
1668 1772 1766 1846 qui

139 1897 272 1936 sese
303 1880 410 1934 sub
433 1879 585 1933 lecto
607 1877 729 1947 ejus
749 1871 1150 1937 absconderat,
1175 1869 1244 1923 de
1276 1866 1542 1921 manibus
1563 1879 1766 1918 eorum

145 1968 386 2040 eripuit,
407 1967 546 2040 quia
570 1981 705 2020 eum
737 1977 868 2017 cum
894 1958 1120 2030 injuriis
1145 1961 1203 2012 et
1220 1953 1587 2010 contumeliis
1603 1969 1637 2006 a
1657 1953 1766 2005 Ro-
1797 1933 1848 1993 Β

146 2039 332 2112 mana
359 2039 501 2111 urbe
531 2052 817 2125 expellere
845 2049 1133 2104 volebant.
1169 2045 1290 2110 Quo
1320 2043 1379 2097 in
1404 2046 1689 2112 tempore,
1722 2039 1770 2093 is

148 2146 249 2218 qui
281 2161 418 2200 eum
446 2143 705 2206 miserat,
739 2141 855 2194 Dso
885 2136 1260 2200 retribuente,
1301 2147 1484 2202 regno
1519 2129 1769 2200 privatus

151 2236 238 2288 est
265 2236 328 2288 et
354 2229 617 2286 Ecclesiae
647 2231 824 2282 status
856 2223 1078 2280 Christo
1109 2221 1352 2294 prmsule
1380 2221 1632 2272 servatus
1664 2218 1767 2269 est.

155 2322 440 2377 Caterum
486 2319 693 2374 beatus
738 2314 824 2368 vir
873 2313 932 2367 in
965 2310 1213 2368 sacrario
1246 2310 1304 2364 S.
1339 2306 1490 2363 Petri
1518 2301 1773 2376 Apostoli

157 2426 388 2484 capsam
401 2410 746 2480 argenteam
766 2404 827 2458 in
841 2401 1053 2473 angulo
1069 2395 1498 2466 obscurissimoj
1508 2396 1774 2449 acentem

156 2483 396 2564 invenit,
427 2495 519 2552 cui
544 2493 802 2566 sigillum
847 2491 1194 2562 impressum
1223 2485 1476 2550 abstulit,
1507 2483 1771 2538 locellum

161 2585 402 2658 aperuit,
432 2584 494 2640 in
529 2598 644 2656 quo
675 2579 916 2636 interius
944 2575 1337 2652 plumbazium
1375 2568 1772 2646 [plumacium]

163 2692 230 2730 ex
256 2661 579 2730 holoserico
605 2669 1052 2742 superpositum,
1081 2665 1238 2738 quod
1267 2661 1612 2718 staurarium
1635 2659 1774 2714 dici-

165 2767 260 2818 tur
291 2762 528 2828 invenit,
562 2775 749 2830 eoque
779 2757 972 2812 ablato
998 2753 1240 2809 inferius
1281 2766 1508 2805 crucem
1545 2746 1778 2802 diversis

171 2867 236 2906 ac
283 2848 547 2924 pretiosis
596 2846 886 2918 lapidibus
931 2845 1196 2899 ornatam
1249 2837 1512 2911 inspexit.
1555 2837 1633 2890 De
1665 2851 1778 2906 qua

172 2940 436 2995 detractis
461 2939 710 3012 quatuor
741 2933 965 3008 petalis,
999 2932 1058 2986 in
1103 2929 1262 3002 quib.
1297 2942 1544 3000 gemmae
1571 2925 1776 2978 clausae

164 3031 332 3085 erant
349 3027 510 3082 mirae
533 3018 1330 3096 magnitudinis,inetfabilem
1349 3014 1677 3087 portionem
1693 3027 1776 3066 sav

165 3116 360 3173 lutaris
377 3115 521 3188 ligni
544 3111 864 3170 Dominicaa
885 3108 1068 3164 crucis
1087 3105 1364 3178 repperit,
1397 3102 1550 3176 quod
1564 3117 1667 3173 pro
1693 3115 1777 3188 sa-

1867 725 1978 780 que
2001 711 2166 774 esset,
2191 706 2286 778 qui
2309 705 2360 758 ei
2381 703 2641 758 resistere
2665 706 2871 776 posset,
2889 703 3193 774 praedictus
3215 703 3476 757 Pontifex

1867 797 2051 851 missis
2080 797 2470 850 sacerdotibus
2511 810 2640 846 eum
2673 791 3011 862 Apostoliris
3054 792 3307 845 donaris
3354 793 3480 846 uni-

1867 903 2058 940 versos
2111 885 2361 956 captivos
2417 884 2486 937 de
2545 898 2743 936 eorum
2797 881 3063 934 manibus
3112 881 3380 944 redemit,
3422 883 3480 934 et

1867 975 2028 1028 illum
2083 990 2212 1027 cum
2269 989 2368 1026 suo
2419 973 2580 1026 hoste
2628 971 2700 1024 ad
2743 970 2973 1040 propria
3012 969 3288 1039 repedare
3320 969 3474 1028 fecit.

1867 1065 2000 1118 Post
2028 1063 2186 1135 cujus
2213 1062 2435 1117 obitum
2463 1059 2697 1115 cessavit
2725 1059 3092 1130 Episcopatus
3128 1074 3388 1115 mensem
3423 1062 3476 1114 1.

1867 1152 1992 1208 dies
2021 1154 2106 1210 18.

2517 1255 2828 1311 LXXXVIII.

1935 1368 2198 1432 JOANNEs,
2220 1364 2457 1419 natione
2477 1364 2721 1429 Graecus,
2743 1366 2906 1435 patre
2929 1362 3188 1424 Platone,
3212 1361 3359 1416 sedit
3379 1379 3501 1416 an-.

1865 1457 1953 1512 nis
1984 1461 2036 1514 2.
2071 1454 2316 1510 mensib.
2349 1460 2402 1509 7.
2436 1452 2585 1507 dieb.
2626 1457 2707 1508 17.
2732 1455 2820 1506 vir
2849 1451 3286 1513 eruditissimus,
3314 1453 3370 1504 et
3390 1449 3473 1504 fa-

1865 1545 2085 1600 cundus
2115 1542 2464 1616 eloquentia.
2499 1542 2672 1614 Hujus
2693 1540 3000 1613 temporib.
3029 1540 3342 1612 Ariperlus,
3374 1555 3473 1593 rex

1869 1633 2403 1705 Langobardorum,
2456 1631 2832 1686 donationem
2871 1630 3208 1704 patrimonii
3242 1630 3474 1700 Alpium

1869 1723 2183 1778 Cottiarum
2203 1721 2472 1776 inlitteris
2495 1721 2680 1774 aureis
2693 1720 3042 1786 exaravit,ac
3058 1719 3174 1790 juri
3198 1720 3475 1774 Romana:

1866 1811 2132 1866 Ecclesiae
2148 1810 2508 1876 reformavit,
2532 1825 2658 1880 quae
2682 1809 2979 1879 perlonga
3000 1810 3264 1877 tempora
3285 1807 3357 1859 ab
3381 1823 3476 1860 ea-

1869 1899 2501 1969 demliangobardorum
2517 1899 2689 1967 gente
2706 1896 2794 1949 det
2807 1895 3296 1948 inebantur.Tunc
3311 1895 3476 1948 etiam

1868 1988 2220 2044 Justinianus
2251 1987 2570 2056 Imperator
2599 2002 2633 2039 a
2662 1985 2924 2055 partibus
2944 1983 3191 2038 Gazariae
3223 1999 3326 2053 per
3356 1983 3482 2034 loca

1871 2076 2151 2148 Bulgaria:
2173 2092 2305 2129 cum
2329 2075 2588 2128 Trebello
2614 2089 2790 2144 usque
2809 2073 2881 2126 ad
2907 2072 3131 2140 regiam
3155 2071 3358 2124 urbem
3382 2086 3478 2122 ve-

1873 2167 2038 2222 niens
2069 2180 2316 2234 regnum
2347 2162 2668 2234 proprium,
2700 2161 2854 2214 unde
2887 2160 3100 2231 ejectus
3143 2159 3351 2225 fuerat,
3381 2156 3481 2210 ad-

1873 2257 2038 2325 eptus
2069 2255 2170 2307 est.
2206 2253 2457 2305 Leonem
2490 2265 2718 2322 quoque
2751 2249 2809 2301 et
2835 2246 3152 2313 Tiberium,
3177 2245 3274 2317 qui
3291 2246 3484 2299 locum

1873 2344 1996 2414 ejus
2034 2342 2462 2412 usurpaverant,
2495 2337 2668 2409 cepit,
2699 2339 2756 2390 et
2785 2335 2844 2388 in
2876 2335 3068 2388 medio
3102 2334 3246 2388 Circi
3286 2349 3486 2388 coram

1875 2431 2034 2486 omni
2055 2430 2268 2502 pepulo
2285 2427 2539 2499 jugulari
2561 2425 2714 2480 fecit.
2741 2426 2918 2479 Porro
2943 2428 3130 2478 tomos
3153 2439 3294 2495 quos
3315 2425 3490 2476 antea.

1874 2520 1978 2575 sub
1990 2521 2218 2574 Domno
2244 2516 2444 2587 Sergio
2459 2513 2798 2587 Apostolicaa
2820 2512 3118 2566 memoriae
3139 2513 3380 2564 Romam
3403 2509 3488 2564 di-

1875 2611 2121 2675 rexerat,
2151 2609 2208 2660 in
2233 2605 2438 2678 quibus
2459 2604 2681 2658 diversa
2710 2602 2959 2673 capitula
2985 2601 3262 2655 Romanas
3295 2599 3485 2653 Eccle-

1876 2697 1972 2752 sia:
2007 2696 2298 2752 contraria
2314 2695 2565 2760 inerant,
2588 2709 2691 2765 per
2707 2691 2849 2746 duos
2866 2689 3336 2761 Metropolitanus
3355 2686 3489 2760 Epi-

1876 2803 2077 2857 scopos
2107 2783 2443 2851 transmisit,
2473 2782 2744 2852 adjurans
2777 2783 2836 2834 ut
2862 2777 3200 2851 Apostolicze
3224 2776 3519 2837 Ecclesiae,

1877 2873 2197 2929 Concilium
2225 2874 2590 2944 aggregarct,
2615 2872 2671 2924 et
2691 2886 2817 2940 qum
2851 2869 3040 2921 evulsa
3059 2869 3249 2920 essent
3267 2863 3486 2918 stabili-

1875 2965 1982 3024 ret,
2013 2979 2141 3034 qua:
2170 2977 2302 3015 vero
2352 2960 2592 3013 adversa
2615 2957 2916 3012 renuendo
2947 2957 3213 3010 cassaret.
3249 2952 3362 3008 Sed
3391 2950 3488 3006 hic

1874 3037 2133 3105 humana
2155 3050 2465 3120 fragilitate
2487 3047 2728 3102 timidus
2758 3047 2862 3100 hos
2884 3059 3253 3117 nequaquam
3286 3057 3486 3096 emen-

1875 3140 2017 3194 dans
2032 3137 2283 3210 Principi
2297 3135 2700 3202 retransmisit,
2716 3137 3023 3207 postquam
3048 3149 3164 3186 non
3189 3130 3285 3186 diu
3308 3131 3366 3185 in
3382 3131 3489 3184 hac

164 3205 286 3298 lute
311 3199 803 3298 humanigenel'is.
821 3198 893 3298 θῙξ
923 3195 1314 3298 οῐξιηίμξρΡυξξ)
1341 3187 1774 3298 ξδδιξίέξξθΠΟ-ξὶῗ
1809 3187 3142 3298 (1ξῆΞ-ιξθ-ιῖᾶιῖέὲξγῖίξέξᾶ-ἆέῶέίέωεεἶρροεὶιυε
3173 3222 3259 3273 est
3285 3218 3358 3274 ad
3385 3235 3484 3291 pa-

168 3291 524 3349 exaltationis
553 3291 615 3348 S.
651 3287 835 3344 crucis
877 3286 938 3341 in
987 3283 1223 3340 basilica
1268 3279 1596 3346 Salvatoris,
1645 3292 1774 3349 qua:

171 3382 480 3454 appellatur
503 3374 1004 3443 Constantiniana,
1033 3369 1278 3428 osculari
1305 3385 1370 3424 ac
1412 3366 1644 3422 adorari
1683 3365 1772 3420 in-

172 3453 363 3525 stituit.
389 3468 487 3524 Hic
521 3469 652 3542 post
681 3465 886 3531 multa,
918 3479 1047 3536 quas
1091 3461 1152 3517 in
1197 3457 1456 3514 Ecclesiis
1487 3458 1587 3511 DEI
1615 3453 1770 3522 fecit,

173 3558 474 3626 renovavit,
507 3572 614 3612 seu
658 3553 921 3620 contulit,
955 3555 1018 3608 ut
1044 3554 1306 3622 tempore
1335 3543 1632 3602 fractionis
1659 3545 1772 3598 Do-

175 3646 314 3702 mini
336 3645 612 3720 corporis,
633 3648 835 3716 Agnus
854 3643 976 3709 DEI,
991 3639 1089 3712 qui
1119 3638 1273 3694 tollis
1291 3635 1526 3709 peccata
1546 3630 1772 3720 mundi,

175 3737 305 3803 etc.,
332 3751 366 3790 a
391 3719 542 3790 clero
573 3735 633 3788 et
661 3731 875 3804 populo
902 3729 1240 3784 decantetur
1256 3723 1519 3780 instituit.
1545 3719 1771 3776 Consti-

177 3821 281 3876 tuit
299 3824 487 3890 etiam,
502 3825 566 3876 ut
585 3819 803 3876 scilicet
821 3817 1020 3873 diebus
1033 3811 1498 3870 adnunciationis
1515 3807 1770 3876 Domini,

178 3909 553 3978 dormitionis,
585 3912 644 3964 et
672 3905 982 3963 nativitatis
1001 3908 1210 3960 sanctae
1230 3903 1333 3957 Dsi
1355 3897 1776 3956 GenitricisMa-

179 3999 275 4053 riae
316 4016 376 4054 ac
425 4001 482 4056 S.
512 3996 802 4054 Simeonis
827 3993 984 4068 quod
1014 3990 1330 4065 hypapanti
1361 3987 1537 4046 (ΞΓωοὶ
1583 3986 1774 4058 appel-

183 4086 311 4142 lant.
341 4086 570 4142 Letania
601 4087 769 4142 exeat
792 4101 828 4138 a
855 4085 1052 4138 sancto
1082 4081 1338 4135 Adriano
1379 4081 1436 4132 et
1466 4077 1539 4130 ad
1569 4076 1628 4130 S.
1659 4075 1770 4130 Ma-

181 4173 318 4230 riam
339 4177 576 4248 populus
600 4175 882 4230 occurrat.
909 4171 1176 4243 Sepultus
1205 4172 1290 4222 est
1315 4169 1510 4222 autem
1531 4163 1622 4218 hic
1643 4163 1774 4218 bea-

182 4263 263 4317 tus
283 4264 362 4319 rir
403 4265 461 4320 in
511 4262 767 4320 basilica.
804 4262 863 4315 Β.
919 4259 1074 4315 Petri
1104 4256 1360 4330 Apostoli
1393 4257 1446 4309 6.
1474 4253 1602 4308 Idus
1630 4252 1773 4322 Sep-

179 4353 346 4408 temb.
377 4352 696 4409 indictione
743 4351 828 4406 14.
875 4347 1104 4404 Tiberio
1135 4348 1411 4418 Augusto.
1443 4344 1513 4398 Et
1540 4341 1776 4398 cessavit

179 4439 530 4517 Episcopatus
560 4456 764 4497 mense
799 4443 842 4495 l.
878 4437 1032 4494 dieb.
1065 4439 1156 4493 '20.

821 4577 1110 4633 LXXXVII.

237 4708 487 4774 Joannes,
503 4703 744 4760 natione
760 4703 1005 4768 Graecus,
1029 4699 1174 4755 sedit
1200 4697 1367 4755 annis
1391 4702 1443 4754 3.
1476 4697 1768 4753 mensibus

176 4796 221 4849 2.
236 4795 426 4851 diebus
457 4799 542 4850 l2.
566 4793 744 4864 Hujus
762 4790 1120 4862 temporibus
1137 4788 1295 4842 venit
1311 4787 1766 4858 TheOpbylactus

178 4883 534 4938 cubicularius
565 4881 837 4936 Patritius
867 4883 924 4933 et
953 4879 1237 4933 Exarchus
1282 4877 1454 4931 Italiae
1503 4876 1573 4929 dc
1602 4879 1766 4945 parte

179 4966 365 5026 Sicilia:
391 4972 451 5026 in
479 4971 688 5026 urbem
718 4970 982 5023 Romam.
1014 4966 1121 5030 Qui
1150 4966 1347 5020 volens
1375 4963 1622 5036 propriis
1639 4964 1767 5018 sub-

180 5059 377 5114 stantiis
396 5059 695 5116 denudare
715 5056 998 5129 quosdam
1025 5054 1382 5110 habitatores
1403 5053 1586 5120 Urbis,
1610 5069 1766 5107 com-

1873 3317 1990 3370 tres
2020 3331 2169 3368 suos.
2196 3314 2266 3368 Et
2293 3311 2532 3367 cessavit
2561 3309 2932 3382 Episcopatus
2962 3307 3258 3364 mensibus
3289 3309 3341 3362 3.

2545 3450 2802 3506 LXXXIX.

1946 3561 2244 3626 Sismmus,
2267 3556 2504 3612 natione
2525 3555 2898 3627 Syrus,patre
2927 3554 3172 3619 Joanne,
3198 3552 3348 3607 sedit
3367 3553 3488 3606 dies

1873 3653 1962 3708 20.
1987 3636 2095 3712 Qui
2118 3645 2204 3700 vir
2223 3643 2534 3719 podagrico
2568 3660 2633 3698 ac
2660 3641 2979 3713 chiragrico
3011 3641 3256 3694 humore
3279 3638 3360 3694 ita
3389 3640 3485 3694 de-

1873 3737 2168 3794 tinebatur
2203 3733 2488 3802 astrictus,
2511 3735 2574 3786 ut
2592 3730 2699 3786 sibi
2722 3727 2973 3802 propriis
3006 3727 3273 3782 manibus
3292 3727 3485 3782 cibum

1875 3825 2142 3884 exhibere
2160 3839 2279 3878 non
2301 3823 2538 3880 valeret.
2565 3821 2724 3877 Unde
2747 3815 3054 3890 repentina
3071 3818 3260 3871 morte
3279 3816 3485 3871 defun-

1873 3920 1996 3972 ctus
2015 3915 2202 3972 est.Et
2223 3911 2458 3969 cessavit
2474 3911 2845 3983 Episcopatus
2875 3921 3140 3962 mensem
3165 3909 3214 3962 l.
3241 3904 3362 3961 dies
3392 3907 3482 3960 28.

2634 4053 2718 4108 XC

1944 4166 2370 4230 Cousmurmus,
2397 4161 2632 4216 natione
2656 4159 2850 4231 Syrus,
2880 4158 3044 4229 patre
3067 4157 3312 4224 Joanne,
3334 4155 3487 4210 sedit

1872 4255 2040 4311 annis
2061 4261 2112 4310 7.
2146 4253 2344 4308 diebus
2373 4254 2454 4307 l6.
2488 4249 2825 4304 mitissimus
2844 4247 3028 4302 valde.
3059 4245 3230 4318 Cujus
3255 4249 3482 4316 tempo-

1870 4344 2030 4399 ribus
2049 4342 2110 4396 in
2134 4342 2272 4396 urbe
2285 4342 2472 4395 Roma
2488 4339 2640 4394 facta
2653 4339 2736 4391 est
2754 4337 2940 4391 fames
2958 4351 3174 4406 magna
3185 4350 3288 4406 per
3299 4349 3484 4387 annos

1871 4436 2008 4500 tres,
2041 4447 2213 4504 quam
2255 4433 2449 4484 secuta
2473 4431 2560 4484 est
2589 4431 2753 4482 tanta
2782 4428 3038 4492 ubertas,
3071 4427 3135 4478 ut
3172 4420 3484 4478 fertilitatis

1869 4519 2036 4592 copia
2067 4517 2380 4574 sterilitatis
2408 4516 2668 4589 inopiam
2697 4513 2974 4570 oblivioni
3004 4513 3330 4567 mandaret.
3384 4509 3482 4563 llic

1791 4578 1844 4636 D
1869 4578 2154 4666 ordinavit
2173 4607 2415 4663 Felicem
2437 4578 2947 4677 Arcliiepiscopum
2965 4598 3480 4670 Ravennatem,qui

1867 4698 2183 4754 secundum
2213 4695 2474 4769 priorum
2501 4711 2738 4750 suorum
2765 4691 3250 4749 consuetudinem
3297 4687 3483 4743 noluit

1867 4788 2054 4842 facere
2077 4786 2392 4852 cautiones,
2421 4785 2520 4839 sed
2541 4801 2646 4855 per
2672 4783 2994 4854 potentiam
3022 4781 3281 4850 judicum
3306 4793 3482 4844 expo—

1867 4878 1995 4944 suit,
2023 4880 2085 4931 ut
2115 4875 2311 4930 voluit.
2343 4875 2706 4944 Quapropter
2736 4871 2972 4924 mittens
2992 4865 3342 4920 Justinianus
3363 4864 3482 4914 Illi-

1865 4969 2099 5038 perator
2113 4965 2482 5018 Theodorum
2509 4959 2812 5016 Patritium
2840 4961 2898 5010 et
2921 4955 3175 5026 primum
3197 4950 3480 5005 exercitus

1863 5055 2064 5110 insula:
2096 5053 2302 5109 Siciliae
2327 5068 2461 5106 cum
2499 5051 2677 5104 classe
2705 5049 3039 5101 Ravennam
3074 5041 3246 5112 cepit,
3269 5037 3480 5110 praifa-

184 5149 337 5203 movit
363 5149 664 5204 adversum
697 5163 758 5201 se
788 5143 1182 5216 gravissimam
1203 5141 1762 5214 seditionem,quam
1863 5145 1988 5198 tum
2018 5141 2525 5213 Arcbiepiscopum
2553 5138 2928 5207 arrogantem
2959 5132 3018 5186 in
3049 5130 3178 5185 navi
3221 5127 3476 5182 vinctum

185 5234 417 5293 Pontifex
443 5234 686 5292 monitis
711 5232 1052 5289 salutaribus
1082 5231 1318 5298 sedavit,
1360 5231 1459 5303 qui
1486 5247 1608 5286 sese
1639 5248 1764 5284 me-

1863 5232 2071 5300 tenuit,
2097 5231 2317 5286 lumine
2345 5228 2644 5282 oculorum
2674 5221 2936 5294 privavit,
2964 5220 3024 5274 in
3053 5217 3288 5273 exilium
3317 5219 3478 5270 trans

185 5322 320 5380 dium
339 5326 480 5382 dans
511 5327 708 5398 portas
731 5322 974 5378 civitatis
1004 5319 1223 5388 clausit,
1255 5323 1314 5376 et
1341 5319 1666 5375 sacerdotes
1692 5319 1765 5374 ad
1863 5323 2114 5376 Pontum
2142 5317 2392 5383 misit,et
2422 5329 2627 5369 omnes
2645 5311 2912 5376 rebelles,
2935 5324 3078 5380 quos
3098 5307 3177 5362 ibi
3199 5304 3474 5376 repperit,

184 5409 449 5482 fossatum,
480 5414 540 5469 in
573 5429 690 5485 quo
742 5428 853 5467 una
891 5411 1303 5478 convenerant,
1335 5409 1511 5464 misit.
1546 5408 1765 5462 Deinde
1865 5407 2244 5481 compedibus
2262 5401 2510 5466 strinxit,
2527 5399 2750 5455 divitias
2772 5413 2974 5452 eorum
2991 5393 3476 5464 abstulit,ctCon-

188 5515 314 5570 vero,
338 5503 475 5557 dum
505 5501 753 5558 Gisulfus
773 5499 882 5554 dux
905 5499 1096 5571 gentis
1125 5497 1642 5568 Langobardorum
1672 5497 1770 5550 Be-

1867 5495 2308 5567 stantin0polim
2340 5491 2520 5547 misit.
2542 5491 2698 5545 Tunc
2723 5487 2901 5542 etiam
2921 5503 3082 5541 sacra
3106 5483 3476 5556 Imperatoris

192 5592 386 5646 novanti
414 5607 549 5646 cum
582 5587 744 5645 omni
775 5605 876 5644 sua
913 5588 1125 5644 virtute
1163 5587 1403 5652 veniret,
1431 5586 1492 5640 in
1522 5586 1772 5654 Campa-
1863 5587 2052 5658 jussus
2080 5587 2166 5638 est
2208 5583 2483 5654 przefatus
2518 5576 2929 5636 Constantinus
2958 5575 3222 5631 Pontifex
3251 5574 3477 5646 regiam

195 5679 320 5735 niam
367 5679 642 5736 incendia
671 5681 728 5734 et
769 5679 1151 5750 prindetiones
1198 5679 1408 5732 multas
1456 5677 1768 5741 exerceret,

195 5769 548 5842 captivosque,
586 5783 703 5823 non
733 5783 943 5838 paucos
966 5767 1228 5840 cepisset,
1276 5773 1335 5822 et
1379 5783 1556 5838 usque
1585 5764 1656 5820 ad
1687 5764 1770 5817 lo-

1869 5672 2179 5728 ascendere
2204 5671 2430 5739 urbem,
2449 5669 2606 5743 quod
2624 5672 2680 5724 et
2705 5665 2840 5721 fecit
2867 5665 2960 5721 die
2988 5669 3039 5722 5.
3075 5663 3288 5719 mensis
3311 5665 3477 5720 Octo-

1871 5760 1988 5817 bris
2034 5757 2347 5813 indictione
2379 5762 2432 5814 9.
2483 5757 2671 5812 Secuti
2704 5759 2896 5811 autem
2938 5759 3072 5811 sunt
3101 5771 3233 5808 eum
3262 5753 3481 5808 Nicetta
