3862 6210
402 497 506 563 367

1461 495 1522 558 S.
1561 497 1855 558 ABBONIS
1890 492 2178 557 ABBATIS
2216 497 2708 561 FLORIACENSIS

3629 504 3733 568 568

411 623 723 699 Episcopus
765 619 838 682 de
886 619 1056 697 Sylva
1099 619 1376 691 Candida,
1409 621 1685 695 Georgius
1714 622 2019 694 Episcopus
2041 629 2095 688 Α
2118 637 2262 676 num
2301 622 2516 693 Papam
2558 621 2831 695 pertinet.
2873 620 3133 697 Denique
3162 619 3406 697 populus
3439 621 3738 684 Romanus

405 712 757 781 Portuensis,
803 710 1146 779 Michaelius,
1194 711 1420 779 Paulus,
1472 711 1748 782 Georgius
1791 711 2020 782 presby-

403 802 538 872 teri,
585 802 894 873 Gregorius
937 801 1230 868 diaconus,
1267 799 1542 870 Georgius
1573 799 2016 864 secundiccrius,

403 893 655 948 Joannes
683 890 1055 946 defensorum
1096 885 1339 961 primus,
1390 889 1625 943 Cosmas
1669 887 2015 956 sacellarius,

407 979 696 1038 Sisinnius
742 979 1163 1046 nomenclator,
1192 977 1424 1049 Sergius
1451 977 1803 1044 scriniarius,
1837 979 2017 1032 Doro-

404 1070 573 1132 theus
595 1071 654 1126 et
678 1067 934 1124 Julianus
961 1066 1319 1134 subdiaconi,
1351 1069 1409 1122 et
1453 1066 1522 1120 de
1553 1066 1790 1138 reliquis
1819 1065 2020 1136 gradi-

404 1158 512 1214 bus
530 1155 792 1213 Ecclesia
808 1155 1001 1212 clerici
1021 1155 1208 1228 pauci.
1231 1153 1478 1209 Veniens
1501 1153 1678 1225 igitur
1694 1154 2018 1224 Neapolim,

403 1245 524 1303 illic
546 1247 805 1318 repperit
847 1261 982 1300 eum
1024 1246 1274 1299 Joannes
1319 1242 1584 1315 patritius
1627 1245 1683 1297 et
1737 1243 2020 1296 Exarchns

404 1337 796 1408 cognomento
827 1333 1159 1405 RizocOpus,
1192 1332 1288 1405 qui
1311 1333 1509 1388 Roma
1539 1331 1756 1403 positus
1779 1331 2020 1386 decolla-

401 1425 484 1481 vit
512 1424 773 1496 Sajulum
795 1423 1126 1488 diaconum,
1161 1424 1394 1476 Petrum
1425 1421 1730 1488 arcarium,
1751 1419 2018 1491 Sergium

404 1514 679 1570 abbatem
705 1516 762 1567 et
791 1511 1062 1584 Sergium
1095 1511 1512 1576 ordinatorem,
1557 1512 1867 1581 postquam
1911 1511 2016 1562 Ra-

404 1619 656 1659 vennam
681 1619 942 1658 reversus
974 1600 1311 1672 turpissima
1341 1603 1526 1653 morte
1569 1597 1728 1652 obiit.
1760 1597 2018 1669 Denique

403 1708 634 1748 summo
649 1689 910 1747 Pontiﬂci
935 1706 1067 1745 cum
1081 1689 1194 1744 suis
1211 1687 1466 1743 Siciliam
1478 1686 2018 1758 pergentiThcodo-

404 1797 502 1836 rus
518 1779 784 1853 patritius
800 1782 857 1834 et
873 1777 1144 1848 stratigos
1160 1778 1438 1847 languore
1461 1775 1728 1829 detentus
1750 1773 2017 1841 occurrit,

405 1883 580 1942 quem
601 1883 732 1921 cum
759 1865 1128 1921 veneratione
1147 1879 1362 1934 magna
1387 1861 1699 1933 suscipiens
1731 1861 2020 1916 medelam

2117 711 2314 766 statuit
2368 728 2738 784 nequaquam
2790 711 3048 768 haretici
3091 714 3466 785 Imperatoris
3495 731 3736 785 nomen,

2119 802 2218 854 aut
2241 799 2302 854 in
2325 800 2560 867 chartis,
2593 804 2692 856 aut
2720 801 2781 858 in
2805 802 3006 872 figuris
3025 803 3272 859 solidum
3302 804 3616 876 suscipere,
3633 822 3735 861 nec

2121 887 2273 942 inter
2301 887 2599 944 Missarum
2632 891 2916 946 solemnia
2959 893 3588 948 commemorationem
3617 894 3739 964 ejus

2119 976 2329 1034 facere.
2360 978 2614 1050 Contigit
2641 983 2858 1046 autem,
2900 982 2963 1034 ut
3000 982 3194 1036 Petrus
3224 982 3462 1054 quidam
3492 999 3599 1056 pro
3627 984 3735 1040 Du-

2121 1068 2257 1120 catu
2287 1067 2562 1122 Romana
2585 1068 2745 1122 urbis
2761 1069 3097 1124 Ravennam
3129 1069 3424 1142 dirigeret,
3438 1074 3497 1126 et
3518 1087 3736 1127 nomen

2119 1153 2369 1210 haretici
2393 1155 2762 1226 Imperatoris
2792 1156 2850 1210 in
2874 1173 2974 1212 sua
2992 1157 3363 1228 promotione
3378 1162 3732 1227 annotasset;

2121 1248 2476 1314 quapropter
2502 1244 2653 1298 hunc
2680 1245 2897 1300 Ducem
2946 1247 3190 1318 populus
3217 1247 3517 1303 Romanus
3562 1248 3738 1304 susci-

2120 1347 2256 1402 pere
2293 1331 2497 1398 noluit,
2530 1335 2588 1386 et
2611 1332 3024 1405 Christophoro
3053 1335 3208 1389 Duce
3234 1335 3379 1390 adeo
3410 1335 3634 1392 bellum
3664 1337 3738 1392 ci-

2122 1418 2230 1474 vile
2279 1424 2542 1474 exortum
2587 1423 2691 1487 est,
2751 1425 2814 1476 ut
2853 1421 2912 1476 in
2961 1421 3052 1477 via
3100 1438 3262 1477 sacra
3288 1425 3425 1478 ante
3456 1425 3737 1496 palatium

2126 1524 2247 1562 sese
2299 1507 2756 1575 committerent,
2807 1513 2866 1564 et
2913 1509 3206 1582 utriusque
3262 1511 3438 1583 partis
3489 1512 3738 1583 amplius

2122 1613 2298 1668 quam
2330 1601 2418 1664 30,
2448 1598 2529 1651 ita
2557 1598 2994 1670 ﬂagellarentur
3021 1601 3086 1652 ut
3105 1598 3414 1654 interirent
3444 1616 3460 1654 :
3492 1617 3605 1656 nec
3621 1618 3735 1656 ces-

2122 1687 2308 1740 satum
2339 1689 2442 1752 est,
2475 1686 2659 1740 donec
2683 1686 2944 1741 Pontifex
2971 1686 3231 1742 mitteret
3255 1688 3584 1744 sacerdotes
3611 1706 3737 1744 cum

2123 1773 2444 1845 Evangeliis
2477 1778 2534 1828 et
2555 1774 2837 1842 crucibus,
2869 1775 2968 1848 qui
2990 1775 3140 1831 hanc
3170 1776 3637 1832 commotionem
3660 1795 3738 1834 se-

2123 1863 2347 1918 darent.
2379 1864 2503 1918 Non
2533 1867 2663 1936 post
2691 1865 2904 1920 multos
2931 1865 3038 1920 hus
3067 1864 3190 1920 dies
3233 1865 3390 1921 venit
3431 1867 3680 1922 nuntius
3707 1884 3740 1922 a

401 1935 644 2026 adeptus
675 1958 759 2009 est
788 1955 1058 2020 celerem,
1089 1951 1582 2022 transfretansque
1608 1967 1712 2022 per
1737 1949 2020 2020 Rhegium
2047 1935 2098 1994 Β
2124 1951 2339 2018 Sicilia,
2363 1953 2462 2024 qui
2496 1935 2827 2024 Philippum
2857 1953 3196 2009 hareticum
3219 1971 3254 2010 a
3282 1953 3738 2026 principaliver-

401 2046 460 2100 et
485 2044 802 2100 Cortonam
819 2040 1166 2114 Callipolim,
1185 2039 1283 2094 ubi
1303 2043 1564 2095 mortuus
1586 2039 1878 2094 estNiceta
1895 2038 2022 2110 Epi-

399 2148 628 2206 800pus,
661 2135 720 2188 et
751 2131 1028 2204 Hydrunti
1073 2146 1258 2186 moras
1288 2129 1504 2184 faciens
1534 2145 1602 2184 eo
1633 2128 1789 2200 quod
1817 2129 2022 2199 hycms

403 2225 574 2291 esset,
591 2221 702 2277 illic
723 2219 970 2293 suscepit
989 2219 1244 2292 sigillum
1265 2217 1568 2291 Imperialc
1591 2233 1695 2290 per
1722 2217 2019 2289 Theopha-

405 2311 572 2368 nium
599 2310 1018 2384 regionarium,
1044 2326 1158 2381 quo
1195 2307 1621 2374 continebatur,
1639 2310 1702 2361 ut
1722 2305 1800 2360 ita
1821 2321 2024 2360 omnes

398 2398 623 2474 jndices
643 2397 1002 2470 susciperent
1019 2396 1385 2462 Pontiﬁcem,
1412 2410 1476 2448 ac
1488 2394 1534 2447 si
1560 2393 1747 2464 ipsum
1772 2394 2024 2465 Impera-

404 2492 617 2545 torem.
640 2487 776 2542 lnde
796 2485 1009 2558 egressi
1027 2500 1129 2556 per
1153 2484 1402 2538 insulam
1431 2482 1646 2537 Cheam
1676 2481 2030 2536 devenerunt

408 2577 484 2632 ad
511 2575 827 2649 septimum
859 2572 1194 2628 milliarium
1232 2571 1409 2642 regia
1440 2570 1614 2638 urbis,
1659 2570 1757 2625 ubi
1803 2571 2028 2626 obviam

411 2679 676 2738 egressus
697 2665 783 2719 est
795 2661 1056 2718 Tiberius
1076 2663 1400 2732 Imperator
1419 2659 1568 2714 ﬁlius
1578 2661 1604 2714 J
1610 2656 1885 2714 ustiniani
1913 2661 2026 2714 Au-

411 2751 585 2825 gusti,
600 2753 658 2807 et
679 2750 857 2822 Cyrus
873 2749 1206 2805 Patriarcha
1235 2765 1368 2803 cum
1397 2749 1550 2803 clero
1583 2751 1640 2802 et
1658 2747 1856 2820 populi
1879 2748 2031 2802 mul-

413 2839 684 2908 titudine,
717 2856 924 2895 omnes
955 2839 1215 2893 latentes
1244 2841 1301 2892 et
1328 2836 1479 2891 diem
1511 2837 1719 2891 festum
1770 2840 2026 2908 agentes.

419 2927 626 2984 Sellari
655 2944 886 3000 quoque
918 2925 1206 3000 imperiali
1229 2943 1359 2980 usus
1386 2926 1741 2998 Apostolicus
1767 2925 2030 2980 Pontifex

417 3017 714 3090 ingressus
745 3019 830 3072 est
857 3015 1170 3082 civitatem,
1199 3031 1331 3068 cum
1356 3016 1802 3084 camellauco,ut
1831 3014 2030 3069 solitus

421 3109 511 3162 est
529 3106 728 3162 Roma
749 3106 1084 3178 procedere.
1100 3103 1264 3168 Quod
1291 3103 1527 3158 audiens
1543 3103 1893 3158 Justinianus
1916 3105 2030 3157 Im-

2123 2040 2232 2095 tice
2259 2040 2563 2114 depulsum
2592 2040 3003 2106 innotesceret,
3028 2058 3095 2097 ac
3143 2042 3518 2098 Anastasium
3543 2044 3736 2099 ortho-

2124 2129 2340 2184 doxum
2394 2130 2728 2202 Augustalia
2784 2135 3011 2202 sceptra
3067 2132 3376 2204 suscepisse
3421 2132 3735 2188 nuntiaret.

2125 2217 2308 2282 Quem
2341 2219 2528 2274 sancti
2560 2219 2703 2273 sexti
2740 2219 2982 2274 Concilii
3029 2219 3445 2288 confessorem,
3469 2224 3554 2275 -et
3595 2237 3737 2276 vera

2125 2307 2261 2362 ﬁdei
2307 2308 2744 2378 pradicatorem
2776 2307 3156 2364 Scholasticus
3201 2309 3611 2376 cubicularius,
3641 2327 3734 2383 pa-

2128 2395 2318 2451 tritius
2347 2400 2403 2450 et
2429 2397 2714 2451 Exarchus
2743 2399 2990 2452 Romam
3047 2397 3281 2452 veniens
3325 2399 3603 2454 omnibus
3652 2399 3738 2454 de-

2128 2484 2384 2541 claravit.
2449 2485 2734 2540 Caterum
2779 2489 2911 2557 post
2959 2486 3108 2541 tanti
3165 2486 3462 2544 Pontiﬁcis
3519 2487 3736 2544 obitum

2129 2573 2366 2630 cessavit
2394 2575 2766 2648 Episcopatus
2788 2575 2907 2632 dies
2934 2579 3024 2632 40.

2865 2664 2995 2720 XCI.

2201 2751 2533 2820 GREGORIUS,
2574 2752 2810 2808 natione
2837 2754 3151 2822 Romanus,
3175 2770 3241 2809 ex
3270 2757 3436 2826 patre
3456 2754 3734 2821 Marcello,

2131 2839 2280 2894 sedit
2309 2839 2476 2894 annis
2527 2844 2611 2896 l5.
2659 2841 2908 2896 mensib.
2938 2843 2989 2896 8.
3023 2841 3226 2897 diebus
3249 2845 3340 2900 24.
3372 2842 3501 2897 Fuit
3549 2845 3735 2898 autem

2129 2928 2494 2997 temporibus
2519 2928 3158 2996 Anastasii,Theodosii,
3180 2929 3388 2985 Leonis
3407 2933 3585 3002 atque
3597 2930 3734 2985 Con-

2131 3015 2368 3070 stantini
2388 3018 2798 3088 Augustorum,
2815 3017 3064 3073 nutritus
3083 3018 3142 3072 in
3165 3033 3340 3090 parva
3359 3022 3532 3075 atate
3553 3018 3613 3074 in
3642 3035 3735 3090 pa-

2130 3102 2402 3160 triarchio
2424 3106 2527 3160 sub
2551 3109 2761 3160 sancta
2785 3105 3084 3162 memoria
3096 3106 3322 3162 Domno
3342 3108 3501 3178 Papa
3517 3108 3730 3180 Sergio,

421 3196 658 3269 perator
675 3193 884 3267 gaudio
906 3193 1157 3266 repletus
1186 3210 1220 3247 a
1243 3192 1431 3248 Nicaa
1460 3191 1736 3264 Bithynia
1761 3190 1915 3246 misit
1943 3207 2032 3244 sa-
2061 3217 2110 3278 ο
2135 3194 2306 3264 atque
2337 3191 2674 3249 Sacellarius
2701 3194 2884 3249 factus
2909 3194 3274 3250 Bibliotheca
3303 3194 3386 3250 illi
3415 3211 3554 3251 cura
3586 3212 3730 3251 com-

423 3298 586 3338 cram
608 3281 925 3354 gratiarum
945 3281 1169 3337 actione
1183 3283 1438 3354 plenam,
1452 3284 1652 3353 petens
1675 3284 1734 3336 ut
1759 3283 1812 3336 ei
1834 3279 2036 3334 Ponti-

423 3370 520 3427 fex
551 3373 876 3426 occurreret
900 3370 1265 3438 Nicomedia,
1289 3373 1347 3424 et
1376 3369 1496 3442 ipse
1517 3370 1789 3425 venireta
1819 3368 2033 3436 Nicaa;

427 3460 584 3534 quod
603 3463 662 3515 et
681 3460 898 3516 factum
915 3462 1020 3515 est.
1040 3458 1347 3516 Prostravit
1365 3463 1561 3515 autem
1592 3475 1652 3514 se
1675 3455 2034 3514 Christianis-

425 3547 605 3604 simus
625 3551 929 3622 Augustus,
951 3551 1010 3604 et
1031 3549 1292 3604 osculans
1308 3548 1484 3620 pedes
1503 3546 1795 3602 Pontiﬁcis
1817 3546 1877 3601 in
1909 3561 2034 3600 am-

425 3638 626 3710 plexus
653 3641 885 3694 mutuos
921 3640 1182 3708 ruerunt,
1214 3654 1279 3692 ac
1310 3637 1522 3693 deinde
1552 3653 1680 3691 cum
1724 3635 1846 3707 ipso
1873 3635 2036 3688 tanta

425 3725 630 3782 latitia
667 3726 858 3783 Missas
895 3726 988 3782 die
1015 3725 1314 3783 Dominico
1347 3723 1689 3798 Imperatori
1735 3723 1890 3790 fecit,
1925 3736 2040 3794 qua

431 3815 873 3872 communicans
885 3817 956 3872 ab
971 3817 1093 3888 ejus
1104 3815 1374 3870 manibus
1389 3813 1660 3884 Princeps
1681 3828 1784 3884 pro
1803 3810 1916 3866 suis
1943 3809 2039 3865 de-

428 3902 579 3958 lictis
609 3906 673 3958 ut
697 3903 1102 3976 deprecaretur
1131 3901 1402 3968 obtinuit,
1433 3901 1625 3973 sicque
1648 3900 1847 3956 omnia
1874 3900 2043 3972 privi-

429 3991 584 4064 legia
599 4009 715 4048 sua
741 3992 1006 4048 Ecclesia
1034 3989 1348 4046 renovavit.
1372 3990 1619 4044 Romam
1649 3989 1827 4061 igitur
1848 4006 2038 4045 rever-

431 4081 560 4134 tens
583 4097 619 4135 a
655 4079 989 4136 Nicomedia
1015 4078 1242 4134 civitate
1272 4080 1401 4149 post
1428 4077 1692 4132 crebram
1723 4077 2039 4150 navigatio-

431 4167 835 4235 nem,Domino
847 4167 1181 4240 sospitatem
1195 4165 1481 4222 tribuente
1495 4165 1796 4222 incolumis
1806 4170 2039 4239 portum

431 4255 644 4326 caieta
661 4255 872 4328 attigit,
905 4257 1002 4312 ubi
1032 4255 1349 4311 maximam
1380 4255 1811 4311 multitudinem
1841 4255 2039 4328 populi

430 4343 678 4399 Romani
725 4344 1000 4418 repperit,
1032 4362 1098 4401 ac
1125 4347 1212 4401 24.
1253 4343 1344 4402 die
1385 4343 1600 4400 mensis
1641 4345 1838 4401 Octob.
1891 4344 2039 4400 indi-

427 4431 620 4488 ctione
645 4436 730 4490 lO.
743 4433 1292 4507 Romamingressus
1311 4437 1414 4491 est.
1435 4435 1570 4490 Post
1589 4451 1818 4490 menses
1837 4437 2035 4489 autem

2137 3280 2310 3336 missa
2329 3286 2434 3339 est.
2458 3282 2676 3338 Deinde
2698 3283 2771 3338 ad
2787 3283 3134 3339 Diaconatus
3157 3283 3428 3339 ordinem
3445 3287 3731 3356 promotus

2137 3388 2268 3428 cum
2298 3374 2495 3428 sancto
2526 3371 2802 3428 Pontiﬁce
2833 3372 3210 3428 Constantino
3241 3373 3318 3427 ad
3351 3373 3579 3445 regiam
3616 3387 3732 3444 pro-

2137 3461 2320 3516 fectus
2349 3465 2434 3516 est
2445 3461 2680 3528 Urbem,
2695 3477 2760 3516 ac
2775 3460 3136 3516 aJustiniano
3154 3459 3424 3532 Principe
3443 3477 3614 3534 super
3623 3461 3732 3534 qui-

2136 3549 2379 3604 busdam
2392 3549 2653 3622 capitulis
2665 3548 2886 3620 optima
2897 3549 3268 3620 responsione
3281 3565 3731 3622 unamquamque

2136 3637 2408 3710 persolvit
2437 3637 2838 3710 quaestionem.
2881 3639 3015 3692 Erat
3039 3637 3197 3692 enim
3246 3637 3334 3693 vir
3361 3642 3569 3702 castus,
3597 3641 3653 3694 et
3679 3639 3730 3694 in

2142 3724 2348 3780 divinis
2377 3723 2688 3797 Scripturis
2717 3724 2994 3793 eruditus,
3017 3725 3090 3781 ad
3119 3741 3294 3798 quem
3311 3727 3565 3783 Joannes
3597 3725 3733 3782 Con-

2143 3813 2689 3886 stantinopolitanus
2751 3814 2986 3869 antistes
3034 3813 3385 3884 Synodicam
3441 3813 3612 3882 misit,
3653 3811 3733 3869 cui

2142 3899 2299 3958 idem
2332 3903 2594 3959 Pontifex
2618 3901 2970 3973 subscripsit.
3011 3901 3109 3956 Hic
3138 3901 3292 3957 inter
3314 3903 3568 3974 plurima
3594 3903 3732 3958 bona

2141 4006 2269 4063 qua
2300 3991 2454 4059 fecit,
2476 3991 2532 4046 in
2561 3989 2871 4048 Germania
2893 4005 2998 4062 per
3017 3989 3376 4046 Bonifacium
3405 3990 3728 4064 EpiscOpum

2141 4080 2384 4136 verbum
2409 4079 2606 4136 salutis
2637 4079 2986 4152 pradicavit,
3008 4081 3065 4134 et
3096 4081 3336 4151 gentem
3363 4077 3521 4136 illam
3551 4078 3730 4135 seden-

2141 4171 2260 4224 tem
2290 4168 2349 4224 in
2381 4169 2634 4224 tenebris
2664 4166 3082 4225 doctrinalucis
3110 4167 3184 4223 ad
3197 4167 3489 4224 Christum
3510 4181 3726 4224 conver-

2141 4256 2227 4312 tit.
2256 4247 2380 4322 Quo
2411 4261 2675 4330 tempore
2702 4256 3085 4330 Luitprandus
3115 4256 3629 4328 Longobardorum
3643 4269 3729 4310 rex

2139 4346 2516 4403 donationem
2529 4345 2864 4402 Pairimonii
2879 4345 3110 4418 Alpium
3123 4342 3726 4420 Cotiarum,quamAri-

2133 4439 2330 4509 pertus
2353 4452 2450 4492 rex
2477 4435 2712 4503 fecerat,
2733 4434 3130 4491 admonitione
3150 4433 3300 4490 tanti
3326 4434 3438 4491 viri
3453 4435 3717 4491 redditam

427 4525 545 4578 tres
573 4522 832 4595 lugubris
861 4523 1098 4579 nuntius
1141 4523 1472 4596 supervenit
1513 4523 1726 4580 dicens.
1758 4522 2033 4579 Justinia-
2058 4554 2113 4616 Β
2133 4525 2514 4582 conﬁrmavit.
2537 4525 2782 4598 Signum
2803 4541 3033 4597 quoque
3054 4523 3114 4579 in
3132 4524 3522 4580 Lunafactum
3536 4528 3616 4580 est
3631 4535 3718 4595 per

424 4627 570 4667 num
595 4611 998 4681 orthodoxam,
1020 4613 1394 4681 trucidatum,
1428 4615 1486 4668 et
1511 4612 1895 4684 Philippicum
1915 4613 2031 4668 ha-

421 4698 668 4757 reticum
700 4701 773 4757 ad
796 4700 1107 4774 imperium
1138 4705 1494 4774 promotum,
1521 4701 1682 4774 cujus
1723 4704 1782 4756 et
1809 4717 2033 4757 sacram

423 4807 555 4848 cum
584 4790 743 4864 pravi
774 4791 1066 4864 dogmatis
1111 4791 1444 4848 exaratione
1474 4789 1744 4863 suscepit,
1773 4791 1874 4846 sed
1901 4807 2033 4846 cum

417 4880 759 4954 Apostolica
785 4881 949 4938 Sedis
975 4881 1229 4938 Concilio
1259 4881 1496 4954 respuit.
1523 4881 1743 4937 Eodem
1770 4884 2032 4954 tempore

418 4970 572 5027 Felix
601 4970 1080 5044 Archiepiscopus
1108 4971 1395 5026 Ravenna
1427 4971 1499 5027 ab
1548 4969 1716 5026 exilio
1743 4971 2030 5038 reductus,

414 5058 758 5132 panitentia
778 5063 990 5128 motus,
1023 5063 1081 5115 et
1117 5059 1252 5116 licet
1282 5061 1581 5115 oculorum
1609 5059 1829 5115 lumine
1847 5060 2033 5132 priva-

415 5150 526 5217 tus,
540 5151 742 5204 tamen
759 5149 832 5204 ad
849 5149 1147 5222 proprium
1169 5149 1340 5205 rediit
1352 5150 1629 5204 thronum
1642 5151 1700 5204 et
1714 5147 1845 5204 fidei
1859 5165 2032 5222 expo-

409 5235 647 5294 sitiones
667 5237 960 5294 confessus
970 5237 1455 5294 reconciliationis
1467 5237 1790 5310 promeruit
1808 5238 2031 5295 absolu-

408 5325 628 5382 tionem
638 5326 812 5382 .Tunc
826 5326 999 5384 etiam
1015 5327 1129 5384 duo
1142 5327 1575 5400 regesSaxonia
1588 5329 2030 5398 amoreAposto-

405 5415 598 5470 lorum
610 5415 858 5470 Romam
875 5415 1170 5472 venientes
1187 5417 1293 5472 sub
1315 5415 1614 5471 velocitate
1642 5431 1802 5470 suam
1820 5414 2022 5486 vitam,

408 5505 469 5558 ut
481 5503 1250 5573 optabant,ﬂnierunt.Venit
1273 5506 1467 5558 autem
1482 5507 1539 5558 et
1553 5503 1888 5560 Benedictus
1901 5503 2018 5560 Me-

402 5589 752 5647 diolanensis
770 5591 1242 5665 Archiepiscopus
1272 5593 1550 5648 orationis
1574 5587 1794 5658 voto,et
1833 5609 1932 5647 suo
1959 5611 2018 5650 se

400 5680 664 5739 Pontiﬂci
684 5680 1400 5752 prasentavit,postposita
1411 5681 1788 5738 altercatione
1803 5667 1908 5754 pro
1923 5683 2019 5739 Ec-

395 5765 888 5833 clesiaTicincnsi,
904 5767 1066 5838 cujus
1077 5767 1316 5825 antistes
1327 5770 1751 5828 consecrandus
1762 5770 1836 5827 ad
1847 5771 2017 5828 Dom-

2132 4614 2511 4670 indictionem
2547 4617 2632 4680 14,
2663 4630 2792 4686 qua
2843 4612 2963 4668 visa
2991 4616 3076 4668 est
3103 4612 3324 4670 cruoris
3362 4614 3537 4685 plena
3565 4623 3718 4682 usque

2133 4703 2208 4760 ad
2227 4703 2482 4759 mediam
2507 4706 2761 4760 noctem.
2778 4702 3012 4758 Theudo
3032 4701 3210 4758 etiam
3224 4702 3338 4758 dux
3349 4702 3542 4774 gentis
3552 4699 3718 4770 Bajas-

2131 4792 2356 4849 riorum
2385 4792 2458 4848 ad
2485 4793 2542 4848 B.
2559 4791 2713 4847 Petri
2732 4790 2994 4863 Apostoli
3019 4789 3226 4847 limina
3246 4791 3471 4864 primus
3491 4791 3559 4846 de
3570 4788 3718 4862 gente

2133 4882 2339 4938 eadem
2373 4881 2642 4949 occurrit,
2677 4879 2956 4936 orationis
2984 4883 3138 4935 voto.
3185 4880 3255 4934 Et
3283 4883 3416 4954 post
3445 4880 3565 4936 hac
3591 4881 3714 4934 Ana-

2132 4970 2334 5026 stasius
2382 4973 2704 5044 Imperator
2758 4970 3000 5026 classem
3055 4967 3290 5023 navium
3351 4968 3712 5042 praparatam

2130 5060 2493 5116 Alexandria
2525 5058 2732 5114 direxit
2764 5061 2968 5114 contra
3007 5059 3330 5130 Agarenos,
3361 5057 3460 5130 qui
3489 5057 3562 5113 ad
3586 5050 3717 5110 aliud

2129 5149 2275 5204 versi
2289 5148 2594 5204 consilium
2617 5147 2690 5204 ab
2719 5146 2926 5202 itinere
2947 5145 3141 5203 medio
3163 5146 3236 5202 ab
3261 5145 3488 5218 regiam
3501 5138 3716 5219 regressi

2131 5239 2360 5306 urbem,
2379 5236 2764 5294 Theodosium
2783 5235 3168 5292 orthodoxum
3188 5237 3604 5308 Ilnperatorem
3623 5231 3715 5287 ele-

2128 5329 2358 5399 gerunt,
2375 5329 2546 5399 atque
2577 5329 2843 5382 coactum
2865 5325 2927 5380 in
2943 5324 3088 5381 solio
3107 5324 3186 5380 im
3195 5325 3340 5398 perii
3366 5326 3713 5381 conﬁrmave-

2126 5420 2280 5471 runt.
2315 5414 2644 5471 Anastasius
2671 5414 2865 5488 itaque
2895 5430 3027 5470 cum
3058 5413 3296 5482 civibus,
3315 5415 3403 5469 vel
3423 5413 3619 5486 quibus
3633 5422 3708 5481 po-

2125 5504 2235 5561 tuit
2263 5505 2335 5560 de
2367 5503 2620 5559 exercitu
2645 5503 2895 5558 Nicaam
2921 5501 3215 5558 civitatem
3234 5502 3504 5569 munivit,
3519 5516 3578 5556 ac
3597 5509 3706 5554 cum

2121 5595 2320 5662 classe,
2349 5593 2408 5648 in
2441 5610 2556 5666 qua
2581 5591 2933 5648 Theodosius
2962 5592 3172 5659 fuerat,
3204 5591 3518 5657 dimicavit,
3534 5592 3589 5644 et
3609 5587 3706 5642 fere

2118 5685 2344 5754 septem
2375 5681 2558 5736 millia
2583 5680 2860 5736 exercitus
2882 5683 3016 5736 sunt
3035 5680 3412 5752 interempta.
3444 5678 3551 5736 Sed
3581 5679 3703 5732 Ans-

2122 5770 2280 5828 stasii
2309 5773 2581 5844 superata
2599 5773 2765 5843 parte
2780 5770 2902 5842 ipse
2921 5769 3163 5826 verbum
3191 5767 3698 5844 impunitatisexpe-
