3862 6210
1021 506 1388 568 PREFATIO
1425 506 1770 569 COMMENT.
1809 508 1879 567 IN
1919 506 2193 568 (ἔγω-ΠΜ
2226 511 2547 573 VICTORII.

3341 510 3447 570 B70

160 626 501 700 tiit,datoque
545 626 658 686 sibi
714 632 1068 686 sacramento
1100 632 1338 689 clericus
1365 631 1546 688 factus
1565 634 1738 704 atque
1759 632 1815 693 Α
1853 629 2009 687 dicto
2040 632 2301 690 Pontiﬂci
2349 635 2541 691 missa.
2575 634 2653 690 Ex
2707 629 2935 690 Francis
2970 645 3105 688 vero
3136 626 3294 688 mille
3319 631 3448 688 tan-

159 718 429 792 presbyter
447 721 536 773 est
560 721 1304 778 consecratus.Theodosius
1327 739 1459 777 vero
1478 721 1740 793 protinus

158 807 334 861 urbem
357 806 585 877 regiam
618 806 926 880 ingressus,
957 827 1085 882 quae
1108 828 1142 865 a
1172 810 1487 882 Philippico
1519 810 1741 880 dejecta

153 894 356 950 fuerant
385 894 442 948 in
474 894 791 965 pristinum
818 897 995 952 erexit
1020 901 1233 953 statum
1252 904 1311 953 et
1326 897 1585 953 Ecclesiae
1606 898 1742 953 satis

154 982 344 1052 profuit
375 982 609 1038 fervore
647 1002 762 1040 suae
790 986 943 1041 ﬁdei.
990 987 1146 1042 Tunc
1187 987 1387 1042 ﬂuvius
1414 987 1630 1042 Tiberis
1658 988 1743 1042 al-

152 1086 298 1126 veum
322 1088 487 1126 suum
510 1088 799 1143 egressus,
828 1076 977 1129 ultra
992 1075 1233 1130 modum
1252 1076 1547 1142 intumuit,
1572 1076 1650 1130 ita
1681 1078 1743 1129 ut

149 1158 200 1212 in
222 1159 303 1213 via
316 1160 451 1214 Lata
470 1160 548 1214 ad
576 1178 757 1216 unam
773 1165 829 1216 et
842 1163 1015 1218 semis
1028 1166 1303 1218 staturam
1322 1181 1472 1235 aqua
1482 1164 1740 1235 ejusdem

158 1246 387 1301 ﬂuminis
412 1249 960 1322 excrevisset,atque
988 1268 1021 1306 a
1046 1254 1212 1322 porta
1235 1253 1293 1307 Β.
1320 1251 1742 1323 PetriApostoli

158 1351 311 1407 usque
340 1336 410 1390 ad
438 1340 691 1408 pontem
733 1338 984 1393 Milvium
1043 1356 1205 1411 aqua:
1235 1357 1293 1395 se
1324 1340 1739 1397 distenderent.

151 1423 286 1478 Unde
312 1424 592 1480 Romanis
614 1427 907 1482 tribulatio
933 1429 1188 1484 maxima
1215 1427 1743 1501 imminebat,quod

148 1528 316 1569 serere
346 1531 462 1569 non
487 1519 804 1586 poterant:
831 1521 888 1571 et
914 1518 1123 1573 idcirco
1146 1536 1181 1573 a
1213 1519 1431 1573 domno
1455 1520 1609 1590 Papa
1640 1518 1741 1571 Le-

147 1600 296 1655 taniie
324 1602 531 1657 crebro
565 1605 809 1659 fiebant.
840 1606 1102 1661 Tandem
1157 1610 1356 1662 octava
1384 1606 1475 1660 die
1499 1621 1745 1661 cessave-

145 1692 262 1743 runt
283 1693 451 1763 atque
476 1695 566 1746 15.
596 1692 937 1749 indictione.
959 1694 1284 1750 Cumanum
1298 1696 1471 1750 etiam
1494 1698 1744 1748 castrum

1840 722 1966 775 tum
2022 725 2079 777 et
2125 723 2546 795 quinquaginta
2606 724 2664 779 in
2723 722 2930 779 eodem
3003 721 3154 777 bello
3215 719 3454 775 fuerunt

1842 810 2191 866 mortuizex
2223 813 2427 884 quibus
2481 812 2611 867 ideo
2663 813 2854 884 plures
2897 827 3015 865 non
3079 808 3446 872 interierunt,

1841 898 1978 967 quia
2009 916 2164 954 anno
2195 901 2493 972 praemisso
2538 901 2692 955 idem
2726 902 2844 955 Dux
2894 898 3051 953 Eudo
3105 896 3163 951 in
3217 895 3453 950 benedi-

1839 986 2096 1042 ctionem
2132 991 2245 1042 tres
2266 988 2536 1061 spongias
2565 1006 2599 1044 a
2625 988 2899 1062 praedicto
2922 984 3198 1041 Pontiﬁce
3214 999 3448 1055 accepe-

1840 1078 1951 1142 rat,
1979 1092 2045 1131 ex
2066 1076 2272 1148 quibus
2294 1077 2351 1131 in
2383 1078 2548 1142 hora,
2566 1094 2680 1149 qua
2705 1078 2921 1132 bellum
2940 1073 3314 1130 commissum
3340 1074 3448 1139 est,

1842 1163 2174 1236 quicunque
2208 1165 2280 1219 ad
2307 1166 2656 1220 sumendum
2688 1165 2977 1219 modicam
3009 1163 3306 1218 nactusest
3322 1176 3450 1232 par-

1840 1251 2100 1322 ticulam,
2120 1270 2223 1308 nec
2247 1257 2593 1322 vulneratus,
2616 1270 2719 1308 nec
2733 1256 2993 1308 mortuus
3006 1250 3449 1321 est.Eodemque

1839 1341 2106 1413 tempore
2120 1342 2510 1415 inCampania:
2524 1324 2778 1415 partib'us
2793 1342 3155 1397 combustum
3171 1338 3447 1405 triticum,

1839 1430 2123 1486 hordeum
2135 1431 2267 1499 ,sive
2282 1432 2763 1504 legumina,quasi
2779 1430 2967 1503 pluvia
2980 1430 3037 1483 in
3057 1430 3180 1483 loco
3195 1426 3449 1498 quodam

1843 1534 1875 1572 e
1902 1520 2045 1575 caalo
2092 1522 2265 1576 missa
2292 1524 2443 1576 sunt.
2496 1521 2595 1576 Hic
2626 1520 2885 1575 Pontifex
2916 1516 3180 1583 instituit,
3206 1519 3269 1570 ut
3291 1512 3450 1587 quod

1844 1623 1963 1662 non
1985 1610 2263 1679 agebatur
2302 1607 2792 1678 Quadragesimali
2840 1610 3102 1677 tempore
3145 1604 3206 1659 in
3246 1601 3451 1675 quinta

1844 1693 1990 1750 feria
2020 1697 2331 1766 jejunium,
2363 1701 2535 1768 atque
2584 1696 2877 1751 Missarum
2921 1695 3221 1750 celebritas
3261 1691 3447 1744 ﬁeret.

144 1775 249 1846 ipso
277 1777 466 1833 fuerat
496 1783 777 1852 tempore
808 1799 843 1837 a
869 1783 1265 1855 Langobardis
1292 1784 1450 1855 pacis
1468 1784 1601 1838 dolo
1623 1799 1749 1854 per-
1848 1784 1960 1839 lllis
1989 1783 2211 1839 interea
2258 1785 2458 1839 diebus
2484 1786 2719 1840 biennio
2744 1781 3269 1853 Constantinopolis
3292 1782 3379 1834 est
3414 1794 3450 1834 a

146 1879 341 1921 vasum.
374 1866 546 1932 Quod
572 1884 711 1923 cum
744 1872 1000 1925 Domnus
1021 1874 1176 1943 Papa
1201 1888 1305 1926 nec
1331 1872 1612 1943 precibus,
1641 1887 1745 1925 nec
1767 1911 1818 1969 B
1846 1872 2178 1927 Sarracenis
2210 1872 2457 1934 obsessa,
2496 1872 2595 1926 sed
2613 1874 2729 1926 Deo
2747 1872 2827 1926 eis
2857 1870 3167 1935 contrario,
3194 1866 3450 1923 maxima

145 1955 407 2010 munerib.
440 1961 643 2028 posset
670 1959 948 2032 recipere,
976 1960 1191 2015 moenia
1222 1960 1394 2033 ipsius
1422 1960 1589 2014 castri
1607 1975 1742 2014 noc-

145 2042 292 2097 turno
320 2043 552 2101 silentio
586 2051 729 2102 sunt
753 2048 1259 2118 ingressiJoannes
1288 2052 1407 2104 Dux
1427 2048 1743 2119 Neapolita-

141 2145 234 2184 nus
251 2147 376 2186 cum
406 2134 723 2190 Theodino
768 2137 1131 2193 Subdiacono
1180 2141 1239 2194 et
1274 2140 1537 2205 Hectore,
1568 2140 1741 2209 atque

139 2220 382 2288 exercitu,
416 2226 476 2277 et
508 2224 938 2295 Langobardos
970 2244 1138 2298 paene
1168 2229 1457 2295 trecentos
1485 2243 1618 2281 cum
1649 2242 1743 2282 eo-

140 2323 247 2361 rum
270 2309 553 2366 Castaldio
594 2313 1029 2377 interfecerunt,
1058 2319 1115 2369 et
1131 2318 1326 2386 captos
1344 2319 1581 2369 caeteros
1599 2316 1741 2370 Nea-

140 2396 296 2466 polim
324 2400 762 2471 perduxerunt.
796 2400 885 2456 Sic
936 2407 1187 2458 castrum
1230 2406 1591 2474 receperunt.
1632 2405 1741 2459 Pro

142 2487 277 2556 cujus
304 2489 548 2561 redemp
562 2489 729 2545 tione
759 2491 1147 2546 sanctissimus
1160 2494 1333 2563 Papa,
1361 2493 1505 2547 sicut
1524 2492 1741 2564 promi-

141 2580 287 2643 serat,
315 2577 472 2632 dedit
502 2578 645 2633 auri
666 2579 841 2633 libras
860 2580 1245 2652 septuaginta.
1264 2582 1418 2636 Tunc
1443 2582 1618 2636 etiam
1642 2598 1741 2637 ne-

140 2662 294 2719 fanda
314 2665 785 2722 Sarracenorum
813 2684 975 2738 gens,
1007 2685 1136 2722 cum
1184 2670 1309 2740 jam
1343 2670 1741 2741 Hispaniarum

145 2753 473 2821 provinciam
518 2771 641 2827 per
689 2755 890 2810 decem
922 2756 1198 2812 tenuisset
1231 2775 1414 2813 annos
1441 2775 1741 2830 pervasam

142 2839 423 2898 undecimo
443 2844 783 2898 conabatur
795 2845 1137 2899 Rhodanum
1151 2846 1389 2901 ﬂuvium
1412 2847 1744 2914 transire,et

107 2963 120 2977 .
141 2927 416 2986 Franciam
448 2948 769 3003 occupare,
812 2932 909 2986 ubi
960 2933 1119 2987 Eudo
1148 2937 1412 3005 praeerat.
1447 2934 1550 2999 Qui
1593 2935 1744 2990 facta

140 3014 466 3075 Francorum
490 3020 765 3092 generali
793 3020 1115 3076 monitione
1140 3022 1485 3077 Sarracenos
1516 3023 1738 3078 circun-

142 3103 263 3159 dans
286 3106 617 3175 interemit,
666 3111 839 3179 atque
884 3125 951 3163 ex
1013 3109 1096 3165 eis
1145 3112 1405 3164 trecenta
1448 3111 1745 3182 sexaginta

142 3192 373 3266 quinque
403 3196 603 3251 millia
635 3212 752 3250 uno
782 3200 915 3250 sunt
937 3196 1027 3251 die
1052 3198 1373 3265 interfecta,
1397 3201 1458 3253 ut
1485 3199 1742 3268 ejusdem

1844 1960 1958 2015 illic
1997 1964 2159 2031 parte
2189 1976 2391 2014 eorum
2422 1959 2577 2014 fame
2603 1976 2667 2013 ac
2702 1960 2851 2014 bello
2882 1958 3232 2028 interempta
3258 1956 3448 2009 Leone

1843 2048 2114 2119 Principe
2146 2051 2459 2114 annuente,
2511 2046 2731 2102 confusi
2780 2047 3156 2110 recesserunt,
3212 2044 3354 2096 Nam
3388 2042 3449 2094 et

1845 2136 2103 2206 ejusdem
2134 2137 2372 2191 civitatis
2403 2136 2605 2191 diversi
2628 2152 2791 2189 sexus
2816 2138 2874 2189 et
2902 2133 3083 2188 aetatis
3099 2131 3447 2203 populorum

1842 2228 2100 2280 trecenta
2128 2226 2311 2280 ferme
2328 2224 2508 2279 millia
2524 2224 2859 2278 necessitate
2874 2219 3213 2294 pestilentiae
3231 2217 3448 2273 dictum

1844 2316 1929 2368 est
1955 2314 2127 2368 fuisse
2146 2316 2383 2367 vastata.
2405 2314 2483 2368 Eo
2503 2329 2731 2385 quoque
2744 2315 3007 2383 tempore
3018 2308 3276 2364 moribus
3290 2308 3445 2361 certe

1842 2402 2087 2457 honesta
2117 2405 2173 2456 et
2194 2401 2431 2456 nomine
2444 2400 2735 2456 Pontiﬁcis
2746 2402 2932 2454 mater
2952 2398 3024 2452 ab
3050 2397 3157 2452 hac
3179 2395 3292 2451 vita
3310 2393 3446 2449 sub-

1842 2494 2026 2547 tracta
2053 2495 2155 2547 est.
2183 2494 2316 2547 Post
2354 2492 2512 2562 cujus
2538 2491 2761 2545 obitum
2793 2489 3033 2544 domum
3059 2485 3358 2560 propriam
3384 2482 3444 2539 in

1842 2580 2065 2635 honore
2096 2583 2305 2635 sancta:
2334 2579 2539 2636 Christi
2579 2578 2849 2650 martyris
2893 2577 3130 2649 Agatha:
3179 2573 3388 2630 additis
3412 2589 3447 2627 a

1843 2668 2226 2724 fundamento
2267 2668 2572 2724 coenaeulis
2598 2668 2684 2721 vel
2712 2682 2839 2738 quae
2878 2662 3230 2720 monasterio
3279 2664 3447 2717 erant

1842 2758 2162 2812 necessaria
2183 2758 2603 2812 monachorum
2624 2772 2689 2810 ex
2718 2771 2863 2809 novo
2896 2750 3233 2817 construxit,
3253 2749 3445 2805 dando

1842 2845 1922 2901 illi
1953 2846 2169 2916 praedia
2199 2846 2419 2901 urbana
2434 2846 2520 2899 vel
2543 2844 2772 2898 rustica.
2794 2842 2907 2898 Sed
2938 2844 2996 2897 et
3023 2844 3274 2897 castrum
3305 2839 3444 2893 Nar-

1844 2934 1955 2990 niaa
1986 2952 2019 2989 a
2048 2933 2448 3006 Longobardis
2480 2948 2785 3003 pervasum
2837 2934 2940 2997 est,
2974 2946 3039 2984 ac
3066 2932 3196 3001 post
3224 2926 3445 2997 aliquot

1842 3021 1985 3091 dies,
2018 3022 2253 3076 Basilius
2300 3023 2441 3088 Dux,
2473 3020 2753 3075 Iordanes
2794 3016 3162 3082 Cartularius,
3194 3016 3448 3069 Joannes

1844 3109 2240 3165 Subdiaconus
2297 3112 2687 3181 cognomento
2720 3106 2932 3162 Lurion
2980 3104 3282 3160 consilium
3302 3100 3446 3157 inie-

1842 3202 1997 3263 runt,
2039 3201 2102 3252 ut
2131 3198 2458 3253 Pontiﬁcem
2481 3197 2893 3251 interficerent.
2924 3192 3445 3258 Quibusasseusum

142 3260 369 3339 Iindohis
397 3285 770 3341 Francorum
820 3284 988 3340 Ducis
1039 3285 1298 3341 continet
1326 3260 1568 3359 epistola
1595 3303 1743 3359 prie-
1768 3260 1815 3319 Ο
1843 3260 2092 3359 praebuit
2117 3286 2409 3354 Martinus,
2443 3283 2762 3356 Imperialis
2791 3281 3108 3352 Spatarius.

143 3416 307 3496 Cetera
360 3422 763 3496 desiderantur.
811 3421 945 3496 Quae
983 3440 1103 3477 vero
1150 3424 1211 3478 in
1241 3441 1340 3480 ms.
1393 3424 1603 3496 cod.iab
1650 3423 1754 3477 alio
1804 3424 2051 3494 quopiam
2095 3422 2157 3475 de
2204 3422 2400 3496 viginti
2451 3420 2653 3496 duobus
2705 3416 3051 3496 sequentibus
3101 3413 3452 3496 pontiﬁcibus

198 3493 447 3549 Romanis
475 3495 788 3564 brevissime
826 3484 1057 3564 subjecta
1105 3502 1256 3548 erant
1285 3495 1397 3549 luce
1431 3495 1651 3563 indigna
1695 3484 2031 3563 putavimus,
2080 3500 2195 3546 tum
2233 3484 2372 3562 q'uod
2412 3507 2475 3545 ex
2522 3490 2653 3543 libro
2681 3489 2745 3542 de
2768 3484 3048 3564 'Romanis
3083 3484 3445 3564 pontiﬁcibus,

201 3566 286 3635 qui
324 3566 639 3622 Anastasio
672 3555 1077 3620 Bibliot/iécario
1111 3566 1391 3631 tribuitur,
1447 3568 1529 3620 uti
1542 3555 1825 3636 "superiora
1864 3564 2070 3630 omnia,
2103 3555 2346 3632 excerpta
2373 3579 2479 3615 non
2504 3570 2689 3626 essent,
2740 3566 2860 3615 tunc
2891 3558 3031 3631 quod
3053 3555 3249 3611 inutila
3282 3561 3447 3609 essent

197 3642 241 3688 et
258 3636 413 3708 plena
445 3636 690 3694 lacunis.

143 3818 3063 3864 MM

1195 4059 1704 4164 SANCTI
1790 4056 2407 4165 ABBONIS

1483 4347 2083 4436 PREFATIO

487 4612 1495 4719 COMMENTARII
1562 4608 1702 4715 IN
1773 4608 2341 4716 CYCLUM
2408 4605 3078 4714 VICTOBII.

1182 4825 1374 4898 (Dom.
1397 4825 1676 4889 Murena,
1716 4821 1868 4879 Thes.
1896 4821 2124 4890 Anecd.,
2156 4823 2196 4889 Ι,
2234 4820 2380 4893 118.)

196 5227 485 5286 Calculum
520 5228 755 5286 Victorii
784 5229 922 5285 dum
964 5229 1260 5303 quondam
1307 5226 1600 5293 fratribus,
1631 5225 1729 5315 qui
1823 5218 2487 5296 junxerunt,utquodam
2506 5211 3439 5315 elucubrationiscommentimodo

133 5330 298 5373 manu
326 5317 510 5375 sancti
538 5317 807 5374 desiderii
854 5317 1157 5390 pulsabant
1205 5316 1412 5372 intima
1464 5313 1581 5371 mei
1629 5305 1727 5387 pe:

133 5406 425 5478 ctoris,pro
450 5406 692 5462 modulo
720 5422 864 5461 mea;
888 5405 1183 5478 parvitatis
1199 5406 1731 5476 traderem,etpraz-

132 5493 358 5549 cordiali
387 5511 589 5549 amore
615 5494 697 5548 eis
728 5493 1018 5548 devinctus
1044 5509 1177 5546 vera
1189 5492 1522 5548 obedientia
1539 5491 1733 5545 deser-

134 5578 322 5648 virem,
354 5581 595 5637 summis
626 5598 828 5636 eorum
860 5582 1124 5654 precibus
1150 5585 1397 5647 coactus,
1433 5577 1731 5649 negotium

134 5669 217 5723 cui
252 5671 393 5727 vires
438 5672 525 5727 vix
584 5670 871 5727 sufﬁciunt
904 5670 1233 5745 aggredior,
1267 5674 1323 5725 et
1353 5686 1481 5741 quae
1528 5666 1731 5721 verbo-

137 5757 292 5814 tenus
310 5760 647 5835 simpliciter
668 5758 1381 5835 proscquebar,rliaritatis
1398 5757 1639 5814 obtentu
1654 5754 1735 5810 iu-

1828 5312 2056 5387 paginis
2083 5311 2367 5375 inderem,
2387 5323 2451 5362 ac
2465 5303 2701 5376 adjectis
2723 5303 2981 5376 pluribus
3005 5302 3438 5370 sententiis,ali.

1830 5419 1944 5474 quo
1977 5401 2153 5456 modo
2180 5396 2421 5452 lucidius
2437 5394 2821 5451 cnuclcarem.
2840 5393 3062 5467 Quippe
3075 5407 3207 5450 cum
3232 5391 3441 5448 desunt

1830 5507 2014 5556 voces,
2038 5487 2331 5542 interdum
2354 5484 2533 5556 signis
2563 5498 2764 5539 vocum
2797 5484 3085 5540 memoria
3104 5483 3317 5540 amissa
3345 5500 3436 5539 re-

1833 5576 2394 5649 cipitur,blandaque
2423 5573 2834 5630 modulationis
2854 5573 2997 5628 serie
3011 5571 3253 5644 quaside
3276 5574 3438 5643 gravi

1832 5681 2039 5719 somno
2072 5663 2364 5734 evigilans,
2400 5664 2555 5736 quod
2585 5661 2873 5719 desiderat
2910 5661 3252 5733 assequitur,
3283 5679 3349 5717 ac
3376 5661 3434 5716 in

1834 5754 1949 5809 alta
1969 5749 2450 5808 menteitcratum
2465 5752 2670 5827 saepius
2693 5751 2940 5811 ﬁrmiter
2964 5749 3435 5808 stabilitur.Unde
