3862 6210
465 483 568 544 575

1491 478 1550 540 S.
1592 477 1886 539 ABBONIS
1924 472 2210 536 ABBATIS
2263 471 2757 533 FLORIACENSIS

3641 479 3722 541 570

467 603 609 660 dum
639 600 700 660 in
733 617 803 660 eo
833 601 968 662 sunt
1012 603 1213 679 viginti
1245 606 1372 662 octo
1425 605 1567 678 cycli
1597 605 2072 662 decennoveuna-
2096 604 2151 664 Α
2189 604 2454 658 sanctum
2487 601 2789 674 contingat
2834 597 3121 675 praedictis
3162 597 3443 671 Kalendis,
3494 601 3643 661 tertio
3685 604 3732 662 in

466 692 570 761 les,
601 693 716 749 sive
747 695 999 763 lunares,
1031 695 1146 751 sint
1175 695 1352 752 etiam
1388 697 1447 752 in
1497 697 1620 768 ipso
1656 697 1854 750 decem
1885 697 1943 749 et
1969 709 2076 747 no-

465 797 596 837 vem
629 783 769 854 cycli
796 785 1030 841 solares.
1069 785 1323 850 Quorum
1350 785 1551 840 solaris
1577 802 1732 840 nono
1771 800 1926 839 anno
1973 800 2073 838 an-

467 885 544 926 no
584 871 670 926 sui
701 872 842 943 cycli
865 873 1040 929 etiam
1070 873 1130 928 in
1155 873 1246 928 his
1275 873 1503 929 circulis
1551 872 1804 944 Dionysii
1851 871 2072 942 incipit,

466 960 526 1013 et
555 958 614 1013 in
641 963 837 1015 octavo
873 961 1102 1018 desinit.
1136 963 1665 1018 Decennovennalis
1709 977 1844 1015 vero
1892 959 2078 1014 mani-

467 1046 644 1102 festus
674 1048 737 1102 in
770 1048 906 1122 ipsis
933 1053 1117 1112 totam
1141 1053 1294 1106 luna:
1315 1051 1603 1107 rationem
1624 1050 1793 1119 regit.
1819 1049 2076 1120 Quapro-

468 1137 597 1206 pter
627 1135 818 1192 decies
848 1137 1044 1194 novies
1069 1139 1272 1210 viginti
1300 1143 1448 1207 octo,
1473 1157 1572 1194 seu
1601 1139 1770 1194 vicies
1789 1137 1961 1193 octies
1974 1152 2076 1190 no-

467 1223 790 1280 vemdecim
821 1227 1205 1300 multiplicati,
1231 1227 1290 1284 in
1313 1227 1664 1301 quingentos
1689 1226 1925 1297 triginta
1938 1225 2079 1279 duos

467 1315 690 1368 certum
720 1318 806 1368 est
835 1317 1031 1388 procul
1071 1316 1246 1372 dubio
1302 1317 1599 1372 exundari.
1657 1317 1780 1381 Quo
1836 1331 2078 1369 numero

468 1416 764 1457 annorum
794 1404 1115 1472 conficitur,
1149 1408 1212 1460 ut
1259 1405 1474 1460 dictum
1534 1408 1638 1472 est,
1677 1421 1924 1473 magnus
1976 1419 2078 1457 an-

469 1503 597 1554 nus,
631 1489 727 1561 qui
755 1491 1037 1563 paschalis
1068 1492 1290 1547 dicitur.
1319 1494 1460 1548 Nam
1483 1495 1541 1547 et
1569 1492 1628 1546 in
1657 1492 1889 1557 epactis,
1933 1493 1990 1544 et
2017 1490 2078 1544 in

466 1578 966 1646 concurrentibus,
1000 1580 1114 1634 sive
1145 1581 1316 1652 cyclis
1347 1578 1865 1645 decennoveunali,
1887 1579 1972 1634 vel
1993 1579 2074 1632 lu-

469 1663 619 1732 nari,
653 1682 881 1722 necnon
909 1667 1162 1722 termino
1196 1669 1446 1741 paschali
1502 1684 1565 1721 ac
1613 1666 1914 1721 Dominica
1969 1667 2074 1721 Pa-

471 1753 622 1808 scha;
649 1769 780 1808 cum
811 1756 948 1809 luna
978 1755 1153 1827 ipsius
1190 1757 1325 1822 diei,
1372 1755 1555 1827 qualis
1583 1755 1692 1809 fuit
1737 1755 2074 1826 quingente-

470 1842 650 1898 simus
674 1843 1004 1915 trigesimus
1029 1845 1311 1900 secundus
1362 1844 1675 1899 Dominicm
1730 1843 2074 1899 incarnatio-

2178 692 2298 746 toto
2338 707 2494 746 anno
2529 708 2746 762 magno
2769 690 3012 745 inveniri
3043 690 3278 764 poterit;
3308 690 3366 745 in
3392 691 3575 760 tribus,
3615 693 3730 750 scili-

2176 782 2284 846 cet,
2345 782 2572 834 tantum
2611 779 3212 835 dccennovennalibus
3263 779 3443 851 cyclis,
3485 780 3538 835 id
3567 783 3654 847 est,
3679 787 3720 848 4,

2175 870 2244 923 22
2275 871 2332 922 et
2361 873 2448 925 27.
2477 868 2591 924 Sed
2623 868 2761 923 dum
2787 868 3124 923 Benedictus
3167 869 3352 935 Pater,
3399 871 3518 940 post
3541 885 3720 926 annum

2175 957 2408 1012 Domini
2437 960 2561 1026 529,
2608 956 2825 1011 Cassini
2875 956 3164 1012 miraculis
3195 957 3383 1012 vivens
3441 958 3722 1028 coruscavit,

2177 1049 2401 1101 constat
2431 1045 2586 1118 quod
2613 1062 2720 1100 nec
2752 1049 2840 1113 22,
2881 1061 2988 1100 nec
3031 1049 3118 1112 27,
3158 1045 3297 1116 cycli
3324 1061 3389 1099 ex
3415 1044 3516 1100 hoc
3541 1046 3719 1101 mundo

2179 1135 2436 1189 decessit.
2467 1134 2573 1198 Qui
2601 1151 2741 1190 vero
2770 1135 2896 1189 vita:
2927 1134 3048 1205 ejus
3073 1131 3354 1188 mirabilis
3379 1134 3574 1188 relator
3609 1150 3727 1206 papa

2179 1223 2486 1293 Gregorius
2518 1240 2672 1279 anno
2705 1225 2777 1280 ab
2805 1222 3203 1278 incarnatione
3231 1221 3454 1277 Domini
3490 1225 3580 1279 605
3600 1221 3728 1288 obiit,

2181 1315 2402 1367 certum
2433 1315 2517 1367 est
2557 1313 2713 1384 quod
2760 1329 2865 1367 nec
2895 1315 3098 1384 quarto
3150 1310 3292 1382 cycli
3333 1327 3397 1365 ex
3448 1310 3600 1380 hujus
3631 1309 3728 1365 vita:

2180 1401 2456 1456 aerumnis
2478 1401 2733 1456 moriens
2764 1400 3008 1456 transiit.
3033 1398 3254 1471 Quippe
3313 1399 3430 1470 ejus
3490 1401 3729 1453 monaste.

2178 1489 2330 1543 rium
2387 1505 2421 1544 a
2482 1489 2876 1562 Langobardis
2925 1505 2992 1544 eo
3043 1490 3272 1542 mortuo
3292 1487 3412 1559 jam
3433 1485 3600 1540 fuerat
3630 1502 3729 1558 per-

2178 1593 2396 1633 vasum.
2431 1578 2618 1642 Quare
2671 1577 2774 1632 nisi
2811 1594 3042 1632 summa
3087 1575 3228 1630 fides
3277 1577 3554 1648 gestorum
3597 1576 3729 1640 esset,

2178 1666 2507 1736 prmlibatus
2533 1667 2720 1738 cyclus
2747 1667 2816 1721 de
2846 1663 3430 1737 utriusque,Domini,
3451 1661 3655 1729 scilicet,
3681 1677 3730 1715 ac

2177 1754 2344 1821 servi,
2378 1753 2620 1808 transitu
2642 1753 2997 1810 calumniam
3019 1753 3336 1808 induceret.
3355 1751 3473 1816 Qua
3489 1749 3731 1806 calumnia

2175 1842 2453 1914 impulsus
2483 1843 2763 1898 discutere
2791 1843 2936 1915 coepi
2967 1843 3108 1915 quid
3160 1843 3374 1897 faceret
3400 1838 3732 1896 controversia

471 1930 562 1986 nis
591 1948 798 2000 annus,
832 1932 960 1987 talis
987 1933 1096 1987 erit
1133 1932 1470 1987 millesimus
1498 1933 1883 2003 sexagesimus
1903 1950 2072 2006 quar-
2099 1912 2147 1970 Β
2177 1931 2530 2002 bujusmodi,
2563 1935 2619 1986 et
2645 1931 2900 2004 primum
2933 1931 3004 1986 de
3033 1930 3205 1985 annis
3233 1929 3456 1984 Domini
3496 1927 3562 1982 ad
3601 1927 3729 1980 chro-

471 2021 607 2073 tus:
641 2019 940 2092 qualisque
969 2019 1077 2074 fuit
1117 2020 1292 2092 ipsius
1339 2021 1622 2075 incarnati
1664 2021 1833 2075 Verbi
1890 2037 2076 2076 anuus

470 2107 710 2180 primus,
736 2111 794 2162 et
812 2109 884 2163 ab
905 2125 972 2165 eo
995 2109 1492 2181 quingentesiinus
1513 2110 1834 2164 tricesimus
1853 2110 2072 2178 tertius,

468 2194 599 2249 talis
624 2195 734 2252 erit
748 2197 926 2253 etiam
956 2197 1298 2253 millesimus
1322 2199 1768 2253 sexcentesimus
1820 2199 2076 2253 decimus

470 2283 788 2356 quintus,et
810 2285 1081 2358 deinceps
1101 2287 1225 2360 pari
1249 2287 1452 2342 ordine
1472 2303 1651 2358 usque
1684 2287 1758 2340 ad
1775 2286 1952 2340 finem
1981 2287 2077 2340 tri~

467 2371 601 2444 plici
647 2390 937 2430 annorum
966 2375 1196 2430 Domini
1236 2375 1382 2430 serie
1413 2376 1626 2448 ubique
1656 2378 1806 2431 hanc
1835 2392 2075 2430 concor-

469 2461 625 2516 diam
650 2465 935 2530 servante,
966 2480 1213 2536 quarum
1257 2464 1448 2536 prima
1485 2464 1728 2520 omnino
1775 2465 2072 2536 praeteriit,

466 2549 742 2613 secunda,
775 2567 840 2605 ac
871 2549 917 2604 si
940 2552 1220 2606 secundus
1249 2569 1439 2606 annus
1465 2569 1732 2624 magnus,
1759 2553 1945 2608 adhuc
1973 2554 2077 2608 im-

470 2635 692 2704 minet;
731 2637 802 2693 de
833 2640 1004 2695 tertia
1043 2643 1326 2713 quantum
1359 2641 1618 2695 futurum
1663 2641 1735 2696 sit
1765 2642 1966 2713 (quam
1999 2646 2077 2697 ta-

471 2740 610 2780 men
630 2725 884 2799 adhibui)
912 2727 973 2782 in
1003 2727 1092 2782 his
1111 2727 1353 2796 circulis,
1385 2730 1532 2784 Deus
1552 2729 1705 2784 solus
1725 2730 1900 2785 novit.
1933 2731 2075 2786 Cum

471 2813 596 2868 haec
623 2813 705 2868 ita
732 2814 867 2882 sint,
899 2815 1178 2888 quaeritur
1207 2817 1278 2871 de
1305 2833 1459 2872 anno
1509 2817 1822 2872 Dominicae
1861 2819 2074 2890 passio-

477 2901 587 2968 nis,
609 2901 730 2974 qui,
756 2919 791 2957 a
811 2903 1112 2959 Nativitate
1131 2903 1452 2959 tricesimus
1477 2909 1731 2978 quartus,
1757 2907 2073 2963 terminum

474 2989 727 3059 Paschae,
771 2991 1058 3048 decimam
1121 2997 1385 3065 quartam
1433 2994 1647 3049 scilicet
1693 2996 1890 3050 lunam
1938 2996 2075 3070 (qua

473 3077 622 3134 Deus
652 3079 725 3135 ad
750 3079 1178 3138 immolandum
1197 3083 1485 3157 traditur),
1515 3085 1652 3140 facit
1684 3103 1918 3142 occurre
1971 3103 2074 3159 per

471 3172 883 3258 concurrentes
909 3173 968 3224 et
994 3171 1288 3242 regulares
1308 3172 1567 3243 ejusdem
1598 3175 1787 3244 lineae,
1819 3175 1953 3230 licet
1980 3191 2073 3230 ca-
2105 3197 2153 3258 ρ

471 3255 684 3312 tholica
712 3257 852 3314 ﬁdes
889 3258 1118 3328 habeat,
1146 3263 1276 3333 post
1301 3265 1595 3334 peractam
1648 3280 1872 3320 coenam
1913 3263 2075 3320 ferite

471 3345 689 3418 quintae
720 3347 1019 3416 traditum,
1051 3351 1109 3404 et
1139 3349 1365 3405 decima
1382 3351 1587 3423 quinta
1612 3355 1753 3408 luna
1776 3351 1934 3408 feria:
1951 3369 2073 3408 sex-

469 3435 544 3489 ta
572 3434 923 3492 cruciﬁxum.
947 3438 1010 3492 In
1033 3437 1192 3509 cujus
1221 3439 1554 3511 quaestionis
1589 3441 1934 3497 obscuritate
1962 3443 2073 3496 Do-

471 3520 666 3576 minus
695 3523 848 3580 Beda
864 3525 1179 3598 plurimum
1209 3527 1556 3598 observatus,
1609 3529 1752 3584 nihil
1798 3529 1940 3585 lucis
1985 3529 2072 3584 in-

467 3609 636 3680 fudit,
669 3611 777 3668 nisi
807 3615 1036 3671 tantum
1059 3616 1214 3688 quod
1237 3617 1683 3684 Evangeliorum
1704 3617 1880 3673 ﬁdem
1903 3619 2072 3688 hujus

464 3699 568 3754 viri
595 3701 917 3758 auctoritati
946 3705 1220 3776 praetulit,
1259 3705 1358 3778 qui
1412 3706 1647 3760 beatum
1693 3705 2073 3777 Theophilum

467 3788 900 3861 quodammodo
928 3792 1150 3849 videtur
1200 3796 1444 3860 secutus,
1501 3793 1600 3865 qui
1647 3793 1728 3848 ait
1760 3793 2074 3850 Dominum

467 3877 775 3934 undecimo
821 3880 1211 3936 Kalendarum
1259 3881 1540 3953 Aprilium
1599 3881 1896 3950 traditum,
1945 3883 2077 3938 licet

468 3984 655 4024 unum
677 3967 913 4039 adjiciat
928 3969 1236 4041 praedictus
1255 3968 1360 4037 vir,
1403 3972 1461 4025 et
1501 3969 1841 4026 duodecimo
1863 3970 2072 4028 Kalen-

468 4055 677 4112 darum
701 4056 1008 4128 Aprilium,
1041 4060 1098 4112 et
1126 4057 1412 4114 decimam
1433 4062 1699 4132 quartam
1720 4060 1918 4116 lunam
1939 4064 2074 4118 tunc

471 4142 648 4200 fuisse
676 4143 895 4199 scribit.
935 4144 1042 4210 Qui
1073 4144 1254 4200 etiam
1285 4146 1344 4200 in
1373 4164 1442 4203 eo
1473 4149 1546 4204 ab
1589 4148 1858 4204 omnibus
1896 4152 2073 4206 eccle-

471 4229 712 4286 siasticis
741 4231 1070 4288 doctoribus
1110 4233 1413 4307 discrepat,
1441 4237 1595 4310 quod
1629 4237 1942 4294 Dominum
1975 4239 2073 4294 de-

469 4317 626 4375 cima
657 4334 815 4374 nona
840 4319 980 4376 luna
999 4321 1331 4379 cruciﬁxum
1345 4324 1878 4382 demonstrat.Nam
1895 4327 2076 4384 Theo-

469 4409 682 4482 philus,
701 4409 850 4466 sicut
864 4413 922 4466 et
941 4411 1062 4480 alii,
1095 4412 1318 4470 decima
1349 4415 1552 4489 quinta
1572 4417 1710 4474 luna
1738 4417 2072 4474 cruciﬁxum

2179 2019 2442 2075 nieorum
2476 2021 2627 2075 dicta
2657 2037 2751 2074 me
2781 2019 3024 2077 contuli.
3063 2018 3292 2074 Eusebii
3332 2016 3568 2072 maxime
3590 2015 3731 2070 Cresa-

2179 2107 2406 2176 riensis,
2439 2112 2497 2162 et
2527 2107 2860 2179 Hieronymi
2893 2107 3102 2162 divina:
3131 2105 3280 2177 legis
3329 2103 3646 2176 interpretis,
3685 2104 3732 2156 ut

2177 2200 2319 2270 quot
2347 2197 2487 2252 anni
2521 2200 2710 2252 essent
2729 2197 2800 2251 ab
2826 2195 3231 2250 incarnatione
3259 2193 3456 2250 Christi
3484 2207 3639 2264 usque
3675 2189 3731 2244 ad

2177 2284 2483 2358 imperium
2524 2285 2857 2342 Diocletiani
2890 2284 3467 2356 comprehenderem,
3503 2278 3730 2354 quoniam

2181 2375 2320 2429 inde
2344 2391 2524 2446 usque
2554 2375 2626 2430 ad
2652 2375 2907 2446 primum
2957 2390 3181 2430 annum
3217 2373 3498 2444 cyclorum
3525 2365 3730 2438 Dionysii

2177 2480 2405 2519 ccxmu
2440 2463 2971 2536 deprehendissem.
3015 2464 3242 2518 lnstans
3271 2477 3408 2533 ergo
3437 2457 3642 2523 diutius,
3677 2453 3732 2510 ab

2175 2552 2344 2606 unius
2392 2551 2682 2606 nativitate
2733 2568 2912 2622 usque
2969 2551 3043 2606 ad
3103 2549 3339 2604 alterius
3382 2545 3730 2620 principatum,

2177 2641 2432 2713 comperi
2455 2639 2700 2712 spatium
2732 2657 2990 2696 CCLxxxvr
3030 2655 3345 2706 annorum,
3374 2637 3455 2691 vel
3484 2646 3730 2696 ccuxxvm

2177 2729 2456 2802 quoniam
2518 2729 2770 2784 Christus
2833 2731 3001 2784 natus
3058 2731 3144 2782 est
3172 2727 3344 2782 tertio
3407 2739 3552 2780 anno
3611 2733 3731 2774 ρων

2179 2817 2550 2889 Olympiadis,
2613 2821 2670 2872 et
2698 2816 3088 2872 Diocletianus
3137 2813 3446 2888 imperium
3494 2805 3734 2882 usurpavit

2177 2908 2429 2962 secundo
2489 2923 2644 2962 anno
2721 2905 3129 2961 ducentesima:
3193 2902 3548 2975 sexagesima
3598 2898 3731 2953 sexta:

2175 3011 2372 3050 rursus
2393 2994 2764 3067 Olympiadis.
2798 2995 2939 3050 Cum
2970 3010 3112 3066 ergo
3159 2989 3517 3066 Olympiades
3546 3001 3652 3042 Lm
3687 2982 3732 3037 in

2175 3083 2369 3140 medio
2401 3083 2758 3148 transierint,
2818 3101 2884 3139 ex
2923 3083 3132 3156 quibus
3187 3095 3443 3138 ccuxxrv
3489 3077 3636 3140 ﬁunt,
3682 3087 3733 3168 ex

2175 3174 2396 3229 duabus
2421 3173 2692 3229 extremis
2719 3173 3148 3246 Olympiadibus
3178 3171 3314 3240 duo,
3355 3169 3466 3226 sive
3501 3169 3602 3221 tres
3624 3175 3732 3217 ann!

2174 3262 2546 3334 colliguntur.
2573 3262 2861 3334 Assumpti
2891 3277 3024 3316 vero
3054 3260 3116 3315 in
3145 3277 3353 3328 unum,
3409 3257 3478 3313 ab
3514 3255 3730 3311 incarna-

2181 3353 2338 3408 tione
2369 3350 2600 3408 Domini
2626 3368 2828 3406 omnes
2847 3350 3066 3422 pariter
3089 3366 3274 3424 usque
3302 3349 3373 3404 ad
3409 3345 3636 3436 primum

2175 3442 2399 3497 olorum
2430 3440 2704 3512 Dionysii,
2746 3439 2844 3513 qui
2867 3439 3104 3494 fuerunt
3142 3441 3280 3494 ante
3299 3438 3386 3494 vel
3421 3437 3541 3509 post
3562 3428 3730 3504 princi.

2173 3533 2371 3602 patum
2405 3528 2760 3596 Diocletiani,
2809 3527 2958 3583 fiunt
2994 3527 3220 3582 collecti
3273 3525 3519 3598 undique
3553 3529 3728 3578 DXXXle

2173 3620 2258 3674 vel
2291 3618 2478 3690 magis
2503 3633 2698 3672 oxxxv.
2739 3617 2868 3671 Haec
2923 3615 3119 3671 dicens
3165 3632 3288 3672 non
3329 3608 3731 3688 prmjudicomec

2175 3706 2390 3762 damno
2431 3705 2682 3760 aliorum
2704 3704 3039 3772 sententias,
3085 3703 3189 3759 sed
3239 3720 3308 3759 ex
3361 3694 3668 3757 authenticis
3686 3690 3732 3746 li-

2175 3794 2292 3850 bris
2323 3793 2478 3866 quod
2498 3809 2699 3848 verum
2751 3796 2839 3848 est
2883 3792 3256 3864 investigans,
3303 3791 3391 3847 cui
3420 3789 3570 3862 juxta
3592 3781 3732 3839 fidem

2177 3882 2372 3940 Niceni
2391 3881 2618 3937 concilii
2648 3898 2838 3938 assero
2877 3881 3034 3954 quod
3082 3881 3274 3936 nullus
3318 3895 3496 3936 annus
3540 3870 3732 3942 alicujus

2175 3971 2317 4044 cycli
2348 3969 2869 4026 decennoveunalis
2913 3967 3230 4025 Dominicae
3277 3964 3518 4041 passioni
3555 3978 3613 4018 ac
3662 3972 3730 4044 τεο

2177 4059 2521 4116 surrectioni
2551 4058 2845 4132 competit,
2886 4057 2994 4113 nisi
3051 4057 3336 4113 tredecim
3385 4055 3589 4111 habens
3613 4043 3729 4104 deci-

2175 4165 2335 4204 mam
2361 4151 2629 4220 quartam
2673 4148 2873 4202 lunam
2932 4148 3129 4202 octavo
3195 4145 3573 4202 Kalendarum
3608 4132 3732 4209 Apri-

2175 4237 2339 4294 lium.
2365 4239 2564 4292 Annus
2588 4253 2816 4310 quoque
2843 4235 2972 4291 talis
2999 4235 3185 4308 qualis
3215 4234 3506 4308 queritur,
3535 4231 3589 4286 in
3613 4231 3732 4282 tran-

2174 4327 2286 4383 situ
2316 4326 2500 4382 Patris
2528 4325 2840 4393 Benedicti,
2883 4341 3185 4398 nunquam
3223 4323 3431 4392 evenit,
3470 4317 3568 4377 nisi
3618 4311 3732 4370 deci-

2174 4431 2271 4472 mo
2303 4417 2457 4471 sexto
2507 4431 2664 4470 anno
2695 4414 2954 4486 ejusdem
3001 4413 3141 4486 cycli
3179 4413 3433 4470 habente
3494 4405 3730 4464 decimam

471 4479 846 4567 astruit,dum
871 4479 1068 4558 octavo
1082 4503 1322 4560 Kalend.
1351 4479 1730 4577 Aprilmefert
1744 4524 1878 4562 eum
1891 4479 2146 4562 resur-D
2173 4506 2440 4576 quartam
2498 4479 2744 4571 lunam;
2785 4479 3132 4558 duodecimo
3179 4501 3558 4558 Kalendarum
3606 4488 3730 4562 ΑΡτί·

468 4587 680 4646 rexisse
700 4606 736 4645 a
763 4590 1026 4661 mortuis,
1053 4596 1183 4666 post
1213 4595 1397 4651 multa
1421 4611 1549 4668 qua:
1579 4599 1923 4652 tractaverat
1937 4614 2070 4653 cum

465 4678 582 4734 suis
611 4679 965 4754 coepiscopis
994 4682 1065 4738 de
1095 4681 1321 4755 origine
1349 4685 1573 4742 mundi.
1596 4685 1772 4758 Igitur
1789 4687 1936 4742 tanti
1966 4686 2068 4742 viri

463 4769 574 4826 hoc
595 4786 776 4826 unum
791 4775 1090 4844 peccatum
1110 4773 1192 4829 ita
1211 4773 1818 4848 indulseruntposteri,
1851 4779 1914 4832 ut
1933 4794 2068 4832 eum

465 4863 784 4934 sequantur
812 4859 874 4916 in
915 4861 1186 4918 omnibus
1235 4863 1515 4918 Ecclesiis.
1563 4864 1677 4919 Sed
1720 4864 1864 4919 mihi
1913 4865 2070 4922 aliud

469 4949 894 5024 occurrit,quod
911 4967 1031 5006 non
1046 4951 1229 5007 debeo
1251 4951 1528 5008 oblivioni
1542 4952 1789 5008 tradere.
1803 4955 1971 5008 Anno
1996 4955 2068 5008 ab

464 5039 868 5095 incarnatione
889 5039 1123 5096 Domini
1145 5043 1270 5109 529,
1289 5041 1616 5114 imperante
1634 5041 1856 5097 Iustino
1888 5041 2071 5114 impe-

463 5131 654 5184 ratore
663 5127 1074 5196 ,sanctissimus
1099 5129 1520 5184 monachorum
1531 5131 1702 5186 Pater
1715 5129 2070 5199 Benedictus,

463 5215 526 5273 in
543 5215 706 5273 Iialia
720 5217 1023 5274 virtutibus
1041 5217 1266 5286 claruit,
1300 5221 1363 5274 ut
1393 5220 1632 5274 testatur
1652 5217 1843 5274 Victor
1855 5218 2070 5291 Capua-

465 5304 661 5361 nensis
681 5304 1104 5378 episc0pus,seu
1125 5307 1332 5362 Paulus
1348 5305 1721 5362 Cassiniensis
1731 5307 2068 5376 monachus,

460 5392 744 5468 hujusque
759 5393 1019 5467 Dionysii
1038 5395 1486 5470 contemporalis
1511 5395 1753 5464 exstitit;
1777 5395 1896 5468 qui,
1921 5395 2074 5452 vide-

465 5481 964 5550 licet,Benedictus
990 5484 1177 5552 Pater,
1212 5485 1464 5540 Sabbato
1507 5486 1706 5540 sancto
1743 5485 1973 5540 Pascbae
2003 5502 2072 5541 ex

461 5569 568 5625 hac
587 5570 704 5626 vita
720 5570 1991 5644 migravitxnKalend.Aprilium,sicutlegitur
2008 5573 2067 5630 in

457 5657 634 5730 gestis
653 5657 1031 5714 veracissimis
1043 5660 1158 5728 (56)
1169 5660 1515 5732 .Requisitus
1530 5660 1656 5715 talis
1667 5677 1742 5716 an
1750 5677 1853 5716 nus
1873 5662 1934 5718 in
1947 5663 2054 5720 cir-

455 5746 597 5803 culis
616 5745 826 5816 saepius
839 5745 1180 5802 nominandi
1209 5747 1486 5818 Dionysii,
1519 5747 1580 5802 in
1599 5766 1712 5822 quo
1739 5750 2056 5808 Sabbatum

2171 4593 2337 4647 lium.
2370 4593 2441 4647 Ut
2470 4608 2602 4648 vero
2626 4592 2723 4647 ille
2746 4593 3031 4648 terminus
3073 4591 3233 4647 ferite
3292 4591 3504 4664 quintae
3549 4580 3727 4640 contin-

2171 4684 2289 4753 gat,
2353 4683 2764 4736 concurrentes
2823 4680 3080 4754 quinque
3138 4679 3496 4754 regularibus
3551 4672 3727 4744 δθρωω

2168 4773 2418 4840 coeunt;
2459 4772 2517 4825 et
2547 4773 2608 4824 ut
2645 4769 2750 4826 iste
2792 4770 3046 4826 Sabbato
3105 4771 3304 4826 sancto
3353 4765 3584 4830 eveniat,
3628 4771 3729 4814 con-

2169 4863 2467 4916 currentes
2486 4861 2604 4914 tres
2632 4875 2765 4914 cum
2813 4858 3176 4930 regularibus
3214 4861 3460 4932 quatuor
3501 4846 3726 4932 produnt.

2169 4949 2544 5006 Transierunt
2568 4951 2763 5004 autem
2815 4965 2849 5003 a
2892 4929 3168 5020 passione
3227 4929 3455 5003 Domini
3500 4954 3654 5015 usque
3677 4929 3731 5033 ad

2171 5039 2484 5097 transitum
2522 5039 2702 5094 sancti
2755 5038 2938 5094 Patris
2992 5037 3283 5095 Benedicti
3327 5040 3729 5092 ccccxcvuannl.

2173 5130 2391 5196 Quibus
2419 5127 2604 5182 divisis
2633 5144 2738 5200 per
2759 5126 3024 5199 triginta,
3055 5129 3114 5184 et
3140 5126 3400 5199 triginta,
3427 5125 3483 5179 et
3496 5113 3732 5176 tricesima

2171 5221 2334 5292 parte
2365 5216 2680 5290 geminata,
2715 5215 2788 5271 ad
2802 5214 3072 5270 notitiam
3103 5211 3622 5287 venitquodprzeter
3645 5208 3729 5258 ter-

2173 5307 2318 5362 tium
2337 5307 2525 5361 nullus
2546 5321 2892 5360 concurrens
2903 5320 3024 5360 esse
3045 5303 3260 5378 poterit
3283 5319 3438 5359 anno
3455 5306 3691 5356 ccccxcvn
3705 5302 3732 5341 ε

2174 5395 2440 5468 passione
2465 5393 2718 5451 Domini.
2748 5393 2933 5460 Quam
2947 5392 3238 5450 divisionis
3260 5380 3730 5468 regulam,qllil’l?’

2174 5465 2304 5539 nius
2319 5501 2487 5539 nosse
2499 5483 2804 5552 desiderat,
2834 5498 2900 5538 Lv
2914 5482 3231 5555 capitulum
3261 5477 3488 5537 Domini
3519 5471 3660 5531 Bede
3678 5465 3730 5520 de

2173 5573 2359 5627 reditu
2381 5570 2850 5628 concurrentium
2866 5571 3202 5644 legat,quod
3222 5569 3382 5625 idem
3405 5567 3616 5623 sanctus
3631 5569 3729 5631 pre‘

2155 5663 2351 5734 sbyter
2360 5661 2418 5716 in
2432 5661 2770 5716 circulorum
2782 5675 3011 5715 suorum
3024 5658 3346 5732 adjectione
3359 5654 3548 5712 debuit
3558 5649 3731 5706 dverte.

2160 5771 2224 5807 re
2237 5751 2390 5806 unde
2407 5749 2925 5822 potuissetalterius
2937 5748 3354 5822 negligentiam
3369 5740 3726 5806 cavereDua-m

531 5827 649 5899 (56)
679 5823 842 5880 Obiit
864 5841 958 5880 an.
989 5829 1112 5894 543,
1146 5830 1208 5882 ut
1238 5829 1350 5883 Leo
1383 5826 1658 5885 Ostiensis
1682 5829 1905 5899 asserit,
1936 5832 2094 5902 cyclo
2125 5831 2258 5888 solis
2288 5835 2376 5900 20,
2409 5834 2467 5886 2t
2505 5831 2692 5894 Mart,
2725 5830 2783 5885 in
2811 5829 3072 5888 sabbato.
