3862 6210
149 392 238 450 5'77
1391 387 1485 444 DE
1515 381 1736 443 CYCLO
1774 383 2134 443 PASCHALI.
3331 389 3442 452 3‘78

150 518 198 571 et
223 513 261 569 si
290 511 491 585 tetigit,
521 507 856 568 solvendam
895 510 1305 582 posterioribus
1335 509 1729 581 relinquit,qui
1753 515 1805 574 Α
1836 527 2014 581 nsque
2051 513 2211 576 1595,
2240 510 2488 564 circulos
2520 509 3056 567 decennovennales
3095 530 3310 582 Lxxxiv,
3342 532 3442 570 seu

148 603 216 658 nil
251 602 436 656 calculi
465 617 604 655 eum
630 604 834 672 putant
867 601 1066 666 latere,
1100 603 1158 654 et
1187 600 1262 654 ob
1293 600 1400 653 hoc
1453 599 1596 652 tanti
1645 599 1732 651 fa-
1837 598 1900 667 (si
1928 598 2128 667 mavis,
2163 603 2218 652 ct
2250 599 2403 670 quod
2435 599 2588 654 idem
2618 601 2727 670 est)
2750 617 2914 654 xxvm
2948 604 3036 654 ter
3065 603 3438 673 germinatos,

147 691 283 746 ciunt
309 690 428 760 ejus
455 691 861 744 auctoritatem
897 692 981 742 tot
1011 688 1334 742 labentibus
1391 687 1556 741 annis
1604 703 1729 740 ser—
1834 687 1930 756 qui
1954 687 2168 757 partim
2194 690 2522 758 temporum
2562 689 2775 758 injuria
2813 691 2870 742 et
2899 689 3315 761 dcscriptorum
3353 690 3441 744 in-

143 783 328 844 vatam,
361 780 422 830 ut
450 777 543 832 vix
585 777 803 848 corrigi
853 777 1029 848 possit
1056 776 1313 848 pluribus
1337 775 1730 830 obnitentibus
1831 773 1994 828 scitia
2035 775 2330 844 depravati
2391 779 2545 842 sunt,
2582 776 2793 848 partim
2841 777 3016 831 etiam
3071 777 3440 846 interierunt,

145 866 316 920 causis.
375 865 487 918 Nos
517 866 720 918 tamen
761 864 1034 919 omnibus
1085 863 1173 916 his
1225 879 1391 917 xxvm
1439 863 1728 916 decenno-
1832 878 1930 916 eos
1975 867 2257 933 quantum
2315 864 2609 936 potuimus
2669 865 2805 919 alibi
2858 865 3239 936 reposuimus,
3306 866 3443 922 alibi

148 953 452 1009 vennalibus
479 951 662 1023 cyclis
692 953 832 1007 duos
875 951 1244 1022 subjecimus,
1296 955 1357 1005 ut
1405 952 1560 1022 quod
1596 951 1730 1005 Dio-
1829 950 2265 1006 emendavimus
2344 955 2403 1006 ut
2457 957 2648 1007 essent
2703 954 3106 1026 integriusque
3163 955 3234 1009 ad
3282 959 3438 1011 1595.

151 1041 349 1113 nysium
374 1041 568 1094 facere
601 1041 864 1095 debuisse
896 1039 1164 1105 diximus,
1199 1040 1319 1110 ejus
1341 1040 1571 1094 lectoris
1601 1039 1726 1093 dili-
1827 1039 2118 1093 Posterior
2189 1044 2328 1095 mtas
2417 1041 2514 1095 ubi
2609 1042 2818 1096 horum
2900 1059 3187 1098 annorum
3269 1044 3442 1099 fuerit

145 1131 330 1202 gentia;
359 1128 828 1184 manifestemus.
864 1130 958 1183 His
985 1129 1142 1183 enim
1175 1129 1465 1200 inspectis,
1494 1129 1563 1183 de
1592 1128 1725 1183 rcli-
1826 1128 2111 1182 terminus
2210 1129 2443 1200 adjiciet
2531 1130 2712 1202 plura.
2811 1129 3121 1186 Sciendum
3238 1135 3436 1187 tamen

145 1219 253 1290 quis
287 1221 602 1290 pertotum
633 1235 852 1272 annum
882 1234 1166 1290 magnum
1221 1218 1438 1288 peritus
1486 1218 1726 1272 calcula-
1831 1220 1916 1270 est
1973 1233 2139 1287 posse
2192 1217 2299 1271 hos
2353 1235 2545 1272 Lxxxw
2607 1219 2844 1273 circulos
2900 1219 3083 1291 redigi
3145 1221 3204 1275 in
3271 1237 3441 1276 xxvm

145 1311 221 1361 tor
264 1324 373 1361 non
405 1307 717 1373 dubitavit,
764 1307 809 1360 si
849 1310 1042 1361 tamen
1073 1307 1278 1360 saltem
1311 1305 1574 1360 dubitare
1601 1305 1727 1376 pla-
1831 1321 2079 1375 quorum
2099 1305 2338 1377 quisque
2365 1305 2614 1360 circulus
2644 1312 2907 1362 constare
2929 1308 3135 1380 triplici
3163 1310 3307 1365 serie
3329 1327 3434 1366 an-

142 1395 314 1450 cuerit.
335 1394 658 1449 Sciendum
681 1395 927 1466 denique
950 1395 1106 1466 quod
1135 1394 1191 1448 in
1224 1395 1313 1448 bis
1339 1394 1564 1448 circulis
1593 1393 1728 1448 Diu-
1831 1409 2062 1458 norum,
2088 1410 2223 1447 nam
2250 1411 2412 1449 nxxxx
2455 1412 2684 1467 quoque
2733 1413 2886 1451 anno
2941 1398 3187 1452 redeunt
3233 1400 3434 1455 omnia

145 1482 285 1554 nysii,
317 1482 452 1537 anni
482 1483 722 1538 Domini
751 1500 851 1537 sua
879 1483 1025 1537 serie
1045 1483 1351 1554 prodeunt,
1383 1486 1442 1536 et
1470 1499 1538 1536 xv
1562 1483 1729 1536 annis
1831 1482 2055 1536 eadem.
2093 1483 2327 1537 Constat
2348 1484 2501 1538 enim
2532 1502 2776 1556 magnus
2792 1485 3033 1540 circulus
3062 1487 3306 1542 totidem
3333 1506 3434 1544 an-

147 1571 375 1637 evolutis,
405 1571 731 1626 indictione
759 1571 1021 1636 redeunt,
1055 1587 1161 1624 nec
1194 1570 1266 1624 ad
1298 1571 1477 1625 solem
1518 1587 1622 1626 nec
1656 1573 1728 1626 ad
1829 1570 1941 1635 nis,
1978 1571 2184 1642 quibus
2209 1573 2437 1639 exactis,
2466 1578 2704 1645 propter
2753 1575 2884 1629 solis
2916 1580 2973 1630 et
2999 1576 3149 1630 lunae
3180 1593 3433 1645 cursum,

145 1660 318 1714 lunam
339 1659 730 1732 pertinentes,
759 1662 814 1713 et
835 1658 1067 1724 idcirco,
1100 1658 1264 1712 ﬁnito
1299 1675 1473 1725 anno,
1509 1675 1626 1714 non
1660 1677 1728 1716 eo
1832 1675 2059 1712 necesse
2092 1661 2177 1711 cst
2199 1660 2395 1713 omnia
2415 1661 2768 1732 redire,quaz
2793 1665 2926 1716 sunt
2957 1663 3198 1718 circulus
3228 1665 3439 1720 decen-

144 1748 294 1802 modo
325 1764 435 1818 quo
464 1751 675 1818 empta:
697 1749 829 1801 sunt
848 1746 1174 1804 redeuntes.
1832 1747 2246 1801 novennalibus
2269 1749 2470 1803 eodem
2505 1750 2708 1804 ordine
2750 1755 2806 1804 et
2836 1752 3032 1818 modo,
3068 1754 3316 1826 exceptis
3348 1755 3435 1810 in-

256 1835 486 1890 Joannes
512 1834 901 1904 Noviomagus
932 1835 1115 1891 lectori
1141 1835 1396 1902 studioso,
1428 1835 1490 1891 S.
1524 1835 1592 1893 P.
1831 1835 2174 1890 dictionibus
2205 1841 2261 1890 et
2291 1837 2492 1892 litteris
2525 1840 2835 1893 Dominicae
2868 1841 3001 1900 diei.
3050 1841 3183 1895 Vale
3228 1847 3286 1898 et
3331 1861 3435 1898 no-

198 1925 418 1997 Scripsit
449 1923 612 1979 Beda
642 1940 932 1980 annorum
963 1924 1059 1996 qui
1082 1928 1213 1979 sunt
1242 1941 1275 1979 a
1313 1925 1535 1979 Christo
1566 1928 1725 1993 nato,
1829 1927 2009 1979 stram
2041 1941 2279 1996 Operam
2310 1925 2450 1980 boni
2480 1928 2783 1982 consulito.

1367 2133 2244 2251 SEQUUNTUB

1114 2301 1520 2403 BEDE
1571 2302 2448 2405 PRESBYTER!

239 2492 2318 2661 DECEMNOVENALES
2464 2494 3335 2661 CIRCULI

145 2718 411 2795 Una__cum
458 2719 548 2774 his
599 2735 733 2795 quos
776 2719 980 2795 scripsit
1033 2715 1678 2795 Dionysius-Romanus,
1727 2725 2091 2795 cognomento
2160 2715 2430 2795 Exiguus,
2501 2724 2550 2795 et
2626 2719 3090 2795 beatusgCyrillw
3137 2739 3304 2795 usque
3365 2727 3437 2780 ad

191 2789 510 2873 millesimum
571 2789 1057 2863 quingentesimum
1106 2790 1510 2860 nonagesimum
1579 2791 1826 2860 quintum
1886 2804 2089 2844 annum
2151 2789 2362 2856 salutis,
2433 2791 2622 2861 quibus
2689 2789 3033 2847 continentur
3095 2789 3451 2852 tres-circuli

192 2878 378 2928 magni.

574 2967 735 3040 (Vide
766 2967 917 3022 inter
957 2967 1144 3038 Opera
1174 2965 1339 3020 Beda:
1369 2965 1742 3032 Venerabilis,
1771 2969 1913 3020 tom.
1948 2967 1990 3033 Ι,
2024 2965 2132 3021 col.
2158 2968 2280 3033 823,
2311 2966 2651 3039 Patrologiae
2676 2972 2821 3026 tom.
2852 2968 2981 3037 XC.)

1103 3171 1513 3275 BEDE
1617 3171 2496 3271 PRESBYTER!

610 3369 799 3474 DE
870 3365 1317 3474 CYCLO
1387 3362 2092 3470 PASCHALI
2161 3362 2946 3474 PBZEFATIO.

191 3575 374 3650 Cyclas
399 3579 566 3636 idem
603 3579 883 3652 paschalis
918 3581 1045 3634 octo
1069 3581 1154 3634 est
1188 3577 1356 3632 lineis
1395 3574 1718 3632 communi-
1742 3575 1792 3634 B
1820 3587 1998 3642 usque
2021 3569 2078 3624 in
2110 3587 2183 3625 vn
2213 3571 2452 3626 Kalend.
2488 3573 2680 3640 Maias,
2712 3574 2784 3628 ob
2827 3577 3119 3634 rationem
3174 3582 3419 3638 emboli-

133 3666 222 3720 tus.
252 3669 473 3725 Primus
509 3668 659 3724 ordo
691 3669 950 3724 continet
979 3684 1161 3723 annos
1203 3668 1273 3722 ab
1324 3664 1720 3721 incarnatione
1821 3677 2083 3714 smorum
2113 3660 2352 3716 licenter
2379 3662 2614 3716 extenti.
2660 3662 2892 3732 Ultimo,
2947 3667 3086 3722 luna
3142 3669 3273 3724 festi
3328 3689 3438 3744 pa-

134 3753 355 3823 Domini,
385 3761 586 3827 unius,
621 3759 862 3829 singulis
891 3758 1077 3826 annis,
1106 3760 1420 3829 augmento
1452 3771 1711 3809 crescen-
1823 3749 2049 3817 schalis,
2100 3767 2133 3804 a
2170 3754 2232 3804 lii
2266 3767 2440 3823 usque
2472 3754 2561 3818 21,
2596 3755 2836 3825 propter
2862 3753 3018 3809 diem
3050 3757 3438 3830 Dominicum,

133 3845 218 3898 tes.
249 3847 918 3904 Secundusindictiones
947 3849 1367 3913 Romanorum,
1410 3861 1536 3917 quae
1568 3843 1629 3897 in
1663 3860 1720 3898 se
1825 3837 2077 3893 variata.
2105 3839 2323 3893 Adimit
2362 3839 2520 3894 enim
2561 3841 2740 3895 saltus
2787 3846 3042 3911 noctem,
3097 3845 3258 3901 addit
3306 3865 3441 3905 vero

132 3946 332 4004 semper
365 3941 427 3992 15
460 3953 764 3992 annorum
817 3953 986 3990 cursu
1038 3936 1428 3990 revolvuntur.
1475 3932 1716 3998 Tertius,
1825 3931 2078 3994 etatem,
2115 3946 2241 4000 quae
2271 3945 2374 4001 per
2411 3946 2648 3984 omnem
2676 3931 2899 4002 cyclum
2923 3932 3190 3990 adolevit.
3234 3936 3346 3992 Sed
3377 3939 3438 3994 in

134 4026 416 4090 epactastl
454 4027 719 4092 lunares,
765 4042 891 4097 quos
948 4042 1052 4096 per
1082 4024 1337 4095 singulos
1368 4038 1550 4076 annos
1581 4021 1726 4075 sola-
1825 4016 1936 4070 hoc
1970 4033 2080 4071 nox
2113 4017 2404 4085 adimitur,
2456 4018 2608 4090 quod
2664 4022 2801 4074 ante
2863 4020 3000 4076 luna
3049 4023 3241 4079 deficit
3263 4043 3441 4098 quam

132 4121 208 4163 res
227 4113 293 4166 ad
320 4129 562 4169 cursum
604 4114 755 4168 lunae
793 4115 1176 4180 succrescunt,
1205 4116 1263 4167 et
1291 4111 1363 4166 ad
1392 4111 1588 4165 lunam
1620 4110 1723 4162 Ka-
1825 4109 2079 4178 putatur.
2143 4109 2488 4163 Naturaliter
2545 4125 2679 4163 vero
2749 4126 2861 4165 nox
2912 4111 3035 4183 ipsa
3090 4121 3437 4187 perseverat,

133 4195 407 4258 lendarum
435 4202 823 4275 quaerendam
845 4217 1075 4274 semper
1105 4201 1475 4271 adjiciuntur,
1522 4197 1722 4270 posita:
1827 4211 1954 4268 qua:
2022 4212 2134 4251 nox
2188 4197 2420 4250 initium
2469 4200 2555 4252 est
2605 4198 2780 4253 futuri
2815 4200 2976 4269 anni,
3037 4206 3095 4256 et
3132 4204 3268 4275 cycli
3299 4205 3442 4262 inci-

135 4301 178 4338 xx
205 4288 434 4347 Kalend.
467 4290 706 4363 Aprilis.
769 4290 1037 4357 Quartus,
1086 4291 1496 4344 concurrentes
1557 4285 1726 4358 septi-
1826 4285 2036 4356 pientis
2083 4286 2407 4353 exordium,
2484 4291 2722 4358 propter
2775 4290 2930 4360 quod
2987 4289 3143 4348 idem
3210 4295 3446 4352 ultimus

136 4389 302 4433 mana:
332 4379 476 4451 dies,
517 4396 645 4451 qum
679 4379 880 4450 posita:
911 4397 963 4434 ix
995 4379 1235 4435 Kalend.
1266 4377 1470 4450 Aprilis
1489 4380 1727 4448 prOpter
1830 4390 2016 4428 annus
2063 4378 2290 4445 epactas
2361 4378 2425 4430 18
2495 4378 2629 4429 tunc
2693 4377 2973 4446 retinens,
3032 4381 3222 4451 primo
3289 4401 3446 4440 anno

133 3086 1625 3120 ψ

1626 3085 3448 3130 2m“

135 4461 480 4534 dispendium
508 4467 763 4533 bissexti,
796 4467 1116 4523 necessario
1147 4470 1236 4533 28,
1284 4465 1451 4520 annis
1477 4465 1731 4537 implen-
1835 4479 1952 4517 non
2017 4466 2102 4530 11,
2177 4467 2241 4517 ut
2296 4463 2352 4516 in
2417 4463 2642 4518 caeteris
2702 4465 2870 4520 annis
2931 4468 3057 4522 ﬁeri
3113 4473 3277 4541 solet,
3345 4475 3449 4530 sed

134 4551 236 4607 tur.
265 4553 527 4619 Quarum
568 4555 715 4610 ratio
770 4556 924 4629 cogit
970 4557 1156 4627 cyclos
1194 4555 1610 4610 decennovales
1663 4557 1729 4609 28
1842 4556 1907 4607 12
1950 4552 2069 4606 dies
2132 4553 2567 4621 accommodat;
2637 4557 2696 4610 et
2752 4555 2886 4627 quia
2938 4561 3026 4626 30,
3068 4557 3292 4615 dierum
3331 4562 3450 4620 ﬁne

138 4637 378 4711 describi,
419 4647 494 4699 ut
535 4643 747 4715 singuli
776 4647 1187 4700 concurrentes
1238 4643 1493 4714 singulos
1551 4644 1742 4714 cyclos
1842 4641 2227 4709 revolvuntur,
2253 4641 2410 4696 nulla
2438 4645 2494 4709 Ο,
2521 4646 2724 4713 epacta
2756 4644 2815 4699 in
2844 4645 3128 4719 principio
3167 4649 3306 4722 cycli
3340 4667 3447 4722 po-

142 4730 681 4806 inchoent,totaque
712 4750 942 4789 summa
993 4733 1278 4805 paschalis
1340 4734 1551 4788 calculi
1609 4737 1739 4808 532,
1845 4728 2020 4783 nitur.

142 4821 288 4876 annis
315 4823 650 4896 explicetur.
680 4821 942 4890 Quintus,
995 4823 1215 4894 cyclum
1244 4822 1521 4876 lunarem
1562 4839 1737 4894 quem

139 4906 301 4964 tribus
329 4889 499 4967 annis
528 4909 1052 4965 decennovennalis
1075 4909 1350 4982 praecedit
1420 4913 1488 4964 19
1535 4909 1732 4978 annis,
1767 4889 1814 4924 υ
2335 4889 2548 4930 unum
2570 4890 2636 4928 DE
2661 4890 2837 4928 “Dm
2859 4890 2944 4929 η’

142 4995 297 5052 etiam
322 4998 440 5071 ipse
463 4999 935 5071 comprehensus.
973 4997 1193 5066 Sextus,
1241 5001 1305 5054 14
1339 4999 1562 5064 lunam,
1621 5013 1736 5069 qua
1907 4995 2084 5050 Linea
2113 4995 2332 5051 Christe
2354 4999 2486 5052 tuos
2503 4996 2944 5069 primaest,quaz
2962 4999 3448 5081 continetannos,

137 5087 334 5143 veteres
369 5088 584 5158 pascha
604 5087 914 5156 faciebant,
930 5105 1058 5161 quae
1091 5103 1218 5142 axn
1247 5086 1494 5142 Kalend.
1519 5085 1732 5157 Aprilis
1903 5085 2090 5156 Atque
2121 5084 2374 5139 secunda
2405 5087 2563 5138 tenet
2588 5084 2726 5155 cycli
2759 5101 2886 5156 quae
2930 5085 3170 5143 indictio
3199 5096 3444 5153 constat.

143 5185 300 5244 usque
322 5175 379 5230 in
395 5167 489 5231 xiv
516 5176 806 5232 Kalendas
834 5177 1003 5231 Maias
1031 5176 1184 5232 vario
1219 5175 1480 5230 discursu
1508 5189 1731 5246 vagan-
1904 5173 2164 5229 Servabit
2199 5188 2474 5227 numeros
2504 5172 2719 5243 epactis
2741 5172 2908 5227 tertia
2929 5177 3136 5232 certos.

143 5260 235 5328 les,
265 5266 488 5338 tempus
511 5263 860 5320 incensionis
888 5282 922 5319 a
946 5281 1019 5319 vn
1049 5265 1176 5320 Idus
1206 5264 1421 5332 Martii,
1463 5280 1641 5335 usque
1669 5263 1730 5318 in
1903 5262 2119 5326 Quarta
2148 5261 2266 5314 dies
2291 5264 2561 5315 numerat
2591 5263 2810 5331 septem
2845 5261 3145 5320 bissextilis
3167 5267 3326 5322 anni.

145 5346 290 5405 Nona
309 5355 511 5424 Aprilis
538 5353 862 5426 accipiunt;
917 5357 963 5409 Α
1001 5357 1066 5409 14
1106 5356 1301 5408 autem
1365 5354 1502 5407 luna
1551 5367 1730 5424 usque
1903 5349 2116 5414 Quinta
2145 5349 2249 5403 tibi
2279 5350 2464 5418 cyclos
2495 5349 2711 5404 lunaris
2742 5353 3082 5422 computant
3107 5355 3266 5412 anni.

145 5434 207 5488 ad
230 5440 288 5493 14
307 5457 440 5499 ann.
472 5443 788 5515 sequentis,
831 5443 950 5499 dies
989 5446 1121 5499 sunt
1161 5445 1284 5510 354,
1325 5441 1371 5496 si
1403 5439 1732 5496 communis
1901 5439 2024 5492 Jam
2049 5441 2281 5507 quartas
2311 5437 2563 5494 decimas
2584 5438 2847 5511 designat
2875 5443 3145 5514 sextaque
3185 5445 3370 5504 lunas.

145 5538 310 5584 annus
333 5534 441 5600 est;
466 5533 512 5588 si
544 5532 940 5602 embolismus,
965 5537 1088 5591 384.
1121 5532 1407 5606 Septimo,
1465 5531 1585 5584 dies
1616 5530 1728 5583 Do-
1903 5524 2164 5594 Septima
2178 5525 3160 5604 namPaschaeostendittempusque
3177 5535 3446 5611 diemque

148 5613 327 5675 minici
349 5621 574 5680 Pascha:
606 5621 999 5698 reperiuntur,
1029 5623 1102 5680 ab
1141 5640 1197 5681 x1
1235 5620 1476 5679 Kalend.
1520 5615 1730 5693 Aprilis
1907 5613 2157 5668 ditatem
2183 5611 2334 5666 lunae
2357 5618 2646 5669 monstrat
2668 5616 3006 5674 novissimus
3027 5623 3192 5682 ordo.
