3862 6210
467 365 571 427 579
1676 357 1992 423 APPENDI}

2234 361 2271 421 ς.
2305 356 2648 421 ABBONEM.
3667 361 3759 430 ‘580

2197 478 3761 523 η--τιξξε-ᾟσξ-α-κ-ξ--ῇ-ΞΞ

1417 642 1824 746 ΒΕΠΞ
1945 644 2834 748 PRESBYTER!

1798 893 2291 1018 CIBCU
2309 893 2468 1020 LI

819 1167 890 1206 An
943 1164 1434 1206 DEPBEBENDENDAS
1491 1162 1760 1210 cumsona
1802 1162 1931 1202 mm
1959 1163 2132 1200 LUNAS
2175 1161 2492 1272 1pgxqscmluzs
2535 1161 2604 1200 an
2653 1161 2800 1202 ANNO
2836 1149 2858 1201 I
2915 1162 3088 1210 nsona
3135 1163 3192 1202 IN
3246 1161 3435 1202 ANNUI

1925 1232 2134 1272 CHRISTI

1925 1232 2134 1272 CHRISTI
2175 1222 2330 1273 1595.

460 481 2802 519 Μ

931 1399 1107 1468 (Vide
1143 1401 1282 1456 inter
1312 1397 1488 1472 Opera
1518 1395 1683 1454 Beda:
1716 1397 2067 1466 Venerabilis,
2114 1403 2240 1452 tom.
2269 1397 2319 1467 1,
2352 1397 2457 1457 col.
2496 1397 2624 1468 859,
2656 1397 2982 1470 Patrologia!
3009 1405 3137 1454 tom.
3165 1395 3326 1469 X0.)

461 1576 864 1596 ﬂ

989 1707 1989 1816 FRAGMENTUM
2059 1706 2243 1808 DE
2342 1705 2444 1808 S.
2513 1706 3254 1809 MARTIALI.

1538 1915 1782 1990 (Mabill.
1831 1918 1952 1971 Act.
1994 1915 2199 1972 Bened.
2247 1917 2384 1984 VIII,
2419 1919 2506 1984 31,
2552 1933 2612 1972 n.
2639 1916 2718 1988 3.)

1910 2188 2354 2250 MONITUM.

1243 2330 1510 2397 (Histoire
1544 2331 1798 2388 lzttéraz're
1821 2330 1886 2386 de
1927 2331 1978 2384 la
2020 2329 2252 2402 France,
2301 2333 2506 2402 tome,
2534 2331 2650 2396 VII,
2682 2347 2815 2402 pag.
2862 2332 3002 2400 I8I.)

529 2405 797 2462 L’auteur
827 2403 962 2459 d’un
993 2419 1226 2474 sermon
1260 2403 1469 2474 préché
1497 2407 1530 2456 ὲ.
1561 2403 1616 2456 la
1647 2402 1914 2474 dédicace
1943 2402 2012 2455 de
2061 2401 2276 2474 l’église
2311 2402 2381 2456 de
2420 2401 2811 2474 Saint-Pierre
2841 2402 2912 2457 de
2953 2402 3256 2474 iLimogcs,
3289 2401 3463 2474 qu’on
3494 2402 3634 2458 croit
3653 2404 3759 2456 atra

457 2477 710 2532 Ademar
723 2476 793 2530 de
821 2473 1165 2539 Chabanais,
1187 2490 1224 2544 y
1254 2473 1424 2544 copia
1449 2489 1526 2526 un
1554 2489 1707 2527 assez
1729 2473 1870 2544 long
1881 2487 2119 2544 passage
2141 2473 2451 2544 d’unautre
2471 2473 2612 2526 écrit
2625 2473 2906 2544 d’Abbon.
2939 2473 3012 2528 Ce
3039 2489 3276 2544 passage
3297 2473 3460 2544 roule
3481 2475 3761 2544 surlepré-

455 2545 957 2624 tenduapostolat
986 2544 1058 2599 de
1087 2542 1240 2624 saint
1267 2542 1512 2624 hiartial,
1538 2547 1596 2624 et
1616 2561 1687 2597 ne
1714 2559 1772 2596 se
1799 2543 2037 2624 Iit‘dans‘
2054 2559 2238 2624 aucun
2263 2542 2362 2624 des
2393 2559 2671 2624 ouvrages
2695 2542 2956 2624 dl’Abbon
2984 2542 3085 2615 qui
3110 2542 3331 2624 ontéte
3348 2542 3658 2624 imprimesi
3676 2543 3758 2624 _On

458 2632 534 2671 ne
567 2615 685 2670 voit
707 2613 877 2686 point
898 2630 1015 2686 non
1047 2613 1340 2686 plus‘qu’il
1362 2613 1442 2686 ait
1466 2630 1538 2684 pu
1552 2616 1794 2686 trouver
1817 2613 1979 2686 place
2006 2613 2248 2686 dansles
2271 2617 2461 2686 autres
2490 2613 2588 2685 qui
2618 2615 2748 2668 sont
2775 2613 3384 2686 encorejrnanus‘crits.
3417 2613 3618 2669 L’écrit
3638 2619 3700 2669 ou
3721 2614 3758 2667 il

459 2683 952 2764 trouyaitsera
982 2683 1131 2764 dono
1163 2683 1511 2764 dunornbre
1536 2683 1610 2764 de
1645 2683 1911 2764 ceuxqui
1943 2699 2000 2737 se
2031 2685 2165 2738 sont
2179 2684 2418 2764 perdas:
2448 2683 2736 2764 Adraste,
2764 2701 2827 2738 ce
2847 2684 3146 2764 qu’itbbon
3177 2684 3262 2738 dit
3277 2685 3504 2764 dansce
3526 2700 3758 2764 passage,

455 2755 494 2828 il
521 2755 708 2812 l’avait
733 2754 854 2828 pris
897 2755 997 2812 des
1020 2755 1147 2810 faux
1179 2762 1334 2810 actes
1364 2754 1434 2810 de
1465 2753 1621 2809 saint
1645 2753 1884 2822 Martial,
1915 2770 2144 2809 comme
2173 2753 2214 2810 il
2245 2758 2332 2810 est
2367 2753 2484 2810 aisé
2512 2755 2584 2810 de
2622 2755 2740 2810 s’en
2771 2753 3114 2811 convaincre
3154 2771 3227 2810 en
3266 2753 3572 2812 conferant
3594 2753 3698 2810 I’un
3729 2758 3759 2807 ὲ

453 2826 678 2884 l’autre.

527 3059 599 3116 St
619 3076 809 3116 mmus
828 3062 994 3134 pater
1011 3057 1116 3115 iste
1140 3057 1409 3116 Martialis
1436 3058 1494 3115 in
1525 3075 1689 3115 coena
1718 3056 1957 3113 omnino
1979 3061 2066 3112 sat
2087 3062 2140 3121 Α
2165 3057 2266 3113 sed
2295 3073 2427 3113 cum
2458 3057 2678 3114 eisdem
2711 3057 2898 3115 sancti
2927 3057 3173 3129 Spiritus
3213 3061 3349 3113 tunc
3381 3054 3626 3128 suscepit
3651 3055 3758 3110 cha-

452 3149 604 3223 mysi.
617 3149 704 3205 ica
727 3135 948 3205 Christo
979 3149 1216 3205 conviva
1240 3149 1368 3217 fuit,
1391 3149 1630 3205 cmlestis
1644 3148 1810 3220 panis
1829 3164 2064 3202 sumens
2163 3147 2404 3202 rismata
2433 3151 2490 3202 ct
2519 3147 2748 3218 linguas
2785 3147 3098 3202 multiﬁdas
3159 3165 3176 3201 :
3227 3147 3437 3218 quibus
3491 3145 3754 3209 subnixus,

457 3239 1029 3312 reliquias;cumque
1043 3237 1456 3309 discipulorum
1477 3238 1717 3309 collegia
1733 3239 1932 3309 postea
1945 3253 2064 3292 sur-
2161 3237 2402 3290 tandem
2433 3238 2600 3291 Petro
2627 3235 2838 3291 comite
2869 3235 3132 3306 pervenit
3151 3235 3546 3304 Antiochiam,
3578 3251 3637 3290 ac
3673 3233 3754 3287 dc-

457 3344 601 3400 gens
629 3327 812 3396 tersit,
843 3328 1007 3383 lmtus
1035 3327 1155 3400 ipse
1184 3327 1433 3399 praebuit
1458 3326 1820 3381 linteamina.
1868 3325 2062 3397 Neque
2161 3325 2297 3379 hinc
2329 3324 2534 3380 urbem
2555 3326 2779 3379 Romae.
2817 3324 2941 3389 Qua
2971 3324 3268 3392 derelicta,
3300 3322 3664 3397 pertransivit
3697 3321 3757 3376 ad

455 3432 717 3488 unquam
745 3415 960 3488 refugit
987 3431 1150 3472 sacra
1176 3415 1578 3483 contubernia,
1607 3415 1822 3486 absque
1842 3414 2065 3468 Thoma
2165 3413 2432 3481 Galliam,
2464 3414 2624 3484 cujus
2653 3413 2808 3468 clara
2837 3416 2894 3468 et
2919 3412 3128 3468 nobilis
3151 3416 3238 3468 est
3275 3413 3572 3486 provincia
3600 3410 3749 3482 Aqui-

456 3503 692 3578 piorum
742 3520 810 3558 ex
854 3503 1060 3560 timida
1118 3511 1344 3560 caterva
1388 3521 1555 3559 unus.
1587 3503 1736 3569 Quin
1768 3503 1888 3557 imo
1931 3519 2063 3557 cum
2167 3502 2330 3556 tania
2358 3518 2492 3574 pars
2521 3518 2760 3574 magna,
2788 3501 2885 3556 ubi
2914 3501 3462 3573 perveniens,totius
3477 3498 3752 3573 provincia:

455 3591 715 3648 Christus
742 3597 972 3665 peteret
1008 3595 1280 3662 coelestia,
1329 3591 1592 3649 benedici
1643 3591 1858 3646 meruit
1912 3590 2066 3646 inter
2168 3590 2234 3644 ﬁt
2263 3591 2557 3662 apostolus
2587 3607 2692 3662 per
2724 3592 2931 3645 cuncta
2947 3590 3174 3646 saecula.

455 3681 770 3738 natantium
793 3681 1054 3756 agmina.
1091 3684 1199 3739 Nec
1217 3683 1422 3738 choros
1439 3679 1802 3737 laudantium
1827 3679 2061 3752 sprevit,

453 3842 3748 3884 Μ

595 3988 1454 4114 APPENDIX
1577 3988 1802 4113 AD
1897 3989 2688 4116 SANCTUM
2769 3988 3631 4116 ABBONEM.

1139 4244 1690 4355 CATALOGUS
1753 4245 2224 4355 ABBATUM
2288 4239 3089 4356 FLORIAGENSIUM.

1595 4456 1826 4529 (BALUZ.
1856 4455 2081 4515 Μιίςδειι.
2112 4457 2250 4516 edit.
2284 4457 2416 4515 Luc.
2449 4458 2494 4526 Ι,
2528 4457 2640 4531 19.)

446 4757 786 4843 Incipiunt
813 4767 1083 4830 nomina
1112 4767 1424 4830 abbatum
1451 4767 1704 4828 Sanctae
1731 4766 1963 4828 Mariae
1987 4767 2052 4826 et
2081 4763 2310 4827 Sancti
2346 4765 2529 4826 Petri
2576 4767 2642 4826 et
2678 4765 2902 4827 domni
2945 4767 3286 4830 Benedicti
3333 4760 3743 4831 Floriacensis

1277 4847 1666 4910 monasterii
1697 4848 2046 4924 postquam
2079 4846 2370 4924 primum
2417 4845 2811 4907 aediﬁcatum
2841 4845 2986 4909 fuit.

519 5023 750 5080 Primus
769 5024 948 5082 abbas
964 5025 1311 5098 Rigomarus
1331 5022 1536 5080 habuit
1553 5040 1738 5080 annos
1757 5039 1810 5080 ν.
1846 5023 2060 5079 Secun-
2080 5027 2132 5086 B
2233 5023 2476 5089 Quintus
2509 5023 2685 5080 abbas
2713 5024 3095 5081 Auderannus
3127 5025 3330 5082 habuit
3351 5023 3642 5082 dimidium
3662 5032 3744 5074 an.

449 5111 556 5168 dus
571 5112 749 5168 abbas
773 5113 1056 5169 Mumolus
1093 5130 1278 5168 annos
1303 5130 1430 5169 xxx.
1484 5113 1552 5167 Et
1589 5111 1738 5166 infra
1793 5111 1928 5167 istos
1955 5128 2062 5165 xxx
2160 5129 2323 5167 num.

443 5216 629 5256 annos
652 5218 858 5274 corpus
871 5201 1056 5258 Patris
1077 5201 1372 5258 Benedicti
1401 5202 1640 5256 allatum
1668 5205 1752 5256 est
1769 5200 1839 5254 de
1861 5202 2059 5256 monte
2232 5202 2435 5257 Sextus
2466 5201 2787 5258 Flatbertus
2810 5203 3010 5259 habuit
3032 5221 3216 5260 annos
3243 5221 3330 5262 ιιι.

445 5289 678 5346 Cassino
697 5291 770 5346 ab
790 5291 1018 5362 Aigulfo
1033 5291 1318 5346 monacho
1343 5305 1499 5344 anno
1523 5291 1626 5344 660
1647 5287 2061 5342 incarnationis
2232 5290 2525 5361 Septimus
2553 5291 2730 5346 abbas
2758 5293 3098 5347 Adalbertus
3153 5294 3358 5349 habuit
3390 5307 3571 5350 annos
3611 5299 3736 5342 xm.

443 5379 698 5448 Domini,
723 5379 880 5451 regis
911 5379 1185 5434 Clodovei
1209 5378 1573 5451 temporibus
1605 5376 1704 5430 ﬁlii
1723 5376 2057 5448 Dagoberti.
2233 5379 2475 5434 Octavus
2497 5379 2672 5434 abbas
2703 5381 2858 5436 GeiIo
2880 5397 3066 5436 annos
3105 5399 3216 5437 xxx.

510 5465 734 5523 Tertius
761 5467 940 5522 abbas
966 5466 1301 5522 Leobardus
1326 5466 1530 5521 habuit
1559 5481 1742 5520 annos
1766 5482 1822 5524 x.
2232 5467 2426 5522 Nonus
2455 5468 2633 5523 abbas
2665 5469 2825 5524 Medo
2856 5469 3060 5524 habuit
3090 5487 3278 5528 annos
3305 5489 3416 5527 xxi.

437 5553 460 5566 '
517 5552 764 5620 Quartus
790 5555 970 5612 abbas
1019 5555 1118 5613 ldo
1172 5554 1374 5611 habuit
1421 5570 1645 5611 annum
1715 5570 1734 5611 ι
1783 5556 1842 5610 et
1889 5553 2059 5612 dimi-
2231 5556 2495 5613 Decimus
2523 5557 2700 5613 abbas
2729 5559 2984 5615 Roduqu
3011 5559 3218 5618 habuit
3245 5577 3427 5619 annos
3449 5573 3555 5618 xxx.

443 5639 634 5702 dium.
2231 5645 2578 5704 Undecimus
2605 5647 2782 5705 abbas
2808 5647 2906 5708 Ido
2926 5665 3111 5706 annos
3137 5666 3213 5707 ιχ.
