3862 6210
197 340 282 400 581

254 476 635 535 Duodecimus
670 471 846 531 abbas
882 470 1158 546 Magulfus
1190 490 1375 528 annos
1398 490 1505 528 XVI.

255 567 464 623 Tertius
496 565 763 620 decimus
794 565 968 619 abbas
1015 563 1288 618 Fulradus
1316 579 1534 618 annum
1565 581 1580 618 1
1617 565 1674 617 et
1705 561 1788 616 di-

196 657 491 810 mgiifiltus
523 742 789 798 decimus
818 742 996 797 abbas
1023 741 1430 812 Theodulphus
1487 757 1670 796 annos
1694 757 1785 794 XIX

190 839 238 890 et
265 833 586 897 dimidium,
621 831 779 902 quia
807 830 1217 901 gloriosissimo
1277 830 1627 901 imperatore
1688 830 1788 882 Ca-

185 923 294 977 rolo
320 939 384 975 ex
411 919 696 991 Hesperia
726 923 960 988 propter
999 917 1342 971 eruditionis
1357 917 1656 971 scientiam
1672 933 1786 988 qua

187 1009 435 1080 pollebat.
462 1009 524 1062 in
559 1005 772 1062 Gallias
795 1006 1092 1072 adductus,
1127 1004 1583 1060 Floriacensibus
1609 1005 1784 1059 abbas

187 1102 235 1152 et
257 1097 767 1151 Aurelianensibus
799 1097 964 1150 datus
987 1099 1072 1150 est
1104 1094 1387 1165 pontifex.
1443 1094 1539 1147 Hic
1589 1094 1782 1165 itaque

183 1200 317 1251 cum,
346 1187 406 1238 ut
434 1185 716 1252 diximus,
748 1184 1076 1238 eruditione
1121 1182 1441 1254 praecipuus
1491 1182 1779 1236 doctrina-

183 1289 279 1344 que
323 1272 648 1327 haberetur
704 1274 1030 1344 praeclarus,
1087 1269 1552 1341 explanationem
1604 1270 1783 1325 edidit

181 1361 418 1430 Symboli
447 1361 641 1415 sancti
674 1361 996 1424 Athanasii,
1027 1359 1181 1432 quod
1232 1377 1266 1413 a
1319 1358 1618 1412 monachis
1651 1361 1778 1429 post

179 1451 282 1503 tres
300 1450 598 1520 regulares
632 1451 890 1521 psalmos
919 1448 991 1503 ad
1021 1448 1273 1520 primam
1325 1447 1578 1519 quotidie
1619 1449 1776 1502 cani-

178 1539 277 1589 tur.
304 1537 757 1591 Sacramentum
789 1553 1018 1608 quoque
1053 1537 1238 1590 missae
1283 1553 1379 1590 seu
1422 1553 1621 1590 eorum
1649 1553 1778 1608 qua:

180 1622 231 1677 in
258 1640 320 1678 ea
347 1629 663 1695 geruntur,
708 1625 844 1697 quid
871 1624 1126 1694 mysterii
1176 1624 1532 1691 contineant,
1565 1625 1780 1696 aliqua-

181 1727 276 1782 que
319 1714 677 1785 quamplura
728 1713 1014 1767 succincto
1064 1713 1339 1768 narrandi
1372 1730 1585 1784 genere
1619 1716 1774 1769 lucu-

179 1798 472 1855 lentissime
506 1801 776 1872 digessit.
814 1802 925 1856 Nec
948 1802 1137 1855 minus
1196 1801 1246 1855 ei
1300 1802 1551 1856 studium
1583 1802 1642 1856 in
1667 1805 1777 1857 ele-

180 1888 642 1956 gantissimorum
706 1906 878 1960 opere
935 1889 1309 1944 aedificiorum
1358 1889 1480 1944 fuit.
1516 1891 1774 1962 Denique

179 1973 570 2031 Germaniacus
603 1977 820 2030 dicitur
850 1977 1002 2042 villa,
1028 1977 1209 2031 tribus
1240 1994 1272 2032 a
1315 1982 1512 2032 nostro
1571 1996 1773 2033 mona-

1386 332 1701 392 ANNALES
1750 329 2263 391 FLORIACENSES
2279 379 2294 395 .

1812 458 1866 515 A

3389 341 3492 398 582

1994 471 2130 527 Haec
2162 475 2216 526 in
2245 473 2440 528 honore
2469 475 2574 530 Dei
2597 473 2926 545 Theodul/‘us
2955 475 3147 549 templa
3178 483 3386 536 sacravi

2035 561 2167 627 Quae
2204 563 2328 616 dum
2360 566 2597 635 quisquis
2624 565 2767 632 ades,
2798 583 2910 631 oro,
2936 576 3197 621 memento
3226 573 3345 625 mei.

1963 649 2069 719 (57)
2101 651 2421 705 IEmulatus
2455 654 2648 724 itaque
2689 653 2744 707 in
2772 654 2880 708 hoc
2907 655 3054 710 facto
3093 657 3360 728 Magnum
3391 659 3491 714 Ca-

1888 739 2102 800 rolum,
2136 741 2230 810 qui
2263 758 2331 794 ea
2362 745 2704 813 tempestate
2727 743 3071 814 Aquisgrani
3103 745 3313 814 palatio
3343 748 3489 803 tanti

1889 825 2110 880 decoris
2136 828 2512 882 wditicaverat
2543 831 2862 896 ecclesiam,
2895 835 2958 884 ut
3001 831 3058 885 in
3103 832 3264 887 omni
3311 834 3488 890 Gallia

1888 914 2104 968 nullam
2128 915 2339 970 habeat
2370 917 2642 975 similem.
2675 920 2882 973 Verum
2926 923 3284 975 memoratus
3332 921 3489 992 prin-

1885 1016 2018 1070 ceps
2046 1002 2183 1056 illud
2221 1005 2376 1074 quod
2403 1005 2617 1059 fecerat
2647 1008 2956 1077 templum,
2983 1011 3194 1062 sanctae
3244 1009 3343 1064 Dei
3385 1027 3485 1082 ge-

1887 1087 2106 1144 nitricis
2135 1091 2323 1145 Maria:
2351 1093 2601 1147 dedicari
2651 1095 2754 1148 sub
2799 1095 3019 1149 honore
3077 1097 3370 1168 praecepit.
3416 1101 3488 1153 At

1884 1193 2019 1232 vero
2054 1179 2406 1234 Theodulfus
2436 1184 2628 1236 aulam
2656 1199 2689 1236 a
2717 1199 2775 1236 se
2805 1187 3196 1239 constructam
3219 1187 3483 1242 omnium

1883 1267 2170 1321 conditori
2197 1284 2261 1321 ac
2291 1270 2558 1324 salvatori
2589 1287 2783 1324 rerum
2807 1271 2923 1325 Deo
2953 1289 3313 1342 consecrans,
3347 1275 3483 1330 che-

1880 1354 2073 1408 rubim
2101 1355 2300 1426 gloria:
2348 1357 2758 1414 obumbrantia
2799 1360 3262 1432 propitiatorium
3312 1380 3483 1436 super

1879 1443 2059 1497 altare
2087 1443 2262 1516 ipsius
2293 1446 2758 1503 artiﬁciosissimo
2786 1449 3122 1520 magisterio
3151 1467 3478 1522 expressum

1876 1529 1964 1583 his
1996 1530 2284 1586 decoravit
2305 1535 2576 1592 versibus.

1878 1617 2169 1674 Graculum
2194 1631 2439 1677 sanctum
2471 1633 2520 1678 et
2543 1626 2811 1683 cherubim
2839 1627 2926 1683 hic
2973 1630 3143 1698 aspice
3191 1637 3427 1700 spectans
3457 1647 3475 1684 :

1943 1705 2021 1760 Et
2050 1713 2349 1764 testamenti
2378 1730 2441 1765 en
2472 1716 2634 1768 micat
2666 1733 2792 1769 arca
2813 1716 2938 1769 Dei.

1874 1793 2006 1848 Haec
2034 1812 2267 1862 cernens,
2290 1801 2636 1872 precibusque
2677 1804 2889 1856 studens
2926 1803 3144 1874 pulsare
3187 1812 3475 1875 tonantem,

1947 1883 2349 1955 Theodulphum
2381 1891 2517 1943 votis
2535 1892 2758 1960 jungito
2785 1910 2951 1962 quaeso
2986 1897 3108 1946 tuis.

1946 1970 2056 2026 Sed
2087 1973 2222 2044 quia
2247 1991 2478 2048 semper
2503 1979 2861 2048 sapientibus
2885 1979 3191 2046 invidetur,
3226 1981 3479 2036 difﬁcile-

186 2063 338 2117 sterio
368 2064 590 2119 distans
655 2065 929 2122 millibus.
984 2066 1111 2119 Haec
1155 2066 1460 2120 abbatibus
1513 2066 1608 2136 qui
1640 2071 1773 2122 ante
1876 2076 1986 2131 que
2025 2066 2111 2116 est
2149 2064 2205 2117 in
2239 2067 2528 2135 prosperis
2559 2067 2774 2122 invidia
2830 2084 3046 2134 carere,
3109 2070 3261 2139 apud
3300 2071 3480 2142 impe-

180 2167 294 2204 eum
347 2152 583 2206 fuerant
607 2153 873 2207 maxima
927 2170 994 2206 ex
1026 2157 1188 2224 parte
1236 2170 1268 2207 ιι
1320 2153 1581 2208 ﬁdelibus
1621 2155 1771 2221 viris,
1875 2153 2127 2205 ratorem
2158 2152 2506 2209 Ludovicum
2535 2156 2606 2210 ab
2638 2156 2861 2210 aemulis
2885 2160 3180 2210 accusatus
3209 2159 3478 2229 conjura-

182 2255 402 2310 quorum
422 2241 746 2295 haereditas
770 2241 1131 2312 erat,pa_rt,im
1150 2241 1520 2312 datmpartim
1543 2244 1774 2297 vendita
1872 2235 2046 2290 tionis
2073 2239 2340 2295 adversus
2381 2259 2513 2296 eum
2542 2244 2705 2298 facta:
2737 2245 3000 2299 conscius
3048 2244 3244 2312 fuisse,
3286 2246 3480 2301 Ande-

179 2331 266 2381 est.
287 2329 344 2381 In
365 2329 677 2400 hacigitur
700 2329 853 2383 idem
884 2329 1233 2383 Theodulfus
1265 2330 1442 2383 abbas
1467 2335 1523 2384 et
1553 2331 1773 2400 episco-
1872 2325 2027 2393 gaVis
2057 2329 2362 2396 exsiliatus,
2411 2332 2684 2386 custodite
2744 2333 2920 2387 etiam
2968 2334 3329 2404 mancipatus
3359 2338 3474 2402 est;

181 2431 268 2486 pus
301 2417 602 2470 ecclesiam
663 2419 786 2470 tam
819 2416 1052 2470 miriﬁci
1105 2417 1296 2487 operis
1344 2419 1676 2484 construxit,
1711 2423 1774 2473 ut
1872 2419 1968 2473 ubi
2023 2418 2083 2472 in
2120 2419 2209 2472 die
2244 2419 2596 2486 Palmarum,
2631 2423 2916 2490 praesente
2967 2419 3086 2490 ipso
3141 2437 3299 2491 rege,
3353 2421 3480 2476 illos

179 2504 372 2558 nullum
405 2505 464 2559 in
513 2508 646 2560 tota
692 2505 954 2558 Neustria
1001 2505 1248 2559 inveniri
1303 2511 1492 2577 posset
1544 2507 1771 2562 aedificii
1871 2507 2289 2579 pulcherrimos
2317 2524 2527 2572 versus,
2556 2508 2801 2578 gloriam
2835 2508 3018 2562 laudis
3049 2507 3255 2562 Christi
3287 2525 3480 2579 perso-

180 2607 298 2662 opus
319 2594 471 2664 quod
503 2593 579 2660 ei,
627 2595 947 2664 antequam
984 2594 1117 2664 igne
1151 2597 1524 2662 cremaretur,
1559 2597 1772 2651 valeret
1872 2599 2095 2662 nantes,
2121 2596 2216 2666 qui
2246 2595 2420 2650 hodie
2449 2613 2551 2667 per
2572 2596 2864 2650 universas
2887 2595 3095 2650 Gallias
3111 2596 3184 2651 ab
3220 2597 3480 2652 ecclesia-

177 2681 382 2751 zequari.
412 2682 625 2737 Totam
683 2698 936 2752 namque
991 2685 1222 2736 arcuato
1279 2700 1453 2754 opere
1499 2685 1769 2739 eamdem
1869 2685 2024 2740 sticis
2055 2684 2434 2738 deeantantur
2467 2684 2852 2751 viris,eturri
2907 2684 2966 2738 in
3026 2701 3139 2756 qua
3200 2684 3480 2740 custodie-

177 2773 441 2824 exstruens
472 2771 798 2837 basilicam,
829 2771 909 2825 ita
939 2770 1175 2825 ﬂoribus
1199 2771 1424 2841 gypseis
1441 2775 1612 2844 atque
1641 2790 1768 2827 mu-
1869 2773 2038 2827 batur
2069 2790 2102 2827 a
2132 2790 2189 2827 se
2219 2772 2566 2845 compositos
2625 2773 2854 2840 cecinit,
2900 2789 3143 2845 quorum
3171 2777 3257 2828 est
3313 2790 3477 2829 exor-

179 2854 275 2910 sivo
303 2859 416 2928 ejus
445 2858 778 2914 venustavit
807 2857 1105 2926 interiora,
1171 2859 1565 2928 pavimentum
1627 2879 1767 2933 quo-
1871 2861 2050 2916 dium.

1870 2951 2079 3010 Gloria.
2112 2951 2248 3018 laus,
2283 2958 2329 3004 et
2353 2953 2525 3005 honor
2556 2951 2653 3006 tibi
2678 2954 2768 3007 sit.
2793 2950 2909 3006 Rex
2937 2951 3142 3008 Christe
3161 2952 3473 3026 redemptor,

1941 3039 2049 3096 Cui
2067 3041 2267 3113 puerile
2318 3040 2472 3095 decus
2492 3043 2760 3113 prompsit
2787 3043 3028 3096 hosanna
3058 3043 3237 3113 pium.

180 2957 273 3012 que
301 2962 637 3003 marmoreo
669 2946 931 3018 depinxit
981 2948 1355 3014 emblemate,
1391 2952 1452 3002 ut
1499 2950 1646 3003 oculi
1679 2951 1768 3006 in-

179 3031 437 3090 tuentium
469 3037 556 3091 vix
585 3039 763 3108 grata
811 3035 1161 3090 satiarentur
1213 3037 1422 3108 specie.
1476 3040 1652 3093 Porro
1709 3039 1767 3094 in

181 3121 433 3178 matherio
465 3125 652 3179 turris
673 3125 743 3178 de
777 3139 889 3195 qua
930 3125 1098 3194 signa
1120 3124 1480 3194 pendebant,
1514 3127 1770 3196 hujusce-

182 3209 316 3265 modi
333 3211 570 3269 inseruit
600 3229 802 3268 versus
832 3218 1109 3284 argenteo
1136 3214 1328 3269 colore
1361 3231 1654 3285 expressos
1679 3234 1691 3273 :
1787 3214 1834 3272 C

210 3382 3485 3413 W

908 3521 1566 3629 ANNALES
1636 3521 2734 3628 FLOBIACENSES.

1666 3707 2012 3726 *-

241 3849 466 3936 Ascripti
496 3859 634 3936 εαξη
661 3850 1780 3936 ςοςΙίοἰργοξοι-ιιῐῃ,ᾁεξοθιιῐιονθιωείξξιιῐη
1808 3852 2058 3936 Dionysii
2090 3871 2270 3936 annos
2302 3855 2565 3936 5321063
2603 3850 3011 3936 complexotet
3032 3843 3246 3936 jam}?
3275 3846 3483 3936 Biblio-

184 3920 326 3981 theca
351 3917 506 4001 régia
550 3927 864 3985 Parisiensi
901 3917 1006 3981 sub
1035 3944 1093 3981 n.
1129 3929 1265 3981 5443
1298 3931 1604 3981 asservato.
1635 3928 1732 3979 Est
1756 3917 2231 3981 membi‘anaceus
2255 3925 2417 3992 iii-4°,
2449 3927 2655 3981 saeculo
2683 3917 3053 3993 ix'exaratus;
3075 3917 3487 3998 etﬁdnotatio-

189 4005 272 4048 nes
296 4005 415 4061 post
443 4017 670 4056 annum
704 4000 807 4053 85’1-
839 3997 1073 4052 diversis
1099 4001 1526 4052 coeetaneorum
1573 3998 1840 4052 manibus
1883 3998 2134 4061 adiectas
2177 3998 2423 4061 exhibet,
2467 4014 2609 4061 quas
2655 3997 2746 4051 hic
2798 3999 2929 4061 post
2955 3997 3264 4052 Chesnlum
3291 3996 3354 4061 (ι.
3386 3995 3482 4057 Ill,

189 4005 272 4048 nes
296 3999 670 4067 post-annum
704 4000 807 4053 85’1-
839 3999 1073 4052 diversis
1099 4001 1526 4052 coeetaneorum
1573 3999 1840 4052 manibus
1883 3999 2134 4068 adjectas
2177 3999 2423 4063 exhibet,
2467 4014 2609 4069 quas
2655 3999 2746 4051 hic
2798 3999 2929 4066 post
2955 3999 3264 4052 Chesnlum
3291 3999 3354 4061 (ι.
3386 3999 3482 4057 Ill,

186 4078 239 4149 ρ.¹
259 4070 709 4149 355-357)de_nuo_
724 4087 789 4125 ex
812 4069 1212 4149 authographo
1229 4073 1683 4149 agme‘cqrrectas
1709 4070 2013 4149 auctasque
2031 4068 2433 4149 sistolomi‘ssis
2453 4068 2808 4149 tamem‘fer‘e
2829 4068 3099 4149 omnibus
3115 4077 3251 4149 qua;
3265 4081 3483 4149 annum

188 4136 335 4193 istum
365 4136 740 4207 antecedunt,
767 4140 976 4212 quippe
995 4136 1126 4212 quae
1155 4155 1221 4194 ex
1257 4138 1417 4194 Pauli
1449 4139 1684 4196 Diaconi
1715 4136 1962 4195 Historia
1985 4139 2260 4208 miscella,
2304 4140 2618 4195 Annalibus
2649 4138 2708 4196 S.
2752 4139 3045 4196 Columbae
3077 4136 3483 4196 tat—Annalibus

190 4201 237 4258 S-
271 4211 503 4269 Amandi
519 4215 643 4269 sint
672 4211 993 4269 desumpta.

226 4244 237 4258 ι
271 4227 503 4270 amandi
519 4227 643 4269 sint.
672 4227 993 4282 desumpta.

191 4372 323 4430 ANNO
351 4395 765 4439 INCARNATIONIS
789 4383 1014 4438 Domm.
1795 4383 1849 4443 D
2051 4381 2447 4452 Rhodulphus,
2493 4379 2850 4436 consiliarius
2877 4379 3211 4452 primasque
3263 4377 3485 4451 palatii,

191 4462 296 4521 626.
334 4469 689 4530 Leodelodus
717 4470 1090 4528 Floriacensis
1131 4468 1468 4527 monasterii
1497 4467 1770 4524 fundator
2050 4469 2353 4524 hominem
2401 4469 2531 4524 exit.
2568 4469 2802 4524 Necnon
2850 4473 2907 4524 et
2956 4467 3274 4524 Rhodulfus
3302 4465 3486 4520 archi-

347 4559 499 4619 obiit.
1189 4599 1204 4609 ο
2054 4559 2353 4630 episcopus
2383 4558 2844 4630 Aquitaniorum.
2909 4559 2976 4612 Et
3030 4559 3143 4612 duo
3197 4554 3486 4629 principes

2050 4646 2399 4719 Aquitanici,
2444 4647 2753 4701 Landricus
2783 4649 2840 4701 et
2885 4647 3095 4714 lmino,
3127 4645 3279 4698 inter
3311 4660 3369 4697 se
3397 4643 3484 4697 di-

2053 4735 2354 4802 micantes,
2429 4739 2616 4790 semet
2666 4735 3029 4790 interimunt.
3093 4732 3486 4787 Rhothbertus

2055 4841 2285 4896 quoque
2316 4828 2487 4894 atque
2516 4821 2973 4878 Ramnulfusviri
2994 4821 3154 4874 mirae
3187 4819 3482 4890 potentiae,

196 4905 302 4967 8‘53.
338 4917 693 4980 Adalbertus,
736 4917 906 4972 bona).
961 4914 1263 4970 memoriae
1324 4913 1662 4981 monachus,
1719 4929 1771 4968 ιι
2056 4914 2346 4984 armisque
2376 4913 2614 4978 strenui,
2651 4914 2707 4965 et
2754 4910 2903 4962 inter
2952 4909 3170 4980 primos
3199 4907 3304 4978 ipsi
3335 4908 3486 4979 prio-

351 5005 463 5063 Kal.
493 5011 625 5065 Jan.
661 5006 823 5062 obiit.
2057 5020 2166 5070 res,
2197 5003 2733 5056 Northmannorum
2765 4996 2956 5067 gladio
2987 4999 3294 5050 necantur.

199 5084 304 5143 864.
341 5093 600 5153 Cometes
633 5094 900 5167 apparuit
929 5095 1080 5149 circa
1119 5091 1407 5148 Kalendas
1449 5091 1622 5146 Maias
1673 5108 1776 5164 per
1878 5096 2002 5149 877.
2045 5093 2284 5146 Karolus
2319 5087 2599 5143 Ludowici
2638 5087 2786 5140 ﬁlius
2813 5101 2848 5137 ιι
2877 5086 3021 5138 Non.
3059 5083 3287 5140 Octobr.
3321 5083 3484 5157 obiit,

356 5184 548 5256 visinti
581 5186 722 5240 dies.
2061 5186 2118 5236 et
2149 5178 2478 5234 Ludowicus
2511 5176 2657 5228 filius
2697 5174 2815 5228 eius
2839 5189 2889 5227 Vl
2923 5172 3001 5226 ιιι.
3038 5171 3369 5226 Decembris
3391 5189 3485 5227 re-

205 5261 308 5320 866.
344 5270 636 5346 Regnante
659 5274 891 5338 Karolo,
925 5270 1197 5326 Ludovici
1242 5271 1382 5337 tilio,
1435 5268 1546 5322 duo
1582 5268 1680 5322 filii
1710 5269 1776 5323 il-
2057 5285 2239 5339 gnum
2263 5265 2534 5337 suscepit.

358 5360 454 5418 lius
485 5365 836 5430 moriuntur,
863 5361 1186 5415 Hlotharius
1221 5360 1418 5425 abbas,
1453 5361 1511 5411 et
1538 5359 1778 5412 Karolus
1881 5360 2006 5413 878.
2046 5357 2337 5411 Johannes
2368 5371 2517 5426 papa
2549 5351 2606 5406 in
2631 5349 2835 5405 Gallias
2866 5348 3038 5417 venit,
3087 5352 3143 5402 et
3168 5348 3320 5420 apud
3353 5347 3485 5404 civi-

2059 5448 2237 5500 tatem
2265 5446 2469 5499 Trecas
2497 5442 2593 5498 diu
2624 5442 2887 5496 moratus
2916 5443 3021 5495 est.
3064 5438 3282 5494 Eodem
3329 5455 3487 5498 anno

192 4641 298 4706 849.
330 4651 486 4708 Anno
519 4649 848 4706 vaaroli
899 4648 1072 4719 regis,
1122 4664 1197 4702 x11
1257 4647 1382 4702 Kal.
1434 4646 1618 4703 Martii
1676 4664 1775 4702 cx-

343 4740 478 4796 stitit
522 4742 894 4796 terrzemotus
953 4737 1116 4810 quasi
1175 4735 1402 4791 decima
1456 4736 1602 4791 hora
1671 4752 1768 4790 no-

347 4829 462 4886 etis.

358 5466 445 5508 rex
492 5451 956 5526 Aquitaniorum.
1007 5449 1334 5504 Avunculus
1394 5462 1624 5518 quoque
1656 5447 1779 5517 ejus

269 5566 361 5647 (57)
382 5575 510 5636 Vide
541 5575 824 5634 letaldum
852 5592 901 5636 c.
937 5579 987 5634 3.
1021 5575 1100 5632 De
1136 5571 1338 5630 mirae.
1374 5571 1432 5628 S.
1467 5569 1756 5627 Maximini
1787 5569 2002 5626 Miciac.
