3862 6210
385 403 490 459 533
1052 385 1394 445 APPENDIX
1430 383 1522 440 AD
1559 381 1617 438 s.
1659 365 2002 436 ABBONEM.
2035 407 2102 417 —
2131 372 2446 431 ANNALES
2485 370 3022 434 FLORIACENSES.
3607 379 3717 438 δεμ.

565 519 708 575 Idib.
739 513 970 570 Octobr.
1025 509 1249 580 eclipsis
1302 508 1454 561 lunae
1511 504 1619 558 fuit
1659 518 1792 557 cum
1842 500 1989 554 esset
2019 502 2076 561 Α
2274 495 2482 567 mi,qui
2508 513 2703 551 secum
2728 497 3071 554 Rotbertum
3097 497 3280 554 ﬁlium
3303 517 3469 557 suum
3506 519 3717 573 regem

570 601 1027 679 quartadecima,
1062 601 1120 653 et
1141 594 1364 668 eclipsis
1389 593 1524 648 solis
1554 594 1749 646 secuta
1791 591 1876 643 est
1904 603 1996 643 eo-
2272 585 2595 641 Aurelianis
2628 586 2832 644 elevat.

573 677 708 750 dem
738 706 939 746 mense
974 705 1027 743 1v
1058 686 1184 741 Kal.
1216 683 1493 738 Novemb.
1545 683 1684 735 luna
1725 677 1999 732 vicesima
2297 697 2375 750 τι
2461 702 2519 750 ,μ

574 697 708 750 dem
738 706 939 746 mense
974 705 1027 743 1v
1059 697 1184 741 Kal.
1216 697 1493 738 movemb.
1545 697 1684 735 tuna
1725 697 1999 732 VlceSIma
2503 702 2519 717 .

574 786 791 848 octava,
825 782 1070 849 utroque
1100 773 1285 828 sidere
1334 771 1393 824 in
1416 766 1748 841 quindecim
1794 765 1994 819 diebus
2104 759 2208 814 998
2297 697 2391 861 ,ᾖ
2461 705 2554 873 \2)
2893 717 3024 874 ΤΞ
3057 765 3177 838 (58)

573 869 899 925 deﬁciente.

399 965 522 1019 879.
564 923 904 1014 Illiudovicus
943 969 1040 1007 rex
1075 968 1126 1004 ιν
1150 948 1234 1004 Id.
1264 945 1470 1019 Aprilis
1493 942 1653 998 obiit.
2105 923 2228 1019 ﬁget.
2272 923 2432 1019 [iugo
2458 923 2523 996 (εξ)

565 1011 904 1101 ﬁludovicus
943 1044 1000 1094 et
1041 1011 1467 1092 Karlomannus
1497 1031 1651 1102 apud
1683 1027 2000 1083 Ambianas
2107 1013 2228 1066 997.
2273 1011 2434 1107 litigo
2467 1013 2868 1107 rexnmoritur.
2913 1011 2989 1067 Et
3023 1012 3133 1068 alia
3186 1028 3391 1066 manu:
3425 1014 3595 1084 Hugo
3627 1028 3726 1067 rex

574 1147 822 1205 regnum
853 1125 1189 1197 suscipiunt,
1221 1126 1280 1176 et
1336 1101 1597 1176 dividunt
1628 1134 1827 1172 mense
1855 1116 2000 1170 Mar-
2117 1190 2208 1205 ,Μ
2282 1101 2442 1205 obiit,
2467 1105 2524 1155 et
2555 1102 2702 1155 ﬁlius
2724 1103 2846 1172 ejus
2872 1102 3180 1156 Rotbertus
3209 1118 3315 1173 pro
3355 1118 3423 1156 eo
3483 1105 3720 1172 regnat.

575 1189 677 1278 tio".
1002 1189 1019 1197 '
1176 1189 1182 1191 ⁷
2110 1190 2266 1242 1003.
2309 1189 2638 1258 thualitas
2654 1189 2861 1243 hiemis
2883 1190 3111 1260 longior
3143 1189 3332 1254 solito,
3365 1189 3723 1260 pluviarum-

402 1317 526 1372 882.
566 1275 907 1366 ﬁludovicus
931 1299 1308 1360 Karlomanni
1339 1300 1519 1354 frater
1549 1296 1708 1352 obiit.
2286 1294 2396 1347 (Ιυο
2426 1277 2976 1372 ίΠ-ιιηίξειίίοὴθκδψὶἰ
2996 1277 3247 1348 gravior,
3281 1280 3452 1347 atque
3491 1275 3728 1329 diversis

401 1405 527 1460 905.
571 1401 689 1454 Hoc
719 1413 873 1452 anno
896 1394 1190 1449 mediante
1241 1389 1406 1454 Maio,
1451 1404 1482 1440 v
1522 1385 1685 1439 Feria
1740 1380 2007 1454 apparuit
2285 1372 2342 1419 Π]
2375 1366 2706 1436 regionibus
2721 1365 2966 1420 ﬂumina
2988 1383 3119 1420 51105
3147 1367 3298 1420 “ma
3319 1365 3566 1419 mOdum
3589 1381 3730 1436 Ρτίὲ·

584 1489 750 1543 stella
774 1486 925 1539 circa
952 1483 1142 1552 ipsum
1179 1475 1639 1548 septentrionem
1673 1489 1706 1526 a
1725 1475 1886 1543 parte
1910 1471 2013 1524 cir-
2289 1453 2570 1508 terierunt
2593 1454 2890 1508 terminos.
2911 1456 3033 1508 Prae
3051 1453 3272 1507 caeteris
3303 1469 3434 1508 vero
3462 1453 3641 1522 Liger
3674 1451 3731 1504 in

583 1576 656 1632 cii
687 1575 957 1629 emittens
1019 1569 1246 1624 radium
1307 1579 1586 1634 magnum
1627 1578 1820 1615 versus
1853 1572 2014 1614 euro-
2292 1544 2520 1595 tantum
2549 1559 2680 1596 suas
2710 1542 2988 1612 Ρτεέῐθΐίίι
3016 1545 3220 1608 meta—9,
3273 1544 3336 1595 ut
3373 1543 3589 1595 cuncta
3621 1541 3729 1593 Cir-

586 1668 844 1718 auslrum
903 1658 1065 1730 quasi
1137 1653 1534 1726 longissimam
1589 1650 1813 1703 hastam
1862 1646 2016 1700 inter
2290 1646 2420 1683 cum
2445 1630 2593 1684 circa
2615 1631 3060 1701 positapericulo
3081 1629 3726 1691 mortistremefaceret,

588 1753 843 1806 Leonem
873 1750 930 1801 et
957 1744 1230 1800 Geminos
1267 1744 1427 1794 trans
1451 1738 1767 1803 zodiacum,
1812 1737 1870 1788 et,
1899 1734 2016 1787 visa
2043 1791 2090 1806 ﬂ
2291 1719 2435 1771 valla
2465 1720 2848 1788 penetraudo,
2873 1735 3032 1773 casas
3060 1735 3173 1772 una
3202 1735 3334 1772 cum
3388 1717 3729 1772 hominibus

587 1842 674 1894 est
704 1837 783 1891 ita
806 1836 924 1889 fere
948 1837 1016 1888 23
1050 1832 1268 1885 diebus.
2043 1791 2092 1851 Β
2294 1808 2786 1878 cruendo,pontes
2816 1807 3016 1862 ﬁrmos
3048 1823 3324 1878 sepasquc
3350 1804 3730 1861 eradicando.

414 1934 538 1985 917.
579 1923 950 1982 Memorabile
989 1920 1205 1974 bellum
1234 1916 1389 1987 apud
1437 1913 1766 1979 Suessones,
1811 1910 1870 1964 in
1902 1924 2016 1980 quo
2291 1895 2465 1987 b0ve§
2496 1897 2653 1987 cum'
2678 1894 2956 1953 bubulcis.
3016 1896 3187 1950 ovilia
3229 1912 3359 1949 cum
3413 1894 3629 1949 ovibus
3679 1894 3732 1946 et

591 2013 940 2069 Bothbertus
971 2025 1069 2063 rex
1111 1983 1394 2069 occubuit,
1428 2002 1559 2056 licet
1584 1999 1862 2054 exercitus
1894 1997 2019 2066 ejus
2295 1983 2485 2053 Pueris
2511 1983 2924 2054 demergendo,
2960 1983 3040 2038 ita
3069 1986 3130 2036 ut
3151 1983 3578 2048 diluvium_esse
3610 1996 3731 2034 cre-

592 2100 894 2156 victoriam
926 2097 1165 2165 adeptus
1201 2091 1300 2160 sit;
1358 2090 1681 2160 eodemque
1721 2102 1873 2141 anno
1905 2087 2020 2139 Ro-
2297 2071 2680 2134 deretur.Quo
2699 2072 2874 2126 etiam
2899 2089 3052 2127 anno
3071 2075 3308 2143 propter
3348 2071 3733 2126 Aurelianen-

586 2189 776 2245 dulfus
805 2203 986 2258 regno
1017 2183 1378 2238 sublimatur.
1588 2159 1604 2160 ί
2297 2176 2418 2213 sem
2448 2161 2652 2214 urbem
2679 2160 2736 2215 in
2767 2161 2891 2215 loco
2924 2161 3020 2232 qui
3043 2161 3252 2215 dicitur
3281 2159 3733 2229 Porcariaimul-

417 2284 544 2338 936.
587 2249 1251 2333 Gloriosustrancorum
1282 2285 1380 2322 rex
1407 2266 1684 2320 Rodulfus
1712 2263 1874 2318 obiit.
1906 2260 2023 2315 Pri-
2296 2249 2367 2303 tis
2425 2253 2486 2302 ut
2548 2249 2744 2304 ferunt
2800 2253 2884 2304 est
2929 2250 3048 2304 visa
3085 2249 3277 2304 civitas
3325 2250 3732 2338 phantasmate

593 2383 691 2422 ma
723 2366 780 2419 in
814 2366 1000 2417 totam
1026 2359 1262 2413 Galliam
1286 2357 1652 2426 Ungarorum
1684 2349 1945 2422 irruptio.
2300 2342 2648 2400 constructa,
2682 2339 2752 2392 ab
2779 2340 2924 2393 hora
2962 2339 3074 2392 diei
3116 2339 3289 2393 tertia
3326 2318 3511 2409 usque
3545 2338 3603 2392 in
3634 2352 3729 2391 no-

417 2461 544 2515 952.
586 2457 701 2509 Hoc
733 2468 885 2506 anno
920 2451 1042 2520 Ugo
1066 2448 1176 2501 dux
1207 2424 1781 2515 Burgundionum,et
1809 2440 2020 2492 Alanus
2299 2443 2435 2480 nam
2469 2427 2697 2492 horam,
2729 2427 2907 2496 pratis
2931 2426 3205 2498 aquisque
3228 2442 3358 2479 cum
3380 2424 3732 2480 molendinis

599 2543 922 2597 Brittonum
951 2535 1168 2590 obiere.
2298 2517 2525 2582 vallata,
2573 2517 2849 2570 militibus
2907 2515 3357 2586 necessariisque
3411 2515 3592 2569 rebus
3644 2512 3734 2567 ad-

420 2635 545 2688 954.
589 2628 916 2685 Ludowicus
936 2625 1288 2678 Francorum
1320 2636 1419 2672 rex
1452 2617 1614 2682 obiit,
1647 2619 1705 2670 et
1726 2615 1873 2670 ﬁlius
1904 2613 2025 2668 eius
2302 2605 2471 2674 plene
2488 2603 3021 2658 referta.lnfantem
3043 2620 3273 2676 quoque
3288 2603 3731 2673 famavulgante

598 2714 922 2772 Hlotharius
971 2713 1030 2766 in
1081 2725 1284 2779 regem
1316 2706 1587 2761 nobiliter
1618 2704 1812 2758 Remis
1843 2705 2024 2757 eleva-
2303 2693 2622 2746 audivimus
2646 2695 2848 2746 natum
2867 2692 3057 2760 fuisse,
3083 2691 3352 2746 omnium
3385 2689 3731 2744 animalium

597 2810 688 2860 tus
719 2806 823 2858 est.
1169 2777 1175 2779 ὴ
2304 2781 2481 2852 pedes
2501 2781 2839 2847 habentem,
2867 2782 3103 2851 soloque
3131 2780 3315 2849 capite
3333 2795 3576 2849 unoque
3595 2777 3730 2849 pede

433 2897 558 2952 956.
601 2895 717 2948 Hoc
738 2907 890 2945 anno
921 2906 972 2942 ιν
999 2889 1188 2943 Nonas
1216 2881 1556 2956 septembris
1591 2881 1727 2935 luna
1756 2896 1916 2934 versa
1945 2881 2030 2933 est
2306 2873 2363 2923 ct
2391 2886 2567 2925 manu
2615 2869 2915 2923 hominem
2977 2869 3369 2922 simulantem.
3413 2867 3607 2931 Quem
3648 2881 3735 2938 pa-

600 2982 661 3036 in
699 2977 1064 3048 sanguinem.
1116 2974 1332 3028 Eodem
1365 2986 1594 3043 quoque
1643 2985 1796 3024 anno
1830 2983 2029 3022 mense
2303 2963 2497 3013 rentes
2527 2959 2726 3013 dolore
2758 2960 2816 3012 et
2861 2957 3072 3012 rubore
3128 2957 3348 3012 confusi
3395 2957 3484 3011 bis
3543 2961 3733 3026 terque

606 3068 775 3124 Junio
807 3067 1035 3136 signum
1069 3062 1332 3117 mirabile
1352 3061 1411 3114 in
1440 3061 1580 3114 caelo
1609 3056 2029 3129 apparuit,dra-
2051 3053 2098 3112 C.
2309 3051 2465 3101 terra
2479 3046 2968 3109 occulentes,dum
2990 3050 3288 3118 nequeunt
3313 3062 3448 3100 eum
3474 3045 3732 3116 perdere,

607 3175 673 3213 co
705 3171 951 3226 magnus
977 3152 1206 3217 scilicet,
1232 3154 1289 3204 et
1317 3149 1440 3203 sine
1468 3147 1674 3217 capite.
1704 3147 1912 3200 Secuta
1946 3147 2031 3198 est
2306 3136 2542 3190 consilio
2563 3139 2795 3206 accepto
2818 3135 2875 3188 in
2903 3134 3071 3188 ﬂuvio
3110 3135 3538 3189 demersernnt.
3576 3135 3732 3204 Cujus

609 3245 805 3301 statim
836 3257 994 3296 mors
1011 3242 1252 3294 Hcooms
1267 3236 1466 3308 magni
1491 3233 1767 3306 principis
1786 3234 2031 3286 Franco-
2311 3241 2505 3280 casum
2531 3227 2725 3278 tantus
2751 3240 2954 3278 vocum
2985 3223 3186 3294 fragor
3215 3226 3438 3277 secutus
3505 3225 3614 3289 est,
3680 3223 3732 3274 ut

609 3350 762 3400 rum,
793 3329 1289 3402 Burgundionum,
1323 3325 1844 3392 Brittonum,atque
1875 3321 2036 3375 Nort—
2312 3317 2434 3368 tota
2453 3313 2616 3383 regio
2648 3313 2888 3382 ejulasse
2902 3311 3250 3366 crederetur.
3272 3311 3489 3365 Eodem
3513 3325 3730 3384 quoque

605 3399 981 3477 mannorum.
1014 3416 1241 3488 Eclipsis
1269 3415 1400 3469 solis
1430 3413 1612 3468 factus
1665 3413 1749 3465 est
1799 3426 1854 3463 χι
1906 3409 2031 3464 Kal.
2313 3418 2467 3458 anno
2509 3402 2800 3456 Girbertus
2844 3417 2994 3473 papa
3045 3399 3204 3453 obiit.
3260 3399 3546 3470 Sequenti
3591 3412 3730 3453 anno

609 3513 844 3567 Ianuar.
878 3511 935 3562 et
965 3507 1140 3561 stellae
1169 3504 1563 3576 apparuerunt
1593 3517 1627 3555 a
1671 3499 1862 3571 prima
1892 3497 2036 3552 hora
2311 3492 2438 3559 (alia
2471 3492 2677 3562 manu).
2707 3489 2867 3544 Abbo
2905 3489 3055 3544 abba
3089 3488 3368 3558 martyrio
3431 3490 3733 3544 coronatus

609 3616 788 3672 usque
817 3597 1078 3653 terciam.
2314 3587 2419 3638 est.

437 3693 564 3748 974.
603 3665 728 3762 Ipse
749 3704 903 3743 anno
930 3683 1254 3741 ccenobium
1285 3680 1465 3735 sancti
1494 3675 1782 3733 Benedicti
1820 3671 2040 3728 Floria-
2143 3673 2299 3730 1004.
2341 3671 2502 3725 Abbo
2526 3668 2702 3724 abbas
2737 3665 2895 3723 obiit.

611 3755 779 3833 cense
805 3775 1170 3830 combustum
1201 3773 1304 3825 est.
1354 3768 1469 3823 Sed
1520 3766 1622 3819 Dei
1676 3761 2040 3837 providentia
2145 3765 2301 3818 1017.
2343 3760 2651 3814 Rotbertus
2676 3773 2772 3811 rex
2796 3756 2976 3810 ﬁlium
3001 3772 3165 3811 suum
3191 3755 3502 3826 Hugonem
3525 3768 3737 3810 consor-

613 3867 985 3938 procurante,
1018 3861 1078 3915 in
1109 3857 1268 3914 brevi
1295 3856 1472 3910 trium
1515 3853 1699 3924 spatio
1751 3867 2040 3906 annorum
2319 3851 2440 3902 tem
2471 3845 2636 3916 regni
2659 3845 2813 3911 facit,
2845 3844 2997 3916 apud
3026 3843 3478 3914 Compendium.

620 3930 681 4009 in
708 3952 1010 4009 meliorem
1031 3950 1246 4002 statum
1270 3947 1356 3998 est
1383 3945 1790 4003 restauratum,
1824 3940 2041 3994 domno
2149 3941 2302 3995 1026.
2344 3938 2558 3991 lterum
2590 3933 2693 3988 sub
2719 3932 3007 3988 Gauzilino
3031 3932 3239 3987 abbate
3263 3930 3619 3988 Floriacense
3640 3945 3738 3986 cce-

619 4043 823 4097 abbate
846 4034 1131 4093 Richardo
1159 4032 1514 4086 ordinatore.
1573 4028 1808 4083 Octavas
1864 4026 2046 4082 sancti
2321 4024 2562 4079 nobium
2593 4021 3016 4092 conflagratum
3039 4021 3142 4086 est,
3169 4019 3268 4072 sed
3289 4019 3529 4076 biennio
3544 4027 3738 4075 restau-

616 4129 941 4184 crematum
973 4125 1057 4177 est
1087 4118 1400 4174 Laurentii.
2323 4115 2516 4167 ratum
2546 4127 2679 4166 cum
2711 4108 2981 4164 omnibus
3033 4106 3258 4176 ofﬁciis,
3307 4109 3364 4161 et
3419 4109 3652 4164 ecclesia
3686 4105 3734 4161 S.

438 4219 543 4275 969
575 4224 670 4272 aut
704 4218 828 4270 970.
864 4209 1164 4267 Lotharius
1191 4209 1543 4263 Francorum
1574 4222 1673 4262 rex
1697 4205 1860 4262 obiit.
2325 4200 2498 4257 Petri.

437 4309 564 4364 979.
607 4301 978 4360 Ludovicusa
1013 4296 1241 4353 Francis
1271 4295 1590 4367 Conpendii
1653 4313 1750 4350 rex
1804 4297 1890 4350 est
1933 4295 2049 4350 ele-
2151 4295 2306 4349 1029.
2352 4290 2505 4346 Obiit
2546 4288 2846 4346 Gauzlinus
2875 4286 3072 4343 abbas.

614 4396 799 4448 vatus.
2074 4385 2308 4461 D1038,
2341 4384 2474 4435 1059
2521 4386 2615 4433 aut
2671 4382 2826 4433 1060.
2881 4375 3181 4431 Heinricus
3249 4392 3348 4430 rex
3407 4375 3735 4432 Francorum

451 4486 574 4542 987.
616 4480 932 4538 Ludovicus
961 4477 1312 4534 Francorum
1331 4491 1432 4531 rex
1462 4474 1622 4530 obiit.
1657 4473 1872 4529 Eodem
1893 4489 2047 4528 anno
2328 4469 2490 4524 obiit.
2543 4467 2836 4540 Philippus
2885 4465 3051 4536 regni
3112 4465 3516 4522 monarchiam
3573 4478 3735 4520 susce-

615 4573 781 4643 Hugo
810 4570 922 4626 dux
944 4586 1044 4624 rex
1076 4568 1428 4622 Francorum
1460 4567 1544 4619 est
1579 4566 1830 4620 elevatus
1848 4562 2050 4617 Novio-
2328 4557 2431 4630 pit.

509 4733 645 4806 (58).
676 4732 836 4787 Nola:
863 4728 1404 4806 Tironianae,_quas
1454 4723 1605 4781 inter
1655 4721 1816 4779 abbas
1872 4725 1957 4777 est
1993 4721 2256 4788 sincera;
2308 4719 2549 4774 fortasse
2603 4717 3002 4790 explicandas:
3055 4717 3207 4776 Abba
3257 4716 3420 4774 abbas
3458 4709 3739 4772 monasterii

437 4798 811 4872 Floriacensis,
845 4805 944 4859 aut
974 4802 1086 4856 tale
1118 4798 1276 4872 quid.
