  <div class='ocr_page' id='page_1' title='image "/cluster/home/n/w/nwhite01/storage/ocr_20150623/139/uva.x000829787/298.png"; bbox 0 0 3862 6210; ppageno 0'>
   <div class='ocr_carea' id='block_1_1' title="bbox 131 486 3419 514">
    <p class='ocr_par' dir='ltr' id='par_1_1' title="bbox 131 486 902 493">
     <span class='ocr_line' id='line_1_1' title="bbox 131 486 902 493; baseline 0 -6"><span class='ocrx_word' id='word_1_1' title='bbox 131 486 902 493; x_wconf 34' lang='lat'><strong><em>________,1,7</em></strong></span> 
     </span>
    </p>
   </div>
   <div class='ocr_carea' id='block_1_2' title="bbox 1351 616 2086 660">
    <p class='ocr_par' dir='ltr' id='par_1_2' title="bbox 1351 616 2086 660">
     <span class='ocr_line' id='line_1_2' title="bbox 1351 616 2086 660; baseline -0.004 -4"><span class='ocrx_word' id='word_1_2' title='bbox 1351 617 1575 660; x_wconf 67' lang='lat' dir='ltr'><strong><em>CIRCUM</em></strong></span> <span class='ocrx_word' id='word_1_3' title='bbox 1595 617 1839 658; x_wconf 70' lang='grc' dir='ltr'><strong><em>εωωεκ</em></strong></span> <span class='ocrx_word' id='word_1_4' title='bbox 1860 616 2086 657; x_wconf 72' lang='grc' dir='ltr'><strong><em>ΔΝΝυΜ.</em></strong></span> 
     </span>
    </p>
   </div>
   <div class='ocr_carea' id='block_1_3' title="bbox 1132 778 2439 979">
    <p class='ocr_par' dir='ltr' id='par_1_3' title="bbox 1132 778 2439 979">
     <span class='ocr_line' id='line_1_3' title="bbox 1132 778 2439 979; baseline 0.001 -5"><span class='ocrx_word' id='word_1_5' title='bbox 1132 778 2439 979; x_wconf 80' lang='lat' dir='ltr'><strong><em>ALBERTUS</em></strong></span> 
     </span>
    </p>
   </div>
   <div class='ocr_carea' id='block_1_4' title="bbox 849 1099 2642 1346">
    <p class='ocr_par' dir='ltr' id='par_1_4' title="bbox 849 1099 2642 1248">
     <span class='ocr_line' id='line_1_4' title="bbox 849 1099 2642 1248; baseline -0.003 -1"><span class='ocrx_word' id='word_1_6' title='bbox 849 1107 1346 1248; x_wconf 84' lang='lat' dir='ltr'><strong><em>ABBA</em></strong></span> <span class='ocrx_word' id='word_1_7' title='bbox 1406 1099 2642 1244; x_wconf 82' lang='lat' dir='ltr'><strong><em>MICIACENSIS.</em></strong></span> 
     </span>
    </p>
   </div>
   <div class='ocr_carea' id='block_1_5' title="bbox 1548 1447 2028 1539">
    <p class='ocr_par' dir='ltr' id='par_1_5' title="bbox 1548 1447 2028 1539">
     <span class='ocr_line' id='line_1_5' title="bbox 1548 1447 2028 1539; baseline -0.006 0"><span class='ocrx_word' id='word_1_8' title='bbox 1548 1447 2028 1539; x_wconf 60' lang='lat' dir='ltr'><strong><em>NOTITIA‘.</em></strong></span> 
     </span>
    </p>
   </div>
   <div class='ocr_carea' id='block_1_6' title="bbox 1147 1603 2414 1676">
    <p class='ocr_par' dir='ltr' id='par_1_6' title="bbox 1147 1603 2414 1676">
     <span class='ocr_line' id='line_1_6' title="bbox 1147 1603 2414 1676; baseline -0.002 -14"><span class='ocrx_word' id='word_1_9' title='bbox 1147 1609 1389 1663; x_wconf 77' lang='lat' dir='ltr'><strong><em>MABILL.</em></strong></span> <span class='ocrx_word' id='word_1_10' title='bbox 1413 1605 1702 1661; x_wconf 83' lang='lat' dir='ltr'><strong><em>Annalect.</em></strong></span> <span class='ocrx_word' id='word_1_11' title='bbox 1738 1621 1868 1658; x_wconf 61' lang='lat' dir='ltr'><strong><em>now</em></strong></span> <span class='ocrx_word' id='word_1_12' title='bbox 1905 1603 2069 1674; x_wconf 86' lang='lat' dir='ltr'><strong><em>edit.,</em></strong></span> <span class='ocrx_word' id='word_1_13' title='bbox 2103 1621 2236 1676; x_wconf 86' lang='lat' dir='ltr'><strong><em>pag.</em></strong></span> <span class='ocrx_word' id='word_1_14' title='bbox 2264 1606 2414 1669; x_wconf 74' lang='grc'>430.)</span> 
     </span>
    </p>
   </div>
   <div class='ocr_carea' id='block_1_7' title="bbox 164 1721 3444 1793">
    <p class='ocr_par' dir='ltr' id='par_1_7' title="bbox 164 1721 3444 1793">
     <span class='ocr_line' id='line_1_7' title="bbox 164 1721 3444 1793; baseline -0.004 0"><span class='ocrx_word' id='word_1_15' title='bbox 164 1740 440 1793; x_wconf 76' lang='lat' dir='ltr'><strong><em>Albertus</em></strong></span> <span class='ocrx_word' id='word_1_16' title='bbox 473 1736 662 1790; x_wconf 84' lang='lat' dir='ltr'><strong><em>abbas</em></strong></span> <span class='ocrx_word' id='word_1_17' title='bbox 694 1730 1053 1786; x_wconf 89' lang='lat' dir='ltr'><strong><em>monachum</em></strong></span> <span class='ocrx_word' id='word_1_18' title='bbox 1079 1727 1347 1780; x_wconf 78' lang='lat' dir='ltr'><strong><em>induerat</em></strong></span> <span class='ocrx_word' id='word_1_19' title='bbox 1382 1726 1437 1778; x_wconf 90' lang='lat' dir='ltr'><strong><em>in</em></strong></span> <span class='ocrx_word' id='word_1_20' title='bbox 1467 1722 1733 1778; x_wconf 72' lang='lat' dir='ltr'><strong><em>coenobio</em></strong></span> <span class='ocrx_word' id='word_1_21' title='bbox 1765 1721 2252 1783; x_wconf 76' lang='lat' dir='ltr'><strong><em>Gemeticensi.ut</em></strong></span> <span class='ocrx_word' id='word_1_22' title='bbox 2278 1725 2435 1792; x_wconf 80' lang='lat' dir='ltr'><strong><em>patet</em></strong></span> <span class='ocrx_word' id='word_1_23' title='bbox 2453 1739 2517 1775; x_wconf 87' lang='lat' dir='ltr'><strong><em>ex</em></strong></span> <span class='ocrx_word' id='word_1_24' title='bbox 2547 1723 2800 1792; x_wconf 84' lang='lat' dir='ltr'><strong><em>subjecto</em></strong></span> <span class='ocrx_word' id='word_1_25' title='bbox 2829 1725 2946 1793; x_wconf 78' lang='lat' dir='ltr'><strong><em>ejus</em></strong></span> <span class='ocrx_word' id='word_1_26' title='bbox 2979 1723 3356 1790; x_wconf 89' lang='lat' dir='ltr'><strong><em>intrumento,</em></strong></span> <span class='ocrx_word' id='word_1_27' title='bbox 3386 1722 3444 1779; x_wconf 86' lang='lat' dir='ltr'><strong><em>iu</em></strong></span> 
     </span>
    </p>
   </div>
   <div class='ocr_carea' id='block_1_8' title="bbox 104 1794 3439 1881">
    <p class='ocr_par' dir='ltr' id='par_1_8' title="bbox 104 1794 3439 1881">
     <span class='ocr_line' id='line_1_8' title="bbox 104 1794 3439 1881; baseline -0.004 -19"><span class='ocrx_word' id='word_1_28' title='bbox 104 1827 207 1881; x_wconf 89' lang='lat' dir='ltr'><strong><em>quo</em></strong></span> <span class='ocrx_word' id='word_1_29' title='bbox 227 1807 582 1871; x_wconf 75' lang='lat' dir='ltr'><strong><em>Arnulfum,</em></strong></span> <span class='ocrx_word' id='word_1_30' title='bbox 599 1805 994 1857; x_wconf 87' lang='lat' dir='ltr'><strong><em>Turonenscm</em></strong></span> <span class='ocrx_word' id='word_1_31' title='bbox 1013 1797 1536 1881; x_wconf 71' lang='lat' dir='ltr'><strong><em>archiepiscopum,</em></strong></span> <span class='ocrx_word' id='word_1_32' title='bbox 1557 1795 1740 1881; x_wconf 73' lang='lat' dir='ltr'><strong><em>filium</em></strong></span> <span class='ocrx_word' id='word_1_33' title='bbox 1759 1810 1925 1881; x_wconf 70' lang='lat' dir='ltr'><strong><em>suum</em></strong></span> <span class='ocrx_word' id='word_1_34' title='bbox 1955 1795 2137 1881; x_wconf 40' lang='lat' dir='ltr'><strong><em>uocat:</em></strong></span> <span class='ocrx_word' id='word_1_35' title='bbox 2159 1794 2365 1881; x_wconf 38' lang='lat' dir='ltr'><strong><em>PII-ierat</em></strong></span> <span class='ocrx_word' id='word_1_36' title='bbox 2386 1809 2524 1862; x_wconf 79' lang='lat' dir='ltr'><strong><em>ergo</em></strong></span> <span class='ocrx_word' id='word_1_37' title='bbox 2548 1794 2672 1881; x_wconf 44' lang='lat' dir='ltr'><strong><em>conAj</em></strong></span> <span class='ocrx_word' id='word_1_38' title='bbox 2685 1798 2888 1881; x_wconf 58' lang='lat' dir='ltr'><strong><em>ngatus</em></strong></span> <span class='ocrx_word' id='word_1_39' title='bbox 2905 1799 3439 1881; x_wconf 50' lang='lat' dir='ltr'><strong><em>antequammona:</em></strong></span> 
     </span>
    </p>
   </div>
   <div class='ocr_carea' id='block_1_9' title="bbox 104 1863 3444 1939">
    <p class='ocr_par' dir='ltr' id='par_1_9' title="bbox 104 1863 3444 1939">
     <span class='ocr_line' id='line_1_9' title="bbox 104 1863 3444 1939; baseline -0.005 -4"><span class='ocrx_word' id='word_1_40' title='bbox 104 1863 230 1935; x_wconf 60' lang='lat' dir='ltr'><strong><em>obus</em></strong></span> <span class='ocrx_word' id='word_1_41' title='bbox 261 1865 628 1933; x_wconf 82' lang='lat' dir='ltr'><strong><em>initiaretur.</em></strong></span> <span class='ocrx_word' id='word_1_42' title='bbox 673 1875 944 1928; x_wconf 85' lang='lat' dir='ltr'><strong><em>Parentes</em></strong></span> <span class='ocrx_word' id='word_1_43' title='bbox 975 1870 1097 1939; x_wconf 85' lang='lat' dir='ltr'><strong><em>ejus</em></strong></span> <span class='ocrx_word' id='word_1_44' title='bbox 1129 1863 1320 1922; x_wconf 80' lang='lat' dir='ltr'><strong><em>eidem</em></strong></span> <span class='ocrx_word' id='word_1_45' title='bbox 1354 1863 1741 1939; x_wconf 67' lang='lat' dir='ltr'><strong><em>instrumento</em></strong></span> <span class='ocrx_word' id='word_1_46' title='bbox 1768 1863 2152 1939; x_wconf 58' lang='lat' dir='ltr'><strong><em>subscribam.</em></strong></span> <span class='ocrx_word' id='word_1_47' title='bbox 2186 1863 2481 1918; x_wconf 82' lang='lat' dir='ltr'><strong><em>Miciacum</em></strong></span> <span class='ocrx_word' id='word_1_48' title='bbox 2512 1881 2610 1939; x_wconf 87' lang='lat' dir='ltr'><strong><em>seu</em></strong></span> <span class='ocrx_word' id='word_1_49' title='bbox 2732 1865 3020 1939; x_wconf 49' lang='lat' dir='ltr'><strong><em>Magimini</em></strong></span> <span class='ocrx_word' id='word_1_50' title='bbox 3043 1863 3303 1939; x_wconf 66' lang='lat' dir='ltr'><strong><em>abbatia,</em></strong></span> <span class='ocrx_word' id='word_1_51' title='bbox 3328 1866 3444 1939; x_wconf 89' lang='lat' dir='ltr'><strong><em>vul-</em></strong></span> 
     </span>
    </p>
   </div>
   <div class='ocr_carea' id='block_1_10' title="bbox 108 1934 3444 2020">
    <p class='ocr_par' dir='ltr' id='par_1_10' title="bbox 108 1934 3444 2020">
     <span class='ocr_line' id='line_1_10' title="bbox 108 1934 3444 2020; baseline -0.004 -16"><span class='ocrx_word' id='word_1_52' title='bbox 108 1934 172 2020; x_wconf 67' lang='lat' dir='ltr'><strong><em>go</em></strong></span> <span class='ocrx_word' id='word_1_53' title='bbox 199 1946 661 2020; x_wconf 69' lang='lat' dir='ltr'><strong><em>Saint-Mesmin,</em></strong></span> <span class='ocrx_word' id='word_1_54' title='bbox 694 1959 872 2020; x_wconf 69' lang='lat' dir='ltr'><strong><em>prope</em></strong></span> <span class='ocrx_word' id='word_1_55' title='bbox 920 1934 1284 2020; x_wconf 65' lang='lat' dir='ltr'><strong><em>Aurelianos,</em></strong></span> <span class='ocrx_word' id='word_1_56' title='bbox 1309 1954 1458 1993; x_wconf 89' lang='lat' dir='ltr'><strong><em>nunc</em></strong></span> <span class='ocrx_word' id='word_1_57' title='bbox 1486 1934 1855 1991; x_wconf 87' lang='lat' dir='ltr'><strong><em>Fuliensium.</em></strong></span> <span class='ocrx_word' id='word_1_58' title='bbox 1888 1934 2142 2004; x_wconf 86' lang='lat' dir='ltr'><strong><em>Epistola</em></strong></span> <span class='ocrx_word' id='word_1_59' title='bbox 2172 1950 2419 2006; x_wconf 87' lang='lat' dir='ltr'><strong><em>sequens</em></strong></span> <span class='ocrx_word' id='word_1_60' title='bbox 2440 1937 2622 1989; x_wconf 82' lang='lat' dir='ltr'><strong><em>exstat</em></strong></span> <span class='ocrx_word' id='word_1_61' title='bbox 2650 1935 2708 1989; x_wconf 93' lang='lat' dir='ltr'><strong><em>in</em></strong></span> <span class='ocrx_word' id='word_1_62' title='bbox 2741 1936 2936 1990; x_wconf 85' lang='lat' dir='ltr'><strong><em>codice</em></strong></span> <span class='ocrx_word' id='word_1_63' title='bbox 2965 1936 3260 1990; x_wconf 75' lang='lat' dir='ltr'><strong><em>Pithoeano</em></strong></span> <span class='ocrx_word' id='word_1_64' title='bbox 3291 1935 3444 1989; x_wconf 81' lang='lat' dir='ltr'><strong><em>inter</em></strong></span> 
     </span>
    </p>
   </div>
   <div class='ocr_carea' id='block_1_11' title="bbox 110 2011 1092 2092">
    <p class='ocr_par' dir='ltr' id='par_1_11' title="bbox 110 2011 1092 2092">
     <span class='ocr_line' id='line_1_11' title="bbox 110 2011 1092 2092; baseline -0.01 -18"><span class='ocrx_word' id='word_1_65' title='bbox 110 2011 367 2092; x_wconf 61' lang='lat' dir='ltr'><strong><em>Epistolas</em></strong></span> <span class='ocrx_word' id='word_1_66' title='bbox 393 2017 670 2074; x_wconf 81' lang='lat' dir='ltr'><strong><em>Abbouis</em></strong></span> <span class='ocrx_word' id='word_1_67' title='bbox 697 2011 1092 2069; x_wconf 75' lang='lat' dir='ltr'><strong><em>Floriaceusis.</em></strong></span> 
     </span>
    </p>
   </div>
   <div class='ocr_carea' id='block_1_12' title="bbox 1275 2231 2222 2378">
    <p class='ocr_par' dir='ltr' id='par_1_12' title="bbox 1275 2231 2222 2378">
     <span class='ocr_line' id='line_1_12' title="bbox 1275 2231 2222 2378; baseline -0.006 0"><span class='ocrx_word' id='word_1_68' title='bbox 1275 2231 2222 2378; x_wconf 71' lang='lat' dir='ltr'><strong><em>ALBEBTI</em></strong></span> 
     </span>
    </p>
   </div>
   <div class='ocr_carea' id='block_1_13' title="bbox 861 2430 2532 2506">
    <p class='ocr_par' dir='ltr' id='par_1_13' title="bbox 861 2430 2532 2506">
     <span class='ocr_line' id='line_1_13' title="bbox 861 2430 2532 2506; baseline -0.005 0"><span class='ocrx_word' id='word_1_69' title='bbox 861 2441 980 2506; x_wconf 86' lang='lat' dir='ltr'><strong>AD</strong></span> <span class='ocrx_word' id='word_1_70' title='bbox 1019 2436 1309 2504; x_wconf 81' lang='lat' dir='ltr'>JOANN</span> <span class='ocrx_word' id='word_1_71' title='bbox 1318 2436 1438 2501; x_wconf 89' lang='grc' dir='ltr'><strong><em>ΕΜ</em></strong></span> <span class='ocrx_word' id='word_1_72' title='bbox 1470 2433 1662 2501; x_wconf 91' lang='lat' dir='ltr'>XVII</span> <span class='ocrx_word' id='word_1_73' title='bbox 1706 2433 2008 2500; x_wconf 83' lang='lat' dir='ltr'><strong>PAPAM</strong></span> <span class='ocrx_word' id='word_1_74' title='bbox 2073 2430 2532 2498; x_wconf 85' lang='lat' dir='ltr'><strong><em>EPISTOLA.</em></strong></span> 
     </span>
    </p>
   </div>
   <div class='ocr_carea' id='block_1_14' title="bbox 762 2566 2804 2645">
    <p class='ocr_par' dir='ltr' id='par_1_14' title="bbox 762 2566 2804 2645">
     <span class='ocr_line' id='line_1_14' title="bbox 762 2566 2804 2645; baseline -0.003 -17"><span class='ocrx_word' id='word_1_75' title='bbox 762 2574 843 2628; x_wconf 89' lang='lat' dir='ltr'><strong><em>De</em></strong></span> <span class='ocrx_word' id='word_1_76' title='bbox 872 2575 1192 2645; x_wconf 79' lang='lat' dir='ltr'><strong><em>antiquitate</em></strong></span> <span class='ocrx_word' id='word_1_77' title='bbox 1215 2577 1263 2627; x_wconf 86' lang='lat' dir='ltr'><strong><em>et</em></strong></span> <span class='ocrx_word' id='word_1_78' title='bbox 1280 2571 1438 2626; x_wconf 80' lang='lat' dir='ltr'><strong><em>solito</em></strong></span> <span class='ocrx_word' id='word_1_79' title='bbox 1465 2587 1686 2624; x_wconf 82' lang='lat' dir='ltr'><strong><em>numero</em></strong></span> <span class='ocrx_word' id='word_1_80' title='bbox 1708 2569 2084 2623; x_wconf 80' lang='lat' dir='ltr'><strong><em>monachorum</em></strong></span> <span class='ocrx_word' id='word_1_81' title='bbox 2115 2570 2426 2622; x_wconf 79' lang='lat' dir='ltr'><strong><em>monasterii</em></strong></span> <span class='ocrx_word' id='word_1_82' title='bbox 2447 2566 2804 2622; x_wconf 77' lang='lat' dir='ltr'><strong><em>Miciaccrtsis.</em></strong></span> 
     </span>
    </p>
   </div>
   <div class='ocr_carea' id='block_1_15' title="bbox 583 2685 2998 2766">
    <p class='ocr_par' dir='ltr' id='par_1_15' title="bbox 583 2685 2998 2766">
     <span class='ocr_line' id='line_1_15' title="bbox 583 2685 2998 2766; baseline -0.004 -17"><span class='ocrx_word' id='word_1_83' title='bbox 583 2696 803 2766; x_wconf 80' lang='lat' dir='ltr'><strong><em>(Exstat</em></strong></span> <span class='ocrx_word' id='word_1_84' title='bbox 823 2711 996 2766; x_wconf 84' lang='lat' dir='ltr'><strong><em>supra</em></strong></span> <span class='ocrx_word' id='word_1_85' title='bbox 1029 2693 1181 2747; x_wconf 88' lang='lat' dir='ltr'><strong><em>inter</em></strong></span> <span class='ocrx_word' id='word_1_86' title='bbox 1211 2691 1476 2762; x_wconf 80' lang='lat' dir='ltr'><strong><em>epistolas</em></strong></span> <span class='ocrx_word' id='word_1_87' title='bbox 1507 2690 1567 2745; x_wconf 98' lang='grc'><strong><em>8.</em></strong></span> <span class='ocrx_word' id='word_1_88' title='bbox 1609 2687 1864 2744; x_wconf 86' lang='lat' dir='ltr'><strong><em>Abbonis</em></strong></span> <span class='ocrx_word' id='word_1_89' title='bbox 1890 2687 2058 2743; x_wconf 79' lang='lat' dir='ltr'><strong><em>tertia</em></strong></span> <span class='ocrx_word' id='word_1_90' title='bbox 2089 2686 2315 2742; x_wconf 88' lang='lat' dir='ltr'><strong><em>decima</em></strong></span> <span class='ocrx_word' id='word_1_91' title='bbox 2339 2686 2510 2757; x_wconf 70' lang='lat' dir='ltr'><strong><em>huius</em></strong></span> <span class='ocrx_word' id='word_1_92' title='bbox 2534 2686 2678 2741; x_wconf 90' lang='lat' dir='ltr'><strong><em>tomi</em></strong></span> <span class='ocrx_word' id='word_1_93' title='bbox 2708 2685 2816 2742; x_wconf 85' lang='lat' dir='ltr'><strong><em>eoi.</em></strong></span> <span class='ocrx_word' id='word_1_94' title='bbox 2845 2685 2998 2757; x_wconf 82' lang='grc'>459.)</span> 
     </span>
    </p>
   </div>
   <div class='ocr_carea' id='block_1_16' title="bbox 801 3008 2797 3177">
    <p class='ocr_par' dir='ltr' id='par_1_16' title="bbox 801 3008 2797 3177">
     <span class='ocr_line' id='line_1_16' title="bbox 801 3008 2797 3177; baseline -0.004 0"><span class='ocrx_word' id='word_1_95' title='bbox 801 3011 1757 3177; x_wconf 80' lang='lat' dir='ltr'><strong><em>ALBERTI</em></strong></span> <span class='ocrx_word' id='word_1_96' title='bbox 1865 3008 2797 3174; x_wconf 83' lang='lat' dir='ltr'><strong><em>CHARTA.</em></strong></span> 
     </span>
    </p>
   </div>
   <div class='ocr_carea' id='block_1_17' title="bbox 649 3433 2997 3531">
    <p class='ocr_par' dir='ltr' id='par_1_17' title="bbox 649 3433 2997 3531">
     <span class='ocr_line' id='line_1_17' title="bbox 649 3433 2997 3531; baseline 0.001 -17"><span class='ocrx_word' id='word_1_97' title='bbox 649 3459 867 3514; x_wconf 61' lang='lat' dir='ltr'><strong><em>Przdz&#39;a</em></strong></span> <span class='ocrx_word' id='word_1_98' title='bbox 927 3458 1168 3531; x_wconf 70' lang='lat' dir='ltr'><strong><em>quaedam</em></strong></span> <span class='ocrx_word' id='word_1_99' title='bbox 1208 3459 1433 3514; x_wconf 79' lang='lat' dir='ltr'><strong><em>comobio</em></strong></span> <span class='ocrx_word' id='word_1_100' title='bbox 1461 3433 1888 3524; x_wconf 47' lang='lat' dir='ltr'><strong><em>Gcttteticensiu&#39;n</em></strong></span> <span class='ocrx_word' id='word_1_101' title='bbox 1917 3473 2020 3528; x_wconf 77' lang='lat' dir='ltr'><strong><em>quo</em></strong></span> <span class='ocrx_word' id='word_1_102' title='bbox 2042 3456 2362 3513; x_wconf 82' lang='lat' dir='ltr'><strong><em>monachum</em></strong></span> <span class='ocrx_word' id='word_1_103' title='bbox 2388 3455 2653 3524; x_wconf 80' lang='lat' dir='ltr'><strong><em>induerat,</em></strong></span> <span class='ocrx_word' id='word_1_104' title='bbox 2695 3460 2997 3528; x_wconf 76' lang='lat' dir='ltr'><strong><em>conﬁrmat.</em></strong></span> 
     </span>
    </p>
   </div>
   <div class='ocr_carea' id='block_1_18' title="bbox 207 3760 3455 3834">
    <p class='ocr_par' dir='ltr' id='par_1_18' title="bbox 207 3760 3455 3834">
     <span class='ocr_line' id='line_1_18' title="bbox 207 3760 3455 3834; baseline 0.001 -19"><span class='ocrx_word' id='word_1_105' title='bbox 207 3765 261 3818; x_wconf 87' lang='lat' dir='ltr'><strong><em>In</em></strong></span> <span class='ocrx_word' id='word_1_106' title='bbox 306 3765 544 3820; x_wconf 84' lang='lat' dir='ltr'><strong><em>nomine</em></strong></span> <span class='ocrx_word' id='word_1_107' title='bbox 601 3762 831 3829; x_wconf 84' lang='lat' dir='ltr'><strong><em>Christi,</em></strong></span> <span class='ocrx_word' id='word_1_108' title='bbox 898 3781 1006 3834; x_wconf 85' lang='lat' dir='ltr'><strong><em>ego</em></strong></span> <span class='ocrx_word' id='word_1_109' title='bbox 1056 3763 1343 3826; x_wconf 77' lang='lat' dir='ltr'><strong><em>Albertus,</em></strong></span> <span class='ocrx_word' id='word_1_110' title='bbox 1395 3762 1574 3818; x_wconf 81' lang='lat' dir='ltr'><strong><em>abbas</em></strong></span> <span class='ocrx_word' id='word_1_111' title='bbox 1635 3762 1812 3824; x_wconf 63' lang='lat' dir='ltr'><strong><em>aboA</em></strong></span> <span class='ocrx_word' id='word_1_112' title='bbox 1847 3761 2040 3826; x_wconf 84' lang='lat' dir='ltr'><strong><em>Maria,</em></strong></span> <span class='ocrx_word' id='word_1_113' title='bbox 2095 3775 2270 3832; x_wconf 89' lang='lat' dir='ltr'><strong><em>quem</em></strong></span> <span class='ocrx_word' id='word_1_114' title='bbox 2329 3762 2526 3816; x_wconf 87' lang='lat' dir='ltr'><strong><em>sancto</em></strong></span> <span class='ocrx_word' id='word_1_115' title='bbox 2559 3761 2726 3815; x_wconf 87' lang='lat' dir='ltr'><strong><em>Petro</em></strong></span> <span class='ocrx_word' id='word_1_116' title='bbox 2761 3760 2891 3814; x_wconf 87' lang='lat' dir='ltr'><strong><em>dedi</em></strong></span> <span class='ocrx_word' id='word_1_117' title='bbox 2921 3778 3053 3815; x_wconf 83' lang='lat' dir='ltr'><strong><em>cum</em></strong></span> <span class='ocrx_word' id='word_1_118' title='bbox 3100 3763 3455 3834; x_wconf 85' lang='lat' dir='ltr'><strong><em>appendiciis</em></strong></span> 
     </span>
    </p>
   </div>
   <div class='ocr_carea' id='block_1_19' title="bbox 152 3849 3455 3924">
    <p class='ocr_par' dir='ltr' id='par_1_19' title="bbox 152 3849 3455 3924">
     <span class='ocr_line' id='line_1_19' title="bbox 152 3849 3455 3924; baseline 0.001 -22"><span class='ocrx_word' id='word_1_119' title='bbox 152 3850 300 3908; x_wconf 49' lang='lat' dir='ltr'><strong><em>batia’.</em></strong></span> <span class='ocrx_word' id='word_1_120' title='bbox 320 3857 661 3908; x_wconf 85' lang='lat' dir='ltr'><strong><em>sanctorum</em></strong></span> <span class='ocrx_word' id='word_1_121' title='bbox 691 3852 966 3923; x_wconf 78' lang='lat' dir='ltr'><strong><em>Stephani</em></strong></span> <span class='ocrx_word' id='word_1_122' title='bbox 1000 3852 1445 3924; x_wconf 78' lang='lat' dir='ltr'><strong><em>protomartyris</em></strong></span> <span class='ocrx_word' id='word_1_123' title='bbox 1463 3852 1738 3907; x_wconf 87' lang='lat' dir='ltr'><strong><em>etChristi</em></strong></span> <span class='ocrx_word' id='word_1_124' title='bbox 1847 3851 2130 3907; x_wconf 88' lang='lat' dir='ltr'><strong><em>suis..lussi</em></strong></span> <span class='ocrx_word' id='word_1_125' title='bbox 2161 3853 2359 3904; x_wconf 87' lang='lat' dir='ltr'><strong><em>autem</em></strong></span> <span class='ocrx_word' id='word_1_126' title='bbox 2389 3849 2510 3904; x_wconf 82' lang='lat' dir='ltr'><strong><em>ﬁeri</em></strong></span> <span class='ocrx_word' id='word_1_127' title='bbox 2528 3850 2676 3904; x_wconf 87' lang='lat' dir='ltr'><strong><em>hanc</em></strong></span> <span class='ocrx_word' id='word_1_128' title='bbox 2707 3849 3068 3917; x_wconf 86' lang='lat' dir='ltr'><strong><em>chartam,ne</em></strong></span> <span class='ocrx_word' id='word_1_129' title='bbox 3099 3850 3298 3922; x_wconf 88' lang='lat' dir='ltr'><strong><em>aliquis</em></strong></span> <span class='ocrx_word' id='word_1_130' title='bbox 3326 3862 3455 3922; x_wconf 71' lang='lat' dir='ltr'><strong><em>post</em></strong></span> 
     </span>
    </p>
   </div>
   <div class='ocr_carea' id='block_1_20' title="bbox 151 3939 3455 4012">
    <p class='ocr_par' dir='ltr' id='par_1_20' title="bbox 151 3939 3455 4012">
     <span class='ocr_line' id='line_1_20' title="bbox 151 3939 3455 4012; baseline 0.002 -24"><span class='ocrx_word' id='word_1_131' title='bbox 151 3941 467 3996; x_wconf 83' lang='lat' dir='ltr'><strong><em>confessoris</em></strong></span> <span class='ocrx_word' id='word_1_132' title='bbox 496 3940 812 4006; x_wconf 81' lang='lat' dir='ltr'><strong><em>Maximini,</em></strong></span> <span class='ocrx_word' id='word_1_133' title='bbox 843 3944 1045 3994; x_wconf 77' lang='lat' dir='ltr'><strong><em>notum</em></strong></span> <span class='ocrx_word' id='word_1_134' title='bbox 1079 3942 1204 3994; x_wconf 90' lang='lat' dir='ltr'><strong><em>volo</em></strong></span> <span class='ocrx_word' id='word_1_135' title='bbox 1227 3941 1352 3994; x_wconf 80' lang='lat' dir='ltr'><strong><em>ﬁeri</em></strong></span> <span class='ocrx_word' id='word_1_136' title='bbox 1397 3941 1614 3995; x_wconf 87' lang='lat' dir='ltr'><strong><em>cunctis</em></strong></span> <span class='ocrx_word' id='word_1_137' title='bbox 1643 3957 1740 3995; x_wconf 90' lang='lat' dir='ltr'><strong><em>cu-</em></strong></span> <span class='ocrx_word' id='word_1_138' title='bbox 1844 3957 1938 3994; x_wconf 87' lang='lat' dir='ltr'><strong><em>me</em></strong></span> <span class='ocrx_word' id='word_1_139' title='bbox 1971 3939 2145 4010; x_wconf 88' lang='lat' dir='ltr'><strong><em>possit</em></strong></span> <span class='ocrx_word' id='word_1_140' title='bbox 2175 3942 2369 3993; x_wconf 87' lang='lat' dir='ltr'><strong><em>sancto</em></strong></span> <span class='ocrx_word' id='word_1_141' title='bbox 2400 3941 2568 3994; x_wconf 89' lang='lat' dir='ltr'><strong><em>Petro</em></strong></span> <span class='ocrx_word' id='word_1_142' title='bbox 2597 3939 2949 3993; x_wconf 85' lang='lat' dir='ltr'><strong><em>abstrahere.</em></strong></span> <span class='ocrx_word' id='word_1_143' title='bbox 2981 3939 3146 4004; x_wconf 85' lang='lat' dir='ltr'>Quod</span> <span class='ocrx_word' id='word_1_144' title='bbox 3177 3939 3221 3994; x_wconf 90' lang='lat' dir='ltr'><strong><em>si</em></strong></span> <span class='ocrx_word' id='word_1_145' title='bbox 3249 3940 3455 4012; x_wconf 80' lang='lat' dir='ltr'><strong><em>aliquis</em></strong></span> 
     </span>
    </p>
   </div>
   <div class='ocr_carea' id='block_1_21' title="bbox 153 4028 3455 4102">
    <p class='ocr_par' dir='ltr' id='par_1_21' title="bbox 153 4028 3455 4102">
     <span class='ocr_line' id='line_1_21' title="bbox 153 4028 3455 4102; baseline 0.002 -23"><span class='ocrx_word' id='word_1_146' title='bbox 153 4041 257 4082; x_wconf 86' lang='lat' dir='ltr'><strong><em>ram</em></strong></span> <span class='ocrx_word' id='word_1_147' title='bbox 283 4029 618 4102; x_wconf 83' lang='lat' dir='ltr'><strong><em>gerentibus</em></strong></span> <span class='ocrx_word' id='word_1_148' title='bbox 636 4031 847 4082; x_wconf 72' lang='lat' dir='ltr'><strong><em>sanctae</em></strong></span> <span class='ocrx_word' id='word_1_149' title='bbox 871 4029 971 4082; x_wconf 88' lang='lat' dir='ltr'><strong><em>Dei</em></strong></span> <span class='ocrx_word' id='word_1_150' title='bbox 991 4029 1251 4082; x_wconf 75' lang='lat' dir='ltr'><strong><em>Ecclesiae</em></strong></span> <span class='ocrx_word' id='word_1_151' title='bbox 1270 4029 1404 4100; x_wconf 85' lang='lat' dir='ltr'><strong><em>quia</em></strong></span> <span class='ocrx_word' id='word_1_152' title='bbox 1425 4033 1738 4100; x_wconf 85' lang='lat' dir='ltr'><strong><em>antequam</em></strong></span> <span class='ocrx_word' id='word_1_153' title='bbox 1843 4028 2437 4102; x_wconf 70' lang='lat' dir='ltr'><strong><em>praesumpserit,cum</em></strong></span> <span class='ocrx_word' id='word_1_154' title='bbox 2464 4028 2610 4083; x_wconf 83' lang='lat' dir='ltr'><strong><em>Juda</em></strong></span> <span class='ocrx_word' id='word_1_155' title='bbox 2636 4028 2955 4100; x_wconf 88' lang='lat' dir='ltr'><strong><em>proditore.</em></strong></span> <span class='ocrx_word' id='word_1_156' title='bbox 2985 4031 3153 4084; x_wconf 81' lang='lat' dir='ltr'><strong><em>Anna</em></strong></span> <span class='ocrx_word' id='word_1_157' title='bbox 3170 4029 3455 4101; x_wconf 87' lang='lat' dir='ltr'><strong><em>etCaipha</em></strong></span> 
     </span>
    </p>
   </div>
   <div class='ocr_carea' id='block_1_22' title="bbox 154 4116 3450 4190">
    <p class='ocr_par' dir='ltr' id='par_1_22' title="bbox 154 4116 3450 4190">
     <span class='ocr_line' id='line_1_22' title="bbox 154 4116 3450 4190; baseline 0.002 -24"><span class='ocrx_word' id='word_1_158' title='bbox 154 4116 396 4172; x_wconf 87' lang='lat' dir='ltr'><strong><em>ordinem</em></strong></span> <span class='ocrx_word' id='word_1_159' title='bbox 424 4116 803 4186; x_wconf 87' lang='lat' dir='ltr'><strong><em>suscepissem</em></strong></span> <span class='ocrx_word' id='word_1_160' title='bbox 850 4117 1258 4184; x_wconf 87' lang='lat' dir='ltr'><strong><em>monasticum,</em></strong></span> <span class='ocrx_word' id='word_1_161' title='bbox 1293 4121 1417 4171; x_wconf 88' lang='lat' dir='ltr'><strong><em>erat</em></strong></span> <span class='ocrx_word' id='word_1_162' title='bbox 1448 4118 1589 4172; x_wconf 89' lang='lat' dir='ltr'><strong><em>mihi</em></strong></span> <span class='ocrx_word' id='word_1_163' title='bbox 1621 4119 1744 4190; x_wconf 86' lang='lat' dir='ltr'><strong><em>qui-</em></strong></span> <span class='ocrx_word' id='word_1_164' title='bbox 1843 4119 2284 4174; x_wconf 89' lang='lat' dir='ltr'><strong><em>damnationem</em></strong></span> <span class='ocrx_word' id='word_1_165' title='bbox 2317 4117 2582 4189; x_wconf 87' lang='lat' dir='ltr'><strong><em>accipiat.</em></strong></span> <span class='ocrx_word' id='word_1_166' title='bbox 2614 4119 2741 4171; x_wconf 61' lang='lat' dir='ltr'><strong><em>ﬂare</em></strong></span> <span class='ocrx_word' id='word_1_167' title='bbox 2769 4122 2965 4174; x_wconf 90' lang='lat' dir='ltr'><strong><em>autem</em></strong></span> <span class='ocrx_word' id='word_1_168' title='bbox 2999 4120 3258 4173; x_wconf 85' lang='lat' dir='ltr'><strong><em>chartula</em></strong></span> <span class='ocrx_word' id='word_1_169' title='bbox 3281 4119 3450 4173; x_wconf 80' lang='lat' dir='ltr'><strong><em>utﬁr-</em></strong></span> 
     </span>
    </p>
   </div>
   <div class='ocr_carea' id='block_1_23' title="bbox 157 4202 3458 4278">
    <p class='ocr_par' dir='ltr' id='par_1_23' title="bbox 157 4202 3458 4278">
     <span class='ocr_line' id='line_1_23' title="bbox 157 4202 3458 4278; baseline 0.002 -24"><span class='ocrx_word' id='word_1_170' title='bbox 157 4202 265 4259; x_wconf 85' lang='lat' dir='ltr'><strong><em>dam</em></strong></span> <span class='ocrx_word' id='word_1_171' title='bbox 293 4207 494 4260; x_wconf 85' lang='lat' dir='ltr'><strong><em>alodus</em></strong></span> <span class='ocrx_word' id='word_1_172' title='bbox 515 4223 583 4259; x_wconf 83' lang='lat' dir='ltr'><strong><em>ex</em></strong></span> <span class='ocrx_word' id='word_1_173' title='bbox 606 4208 874 4259; x_wconf 85' lang='lat' dir='ltr'><strong><em>materna</em></strong></span> <span class='ocrx_word' id='word_1_174' title='bbox 906 4205 1389 4271; x_wconf 60' lang='lat' dir='ltr'><strong><em>litereditatemon</em></strong></span> <span class='ocrx_word' id='word_1_175' title='bbox 1405 4224 1470 4260; x_wconf 86' lang='lat' dir='ltr'><strong><em>ex</em></strong></span> <span class='ocrx_word' id='word_1_176' title='bbox 1505 4207 1743 4278; x_wconf 84' lang='lat' dir='ltr'><strong><em>alicujus</em></strong></span> <span class='ocrx_word' id='word_1_177' title='bbox 1843 4209 1994 4262; x_wconf 91' lang='lat' dir='ltr'><strong><em>mior</em></strong></span> <span class='ocrx_word' id='word_1_178' title='bbox 2014 4208 2104 4273; x_wconf 87' lang='lat' dir='ltr'><strong><em>sit,</em></strong></span> <span class='ocrx_word' id='word_1_179' title='bbox 2139 4224 2267 4260; x_wconf 90' lang='lat' dir='ltr'><strong><em>eam</em></strong></span> <span class='ocrx_word' id='word_1_180' title='bbox 2287 4207 2484 4260; x_wconf 83' lang='lat' dir='ltr'><strong><em>subter</em></strong></span> <span class='ocrx_word' id='word_1_181' title='bbox 2504 4206 3160 4278; x_wconf 79' lang='lat' dir='ltr'><strong><em>firmavi,etparentibus</em></strong></span> <span class='ocrx_word' id='word_1_182' title='bbox 3175 4207 3318 4260; x_wconf 89' lang='lat' dir='ltr'><strong><em>meis</em></strong></span> <span class='ocrx_word' id='word_1_183' title='bbox 3334 4224 3458 4261; x_wconf 88' lang='lat' dir='ltr'><strong><em>cor-</em></strong></span> 
     </span>
    </p>
   </div>
   <div class='ocr_carea' id='block_1_24' title="bbox 157 4290 3454 4366">
    <p class='ocr_par' dir='ltr' id='par_1_24' title="bbox 157 4290 3454 4366">
     <span class='ocr_line' id='line_1_24' title="bbox 157 4290 3454 4366; baseline 0.002 -23"><span class='ocrx_word' id='word_1_184' title='bbox 157 4290 432 4360; x_wconf 83' lang='lat' dir='ltr'><strong><em>benelicio,</em></strong></span> <span class='ocrx_word' id='word_1_185' title='bbox 459 4312 636 4366; x_wconf 89' lang='lat' dir='ltr'><strong><em>quem</em></strong></span> <span class='ocrx_word' id='word_1_186' title='bbox 660 4298 857 4348; x_wconf 86' lang='lat' dir='ltr'><strong><em>sancto</em></strong></span> <span class='ocrx_word' id='word_1_187' title='bbox 891 4295 1057 4349; x_wconf 87' lang='lat' dir='ltr'><strong><em>Petro</em></strong></span> <span class='ocrx_word' id='word_1_188' title='bbox 1087 4295 1143 4348; x_wconf 90' lang='lat' dir='ltr'><strong><em>in</em></strong></span> <span class='ocrx_word' id='word_1_189' title='bbox 1165 4297 1520 4350; x_wconf 83' lang='lat' dir='ltr'><strong><em>Gcmmctico</em></strong></span> <span class='ocrx_word' id='word_1_190' title='bbox 1547 4315 1745 4351; x_wconf 88' lang='lat' dir='ltr'><strong><em>mona-</em></strong></span> <span class='ocrx_word' id='word_1_191' title='bbox 1843 4296 2234 4351; x_wconf 80' lang='lat' dir='ltr'><strong><em>roborandam</em></strong></span> <span class='ocrx_word' id='word_1_192' title='bbox 2268 4295 2472 4348; x_wconf 88' lang='lat' dir='ltr'><strong><em>obtuli.</em></strong></span> <span class='ocrx_word' id='word_1_193' title='bbox 2498 4296 2555 4348; x_wconf 90' lang='lat' dir='ltr'><strong><em>S.</em></strong></span> <span class='ocrx_word' id='word_1_194' title='bbox 2593 4295 2806 4348; x_wconf 83' lang='lat' dir='ltr'><strong><em>Alberti</em></strong></span> <span class='ocrx_word' id='word_1_195' title='bbox 2836 4295 3075 4348; x_wconf 83' lang='lat' dir='ltr'><strong><em>abbatis.</em></strong></span> <span class='ocrx_word' id='word_1_196' title='bbox 3113 4296 3167 4350; x_wconf 93' lang='grc'><strong><em>8.</em></strong></span> <span class='ocrx_word' id='word_1_197' title='bbox 3195 4295 3454 4350; x_wconf 81' lang='lat' dir='ltr'>Radbodi</span> 
     </span>
    </p>
   </div>
   <div class='ocr_carea' id='block_1_25' title="bbox 156 4382 3454 4456">
    <p class='ocr_par' dir='ltr' id='par_1_25' title="bbox 156 4382 3454 4456">
     <span class='ocr_line' id='line_1_25' title="bbox 156 4382 3454 4456; baseline 0.002 -25"><span class='ocrx_word' id='word_1_198' title='bbox 156 4382 328 4448; x_wconf 80' lang='lat' dir='ltr'><strong><em>sterio,</em></strong></span> <span class='ocrx_word' id='word_1_199' title='bbox 358 4383 452 4436; x_wconf 89' lang='lat' dir='ltr'><strong><em>ubi</em></strong></span> <span class='ocrx_word' id='word_1_200' title='bbox 474 4383 739 4436; x_wconf 88' lang='lat' dir='ltr'><strong><em>habitum</em></strong></span> <span class='ocrx_word' id='word_1_201' title='bbox 772 4383 1013 4453; x_wconf 89' lang='lat' dir='ltr'><strong><em>suscepi,</em></strong></span> <span class='ocrx_word' id='word_1_202' title='bbox 1050 4384 1179 4436; x_wconf 87' lang='lat' dir='ltr'>dedi</span> <span class='ocrx_word' id='word_1_203' title='bbox 1201 4400 1304 4455; x_wconf 88' lang='lat' dir='ltr'><strong><em>pro</em></strong></span> <span class='ocrx_word' id='word_1_204' title='bbox 1333 4386 1589 4438; x_wconf 89' lang='lat' dir='ltr'><strong><em>remedio</em></strong></span> <span class='ocrx_word' id='word_1_205' title='bbox 1625 4387 1745 4440; x_wconf 87' lang='lat' dir='ltr'><strong><em>ani-</em></strong></span> <span class='ocrx_word' id='word_1_206' title='bbox 1845 4385 2091 4439; x_wconf 88' lang='lat' dir='ltr'><strong><em>Saiensis</em></strong></span> <span class='ocrx_word' id='word_1_207' title='bbox 2119 4384 2392 4456; x_wconf 87' lang='lat' dir='ltr'><strong><em>episc0pi.</em></strong></span> <span class='ocrx_word' id='word_1_208' title='bbox 2427 4384 2484 4437; x_wconf 91' lang='grc'><strong><em>8.</em></strong></span> <span class='ocrx_word' id='word_1_209' title='bbox 2510 4384 2727 4436; x_wconf 76' lang='lat' dir='ltr'><strong><em>Arnulti</em></strong></span> <span class='ocrx_word' id='word_1_210' title='bbox 2767 4384 3114 4438; x_wconf 77' lang='lat' dir='ltr'><strong><em>Turonensis</em></strong></span> <span class='ocrx_word' id='word_1_211' title='bbox 3169 4384 3454 4454; x_wconf 84' lang='lat' dir='ltr'><strong><em>archiepi-</em></strong></span> 
     </span>
    </p>
   </div>
   <div class='ocr_carea' id='block_1_26' title="bbox 159 4471 3454 4548">
    <p class='ocr_par' dir='ltr' id='par_1_26' title="bbox 159 4471 3454 4548">
     <span class='ocr_line' id='line_1_26' title="bbox 159 4471 3454 4548; baseline 0.002 -28"><span class='ocrx_word' id='word_1_212' title='bbox 159 4481 248 4522; x_wconf 75' lang='lat' dir='ltr'><strong><em>mze</em></strong></span> <span class='ocrx_word' id='word_1_213' title='bbox 275 4487 412 4525; x_wconf 62' lang='lat' dir='ltr'><strong><em>mea:</em></strong></span> <span class='ocrx_word' id='word_1_214' title='bbox 445 4471 664 4542; x_wconf 85' lang='lat' dir='ltr'><strong><em>ﬁliique</em></strong></span> <span class='ocrx_word' id='word_1_215' title='bbox 700 4471 812 4523; x_wconf 88' lang='lat' dir='ltr'><strong><em>mei</em></strong></span> <span class='ocrx_word' id='word_1_216' title='bbox 843 4471 1062 4524; x_wconf 84' lang='lat' dir='ltr'><strong><em>Arnulﬁ</em></strong></span> <span class='ocrx_word' id='word_1_217' title='bbox 1083 4472 1430 4527; x_wconf 84' lang='lat' dir='ltr'><strong><em>Turonensis</em></strong></span> <span class='ocrx_word' id='word_1_218' title='bbox 1461 4475 1741 4548; x_wconf 85' lang='lat' dir='ltr'><strong><em>archiepi-</em></strong></span> <span class='ocrx_word' id='word_1_219' title='bbox 1843 4474 2019 4544; x_wconf 87' lang='lat' dir='ltr'><strong><em>scopi.</em></strong></span> <span class='ocrx_word' id='word_1_220' title='bbox 2054 4474 2112 4528; x_wconf 93' lang='lat' dir='ltr'><strong><em>S.</em></strong></span> <span class='ocrx_word' id='word_1_221' title='bbox 2167 4471 2406 4527; x_wconf 84' lang='lat' dir='ltr'><strong><em>Ribaldi.</em></strong></span> <span class='ocrx_word' id='word_1_222' title='bbox 2461 4471 2516 4527; x_wconf 92' lang='grc'>8.</span> <span class='ocrx_word' id='word_1_223' title='bbox 2550 4473 2870 4528; x_wconf 87' lang='lat' dir='ltr'><strong><em>Gisleberti.</em></strong></span> <span class='ocrx_word' id='word_1_224' title='bbox 2905 4473 2961 4528; x_wconf 88' lang='lat' dir='ltr'><strong><em>S.</em></strong></span> <span class='ocrx_word' id='word_1_225' title='bbox 2999 4472 3233 4528; x_wconf 81' lang='lat' dir='ltr'><strong><em>Roberti</em></strong></span> <span class='ocrx_word' id='word_1_226' title='bbox 3283 4472 3454 4543; x_wconf 83' lang='lat' dir='ltr'><strong><em>regis.</em></strong></span> 
     </span>
    </p>
   </div>
   <div class='ocr_carea' id='block_1_27' title="bbox 159 4558 3455 4632">
    <p class='ocr_par' dir='ltr' id='par_1_27' title="bbox 159 4558 3455 4632">
     <span class='ocr_line' id='line_1_27' title="bbox 159 4558 3455 4632; baseline 0.002 -23"><span class='ocrx_word' id='word_1_227' title='bbox 159 4558 312 4624; x_wconf 69' lang='grc' dir='ltr'><strong><em>δευρί,</em></strong></span> <span class='ocrx_word' id='word_1_228' title='bbox 343 4563 399 4612; x_wconf 88' lang='lat' dir='ltr'><strong><em>et</em></strong></span> <span class='ocrx_word' id='word_1_229' title='bbox 420 4562 730 4630; x_wconf 90' lang='lat' dir='ltr'><strong><em>parentum</em></strong></span> <span class='ocrx_word' id='word_1_230' title='bbox 759 4565 1114 4626; x_wconf 86' lang='lat' dir='ltr'><strong><em>meorum,ul</em></strong></span> <span class='ocrx_word' id='word_1_231' title='bbox 1134 4565 1362 4615; x_wconf 90' lang='lat' dir='ltr'><strong><em>sanctus</em></strong></span> <span class='ocrx_word' id='word_1_232' title='bbox 1385 4563 1743 4632; x_wconf 90' lang='lat' dir='ltr'><strong><em>supradictus</em></strong></span> <span class='ocrx_word' id='word_1_233' title='bbox 1845 4561 1902 4616; x_wconf 92' lang='lat' dir='ltr'><strong><em>S.</em></strong></span> <span class='ocrx_word' id='word_1_234' title='bbox 1933 4560 2196 4616; x_wconf 89' lang='lat' dir='ltr'><strong><em>Willelmi</em></strong></span> <span class='ocrx_word' id='word_1_235' title='bbox 2230 4561 2625 4616; x_wconf 85' lang='lat' dir='ltr'><strong><em>Bellemensis.</em></strong></span> <span class='ocrx_word' id='word_1_236' title='bbox 2664 4561 2720 4617; x_wconf 93' lang='lat' dir='ltr'><strong><em>S.</em></strong></span> <span class='ocrx_word' id='word_1_237' title='bbox 2757 4561 3025 4618; x_wconf 83' lang='lat' dir='ltr'><strong><em>Richardi</em></strong></span> <span class='ocrx_word' id='word_1_238' title='bbox 3056 4559 3281 4616; x_wconf 82' lang='lat' dir='ltr'><strong><em>comitis</em></strong></span> <span class='ocrx_word' id='word_1_239' title='bbox 3313 4561 3455 4617; x_wconf 84' lang='lat' dir='ltr'><strong><em>Nor-</em></strong></span> 
     </span>
    </p>
   </div>
   <div class='ocr_carea' id='block_1_28' title="bbox 163 4640 2217 4722">
    <p class='ocr_par' dir='ltr' id='par_1_28' title="bbox 163 4640 2217 4722">
     <span class='ocr_line' id='line_1_28' title="bbox 163 4640 2217 4722; baseline 0.006 -30"><span class='ocrx_word' id='word_1_240' title='bbox 163 4640 476 4701; x_wconf 82' lang='lat' dir='ltr'><strong><em>intercessor</em></strong></span> <span class='ocrx_word' id='word_1_241' title='bbox 501 4646 575 4700; x_wconf 89' lang='lat' dir='ltr'><strong><em>sit</em></strong></span> <span class='ocrx_word' id='word_1_242' title='bbox 593 4662 699 4718; x_wconf 91' lang='lat' dir='ltr'><strong><em>pro</em></strong></span> <span class='ocrx_word' id='word_1_243' title='bbox 728 4646 892 4700; x_wconf 85' lang='lat' dir='ltr'><strong><em>nobis</em></strong></span> <span class='ocrx_word' id='word_1_244' title='bbox 912 4647 1063 4718; x_wconf 89' lang='lat' dir='ltr'><strong><em>apud</em></strong></span> <span class='ocrx_word' id='word_1_245' title='bbox 1077 4650 1280 4704; x_wconf 90' lang='lat' dir='ltr'><strong><em>Deum.</em></strong></span> <span class='ocrx_word' id='word_1_246' title='bbox 1301 4649 1394 4703; x_wconf 85' lang='lat' dir='ltr'><strong><em>Est</em></strong></span> <span class='ocrx_word' id='word_1_247' title='bbox 1409 4654 1602 4705; x_wconf 84' lang='lat' dir='ltr'><strong><em>autem</em></strong></span> <span class='ocrx_word' id='word_1_248' title='bbox 1623 4651 1743 4722; x_wconf 89' lang='lat' dir='ltr'><strong><em>ipse</em></strong></span> <span class='ocrx_word' id='word_1_249' title='bbox 1845 4667 2217 4706; x_wconf 75' lang='lat' dir='ltr'><strong><em>marmorum.</em></strong></span> 
     </span>
    </p>
   </div>
   <div class='ocr_carea' id='block_1_29' title="bbox 164 4730 1746 4810">
    <p class='ocr_par' dir='ltr' id='par_1_29' title="bbox 164 4730 1746 4810">
     <span class='ocr_line' id='line_1_29' title="bbox 164 4730 1746 4810; baseline 0.009 -28"><span class='ocrx_word' id='word_1_250' title='bbox 164 4730 333 4788; x_wconf 80' lang='lat' dir='ltr'><strong><em>alodus</em></strong></span> <span class='ocrx_word' id='word_1_251' title='bbox 363 4735 416 4790; x_wconf 92' lang='lat' dir='ltr'><strong><em>in</em></strong></span> <span class='ocrx_word' id='word_1_252' title='bbox 449 4753 602 4808; x_wconf 81' lang='lat' dir='ltr'><strong><em>pago</em></strong></span> <span class='ocrx_word' id='word_1_253' title='bbox 636 4735 1001 4804; x_wconf 88' lang='lat' dir='ltr'><strong><em>Bellemensi,</em></strong></span> <span class='ocrx_word' id='word_1_254' title='bbox 1047 4753 1221 4810; x_wconf 89' lang='lat' dir='ltr'><strong><em>quem</em></strong></span> <span class='ocrx_word' id='word_1_255' title='bbox 1251 4741 1459 4794; x_wconf 83' lang='lat' dir='ltr'><strong><em>vocant</em></strong></span> <span class='ocrx_word' id='word_1_256' title='bbox 1486 4739 1746 4797; x_wconf 85' lang='lat' dir='ltr'><strong><em>Domna-</em></strong></span> 
     </span>
    </p>
   </div>
   <div class='ocr_carea' id='block_1_30' title="bbox 579 5757 3262 5827">
    <p class='ocr_par' dir='ltr' id='par_1_30' title="bbox 579 5757 3262 5827">
     <span class='ocr_line' id='line_1_30' title="bbox 579 5757 3262 5827; baseline -0.003 -6"><span class='ocrx_word' id='word_1_257' title='bbox 579 5763 818 5821; x_wconf 61' lang='lat' dir='ltr'><strong><em>Parnon.</em></strong></span> <span class='ocrx_word' id='word_1_258' title='bbox 850 5759 1099 5827; x_wconf 80' lang='lat' dir='ltr'><strong><em>CXXXIX.</em></strong></span> <span class='ocrx_word' id='word_1_259' title='bbox 3194 5757 3262 5812; x_wconf 77' lang='grc'><strong><em>19</em></strong></span> 
     </span>
    </p>
   </div>
  </div>
