3862 6210
455 438 553 500 591

1522 435 1900 499 RORICONIS
1927 430 2115 498 MONA
2126 429 2238 498 CH1
2261 433 2787 498 MOISSIACENSIS

3651 443 3735 508 592

453 572 574 624 ctos
589 566 653 620 ut
669 559 931 620 inimicos
951 559 1286 635 imperatori
1301 564 1738 633 repraesentant.
1763 562 1876 616 Hac
1891 561 2066 634 igitur
2085 567 2140 627 Α
2162 563 2471 634 resumptis
2499 562 2729 630 viribus,
2758 565 2815 618 et
2845 579 2878 618 a
2907 559 3238 620 lassitudine
3265 565 3519 636 recreati,
3551 567 3656 642 qui,
3685 567 3733 626 ut

451 658 678 729 patrata
696 652 954 718 victoria,
979 655 1035 705 et
1058 651 1300 705 rebelles
1320 651 1612 722 condigna
1627 650 1841 705 ultione
1859 651 2063 721 perdo-

449 741 968 811 muit,etTrojanos
983 742 1227 800 nostros,
1251 738 1576 793 Sicambros
1596 738 2061 799 videlicet,Fran-

451 851 546 887 cos
560 829 836 903 appellari
855 826 1399 898 prwcepitExpletis
1421 826 1614 897 itaque
1634 830 1696 880 10
1718 825 2064 892 annis,idem

455 922 773 991 imperator
791 916 1130 987 primarium
1170 914 1484 986 quemdam
1541 930 1674 968 cum
1708 914 2066 968 exactoribus

451 1011 522 1064 de
535 1011 928 1063 Romanorum
950 1006 1159 1075 populo
1180 1004 1457 1074 misit,qui
1495 1003 1770 1058 tributum
1790 1021 1822 1057 a
1837 1002 2067 1057 Francis

450 1099 764 1168 exigerent.
801 1093 1000 1146 Franci
1032 1109 1163 1146 vero
1205 1091 1441 1161 indigne
1497 1091 1747 1145 ferentes
1787 1091 1941 1162 quod
1971 1108 2066 1162 qui

449 1186 654 1241 eadem
675 1186 824 1238 sorte
836 1182 1160 1235 Graecorum
1178 1179 1449 1234 saevitiam
1470 1179 1743 1233 evitantes
1761 1179 1830 1232 de
1851 1178 2068 1250 propri-

462 1276 508 1330 is
523 1269 1184 1341 finibusaufugerant,ad
1205 1269 1583 1341 persolvenda
1604 1268 1818 1322 tributa
1840 1284 2067 1339 germa-

452 1379 593 1418 num
633 1359 973 1431 sanguinem
1006 1361 1428 1428 provocassent,
1464 1357 1542 1410 nil
1576 1356 1783 1410 morati
1799 1357 2066 1410 adversus

450 1449 792 1524 primarium
810 1447 1190 1515 insurgentes,
1224 1461 1358 1498 eum
1379 1444 1492 1497 vita
1505 1443 1817 1515 privavere.
1842 1443 2064 1497 Pariter

453 1544 508 1593 et
529 1540 916 1609 legatos,quos
934 1533 1220 1587 direxerat
1237 1531 1824 1602 imperator.Consilio
1847 1530 2061 1587 etenim

443 1628 725 1698 juvenum
751 1621 1071 1694 depravati,
1099 1621 1220 1674 haec
1242 1620 1394 1673 inter
1415 1637 1473 1673 se
1506 1620 1678 1673 verba
1716 1619 2058 1673 tractabant:

452 1716 774 1786 Imperator
786 1728 916 1766 cum
937 1709 1185 1763 exercitu
1205 1708 1601 1760 Romanorum
1620 1707 1716 1759 Ala
1731 1723 1935 1760 norum
1951 1723 2062 1776 gen

453 1807 572 1856 tem
587 1801 860 1855 rebellem
883 1796 1200 1850 delatibulo
1219 1794 1493 1866 paludum
1519 1794 1724 1864 ejicere
1742 1807 1855 1847 non
1879 1795 2066 1864 potuit

2168 651 2432 717 diximus,
2462 652 2616 722 ripas
2645 651 2828 706 Rheni
2858 651 3116 706 ﬂuminis
3141 654 3468 726 attigerant,
3495 657 3564 710 ad
3582 658 3735 714 instar

2161 739 2345 809 Trojax.
2376 740 2669 794 civitatem
2696 739 2982 794 aedificare
3007 740 3200 796 conati
3227 746 3378 797 sunt.
3411 743 3520 798 Sed
3545 744 3736 817 imper-

2163 825 2377 880 fectum
2411 843 2552 898 Opus
2583 828 2966 898 relequentes,
3005 828 3129 900 pari
3168 830 3403 884 consilio
3473 832 3737 903 elegerunt

2165 914 2270 968 sibi
2303 931 2524 986 regem,
2554 915 2698 969 sicut
2745 919 2801 969 et
2830 919 3051 971 caetera:
3101 919 3323 989 gentes,
3348 919 3577 974 nomine
3599 921 3739 976 Fara-

2168 1003 2476 1069 mundum,
2511 1003 2690 1057 filium
2740 1005 3128 1060 Marchomiris
3155 1006 3257 1060 ﬁlii
3284 1007 3514 1074 Priami,
3548 1012 3599 1063 et
3624 1026 3734 1063 eum

2168 1089 2306 1144 solio
2329 1091 2702 1145 sublimantes
2733 1092 2924 1147 debita
2954 1095 3277 1149 reverentia
3299 1096 3550 1150 excolere
3580 1113 3737 1168 caepe-

2167 1181 2321 1234 runt.
2358 1179 2479 1242 Quo
2512 1179 2804 1246 defuncto,
2839 1181 3011 1235 filium
3042 1182 3163 1252 ejus
3195 1182 3531 1238 Clodionem
3577 1185 3629 1238 in
3656 1203 3737 1257 pa-

2169 1269 2331 1321 terno
2355 1266 2495 1321 solio
2518 1267 2984 1323 sublimaverunt.
3020 1270 3118 1324 Hic
3149 1271 3208 1325 in
3233 1271 3440 1327 finibus
3461 1272 3741 1345 Thoringo—

2165 1369 2292 1408 rum
2328 1355 2386 1408 in
2435 1355 2712 1426 Dispargo
2744 1358 2974 1411 castello
3009 1359 3201 1429 paucis
3223 1359 3421 1414 diebus
3471 1361 3738 1415 habitavit.

2167 1442 2419 1512 Suspecti
2442 1459 2673 1514 semper
2693 1448 2858 1498 erant
2888 1445 3087 1499 Franci
3120 1451 3177 1500 et
3193 1446 3436 1509 dubii,et
3468 1448 3524 1500 in
3551 1448 3738 1503 incerto

2163 1529 2508 1596 vacillantes,
2539 1531 2676 1585 dum
2710 1534 3075 1603 explorarent
3103 1535 3320 1601 sedulo,
3355 1534 3400 1589 si
3431 1535 3577 1590 forte
3605 1536 3741 1590 inve-

2165 1619 2386 1672 niretur
2410 1619 2613 1673 alicubi
2664 1621 2895 1674 locellus
2926 1622 3148 1691 aliquis,
3182 1623 3279 1692 qui
3317 1639 3519 1677 eorum
3549 1624 3738 1678 habita-

2164 1706 2306 1760 tioni
2339 1707 2628 1761 videretur
2677 1725 2796 1762 esse
2847 1726 3153 1779 congruus.
3186 1712 3254 1763 Et
3299 1711 3440 1765 dum
3473 1713 3577 1766 hoc
3598 1713 3739 1767 taedio

2165 1799 2494 1862 mstuarent,
2527 1797 2769 1850 relatum
2803 1802 2887 1850 est
2912 1798 3018 1850 illis
3050 1801 3120 1852 ab
3153 1800 3620 1869 exploratoribus,
3643 1801 3743 1854 Gal-

453 1894 511 1945 et
541 1889 771 1959 nos,qui
801 1903 898 1940 eos
929 1883 1259 1948 devicimus,
1286 1899 1386 1935 cur
1407 1882 1622 1935 tributa
1643 1881 2016 1954 persolvimus
2036 1881 2063 1936 ?
2087 1875 2137 1932 B
2163 1884 2300 1936 liam
2329 1900 2447 1936 esse
2475 1884 2734 1938 omnium
2760 1885 3063 1955 regionum
3095 1887 3463 1954 nobiliorem,
3493 1889 3641 1942 omni
3669 1906 3742 1942 re-

523 1978 617 2032 His
647 1975 873 2041 auditis,
898 1973 1216 2043 imperator
1246 1971 1376 2024 felle
1404 1969 1627 2024 fervens
1653 1973 1855 2023 contra
1885 1969 2060 2022 Fran-

451 2082 546 2120 cos
578 2063 757 2120 movit
799 2061 1132 2125 exercitum,
1186 2058 1400 2111 ducens
1448 2075 1639 2111 secum
1669 2057 2060 2111 Aristarchum

451 2152 672 2208 militiae
705 2167 818 2204 suae
859 2147 1195 2221 principem.
1233 2145 1338 2209 Qui
1396 2145 1659 2199 videlicet
1706 2146 2063 2199 Aristarchus

452 2257 581 2295 cum
615 2239 924 2293 innumera
949 2233 1316 2290 multitudine
1339 2250 1510 2304 super
1539 2235 1785 2287 Francos
1812 2234 2058 2298 irruens,

451 2329 767 2401 quemdam
800 2341 1002 2380 eorum
1034 2323 1240 2377 ducem
1273 2321 1512 2375 nomine
1543 2321 1837 2375 Priamum
1865 2321 2057 2391 gladio

451 2415 774 2480 trucidavit,
817 2415 877 2466 et
925 2415 1162 2464 caeteros
1192 2408 1371 2462 nimia
1423 2408 1578 2461 caede
1635 2408 2057 2475 comminuens,

453 2504 586 2558 licet
613 2518 743 2557 cum
762 2500 944 2554 multo
978 2496 1278 2568 dispendio
1309 2495 1554 2550 Romani
1585 2495 1882 2561 exercitus,
1936 2499 2061 2550 tan-

463 2591 597 2645 dem
630 2605 727 2643 eos
747 2602 1045 2657 superans,
1080 2587 1242 2654 terga
1268 2583 1406 2637 dare
1433 2582 2061 2651 compulit.Sentientes

450 2678 644 2748 itaque
667 2675 869 2730 Franci
928 2673 1075 2726 iram
1107 2670 1472 2742 imperatoris
1503 2669 1599 2724 diu
1628 2670 1907 2726 sustinere
1940 2688 2057 2725 non

448 2781 637 2837 posse,
672 2766 731 2817 et
759 2763 1087 2816 libertatem
1111 2775 1285 2830 quam
1318 2758 1496 2812 armis
1525 2757 1908 2829 acpuisierant
1937 2775 2060 2830 per-

450 2853 586 2907 dere
608 2849 1326 2918 formidantes,elegerunt
1352 2846 1536 2917 magis
1565 2846 1832 2901 omnibus
1859 2847 2058 2902 diebus

448 2941 578 2994 vitae
604 2957 719 2995 suae
742 2937 1008 3003 exsulari,
1051 2951 1226 3007 quam
1267 2934 1410 2988 tanti
1436 2934 1689 2988 nominis
1713 2934 2054 3006 dignitatem

450 3028 640 3082 servili
670 3026 918 3098 amplius
948 3022 1226 3078 maculari
1253 3022 1590 3077 infamia.Et
1617 3023 1815 3076 relicta
1835 3022 2052 3077 Sicam-

2164 1971 2373 2025 fertam
2403 1971 2702 2041 dignitate,
2764 1973 3045 2027 consitam
3098 1977 3434 2030 nemoribus
3478 1975 3742 2047 pomiferis

2163 2062 2378 2114 terram
2403 2076 2522 2113 esse
2555 2060 2882 2127 fecundam,
2903 2065 3097 2133 aptam
3123 2062 3194 2115 ad
3210 2064 3406 2117 omnia
3426 2079 3553 2134 qua:
3573 2063 3744 2118 huma-

2165 2147 2250 2201 nis
2276 2151 2512 2218 possunt
2539 2150 2840 2204 subvenire
2895 2151 3354 2205 necessitatibus.
3390 2151 3514 2205 Tali
3571 2153 3740 2204 nuutio

2162 2235 2403 2290 animati
2431 2237 2656 2291 animos
2673 2243 2730 2292 et
2760 2239 3272 2311 armacorripiunt,
3305 2243 3363 2293 et
3387 2239 3464 2293 ad
3482 2238 3742 2293 vindican-

2162 2324 2262 2377 das
2303 2324 2542 2394 injurias
2595 2343 2734 2396 quas
2766 2327 3102 2380 aRomanis
3158 2328 3540 2397 pertulerant,
3595 2328 3742 2381 corda

2159 2429 2288 2466 cum
2321 2413 2523 2483 gladiis
2575 2417 2856 2467 exacuunt
2905 2430 3022 2468 non
3055 2417 3117 2468 ut
3165 2415 3410 2486 fugiant,
3457 2417 3555 2470 sed
3581 2419 3638 2470 ut
3664 2431 3741 2468 eos

2160 2500 2564 2567 exterminent,
2589 2505 2646 2555 et
2675 2518 3147 2573 unumquemque
3177 2520 3412 2557 suorum
3433 2504 3597 2558 dictis
3612 2519 3743 2573 aspe-

2158 2588 2858 2643 rioribusaccendunt.His
2885 2590 3067 2644 ferme
3094 2591 3293 2645 diebus
3324 2591 3574 2646 Romani
3605 2591 3739 2644 habi-

2159 2667 2359 2729 tabant
2384 2694 2417 2730 a
2443 2678 2682 2730 flumine
2715 2678 2896 2731 Rheni
2943 2694 3118 2749 usque
3149 2678 3223 2732 ad
3271 2679 3516 2733 fluvium
3556 2678 3742 2750 Ligeris

2159 2766 2217 2816 et
2241 2763 2491 2834 aLigere
2518 2764 2688 2818 fluvio
2715 2782 2906 2819 versus
2948 2766 3244 2836 Hispanias
3295 2767 3469 2820 Gothi
3503 2767 3739 2822 domina-

2159 2850 2385 2906 bantur.
2419 2853 2856 2924 Burgundiones
2887 2870 3114 2925 quoque
3139 2854 3547 2922 Arianierant,
3580 2859 3633 2910 et
3657 2855 3740 2908 ba-

2157 2939 2418 2994 bitabant
2446 2957 2604 2995 secus
2655 2942 2996 2996 Rhodanum
3027 2942 3287 2996 ﬂuvium.
3345 2942 3554 2998 Clodio
3593 2943 3741 3014 igitur

2156 3044 2252 3082 rex
2275 3029 2458 3084 missis
2497 3030 2945 3100 prmcursoribus
2973 3030 3086 3084 suis
3121 3047 3298 3102 usque
3323 3031 3397 3085 ad
3458 3032 3654 3086 urbem
3681 3030 3742 3085 Ca

444 3117 591 3184 bria,
615 3115 809 3170 media
838 3130 970 3186 pars
1018 3112 1275 3184 ipsorum
1325 3127 1454 3164 cum
1483 3110 1750 3165 uxoribus
1778 3114 1836 3164 et
1863 3111 2054 3166 liberis
2085 3150 2130 3208 Ο
2154 3117 2598 3188 maracum,ipse
2625 3134 2851 3190 quaque
2878 3135 3013 3172 cum
3057 3119 3307 3172 exercitu
3332 3120 3592 3174 maximo
3623 3119 3742 3173 Rhe-

443 3207 823 3278 pervagantes
853 3201 1276 3271 Europam,huc
1307 3202 1364 3253 et
1385 3197 1516 3252 illuc
1537 3198 1898 3264 vacillabant,
1931 3215 2048 3253 non

435 3297 716 3351 habentes
745 3296 929 3348 certos
947 3292 1226 3357 iares,nec
1256 3288 1504 3358 proprias
1530 3287 1792 3342 stationis
1816 3287 2049 3359 aliquod

435 3385 892 3439 firmamentum.
925 3381 1034 3434 Per
1080 3379 1330 3434 diversos
1361 3376 1536 3447 igitur
1565 3376 1856 3430 anfractus
1886 3377 2048 3431 itine-

432 3474 510 3528 ris
537 3490 597 3528 se
622 3487 867 3543 suosque
891 3472 1128 3540 nepotes
1153 3466 1349 3539 gladio
1393 3466 1790 3532 defensabant,
1823 3465 1868 3519 si
1896 3466 2046 3521 forte

428 3565 668 3635 prOpter
690 3559 1058 3632 adipiscenda
1082 3556 1212 3610 vita:
1237 3554 1521 3626 stipendia
1557 3553 2047 3625 progrederentur

428 3651 661 3715 alicubi,
690 3651 748 3704 et
772 3644 1360 3715 inhumanosaliquos
1381 3644 1452 3697 ad
1468 3641 1832 3712 prohibenda
1858 3659 2047 3698 neces-

423 3740 572 3794 saria
603 3737 995 3792 offendissent.
1031 3735 1097 3788 Et
1126 3747 1474 3804 quocunque
1499 3728 2044 3799 progrediebantur,

423 3843 626 3882 eorum
655 3829 845 3879 terror
872 3823 1085 3893 ubique
1105 3819 1342 3874 diffusus
1367 3816 1752 3886 compellebat
1785 3815 1844 3869 in
1866 3833 2045 3874 unum

419 3914 728 3970 convenire
737 3910 1207 3984 populos,gentes
1221 3905 1554 3959 innumeras
1569 3903 1811 3958 adunari
1825 3905 2046 3961 univer-

420 4021 510 4058 sas
540 4002 743 4073 patrias
788 3997 1142 4053 munitiones
1172 3992 1456 4048 machinis
1485 3991 1754 4046 omnibus
1793 3993 2039 4050 armisve

422 4088 660 4144 muniri.
684 4088 895 4156 Vulgus
929 4085 1173 4154 insuper
1204 4081 1554 4146 universum,
1589 4081 1750 4152 quasi
1779 4098 1906 4153 spes
1934 4099 2035 4153 pa-

422 4179 545 4232 tria:
568 4173 902 4246 deperisset,
941 4171 1138 4226 abdita
1163 4186 1405 4242 quaeque
1437 4169 1761 4236 lustrantes,
1785 4186 1844 4224 se
1873 4187 2036 4226 suos-

421 4283 532 4337 que
561 4264 829 4336 parvulos
857 4262 930 4317 ad
978 4260 1265 4315 montium
1291 4260 1487 4315 abdita
1543 4259 1941 4326 conferebant,
1977 4265 2034 4315 et

419 4353 695 4424 undique,
727 4350 981 4406 buccinis
1009 4348 1599 4419 concrepantibus,ita
1621 4365 1686 4402 ex
1701 4364 2032 4420 propugna-

2153 3222 2292 3258 num
2349 3205 2632 3259 transiens
2683 3222 2780 3261 eos
2826 3208 3160 3261 subsecutus
3207 3211 3311 3274 est,
3373 3211 3434 3261 et
3483 3208 3740 3279 ingressus

2151 3292 2565 3347 Carbonariam
2591 3295 2814 3361 silvam,
2844 3296 3271 3349 Turnacensem
3300 3295 3595 3350 civitatem
3617 3293 3741 3348 obti-

2149 3381 2358 3447 nuit,et
2373 3381 2580 3436 exinde
2603 3383 2979 3437 Camaracum
3002 3400 3180 3455 usque
3207 3383 3740 3455 properavit.lbique

2147 3469 2441 3523 modicum
2472 3470 2745 3524 residens.
2775 3471 3064 3525 Romanos
3087 3488 3291 3524 omnes
3322 3471 3424 3540 qui
3474 3472 3532 3525 in
3562 3470 3739 3524 eadem

2146 3557 2358 3626 reperti
2390 3561 2522 3611 sunt
2548 3559 2737 3628 gladio
2760 3559 3031 3612 trucidari
3065 3559 3357 3630 praecepit.
3395 3559 3525 3622 Qua
3544 3559 3740 3613 civitate

2148 3648 2393 3712 retenta,
2428 3647 2560 3700 inde
2589 3647 2954 3717 progreditur
2975 3651 3032 3701 et
3064 3665 3242 3718 usque
3273 3648 3342 3701 ad
3369 3648 3612 3702 Sumam
3659 3647 3742 3701 ﬂu-

2147 3733 2300 3787 vium
2335 3734 2648 3804 occupavit,
2677 3739 2734 3788 et
2771 3735 3061 3806 ingressus
3084 3735 3513 3789 Ambianorum
3541 3736 3738 3797 urbem,

2145 3821 2364 3875 ibidem
2397 3825 2454 3875 et
2488 3821 2652 3892 regni
2677 3822 2870 3875 sedem
2918 3821 3138 3884 statuit,
3171 3827 3227 3875 et
3257 3823 3534 3894 deinceps
3564 3825 3740 3894 pacato

2134 3909 2267 3980 jure
2299 3908 2527 3980 quievit.
2568 3910 2845 3980 Regnavit
2867 3910 3043 3980 igitur
3081 3910 3247 3964 annis
3297 3914 3368 3964 22
3399 3916 3461 3965 et
3505 3915 3740 3966 mortuus

2142 4001 2244 4051 est.
2275 3996 2398 4060 Quo
2421 3997 2712 4063 defuncto,
2751 3997 3057 4052 Merovicus
3100 3998 3171 4052 ad
3201 3999 3529 4069 regendum
3587 4013 3740 4070 popu-

2137 4085 2258 4138 lum
2281 4084 2533 4155 eligitur,
2557 4085 2692 4138 etin
2720 4085 2923 4138 eadem
2951 4085 3374 4140 Ambianorum
3408 4087 3635 4141 civitate
3663 4101 3738 4138 re-

2135 4173 2247 4242 gali
2276 4174 2417 4228 solio
2447 4173 2807 4227 sublimatur.
2841 4173 3146 4228 Merovicus
3190 4174 3385 4246 itaque
3418 4175 3548 4238 iste,
3582 4193 3613 4230 a
3641 4189 3736 4246 quo

2135 4264 2193 4315 et
2224 4261 2423 4315 Franci
2448 4261 2606 4331 prius
2622 4260 2923 4315 Merovinci
2953 4262 3136 4316 vocati
3173 4266 3327 4328 sunt,
3371 4269 3611 4336 propter
3646 4261 3738 4315 uti-

2134 4350 2358 4404 litatem
2413 4349 2678 4404 videlicet
2719 4353 2776 4404 et
2829 4350 3198 4420 prudentiam
3233 4351 3404 4418 illius,
3441 4354 3500 4407 in
3534 4356 3734 4407 tantam

417 4441 558 4496 culis
585 4439 858 4513 oppidani
887 4439 1099 4510 quique
1132 4441 1530 4492 transeuntem
1560 4439 1839 4508 populum
1866 4438 2034 4508 jaclis
2057 4430 2109 4488 D
2137 4438 2572 4493 venerationem
2601 4438 2753 4510 apud
2783 4439 3029 4493 Francos
3064 4442 3150 4493 est
3198 4440 3450 4506 habitus,
3486 4445 3549 4495 ut
3591 4440 3736 4513 quasi

416 4529 644 4602 spiculis
673 4532 844 4600 atque
871 4527 1092 4598 sagittis
1123 4526 1527 4591 exturbabant,
1573 4541 1638 4578 ac
1663 4525 1707 4578 si
1738 4525 2031 4580 debellau-

415 4619 549 4672 dam
571 4617 812 4690 patriam
834 4633 932 4670 eos
949 4616 1283 4670 adventasse
1302 4613 1843 4685 cognovissent.Sed
1868 4631 2031 4684 gens,

414 4724 540 4778 quae
565 4723 682 4761 non
702 4706 774 4760 ad
797 4704 1184 4776 pugnam,sed
1207 4703 1279 4757 ad
1293 4701 1744 4756 commeandum
1774 4706 2029 4756 venerat.

411 4799 568 4852 recto
598 4795 972 4868 gradiebatur
1028 4793 1255 4856 itinere,
1303 4791 1407 4844 nisi
1447 4791 1597 4845 forte
1653 4789 1902 4860 aliquem
1936 4807 2027 4844 ca-

408 4884 606 4957 piendi
639 4882 837 4938 cibarii
868 4880 1176 4936 necessitas
1211 4878 1417 4932 alicubi
1470 4894 1716 4948 pergere
1742 4878 2021 4949 caagisset.

411 4971 749 5027 Communis
779 4986 912 5024 vero
963 4967 1242 5023 exercitus
1273 4966 1444 5020 citato
1473 4967 1614 5020 calle
1669 4966 2018 5037 gradientes,

407 5062 620 5126 absque
643 5057 823 5112 nimio
883 5056 1302 5127 impedimento
1334 5054 1487 5126 ripas
1538 5054 1722 5108 Rheni
1768 5053 2024 5108 ﬂuminis

407 5149 741 5218 attigerunt.
790 5145 985 5216 Ibique
1014 5144 1072 5196 in
1101 5145 1519 5196 Germanorum
1575 5142 1799 5212 oppidis
1849 5138 2020 5197 fixere

407 5236 680 5300 tentoria,
706 5234 1223 5303 habitaveruntque
1255 5230 1488 5302 pacitice
1514 5247 1643 5284 cum
1669 5230 2022 5302 principibus

409 5328 578 5377 terrae
612 5323 788 5378 illius.
832 5321 895 5375 Hi
928 5319 1357 5391 vero,quiapud
1382 5318 1762 5373 Sicambriam
1792 5335 2018 5374 reman-

408 5413 627 5476 serunt,
656 5409 972 5462 incolentes
992 5406 1256 5462 videlicet
1275 5407 1428 5478 ripas
1442 5405 2018 5475 Danubii,elegerunt

402 5515 574 5569 super
605 5515 662 5551 se
689 5513 889 5566 regem
920 5495 1156 5549 nomine
1184 5496 1407 5561 Torcat,
1443 5495 1592 5548 unde
1619 5497 1676 5548 et
1707 5498 2014 5564 propterea

396 5586 557 5641 Torci
590 5583 861 5655 appellati
893 5586 1042 5635 sunt.

469 5673 686 5731 Modico
715 5671 906 5740 itaque
941 5673 1198 5739 tempore
1223 5671 1437 5741 elapso,
1495 5671 1774 5725 intrantes
1805 5671 2003 5728 Franci

2135 4526 2461 4580 communis
2491 4529 2655 4598 pater
2680 4527 2750 4580 ab
2783 4526 3053 4580 omnibus
3082 4529 3389 4602 cpleretur.
3430 4531 3525 4583 Hic
3553 4528 3733 4600 genuit

2137 4614 2547 4681 Childericum,
2580 4619 2803 4684 patrem
2823 4615 3087 4670 Clodovei
3107 4616 3260 4686 regis
3293 4616 3734 4672 excellentissimi

2136 4704 2312 4758 Erant
2336 4707 2527 4757 autem
2562 4703 2761 4756 Franci
2795 4706 2929 4757 tunc
2947 4703 3204 4770 fanatici,
3238 4705 3552 4760 adorantes
3576 4707 3732 4768 idola,

2132 4795 2189 4844 et
2221 4807 2336 4844 non
2370 4791 2763 4861 agnoscebant
2788 4807 2984 4861 regem
3005 4792 3150 4857 caeli,
3171 4793 3266 4863 qui
3286 4795 3498 4847 creavit
3531 4792 3731 4848 omnia.

2126 4879 2378 4933 Mortuus
2428 4879 2604 4949 igitur
2633 4879 3025 4944 Merovicus,et
3080 4881 3345 4950 regnavit
3402 4881 3737 4936 Childericus

2124 4967 2272 5020 ﬁlius
2293 4966 2413 5036 ejus
2439 4983 2542 5038 pro
2573 4984 2660 5021 eo.
2709 4966 3063 5021 Childericus
3085 4968 3278 5039 itaque
3322 4986 3418 5023 rex
3441 4985 3574 5022 cum
3603 4955 3735 5024 esset

2125 5054 2299 5108 nimis
2354 5055 2694 5122 luxuriosus,
2727 5059 2785 5109 et
2818 5061 3090 5126 regnaret
3120 5073 3292 5128 super
3315 5059 3584 5119 Francos,
3607 5058 3735 5110 ﬁlias

2108 5159 2326 5208 eorum
2353 5143 2632 5196 violenter
2658 5143 3042 5215 opprimebat.
3070 5144 3256 5216 Super
3284 5146 3392 5200 hac
3413 5163 3471 5200 re
3501 5145 3732 5199 nimium

2122 5231 2512 5301 indignantes,
2547 5232 2668 5302 pari
2693 5231 2929 5286 consilio
2963 5234 3022 5284 et
3050 5233 3618 5303 aequalibus'animis,
3651 5235 3734 5286 aut

2120 5321 2546 5389 eumoccidere
2574 5323 2672 5375 aut
2702 5320 2772 5375 de
2798 5336 2979 5390 regno
3035 5323 3320 5394 expellere
3352 5322 3730 5376 decreverunt.

2119 5408 2387 5464 Sentiens
2415 5409 2764 5463 Childericus
2811 5409 3112 5463 adversum
3157 5427 3215 5464 se
3241 5411 3592 5465 Francorum
3620 5410 3732 5462 ani-

2128 5515 2252 5552 mos
2282 5501 2758 5563 essecommotos,
2777 5514 3013 5551 aureum
3031 5515 3208 5552 unum
3237 5499 3424 5553 divisit
3446 5499 3500 5551 in
3531 5502 3728 5570 partes,

2129 5603 2337 5642 vocans
2365 5588 2436 5640 ad
2463 5605 2521 5641 se
2551 5586 2886 5640 Viomudum
2911 5587 3299 5641 consiliarium
3351 5603 3538 5652 suum,
3577 5591 3630 5639 et
3661 5586 3726 5637 ait

2134 5673 2212 5729 illi
2241 5692 2252 5729 :
2281 5698 2305 5721 «ι
2343 5674 2538 5729 Sentio
2557 5679 2791 5746 gentem
2824 5675 2991 5730 istam
3021 5676 3326 5731 adversum
3387 5692 3473 5729 me
3506 5688 3728 5728 consur'
