3862 6210
181 382 280 442 5'93

1513 385 1730 444 GESTA
1797 381 2218 444 FRANCORUM

3403 385 3505 444 5θί

185 526 313 583 gere
344 508 512 573 velle,
547 509 608 562 et
639 524 753 580 ego
789 508 1233 567 unanimitatem
1267 514 1425 567 tuam
1449 515 1603 582 peto,
1627 515 1710 579 ut,
1741 512 1798 566 in
1827 518 1877 576 Α
1905 516 1962 567 et
1993 513 2147 585 quod
2166 512 2242 566 sis
2261 509 2466 566 habilis
2495 511 2551 564 et
2572 511 2859 574 strenuus,
2881 526 2909 563 c
2939 507 3112 564 domo
3162 510 3286 564 veni
3307 513 3370 565 ut
3400 513 3502 565 ha-

187 601 460 670 quautum
491 598 1040 667 potueris,Francos
1078 600 1218 654 mihi
1246 601 1798 672 paciﬁces.Cumque

189 687 411 741 sedatos
442 701 543 740 eos
576 687 906 756 agnoveris,
959 689 1236 744 mandato
1269 693 1331 744 tu
1362 692 1425 743 ut
1454 689 1711 756 redeam,
1743 691 1801 743 et

189 773 342 829 aurei
373 773 479 827 ista
506 773 750 843 partitio
783 775 892 829 erit
922 775 1154 847 signum
1185 776 1336 842 inter
1366 794 1458 832 me
1487 781 1543 832 et
1573 777 1796 831 te.Cum

189 865 377 916 autem
409 861 608 916 videro
628 878 807 932 quam
841 862 944 916 tibi
976 864 1531 936 relinquo,revertar
1556 864 1615 919 in
1635 881 1794 936 pace.

191 949 284 1004 Sin
314 953 536 1016 autem,
565 951 820 1004 manebo
852 951 1003 1021 apud
1035 951 1286 1007 Sisinum
1320 953 1411 1017 [αΙ.
1438 953 1690 1008 Bisinum
1715 970 1798 1007 vo-

189 1039 329 1098 cant]
351 1037 786 1108 Thoringorum
815 1055 1038 1108 regem.
1070 1061 1097 1088 »

258 1126 354 1179 Hic
387 1124 557 1178 dictis
581 1126 733 1178 clam
756 1126 906 1196 fugit
933 1127 1088 1197 apud
1114 1127 1461 1198 Thoringos,
1492 1127 1797 1183 habitavit-

192 1229 297 1283 que
328 1229 462 1266 cum
495 1211 684 1266 Sisino
717 1216 774 1267 et
794 1214 998 1268 Basiua
1031 1232 1205 1270 uxore
1231 1233 1351 1270 sua.
1396 1215 1518 1280 Quo
1541 1217 1796 1286 expulso,

187 1299 482 1371 IEgidium
516 1301 844 1356 Romanum
876 1303 1122 1358 militem
1173 1304 1372 1358 Franci
1403 1320 1574 1374 super
1603 1321 1662 1358 se
1685 1307 1796 1357 sta-

191 1392 357 1442 tuunt
375 1389 618 1443 consilio
651 1406 770 1443 non
803 1391 955 1444 bono
989 1391 1798 1462 atqueinutili.Regnavitque

185 1493 360 1548 super
399 1494 500 1531 eos
530 1477 700 1532 annis
731 1482 782 1544 8,
828 1482 886 1532 et
925 1479 1158 1548 junctus
1187 1483 1272 1534 est
1296 1480 1347 1534 ei
1403 1480 1710 1534 Viomadus
1740 1480 1797 1534 in

184 1564 379 1620 fictam
406 1565 727 1619 amicitiam
749 1566 823 1620 ob
855 1567 1426 1622 amoremChilderici
1451 1567 1670 1622 domini
1691 1567 1795 1622 sui.

187 1654 253 1706 Et
285 1654 634 1708 hortabatur
663 1671 864 1725 regem
895 1655 1206 1710 Viomadus
1223 1659 1283 1709 ut
1301 1657 1548 1711 Francos
1579 1657 1798 1727 aliquos

185 1743 339 1795 male
371 1741 763 1813 opprimeret;
797 1743 999 1796 Franci
1031 1761 1164 1798 vero
1193 1743 1403 1814 ngidii
1429 1744 1583 1815 regis
1603 1744 1796 1798 furore

1904 602 2082 655 bitem
2138 605 2346 654 tecum.
2386 599 2528 652 Nam
2559 598 2603 651 si
2661 598 2714 651 in
2751 597 3023 652 extremis
3073 601 3240 652 terra!
3295 598 3505 654 finibus

1901 689 2193 744 utiliorem
2226 691 2281 742 te
2308 685 2728 758 cognovissem,
2755 689 2812 739 et
2839 687 2992 739 hunc
3010 685 3387 740 nihilominus
3418 703 3507 740 ex-

1899 777 2196 848 petissem.
2212 798 2240 825 »
2259 774 2622 847 Complacuit
2643 774 2766 845 regi
2786 773 3042 828 mulieris
3054 791 3244 828 sermo
3267 774 3504 842 facetus,

1899 869 1956 918 et
1971 882 2099 920 eam
2123 865 2381 937 gaudens
2417 863 2522 919 sibi
2573 862 2804 917 sociavit
2835 862 2891 917 in
2925 879 3182 916 uxorem.
3219 863 3503 926 Quaecon-

1905 955 2056 1025 cepit
2088 957 2144 1007 et
2170 951 2963 1025 peperitﬁlium,vocavitque
2982 968 3112 1004 cum
3130 951 3501 1009 Clodoveum.

1907 1042 2004 1096 llic
2031 1042 2138 1095 fuit
2166 1059 2261 1095 rex
2277 1040 2705 1112 potentissimus
2724 1056 2895 1112 super
2921 1055 3122 1092 omnes
3152 1039 3501 1094 Francorum

1898 1146 2086 1199 reges,
2121 1129 2204 1182 vir
2249 1127 2518 1199 egregius
2546 1145 2610 1182 ac
2664 1127 3112 1194 strenuissimus,
3141 1132 3505 1200 expugnator

1900 1215 2620 1288 bellicosissimus,imperii
2641 1216 2915 1270 dilatator
2936 1219 2992 1269 et
3021 1215 3195 1269 totius
3221 1215 3505 1287 aequitatis

1899 1303 2506 1358 amator.Childericus
2535 1303 2730 1374 itaque
2753 1320 2848 1357 rex
2882 1303 2984 1357 hac
3001 1307 3366 1373 tempestate,
3387 1304 3499 1358 col-

1900 1393 2045 1447 lecto
2075 1392 2424 1446 Francorum
2469 1392 2742 1458 exercitu,
2799 1391 3177 1462 Agrippinam
3211 1391 3498 1446 civitatem

1899 1497 2072 1552 super
2101 1481 2365 1535 Rhenum
2417 1481 2653 1534 fluvium
2685 1484 2771 1535 est
2801 1495 3080 1550 agressus.
3115 1479 3299 1543 Quam
3342 1480 3501 1534 omni

1901 1568 2188 1623 bellorum
2222 1574 2504 1640 apparatu
2536 1569 2922 1635 circumdans,
2950 1569 3190 1622 tandem
3225 1569 3501 1640 populum

1901 1656 2172 1710 eumdem
2213 1657 2394 1710 nimia
2419 1657 2572 1710 caade
2596 1660 2876 1711 vastatum
2908 1656 3113 1710 devicit
3141 1660 3199 1710 et
3229 1656 3501 1712 munitio-

1905 1762 2006 1799 nes
2034 1745 2596 1814 universasejusdem
2629 1745 2870 1799 civitatis
2891 1745 2996 1798 sibi
3034 1746 3308 1812 retinens,
3343 1747 3504 1800 (3010-

183 1829 392 1895 attriti,
418 1830 728 1884 consilium
763 1830 1024 1884 Viomadi
1056 1835 1428 1902 expetunt,et
1458 1831 1595 1903 quid
1627 1848 1799 1903 agere
1821 1831 1870 1889 B
1901 1833 2057 1886 niam
2090 1849 2219 1886 eam
2249 1833 2435 1887 vocari
2469 1833 2735 1886 instituit.
2769 1833 2923 1886 Hanc
2947 1833 3182 1903 regebat
3211 1834 3502 1887 Romanus

182 1917 779 1988 debeantinquirunt.
806 1917 1020 1981 Quibus
1041 1919 1132 1973 ille
1151 1921 1228 1974 ait
1255 1937 1318 1975 :«
1338 1921 1459 1975 Non
1479 1920 1796 1974 reminisci-

183 2005 274 2072 tis,
310 2007 568 2077 qualiter
607 2007 851 2060 Romani
884 2011 1152 2078 parentes
1184 2013 1397 2064 vestros
1428 2009 1797 2074 attriverant?

180 2094 484 2164 quomodo
519 2110 624 2147 eos
644 2110 677 2146 a
709 2093 1026 2149 Sicambria
1073 2094 1452 2166 expulerunt?
1482 2097 1548 2150 Et
1579 2111 1673 2150 vos
1704 2113 1792 2150 re-

173 2197 314 2252 gem
343 2187 602 2236 vestrum
637 2182 928 2252 expulistis
943 2183 1140 2238 utilem
1173 2200 1237 2237 ac
1267 2187 1589 2251 strenuum,
1611 2186 1794 2238 etele-

173 2270 322 2324 vatis
347 2285 527 2340 super
559 2286 656 2323 vos
679 2269 927 2324 militem
959 2271 1112 2325 hunc
1141 2272 1467 2326 Romanum
1498 2271 1791 2327 crudelem

170 2361 353 2428 atque
376 2357 728 2428 superbum?
749 2357 884 2412 Sine
909 2359 1144 2414 consilio
1161 2359 1271 2414 hoc
1297 2359 1524 2422 fecistis,
1557 2362 1614 2414 et
1639 2377 1791 2414 nunc

167 2445 390 2499 merito
412 2444 790 2499 inebriamini
815 2447 1042 2517 poculo,
1071 2447 1224 2518 quod
1249 2447 1613 2519 propinastis.
1639 2467 1664 2500 ο
1691 2448 1789 2502 Cui

167 2532 338 2586 aiunt
368 2531 456 2586 illi
493 2548 506 2586 :
536 2532 705 2586 «Sine
731 2533 857 2603 lege
883 2533 1016 2588 licet
1055 2538 1190 2587 tunc
1218 2535 1362 2588 ﬁlias
1397 2538 1618 2590 nostras
1647 2537 1790 2591 abu-

164 2624 583 2686 teretur,nunc
603 2620 845 2689 paenitet
868 2622 1094 2675 nosboc
1109 2621 1394 2685 fecisse,e.t
1415 2623 1636 2678 utinam
1653 2641 1787 2680 eum

165 2706 888 2774 inveniremeruissemus,
914 2711 974 2761 ut
999 2725 1130 2762 cum
1161 2725 1300 2780 pace
1332 2714 1788 2783 regnaretsnper

164 2811 299 2849 nos.
353 2816 383 2843 ››
440 2795 539 2849 His
576 2796 884 2850 Viomadus
913 2797 1143 2863 auditis,
1195 2800 1408 2852 celeres
1451 2799 1681 2854 nuntios
1711 2801 1783 2856 ad

165 2882 562 2938 Childericum
597 2884 812 2954 dirigit,
846 2887 908 2938 ut
933 2901 1062 2938 cum
1081 2902 1217 2956 pace
1249 2887 1470 2952 redeat,
1504 2889 1664 2942 aurei
1697 2888 1781 2942 di-

163 2970 268 3024 visi
297 2975 462 3026 certa
498 2972 858 3043 praemittens
888 2974 1119 3028 iudicia.
1152 2975 1418 3029 Sentiens
1437 2976 1784 3032 Childericus

163 3060 325 3129 quod
373 3060 802 3134 desideraretur
831 3078 865 3115 a
895 3061 1140 3130 Francis,
1177 3065 1357 3131 laetus,
1394 3081 1651 3120 reversus
1700 3070 1785 3121 est

1899 1920 2176 1992 Egidius,
2210 1921 2370 1991 cujus
2400 1920 2656 1990 superius
2689 1919 2926 1973 fecimus
2974 1921 3358 1974 mentionem.
3390 1922 3501 1974 Sed

1898 2012 2063 2063 tanto
2095 2008 2366 2063 exercitui
2390 2007 2653 2061 resistere
2676 2024 2792 2061 non
2826 2009 3039 2074 valens,
3074 2009 3214 2060 urbe
3242 2024 3502 2078 progres-

1896 2114 1988 2150 sus
2003 2097 2152 2167 fugin
2169 2096 2474 2162 consuluit,
2515 2099 2571 2148 et
2592 2095 2670 2148 sic
2692 2095 2950 2149 furorem
2970 2095 3122 2165 regis
3162 2095 3498 2149 cvasit.lnde

1896 2185 2336 2256 progredientes
2393 2183 2615 2251 Franci,
2679 2183 2935 2238 Treveris
2980 2182 3268 2237 civitatem
3330 2199 3500 2253 super

1891 2274 2180 2328 Mosellam
2206 2272 2442 2327 ﬂuvium
2465 2275 2750 2326 vastantes
2774 2275 3068 2342 ceperunt.

1966 2363 2042 2416 Eo
2075 2364 2338 2433 tempore
2382 2363 2646 2414 mortuus
2675 2363 2761 2414 est
2791 2359 3049 2430 Aigidius
3100 2361 3494 2416 Romanorum

1890 2454 2190 2522 tyrannus,
2223 2455 2282 2506 et
2305 2451 2427 2520 ejus
2449 2449 2597 2504 illius
2622 2448 2860 2504 nomine
2883 2448 3138 2520 Siagrius
3154 2448 3306 2519 apud
3333 2447 3497 2503 Sues-

1889 2537 2114 2592 sionem
2135 2537 2427 2592 civitatem
2459 2536 2516 2590 in
2556 2539 2800 2608 paterno
2825 2536 2966 2590 solio
2997 2535 3361 2590 sublimatur.
3396 2535 3497 2588 Re-

1886 2626 2126 2680 collecto
2143 2626 2355 2681 iterum
2384 2623 2734 2680 Childericus
2747 2641 2844 2678 rex
2859 2624 3209 2678 Francorum
3223 2623 3492 2688 exercitu,

1884 2712 2204 2768 Aurelianis
2235 2730 2413 2786 usque
2438 2713 2720 2786 pervenit,
2755 2715 2938 2767 terras
2966 2728 3172 2766 omnes
3200 2728 3327 2782 qua:
3358 2714 3491 2765 sunt

1885 2801 1943 2856 in
1965 2803 2201 2857 circuitu
2231 2802 2410 2858 nimia
2438 2801 2665 2857 feritate
2684 2802 3058 2874 depopulans.
3084 2801 3219 2855 lnde
3249 2816 3490 2871 progre-

1892 2891 2044 2946 ditur
2067 2891 2409 2964 Andegavis,
2445 2908 2780 2946 occursurus
2811 2890 3136 2962 Adovagrio
3163 2889 3290 2944 duci
3314 2889 3489 2943 Saxo-

1885 2995 2046 3047 num,
2080 2980 2177 3052 qui
2206 2980 2473 3035 eamdem
2497 2980 2872 3051 Andegavam
2902 2978 3291 3032 debellaverat
3320 2981 3489 3049 atque

1883 3067 2215 3136 protiverat,
2249 3067 2626 3122 relictoPaulo
2643 3065 2855 3121 comite
2872 3065 2944 3120 ad
2966 3065 3398 3120 custodiendam
3418 3063 3491 3118 ci-

163 3148 222 3201 in
247 3165 507 3220 regnum
539 3167 728 3205 suum.
776 3151 956 3213 Quem
987 3152 1186 3206 Franci
1213 3169 1344 3206 cum
1395 3154 1606 3223 gaudio
1637 3155 1779 3210 reci-
1811 3179 1856 3237 Ο
1883 3155 2138 3212 vitatem.
2174 3155 2428 3226 Cumque
2449 3172 2548 3210 rex
2589 3154 2938 3208 Childericus
2961 3171 3026 3208 ex
3071 3153 3380 3224 improviso
3411 3153 3487 3206 ci-

161 3237 552 3305 pientes,cum
567 3238 848 3293 dedecore
877 3241 1218 3309 expulerunt
1230 3241 1456 3312 zEgidiu
1468 3260 1543 3296 rn.
1578 3244 1782 3298 Basina

173 3326 586 3397 quoqueSisini
629 3328 781 3397 regis
810 3345 969 3394 uxor,
1000 3328 1151 3399 apud
1180 3347 1354 3400 quam
1381 3330 1606 3385 latuisse
1633 3348 1778 3401 pra:-

165 3415 616 3469 monstravimus
640 3416 1044 3484 Childericum,
1069 3416 1273 3488 saepius
1291 3418 1485 3473 relicto
1513 3418 1614 3473 viri
1629 3423 1778 3485 toro,

166 3504 527 3558 consortium
546 3504 733 3558 nostri
768 3505 918 3576 regis
931 3508 1017 3560 est
1045 3507 1702 3578 experta.Quamobrem
1725 3511 1780 3563 et

164 3606 296 3645 eum
331 3609 440 3646 nec
473 3593 658 3647 multo
708 3596 838 3664 post
868 3593 926 3647 in
979 3594 1278 3649 Franciam
1328 3599 1414 3650 cst
1445 3599 1656 3663 secuta,
1690 3614 1781 3650 cu-

161 3677 324 3747 piens
347 3682 476 3735 loco
505 3681 698 3737 uxoris
748 3681 1009 3736 habitare
1041 3700 1172 3736 cum
1205 3700 1292 3738 eo.
1329 3683 1512 3748 Quam
1555 3684 1778 3739 Childe-

160 3765 308 3822 ricus
339 3785 475 3824 cum
511 3769 804 3842 insperate
830 3771 1234 3842 conspexisset,
1269 3774 1326 3826 et
1371 3772 1442 3826 ad
1473 3790 1617 3843 quos
1648 3789 1778 3826 usus

160 3853 229 3910 de
259 3860 384 3912 tam
411 3857 736 3931 longinqua
751 3859 1047 3931 provincia
1059 3859 1132 3914 ad
1151 3876 1282 3914 eum
1297 3860 1775 3932 properasset,in-

159 3944 452 4014 quireret:
509 3947 607 4001 illa
635 3947 952 4020 postposilo
984 3947 1205 4018 pudore
1238 3947 1529 4016 muliebri,
1562 3951 1626 4003 ut
1652 3951 1776 4004 erat

157 4033 328 4089 nimis
373 4034 692 4103 luxuriosa,
729 4037 844 4090 tale
898 4035 1081 4090 fertur
1130 4035 1350 4091 dedisse
1380 4053 1720 4108 responsum
1754 4053 1768 4094 :

159 4121 500 4186 «Quoniam
521 4123 656 4180 novi
672 4123 982 4180 utilitatem
1005 4128 1163 4180 tuam
1183 4127 1240 4180 et
1257 4125 1767 4197 pulchritudinem,

1881 3246 2120 3298 vstatem
2145 3244 2322 3296 irrum
2333 3247 2512 3313 peret,
2533 3246 2591 3297 et
2614 3242 2896 3312 Adovagri
2909 3260 3005 3296 um
3029 3242 3234 3296 ducem
3248 3241 3486 3295 obtrun-

1881 3348 2010 3384 care
2042 3332 2398 3397 decerneret,
2424 3348 2565 3384 nave
2581 3331 2881 3384 subvectus
2899 3329 3254 3401 Adovagrius
3267 3328 3487 3400 aufugit

1880 3418 2142 3490 regisque
2169 3435 2442 3472 mucrone
2471 3419 2676 3472 Paulus
2709 3419 3084 3472 obtruncatus
3112 3422 3197 3472 est
3227 3420 3286 3471 et
3324 3417 3482 3488 prin-

1882 3507 2076 3578 cipalis
2103 3507 2307 3560 domus
2335 3507 2594 3576 ejusdem
2627 3505 2867 3559 civitatis
2911 3509 2997 3559 est
3027 3505 3160 3575 igne
3204 3509 3481 3558 cremata.

1879 3593 1991 3647 llac
2045 3592 2218 3662 igitur
2247 3595 2470 3663 patrata
2524 3590 2781 3658 victoria,
2825 3607 2956 3645 cum
3006 3591 3079 3644 ad
3129 3592 3313 3645 solum
3347 3607 3483 3661 pro-

1879 3681 2090 3753 prium,
2121 3681 2230 3736 hoc
2261 3684 2346 3735 est
2381 3679 2453 3734 ad
2511 3679 2935 3733 Ambianorum
2969 3679 3174 3732 urbem
3218 3694 3481 3733 remeare

1877 3774 2131 3842 cuperet,
2167 3770 2325 3825 febre
2353 3771 2648 3840 correptus
2673 3767 2938 3840 spiritum
2973 3766 3276 3834 exhalavit,
3308 3769 3367 3821 et
3389 3783 3479 3820 re-

1877 3860 2133 3931 gendum
2176 3859 2455 3932 populum
2510 3857 2795 3912 Clodoveo
2852 3857 2969 3912 filio
3001 3873 3102 3910 suo
3151 3855 3476 3927 dereliquit.

1875 3949 2126 4004 Mortuus
2155 3953 2239 4002 est
2265 3951 2458 4002 autem
2478 3945 2832 4001 Childericus
2861 3961 2958 4000 rex
2989 3961 3110 3999 xxiv
3137 3942 3364 4015 imperii
3391 3943 3477 3999 sui

1874 4054 2051 4106 anno,
2083 4040 2142 4093 et
2164 4035 2431 4109 regnavit
2461 4035 2776 4091 Clodoveus
2801 4034 2948 4090 ﬁlius
2968 4033 3016 4105 ej
3029 4050 3090 4088 us
3114 4048 3219 4104 pro
3250 4049 3340 4088 eo.

1234 4307 1671 4370 PROLOGUS
1698 4304 1925 4369 LIBRI
1977 4307 2360 4369 SECUNDI.

217 4465 490 4525 Relatum
523 4469 702 4537 est,ut
723 4465 950 4541 opinor,
984 4467 1396 4542 compendiose
1429 4468 1768 4541 satis,quan-
1793 4474 1843 4532 D
1868 4468 1962 4524 rit.
1998 4471 2208 4524 Precor
2230 4467 2446 4522 etenim
2481 4484 2552 4523 ne
2585 4467 2744 4524 vobis
2775 4485 3083 4525 onerosum
3112 4468 3395 4536 videatur,
3427 4464 3470 4522 si

155 4559 271 4612 tum
306 4558 624 4630 propositae
648 4557 914 4612 brevitati
931 4558 1328 4629 congruit,cur
1355 4559 1426 4613 ad
1447 4559 1549 4612 has
1575 4563 1769 4630 partes

158 4645 510 4701 Francorum
545 4647 792 4719 populus
812 4647 881 4701 sit
912 4647 1154 4715 delatus,
1189 4664 1288 4702 cur
1318 4650 1377 4701 et
1410 4647 1506 4701 tali
1529 4646 1766 4702 nomine

158 4736 449 4790 vocitetur.
488 4735 605 4790 Sed
630 4735 908 4806 quoniam
931 4751 1030 4791 vos
1057 4736 1313 4790 intentos
1341 4734 1591 4802 intueor,
1627 4736 1764 4790 dum

163 4823 333 4878 adhuc
361 4824 500 4879 solis
527 4827 926 4894 exspectamus
979 4842 1266 4891 occasum,
1300 4828 1358 4878 et
1377 4824 1513 4878 dum
1545 4827 1766 4879 saturos

168 4923 355 4984 greges
377 4913 453 4967 ad
485 4912 634 4967 ovile
654 4912 1001 4980 reducimus,
1016 4912 1214 4985 paucis
1231 4915 1459 4967 tantum
1487 4911 1766 4967 sermoni-

167 4993 254 5055 bus
277 5001 595 5067 intimabo,
630 5000 1129 5072 qualiteromnem
1146 5001 1384 5055 Galliam
1405 5000 1496 5055 hic
1523 5001 1764 5072 populus

167 5087 224 5142 Sil
251 5094 619 5162 pervagatus,
644 5093 700 5144 et
731 5089 976 5161 qualiter
1006 5107 1135 5144 eam
1169 5107 1202 5144 a
1221 5089 1492 5145 Romanis
1514 5089 1761 5144 abstule-

1867 4559 1940 4613 ad
1969 4557 2350 4631 supplendam
2379 4557 2676 4613 historiam
2698 4561 2781 4613 vel
2797 4560 2868 4615 ad
2883 4559 3290 4631 depellendum
3312 4558 3471 4612 fasti-

1868 4647 2027 4702 dium
2083 4663 2308 4714 eorum,
2337 4646 2541 4719 quibus
2579 4647 3078 4721 displicctprolixa
3123 4645 3381 4704 narratio
3415 4649 3475 4700 et

1867 4753 2015 4790 nova
2044 4752 2272 4806 semper
2293 4735 2490 4791 audire
2517 4736 2835 4804 delectat,si
2863 4738 3054 4810 aliqua
3076 4755 3139 4792 ex
3169 4734 3457 4806 opusculis

1865 4824 2182 4878 vicinarum
2214 4824 2473 4895 gentium
2500 4826 2647 4880 elate
2668 4826 2718 4887 [e
2754 4824 2962 4883 latere]
3002 4823 3269 4894 tetigero.
3316 4823 3462 4876 Nam

1864 4911 1928 4980 is,
1953 4912 2048 4984 qui
2081 4912 2328 4984 propriis
2365 4930 2595 4986 semper
2626 4911 2842 4968 deliciis
2864 4911 3073 4982 afﬂuit,
3103 4911 3280 4965 etiam
3333 4924 3472 4964 cum

1864 5005 2125 5057 externas
2154 5001 2424 5074 tetigerit,
2457 5002 2792 5058 delectatur.

1253 5261 1600 5348 LIBER
1674 5261 2302 5358 SECUNDUS.
2367 5381 2370 5383 _

235 5462 550 5519 Clodoveus
576 5458 755 5531 igitur
779 5476 933 5514 anno
961 5459 1162 5532 quinto
1201 5459 1430 5532 imperii
1459 5461 1542 5515 sui
1570 5462 1773 5514 contra

174 5548 445 5626 Siagurim
483 5549 691 5620 [Egidii
737 5549 919 5604 ﬁlium
951 5567 1115 5605 arma
1162 5549 1460 5622 corripuit,
1494 5552 1665 5622 atque
1695 5549 1768 5604 ad

178 5640 587 5700 exturbandum
605 5654 738 5694 eum
757 5637 828 5694 de
851 5641 1095 5712 paterno
1133 5639 1273 5695 solie
1294 5639 1543 5694 Francos
1563 5653 1766 5694 omnes

1873 5460 1932 5514 in
1964 5457 2850 5531 exercitumadunarepraecepit.
2875 5462 3128 5534 Siagrius
3151 5457 3275 5533 pari
3306 5455 3481 5514 modo

1875 5566 1940 5604 ex
1960 5546 2120 5602 omni
2137 5551 2299 5617 parte
2327 5547 2576 5603 collectis
2591 5547 2804 5603 viribus
2815 5551 2888 5604 ad
2907 5550 3340 5606 defendendum
3353 5565 3480 5603 suo-

1866 5653 1996 5694 rum
2017 5634 2240 5690 animos
2250 5639 2558 5708 prreparat,
2578 5637 2973 5695 Romanorum
2991 5635 3491 5702 fortiafaclacom‘l
