3862 6210
455 384 557 452 5‘93
1376 383 1748 452 RORICONIS
1785 388 2096 452 MONACHI
2124 381 2664 455 MOISSIACENSIS.
3651 403 3734 463 595

455 531 812 583 memorans,
845 515 903 570 et
931 513 1004 570 ad
1061 515 1520 572 contemnendos
1568 516 1832 573 inimicos
1863 533 2065 573 eorum
2085 513 2141 576 A
2172 517 2390 591 giraret
2419 517 2734 587 universos,
2767 521 2825 574 et
2841 522 3184 593 apparatum
3201 515 3735 593 singulorumsedulo

455 621 621 660 enses
651 603 1008 660 acutissimos
1035 620 1128 659 ese
1177 620 1407 676 semper
1455 605 1776 661 insinuans.
1811 607 1878 661 Et
1933 623 2066 662 cum
2165 609 2546 680 perlustraret
2573 607 2805 676 intuitu,
2835 607 2909 663 ad
2928 608 3198 664 ultimum
3214 626 3350 664 eum
3365 609 3462 682 qui
3481 626 3736 682 percusse-

459 694 599 748 hinc
631 691 836 748 etinde
874 696 1132 765 utraeque
1159 693 1307 749 acies
1332 693 1682 762 insisterent,
1713 697 1772 749 et
1813 695 2069 750 buccinis
2167 699 2258 751 rat
2287 713 2522 751 urceum
2554 697 2731 752 oculis
2773 697 3156 770 conspicatur.
3184 697 3254 752 Et
3287 697 3584 770 praefatam
3617 701 3738 772 inju-

459 779 942 852 concrepantibus
977 780 1230 853 undique
1277 781 1494 854 spicula
1515 781 1900 850 miiterentur,
1932 782 2070 837 totis
2167 784 2315 840 riam
2348 789 2545 841 mente
2557 787 2871 853 revolvens,
2897 787 3146 858 agrestia
3167 787 3296 858 ejus
3317 803 3482 842 arma
3509 788 3736 856 miratus,

457 866 670 920 viribus
689 867 1108 922 cumBomanis
1121 868 1482 924 decertantes
1522 869 1745 936 Franci,
1781 885 2070 924 memores
2169 890 2304 928 eum
2333 873 2608 945 injuriare
2638 875 2809 947 coepit
2846 891 2948 930 cur
2975 874 3245 930 videlicet
3259 879 3600 930 conventum
3619 877 3738 933 viro-

457 955 674 1027 prioris
701 955 928 1026 injuriae
945 957 1194 1028 qualiter
1223 975 1320 1013 eos
1351 974 1386 1012 a
1409 957 1730 1014 Sicambria
1757 959 2068 1030 ejccerant,
2168 979 2299 1017 rum
2331 963 2614 1018 nobilium
2651 966 2772 1018 tam
2797 963 3092 1019 horrendo
3123 967 3419 1034 turpasset
3471 967 3734 1036 apparatu.

458 1045 600 1098 nulli
632 1047 934 1115 parcentes
961 1045 1352 1113 aatati,omnes
1378 1046 1595 1117 pariter
1630 1046 1868 1100 desectis
1898 1047 2071 1101 cervi-
2165 1052 2576 1124 Accipiensque
2602 1051 3020 1123 armasingula,
3051 1068 3185 1106 cum
3217 1051 3608 1123 indignatione
3634 1069 3736 1108 ma-

459 1131 618 1186 cibus
633 1132 838 1204 gladiis
867 1133 1316 1202 obtruncabant;
1349 1139 1408 1188 et
1427 1135 1582 1206 quod
1611 1134 1765 1189 dictu
1791 1134 1966 1188 etiam
1985 1137 2070 1188 est
2168 1138 2322 1194 xima
2369 1139 2520 1194 elisit
2549 1139 2622 1193 ad
2648 1142 2885 1194 terram.
2935 1140 3002 1193 Et
3051 1155 3184 1194 cum
3211 1139 3311 1194 ille
3338 1138 3413 1194 ad
3451 1140 3738 1211 colligenda

456 1220 838 1288 horrendum,
871 1222 1066 1292 plures
1106 1237 1306 1277 eorum
1340 1221 1644 1278 laniandos
1672 1222 1865 1277 bestiis
1908 1221 2066 1293 obje-
2169 1244 2333 1282 arma
2375 1244 2616 1283 manum
2654 1225 2884 1282 acclinis
2913 1227 3274 1298 extenderet,
3306 1243 3405 1282 rex
3442 1227 3646 1282 elevata
3665 1226 3734 1282 bi-

459 1309 715 1366 ctabant.
767 1308 1028 1380 Siagrius
1047 1309 1240 1382 itaque
1264 1327 1475 1365 caesum
1488 1327 1730 1365 cernens
1756 1311 2068 1365 exercitum
2165 1331 2358 1386 penne
2395 1317 2564 1388 caput
2589 1315 2710 1386 ejus
2733 1314 2931 1370 letbali
2959 1315 3198 1370 vulnere
3229 1313 3523 1386 percussit,
3553 1317 3607 1370 et
3631 1315 3730 1369 ait:

457 1412 647 1463 suum,
677 1397 827 1451 solus
859 1413 890 1450 e
925 1398 1124 1470 przelio
1158 1398 1330 1470 fugit,
1361 1402 1419 1453 et
1445 1415 1576 1452 cum
1599 1415 1658 1453 se
1689 1398 1862 1452 morti
1893 1414 2066 1452 cona-
2167 1425 2195 1453 «
2223 1405 2307 1458 Ita
2337 1405 2394 1458 et
2417 1406 2479 1458 tu
2507 1418 2658 1458 anno
2681 1401 2972 1474 praeterito
3005 1401 3346 1458 Suessiones
3373 1418 3599 1456 urceum
3625 1419 3732 1474 per-

457 1487 618 1538 retur
647 1485 1180 1554 abstrahere,morti
1193 1487 1384 1559 potius
1405 1487 1743 1542 destinatur.
1758 1488 1901 1542 Nam
1925 1487 2063 1541 dum
2166 1482 2444 1538 cussisti.»
2478 1482 2600 1547 Quo
2616 1481 3478 1554 mortuo,adversusThoringos
3495 1481 3732 1537 eumdem

457 1570 721 1627 Tolosam
748 1573 974 1645 fugeret
991 1574 1064 1629 ad
1086 1573 1379 1629 Alaricum
1412 1575 1732 1629 Gothorum
1752 1590 1972 1646 regem,
2006 1577 2064 1628 et
2163 1571 2322 1626 duxit
2349 1570 2683 1638 exercitum,
2741 1574 2798 1624 et
2827 1587 2926 1625 eos
2955 1571 3138 1626 nimia
3190 1569 3350 1626 caede
3380 1572 3732 1640 prosternens,

460 1660 774 1716 Clodoveus
803 1661 985 1716 victor
1011 1662 1282 1716 detractis
1312 1661 1508 1734 spoliis
1534 1663 1848 1730 uetaretur,
1881 1662 2058 1717 inter-
2163 1659 2987 1734 postinnumerascaades,post
3024 1658 3418 1732 populitotius
3444 1657 3734 1712 diminutio-

457 1749 818 1804 currentibus
867 1749 1088 1804 nuntiis
1125 1751 1412 1821 perlatum
1459 1753 1544 1804 est
1593 1750 1876 1806 Clodoveo
1909 1749 2064 1822 quod
2167 1751 2474 1820 nem,post
2500 1747 2700 1820 patriae
2716 1747 3195 1815 devastationem,
3226 1747 3485 1802 residuos
3507 1745 3732 1810 tandem,

456 1839 610 1910 apud
640 1838 926 1892 Alaricum
962 1838 1220 1910 Siagrius
1247 1840 1645 1896 occultaretur.
1681 1841 1924 1896 Pervaso
1955 1839 2065 1911 igi-
2093 1855 2143 1914 Β
2167 1837 2265 1910 qui
2312 1838 2488 1890 vitam
2536 1836 2673 1907 fuga
2719 1839 3110 1906 protexerant,
3142 1835 3337 1891 redire
3381 1832 3656 1907 praecepit,
3684 1837 3730 1888 et

453 1929 548 1980 tur
573 1925 734 1980 omni
755 1942 937 1997 regno
969 1926 1198 1998 Siagrii,
1232 1927 1544 1982 Clodoveus
1582 1929 1803 2000 legatos
1833 1944 1962 1982 suos
1993 1928 2066 1982 ad
2167 1943 2264 1982 eos
2294 1926 2642 1980 Francorum
2666 1924 2997 1980 tributarios
3024 1923 3182 1980 fecit.

451 2014 742 2068 Alaricum
763 2014 977 2087 dirigit,
1007 2015 1295 2070 mandans
1325 2019 1387 2070 ut
1417 2015 1468 2070 ei
1503 2015 1758 2088 Siagrius
1789 2015 2064 2071 reddere-
2238 2015 2301 2069 In
2334 2014 2535 2070 diebus
2565 2013 2675 2068 illis
2711 2013 3120 2068 Gundobaldus
3151 2015 3213 2068 et
3240 2009 3588 2084 Godegisilus
3616 2011 3730 2066 Bur-

454 2103 568 2166 tur,
600 2101 686 2156 sin
719 2101 904 2169 aliter,
935 2106 1240 2174 pararetur
1279 2102 1355 2157 ad
1385 2103 1620 2158 bellum.
1640 2105 1898 2159 Metuens
1930 2105 2062 2159 Ala-
2166 2101 2531 2174 gundionum
2561 2117 2749 2172 reges,
2797 2099 2900 2154 filii
2939 2101 3208 2155 videlicet
3236 2099 3541 2166 Gundevei,
3572 2097 3656 2170 qui
3677 2114 3730 2152 ex

459 2189 610 2244 ricus
641 2191 991 2245 Francorum
1020 2190 1244 2262 gladios
1275 2191 1542 2262 experiri,
1574 2209 1680 2263 per
1705 2193 1940 2247 eosdem
1982 2194 2064 2246 le-
2169 2189 2711 2264 genereAthanarici
2733 2189 2884 2260 regis
2906 2189 3309 2256 descenderat,
3342 2187 3519 2243 nimia
3545 2186 3730 2260 cupidi-

455 2281 622 2350 gatos
635 2279 757 2350 regi
779 2279 1064 2335 Clodoveo
1097 2279 1386 2352 Siagrium
1423 2280 1622 2348 mittit,
1652 2281 1940 2336 mandans
1967 2281 2069 2334 hu-
2169 2278 2493 2346 tateillecti,
2515 2279 2754 2333 fratrem
2777 2295 2944 2333 suum
2981 2277 3222 2334 nomine
3247 2276 3617 2348 Chilpericum
3635 2275 3732 2346 gla-

460 2367 674 2422 militer
700 2370 760 2421 ut
774 2367 940 2438 juxta
969 2370 1166 2422 votum
1214 2367 1393 2422 animi
1435 2369 1591 2440 quod
1623 2371 1916 2424 meruerat
1941 2369 2067 2423 red-
2168 2369 2263 2424 dio
2294 2371 2688 2440 peremerunt,
2713 2371 2771 2422 et
2789 2383 3028 2422 uxorem
3055 2365 3229 2434 illius,
3253 2366 3430 2439 ligato
3459 2364 3530 2420 ad
3551 2364 3728 2419 collum

460 2455 624 2510 deret
654 2455 890 2510 inimico
923 2472 1044 2510 suo.
1076 2455 1220 2519 Quoi
1260 2472 1392 2510 cum
1433 2457 1558 2527 regi
1592 2461 2063 2529 praesentaretur,
2167 2474 2322 2526 saxo,
2357 2457 2622 2513 ﬂuctibus
2651 2457 3114 2512 submerserunt.
3135 2455 3488 2528 Chilpericus
3512 2452 3729 2508 isteduas

459 2543 635 2598 misso
667 2543 1008 2614 spiculatore
1055 2547 1225 2614 caput
1271 2545 1394 2615 ejus
1444 2545 1734 2615 amputari
1767 2545 2064 2617 praecepit.
2167 2545 2314 2601 filias
2333 2546 2786 2602 habuit.Nemen
2819 2545 2920 2600 uni
2951 2544 3245 2606 Cbronna,
3265 2541 3569 2599 Crocbildis
3584 2541 3732 2596 altera

460 2631 680 2685 Dehinc
691 2631 819 2702 jam
847 2631 1046 2686 sedato
1063 2632 1334 2700 tumultu,
1363 2635 1420 2687 et
1433 2632 1646 2703 fugatis
1659 2632 1916 2688 hostibus
1938 2650 2068 2705 par-
2167 2635 2505 2703 vocabatur;
2535 2635 2871 2690 Chronnam
2895 2649 3054 2700 vero,
3086 2635 3318 2687 mutata
3345 2633 3512 2697 veste,
3538 2628 3728 2684 Gunde-

455 2718 678 2790 timque
711 2719 1088 2788 detruncatis,
1118 2735 1368 2790 regnum
1404 2719 1632 2792 Siagrii,
1666 2723 1724 2774 et
1767 2721 2068 2776 thesauros
2165 2723 2370 2779 baldus
2389 2723 2583 2778 exsilio
2611 2721 3042 2788 condemnavit,
3065 2720 3468 2776 Chrocbildem
3492 2715 3637 2773 domi
3656 2730 3727 2770 re-

457 2808 582 2879 ejus
604 2807 902 2864 universos
921 2823 1276 2880 omnemque
1291 2808 1515 2880 regiam
1533 2809 1944 2880 supellectilem
1961 2809 2066 2864 sibi
2164 2811 2728 2882 tinuit.Przeceperat
2746 2814 2884 2865 tunc
2907 2807 3231 2864 Clodoveus
3251 2825 3350 2864 rex
3371 2804 3631 2879 legatario
3645 2817 3725 2857 suo

455 2895 890 2951 soliClodoveus
918 2895 1177 2950 retinuit.
1202 2897 1467 2952 Praedam
1495 2913 1628 2952 vero
1658 2901 1716 2952 et
1741 2897 1927 2970 spolia
1959 2914 2054 2954 oc-
2162 2900 2472 2955 Aureliano
2503 2903 2566 2954 ut
2623 2898 2730 2954 sibi
2760 2898 2953 2970 puella
2983 2896 3194 2952 nobilis
3225 2897 3570 2964 quaereretur
3593 2889 3727 2946 bonis

457 2984 706 3039 cisorum
741 2983 1016 3038 militibus
1065 2983 1342 3040 universis
1371 3001 1535 3058 aeque
1567 2985 1876 3041 dividenda
1895 3003 2062 3042 man-
2165 2987 2719 3044 moribusadornata
2734 2985 3003 3041 etbabitu
3025 2985 3286 3056 corporis
3299 2983 3724 3050 decorata,quam

458 3071 763 3128 davit.Non
786 3073 971 3128 solum
1007 3072 1166 3128 enim
1184 3073 1345 3128 villas
1366 3090 1466 3128 seu
1501 3075 1732 3128 castella
1753 3073 1944 3146 aliqua
1971 3091 2064 3130 va-
2094 3135 2134 3148 Α
2163 3076 2270 3132 sibi
2301 3073 2569 3148 conjugio
2591 3075 2906 3147 copularet.
2931 3071 3361 3144 Frequenterin
3379 3065 3724 3142 Burgundiam

455 3164 766 3228 staverant,
789 3178 987 3216 verum
1009 3161 1188 3217 etiam
1221 3162 1486 3218 ecclesias
1513 3165 1704 3234 plures
1730 3180 1863 3218 cum
1901 3167 2062 3218 tanta
2087 3135 2135 3196 δ
2161 3165 2500 3221 Aurelianus
2541 3163 2708 3231 ierat,
2741 3162 3122 3235 quamobrem
3151 3165 3213 3216 et
3242 3155 3582 3216 Chrocbildis
3621 3169 3727 3225 pru-

456 3251 726 3306 aviditate
753 3250 1085 3323 depopulati
1128 3255 1281 3319 sunt,
1337 3254 1400 3307 ut
1449 3269 1579 3308 cum
1613 3269 1789 3308 aurea
1816 3269 2060 3326 quasque
2163 3254 2421 3310 dentiam
2444 3255 2503 3308 et
2531 3251 2881 3324 elegantiam
2907 3251 3056 3306 bene
3079 3250 3450 3322 cognoverat.
3465 3245 3556 3300 Hic
3573 3257 3723 3298 acces-

457 3341 546 3395 vel
576 3343 853 3413 argentea
883 3340 1151 3396 utensilia
1175 3341 1280 3396 sibi
1311 3342 1552 3415 quisque
1597 3343 1958 3410 reconderet,
1992 3359 2061 3398 ea
2161 3342 2234 3398 sit
2249 3343 2321 3397 ad
2347 3357 2570 3413 regem,
2603 3343 2662 3395 et
2686 3340 2891 3412 puellm
2913 3338 3290 3428 prudentiam
3325 3333 3512 3428 nimiis
3535 3344 3720 3428 praeco-

457 3427 634 3484 etiam
664 3445 792 3502 quas
824 3429 992 3484 nullis
1021 3430 1364 3486 utilitatibus
1381 3435 1549 3486 erant
1575 3447 1832 3504 congrua
1859 3432 1946 3487 vel
1962 3449 2061 3486 un-
2162 3431 2273 3486 uiis
2297 3432 2560 3486 attollere
2606 3428 2796 3501 coepit.
2823 3427 3042 3483 Exarsit
3065 3426 3124 3482 in
3151 3420 3602 3498 concupiscentia
3625 3420 3721 3488 ejus

455 3518 660 3590 guibus
699 3519 1065 3588 dissecarenl,
1085 3521 1173 3576 vel
1205 3519 1461 3576 ﬂammis
1486 3521 1705 3592 injecta
1729 3537 2062 3576 concrema—
2161 3519 2315 3592 regis
2345 3517 2705 3584 animOSilBS,
2739 3520 2800 3571 et
2827 3531 2932 3588 Per
2959 3515 3310 3587 legatarium
3342 3508 3564 3603 Virgini?
3583 3517 3722 3603 ξξπθῗ

455 3589 608 3663 rent.
635 3608 791 3663 Inter
805 3611 1012 3664 caetera
1039 3625 1174 3665 vero
1203 3589 1574 3665 ecclesiarum
1596 3611 2062 3676 ornamenta,ur-
2163 3589 2432 3679 appellat,
2466 3607 2512 3662 si
2542 3605 2692 3662 forte
2710 3605 3070 3660 Francorum
3101 3604 3228 3676 regi
3257 3601 3447 3676 puella
3474 3595 3654 3653 nobilis
3677 3589 3722 3644 et

455 3712 623 3752 ceum
655 3697 818 3752 mirae
851 3697 1269 3768 magnitudinis
1311 3697 1560 3770 mirique
1595 3696 1839 3764 decoris,
1867 3695 1939 3750 de
1975 3713 2064 3750 ec-
2164 3696 2426 3767 orphana
2452 3697 2688 3768 cuperet
2704 3691 2928 3748 sociari.
2958 3691 3128 3764 Regis
3153 3689 3636 3746 mandatalaturus
3655 3694 3722 3734 ar-

455 3783 626 3840 clesia
658 3785 910 3856 quadam
941 3787 1317 3840 abstulerant.
1366 3785 1478 3838 Hos
1511 3783 1760 3838 ecclesiae
1802 3783 2060 3854 ejusdem
2163 3783 2298 3856 ripit
2318 3783 2427 3837 iter
2445 3782 2809 3843 Aurelianus,
2850 3779 3250 3852 Burgundiam
3277 3777 3536 3841 tendens,
3556 3773 3607 3826 et
3631 3779 3720 3838 quo

455 3875 754 3946 episcopus
780 3890 884 3944 per
901 3871 1520 3945 legatossubsequitur,
1546 3871 1942 3943 humiliprece
1962 3871 2062 3927 de-
2165 3875 2406 3928 noverat
2434 3887 2554 3926 esse
2569 3871 2822 3942 puellam
2851 3868 3104 3941 pedestri
3135 3867 3344 3924 itinere
3373 3859 3720 3940 properat,pe-

453 3979 696 4034 poscens
726 3966 787 4016 ut
815 3961 867 4016 ei
888 3963 1203 4017 Clodoveus
1215 3978 1312 4016 rex
1343 3976 1579 4015 urceum
1593 3961 1836 4017 reddere
1861 3961 2064 4033 digna-
2165 3977 2294 4018 ram
2313 3960 2507 4016 ferens
2521 3962 2579 4015 et
2599 3959 2891 4026 baculum,
2913 3956 3199 4014 resarcitis
3221 3953 3424 4013 tunicis
3436 3948 3719 4045 adopertus,

453 4031 616 4104 retur
635 4051 914 4104 ablatum.
943 4049 1158 4113 Quibus
1184 4048 1606 4120 itarespondit:
1639 4049 1836 4105 «Licet
1865 4031 2064 4107 omnia
2164 4050 2224 4106 in
2256 4049 2528 4122 spertella
2545 4049 2823 4104 absconsa
2837 4046 3061 4102 ferebat
3086 4062 3336 4102 munera
3355 4031 3720 4099 Clodovei.0u0

455 4137 960 4192 reddendaforent
981 4153 1108 4208 quae
1135 4136 1205 4191 de
1223 4135 1679 4192 Christianorum
1695 4138 1942 4194 ecclesiis
1962 4140 2065 4195 ab-
2167 4155 2296 4196 cum
2319 4136 3041 4211 pervenisset,adveniente
3060 4135 3153 4190 die
3173 4133 3470 4192 Dominico
3492 4127 3628 4182 inter
3648 4134 3720 4174 re-

456 4225 744 4288 stulimus,
775 4228 972 4278 tamen
1000 4224 1044 4278 si
1062 4224 1217 4279 aliud
1231 4223 1456 4280 videtur
1473 4241 1590 4280 non
1609 4227 1819 4282 mereri
1843 4228 2063 4299 episco-
2165 4230 2350 4302 liquos
2374 4242 2659 4300 pauperes
2694 4225 2768 4281 ad
2811 4224 3158 4297 capiendam
3189 4225 3596 4308 eleemosynanf
3623 4220 3718 4263 ⁸⁸⁵⁸

455 4329 584 4385 Ριιε,
624 4329 859 4368 urceum
890 4317 1111 4376 tamen.
1137 4313 1182 4367 Si
1201 4315 1412 4369 nostri?
1437 4315 1596 4386 parti-
1619 4316 2064 4384 obvenerit,non
2163 4313 2834 4372 Aurelianusimmiscuit
2864 4317 2925 4368 ut
2955 4311 3284 4368 Chrocbildi
3314 4310 3384 4366 de
3409 4303 3718 4390 ecclesia}?-

458 4384 744 4473 negabo.»
771 4401 868 4456 His
884 4401 1069 4472 dictis,
1087 4403 1344 4458 concitus
1369 4384 1508 4460 abiit
1529 4423 1642 4477 quo
1661 4406 1835 4461 totius
1853 4407 2064 4480 praedae
2089 4421 2141 4480 1)
2165 4405 2369 4462 deunti
2393 4421 2608 4477 paucos
2632 4403 2914 4458 indicaret
2935 4401 3392 4458 sermones.Erat
3419 4391 3565 4450 enim
3587 4384 3718 4480 Chri:

454 4469 686 4547 summa
717 4490 1026 4546 dividenda
1057 4469 1226 4560 erat,
1255 4496 1314 4548 et
1345 4492 1422 4548 sic
1464 4469 1744 4550 universis
1787 4469 2064 4550 militibus
2091 4469 2134 4480 u
2166 4493 2521 4558 stiana.Quae
2551 4507 2682 4547 cum
2701 4491 2773 4546 de
2792 4491 3034 4546 ecclesia
3056 4489 3298 4546 domum
3313 4477 3659 4542 reverteretur
3673 4469 3718 4522 el

456 4579 623 4634 inﬁt:
653 4598 684 4632 α
717 4580 898 4652 Rogo,
922 4579 1240 4636 charissimi
1260 4581 1494 4650 milites,
1519 4585 1581 4636 ut
1596 4582 1697 4637 Dei
1710 4583 1923 4638 amoris
1939 4601 2067 4654 gra-
2167 4585 2333 4640 solita
2367 4581 2774 4638 muniﬁcentia
2806 4580 3046 4653 singulis
3083 4577 3426 4654 pauperibus
3451 4573 3715 4660 eleemfli:

456 4667 541 4724 tia
557 4685 790 4724 urceum
809 4650 970 4724 illum
993 4686 1137 4725 mea:
1149 4670 1288 4726 sorti
1303 4670 1900 4744 deputetis,quatenus
1915 4650 2068 4728 hunc
2170 4689 2310 4728 nam
2323 4671 2516 4742 imper
2529 4650 2954 4742 tiret,pervenit
2965 4650 3407 4723 adAiJrelianum
3419 4650 3658 4716 etobtulit
3674 4650 3714 4698 el

457 4757 676 4832 petenti
719 4757 984 4832 episcopo
1014 4758 1256 4814 reddere
1289 4761 1536 4825 valeam,
1569 4776 1644 4814 ne
1675 4775 1744 4814 ex
1771 4763 1893 4815 toto
1925 4776 2068 4832 pau-
2173 4776 2414 4816 aureum
2449 4775 2655 4827 unum,
2693 4748 2867 4813 totius
2913 4756 3119 4829 ignara
3144 4753 3380 4828 negotii.
3421 4749 3586 4813 Quem
3611 4746 3713 4832 c'fm

459 4848 694 4922 percula
731 4848 852 4921 ejus
905 4848 1143 4904 ecclesia
1184 4851 1381 4903 nostra
1401 4847 1676 4904 violentia
1703 4847 2012 4906 desoletur.
2042 4872 2069 4900 »
2171 4850 2267 4906 ille
2295 4847 2620 4920 recepisset,
2650 4850 2814 4902 caute
2839 4845 3118 4900 subtraxit
3157 4843 3394 4918 pallium
3424 4832 3714 4922 puellm-In;

461 4903 679 4992 l’lacuit
713 4903 986 4992 universis
1017 4937 1218 5010 petitio
1249 4935 1426 5009 regis,
1479 4940 1536 4992 et
1572 4937 1842 5009 gratandi
1872 4903 2070 4994 animo
2404 4903 2526 4990 sese
2556 4903 2714 5008 lolqui
2767 4935 2911 4990 velle
2957 4949 3087 4988 cum
3126 4903 3244 5024 illa.
3290 4903 3714 5024 νςοίιηιξηξξξξξ

459 5042 695 5082 urceum
719 5026 960 5082 reddere
983 5008 1396 5092 decernebant,
1430 5042 1564 5081 cum
1593 5043 1742 5081 unus
1773 5043 1804 5080 e
1841 5027 2072 5082 Francis
2172 5024 2952 5100 palatium,et,subsequente
2969 5021 3301 5088 Aureliano,
3329 5008 3716 5100 ingrediturvtr-

459 5113 516 5170 in
549 5116 632 5170 sui
663 5115 979 5189 perniciem
1003 5117 1224 5170 elevata
1242 5115 1495 5186 bipenne
1517 5132 1749 5170 urceum
1771 5116 2069 5188 percussit,
2174 5133 2248 5188 go
2261 5113 2669 5174 triclinium,et
2693 5109 2853 5165 misit
2877 5109 3148 5164 ancillam
3171 5123 3296 5180 quae
3318 5095 3573 5194 convocet

459 5208 518 5259 et
547 5205 626 5260 ait
651 5178 678 5260 τ’
699 5227 727 5255 ‹‹
758 5205 922 5270 Quod
938 5204 989 5259 ei
1020 5221 1143 5259 sors
1165 5178 1416 5273 dede-rit,
1442 5204 1618 5260 cuivis
1644 5178 2014 5277 impertiatur
2041 5223 2075 5261 a
2174 5178 2407 5277 grinum
2462 5199 2678 5256 Detulit
2713 5197 3056 5253 Aurelianus
3093 5194 3336 5252 donaria
3377 5186 3535 5259 regis:
3562 5178 3713 5277 θί

456 5309 616 5365 rege,
656 5259 902 5349 nostras
944 5292 1110 5348 nobis
1137 5295 1332 5364 partes
1360 5259 1487 5366 pse
1536 5259 2073 5366 relinqizatafdbs:
2174 5259 2652 5347 nulumClodovei
2677 5303 2854 5342 manu
2872 5289 3104 5358 gestans
3133 5281 3514 5356 porrexiteum
3528 5259 3711 5366 ηιξθξξξῖς

457 5348 764 5452 tupelactis
791 5381 1060 5437 omnibus
1088 5348 1154 5436 ad
1183 5381 1268 5436 rei
1300 5348 1460 5437 istius
1491 5348 1746 5437 novitate
1805 5382 2071 5452 turbatis,
2175 5383 2234 5435 et
2261 5379 2367 5434 ait:
2403 5401 2430 5429 «
2465 5379 2776 5450 Loquatur,
2801 5375 3059 5464 obsecro,
3093 5373 3175 5428 mi
3204 5348 3710 5464 demittetﬂuf‘f:

459 5444 615 5540 regis
647 5469 970 5540 indignatio
993 5467 1277 5540 patientia
1301 5469 1536 5524 interim
1567 5469 1960 5542 opperitur,et
1976 5487 2071 5524 ur-
2173 5485 2366 5523 servus
2394 5469 2522 5522 tuus
2555 5467 2772 5520 secrete
2801 5463 2860 5518 in
2880 5462 3112 5518 auribus
3135 5461 3248 5516 tuis
3285 5461 3348 5514 ut
3381 5451 3521 5546 “fit-8

457 5523 626 5612 celim
659 5523 902 5612 reddere
931 5523 1208 5629 pnzecepit
1237 5557 1509 5631 episcopo
1575 5523 1742 5612 Alnno
1769 5557 1966 5630 itaque
1979 5576 2069 5614 ex-
2172 5555 2444 5612 intimare
2472 5553 2750 5610 mandata
2779 5549 3004 5607 domini
3031 5549 3148 5604 mei
3177 5547 3390 5647 regis».

449 5645 614 5728 pleto
631 5622 986 5724 congregato
1016 5622 1452 5714 exercitu,durn
1494 5645 1812 5706 secundum
1843 5622 2070 5710 morem
2171 5665 2206 5706 ς
2233 5647 2514 5722 Loquere,
2545 5663 2570 5696 ι
2595 5641 2804 5717 inquit.
2820 5641 2889 5699 Et
2917 5639 3211 5700 educense
3241 5629 3503 5716 sportella
3519 5622 3692 5697 ⁵Ρ⁰⁰⁵⁸
