3862 6210
173 423 261 476 597
1347 418 1563 476 GESTA
1590 416 2030 476 FRANCORUM.

3347 431 3452 484 598

167 544 234 597 lia
255 542 616 605 ornamenta,
644 539 849 594 obtulit
873 540 1098 611 puellae,
1130 539 1355 596 dicens:
1379 558 1410 591 α
1428 541 1556 595 Haec
1583 557 1748 594 man-
1773 543 1827 603 Α
1849 540 1944 612 qui
1983 540 2192 596 effusus
2220 543 2378 598 estin
2413 542 2678 599 manibus
2707 544 2886 616 ejus.»
2915 546 2982 600 Et
3011 547 3176 616 plura
3206 549 3450 617 locutus,

163 630 247 683 dat
265 628 529 682 dominus
549 643 722 682 meus
743 645 837 682 rex
854 627 1190 694 Clodoveus,
1220 627 1339 680 utsi
1365 627 1416 681 ei
1435 627 1748 698 praebueris

161 720 257 771 tua:
304 714 616 770 voluntatis
648 731 974 781 assensum,
1005 717 1220 786 absque
1251 715 1528 770 dilatione
1560 718 1614 769 te
1660 731 1749 769 re-

164 802 381 874 cipietin
411 819 685 857 uxorem.
707 825 734 851 »
760 804 1002 858 Tantam
1021 803 1366 858 industriam
1388 803 1490 856 viri
1507 803 1752 858 miratur

164 891 350 962 puella,
381 893 440 943 et
469 905 608 944 cum
641 890 827 944 nimia
847 891 1055 945 mentis
1085 891 1379 945 alacritate
1403 890 1646 945 donaria
1668 906 1752 944 re-

166 978 239 1049 gis
262 979 644 1048 amplexatur,
666 982 722 1032 et
746 982 954 1033 caetera
975 978 1079 1032 sibi
1106 978 1447 1045 recondens,
1472 979 1753 1033 annulum

165 1067 327 1120 solum
355 1065 411 1119 in
463 1067 769 1121 thesauros
801 1066 1063 1121 avunculi
1097 1067 1181 1120 sui
1228 1067 1502 1139 reposuit,
1532 1071 1588 1120 et
1619 1065 1753 1120 talia

167 1155 337 1208 retulit
386 1154 699 1225 portitori:
755 1178 783 1204 «
843 1155 1096 1210 Salutem
1131 1155 1302 1211 dicito
1359 1156 1666 1223 Clodoveo,
1696 1158 1754 1209 et

167 1243 400 1315 quamvis
426 1259 548 1297 non
572 1243 650 1296 sit
676 1243 894 1298 licitum
926 1248 989 1298 ut
1018 1244 1198 1298 nubat
1228 1243 1551 1299 Christiana
1576 1260 1752 1316 paga-

167 1347 249 1397 no,
288 1334 481 1383 tamen
505 1329 554 1384 si
575 1331 809 1385 Domini
837 1331 935 1385 Dei
965 1333 1226 1386 voluntas
1244 1330 1493 1386 adfuerit
1515 1330 1602 1384 cui
1636 1346 1751 1386 ser-

166 1417 262 1480 vio,
290 1434 460 1490 quem
514 1419 824 1487 confiteor,
854 1437 1028 1491 quem
1060 1420 1261 1482 adoro,
1301 1420 1518 1490 gratias
1548 1419 1754 1474 divina:

167 1507 392 1563 referam
412 1509 728 1580 majestati,
765 1511 822 1563 et
841 1512 1045 1563 nutum
1059 1510 1374 1580 subsequar
1391 1507 1752 1579 imperantis.

167 1597 224 1650 Et
243 1601 297 1650 tu
327 1596 506 1652 nostri
533 1596 742 1651 secreti
782 1597 927 1650 ﬁdus
976 1596 1207 1666 adjutor
1235 1597 1377 1651 vade
1416 1596 1474 1650 in
1530 1613 1690 1668 pace.
1726 1615 1756 1649 »

167 1686 370 1740 Perlata
404 1688 543 1740 sunt
559 1685 637 1739 ad
650 1685 996 1739 Clodoveum
1018 1685 1192 1740 verba
1219 1685 1506 1756 puellae,et
1534 1701 1760 1739 rursum

169 1774 459 1829 Clodoveus
469 1774 850 1829 Aurelianum
869 1775 1212 1845 legatarium
1231 1774 1302 1828 ad
1318 1773 1757 1828 Gundebaldum

1851 629 2090 682 tandem
2109 630 2346 684 consilio
2390 631 2748 702 prudentum
2779 633 3034 687 virorum
3081 634 3347 703 mitigata
3373 639 3456 688 est

1851 714 2161 783 insania,et
2177 717 2660 773 sicChrochildem
2675 720 2984 774 Aureliano
3005 721 3453 785 tradidit.Quam

1853 819 1982 856 cum
2005 803 2224 874 ingenti
2250 805 2460 875 gaudio
2492 807 2832 861 Aurelianus
2861 807 3452 879 suscipiens,Suessio-

1854 890 1943 944 nis
1964 890 2252 946 civitatem
2285 909 2478 948 secum
2516 911 2693 964 usque
2738 894 2916 957 duxit,
2964 899 3019 948 et
3049 895 3299 950 reddidit
3324 911 3453 950 eam

1855 978 2157 1036 Clodoveo.
2194 981 2363 1052 Cujus
2394 981 2818 1053 pulchritudine
2849 981 3162 1036 delectatus
3190 999 3452 1051 rex,con-

1851 1067 2063 1120 vocatis
2093 1068 2355 1139 reguisui
2375 1069 2728 1139 proceribus,
2758 1070 3071 1124 secundum
3089 1071 3308 1140 regiam
3322 1087 3455 1125 con-

1852 1155 2214 1210 suetudinem
2229 1171 2358 1211 eam
2373 1157 2478 1211 sibi
2509 1157 2810 1213 sociavitin
2839 1175 3096 1213 uxorem.
3126 1158 3266 1213 Sero
3283 1159 3454 1230 igitur

1855 1241 1945 1296 die
1966 1243 2084 1309 illo,
2117 1244 2348 1314 quando
2370 1261 2531 1300 more
2556 1245 2919 1318 nuptialisim
2931 1246 3338 1301 ulaccumbere
3351 1247 3454 1300 de-

1853 1330 2161 1397 berent,sic
2193 1332 2288 1388 illa
2316 1333 2476 1404 prior
2503 1334 2751 1388 allocuta
2784 1337 2869 1388 est
2892 1334 3262 1390 Clodoveum.
3293 1357 3319 1384 «
3339 1337 3452 1388 Au-

1855 1417 1994 1484 diat,
2012 1435 2136 1486 oro,
2149 1419 2422 1475 dominus
2440 1438 2604 1476 meus
2621 1439 2718 1476 rex
2734 1423 3004 1476 ancillam
3035 1439 3220 1490 suam,
3251 1426 3308 1477 et
3323 1439 3455 1477 con-

1856 1507 2062 1562 cedere
2089 1508 2360 1578 dignetur
2379 1510 2741 1566 famulaasuaa
2758 1510 3198 1582 petitiunculam
3229 1511 3272 1566 si
3296 1511 3453 1565 inve-

1859 1594 1918 1648 ni
1951 1595 2200 1665 gratiam
2235 1596 2292 1651 in
2340 1601 2650 1669 conspectu
2680 1599 2848 1653 illius.
2881 1621 2908 1648 ››
2960 1599 3058 1653 Cui
3094 1599 3408 1653 Clodoveus
3436 1616 3454 1651 :

1860 1705 1888 1730 «
1913 1684 2070 1745 Pete,
2103 1684 2202 1750 ait,
2236 1686 2392 1756 quod
2421 1687 2522 1753 vis,
2559 1685 2832 1758 quoniam
2881 1691 2978 1742 tua
3003 1687 3203 1757 petitio
3249 1702 3458 1741 conse-

1859 1775 2067 1842 quetur
2095 1772 2382 1827 effectum.
2403 1794 2430 1822 »
2446 1775 2532 1829 Ad
2549 1777 2669 1829 haec
2691 1775 2892 1848 regina
2909 1775 3109 1847 spiritu
3141 1775 3239 1830 Dei
3270 1776 3458 1846 reple-

170 1862 364 1934 dirigit,
388 1863 753 1934 mandatque
773 1866 834 1916 ut
853 1863 903 1916 ei
923 1863 978 1916 in
1001 1863 1310 1933 conjugem
1339 1865 1574 1934 neptem
1592 1878 1755 1916 suam
1780 1847 1830 1907 Β
1857 1863 1934 1926 ta,
1967 1859 2052 1914 his
2081 1877 2282 1931 regem
2299 1861 2470 1933 coepit
2495 1847 2866 1935 interpellare
2887 1864 3270 1918 sermonibus.
3299 1886 3326 1914 ‹‹
3343 1863 3459 1918 Pri-

169 1950 384 2019 tribuat,
421 1951 468 2005 si
501 1952 758 2006 Francos
785 1950 919 2004 velit
954 1951 1169 2005 habere
1193 1952 1464 2020 pacatos;
1498 1949 1754 2021 alioquin

171 2042 253 2092 aut
280 2039 492 2094 tributa
522 2041 838 2111 persolvat,
865 2043 963 2093 aut
991 2039 1064 2093 ad
1094 2039 1472 2111 pugnandum
1521 2055 1651 2092 cum
1685 2055 1753 2092 eo

169 2143 313 2181 arma
334 2127 636 2198 corripiat.
672 2128 800 2182 Haec
824 2126 1063 2182 audiens
1094 2127 1523 2193 Gundobaldus,
1559 2129 1754 2182 mente

171 2218 552 2270 consternatus
584 2218 866 2270 convocat
895 2215 1110 2270 amicos
1139 2218 1196 2270 et
1222 2214 1575 2270 consiliarios
1601 2207 1752 2281 Suos,

171 2301 341 2356 dicens
369 2303 479 2359 illis
506 2320 519 2357 :
552 2327 581 2354 «
614 2304 802 2358 Nostis
827 2320 1030 2358 omnes
1044 2303 1330 2358 consilarii
1349 2307 1406 2358 et
1431 2303 1601 2358 amici
1618 2303 1753 2369 mei,

167 2392 300 2461 quod
327 2393 690 2448 Francorum
713 2393 1129 2448 rexClodoveus
1153 2393 1456 2448 adversum
1477 2409 1581 2448 nos
1598 2410 1754 2464 quae-

164 2483 242 2533 rat
267 2481 616 2547 occasiones,
650 2484 854 2551 petens
877 2498 980 2554 per
1010 2483 1266 2552 legatum
1306 2485 1540 2552 neptem
1574 2482 1750 2537 Chro-

166 2568 409 2636 childem,
437 2587 582 2625 cum
617 2570 865 2624 necdum
887 2586 1016 2624 eam
1048 2570 1192 2625 facie
1237 2570 1478 2624 noverit.
1512 2570 1640 2626 Hinc
1670 2575 1756 2625 est

167 2656 510 2714 dissensionis
547 2660 740 2731 origo,
771 2660 893 2714 haec
918 2676 1089 2714 causa
1115 2659 1432 2726 discordiae,
1467 2660 1588 2714 haec
1647 2678 1752 2715 no-

170 2749 282 2800 stras
311 2747 654 2803 vastationis
705 2747 930 2801 infinita
982 2747 1250 2818 perditio.
1282 2748 1367 2801 Ad
1404 2748 1513 2802 hoc
1566 2749 1756 2802 tendit

169 2849 318 2890 omne
344 2837 679 2907 negotium,
711 2839 773 2889 ut
803 2852 906 2890 nos
932 2853 1135 2890 omnes
1163 2835 1278 2890 vita
1304 2835 1510 2905 privet,
1546 2835 1756 2890 deinde

168 2926 377 2990 gentem
410 2928 684 2980 nostram
728 2923 934 2995 spoliet
981 2924 1265 2978 libertate.
1301 2925 1432 2979 Ideo
1467 2923 1623 2978 enim
1661 2941 1758 2978 vos

169 3013 409 3068 accersivi
445 3016 509 3068 ut
547 3013 669 3084 pari
689 3012 923 3068 consilio
945 3013 1236 3068 saniorem
1263 3013 1479 3066 exitum
1501 3013 1757 3085 inquira-

169 3099 243 3164 tis,
260 3105 310 3155 et
329 3101 637 3156 communi
651 3101 881 3156 utilitati
899 3101 1594 3173 providentes,quidfacto
1616 3118 1758 3175 opus
1783 3128 1831 3187 Ο

169 3188 228 3241 sit
252 3194 428 3246 vestra
449 3189 806 3246 auctoritate
839 3189 1178 3244 decernatis.
1215 3209 1246 3242 »

229 3296 322 3352 His
341 3297 421 3353 ita
455 3295 778 3370 peroraris,
811 3296 1250 3367 Burgundiones
1291 3297 1597 3352 consiliarii
1635 3297 1758 3368 ejus

167 3389 465 3442 metuentes
513 3386 671 3440 iram
701 3384 996 3439 incurrere
1036 3384 1326 3448 Clodovei,
1360 3386 1483 3456 pari
1517 3385 1754 3440 consilio

168 3472 529 3530 decreverunt
557 3477 620 3529 ut
633 3477 795 3529 tanto
835 3474 958 3545 regi
973 3477 1208 3545 tamque
1221 3474 1443 3544 potenti
1457 3475 1647 3546 puella
1659 3475 1757 3529 do-

168 3566 396 3630 naretur,
436 3581 515 3618 ne
549 3564 657 3617 hac
688 3561 985 3617 occasione
1027 3563 1102 3616 ad
1132 3562 1408 3617 deleudos
1439 3579 1537 3618 eos
1577 3565 1752 3618 tanta:

169 3651 331 3718 gentis
357 3651 641 3708 ferocitas
671 3654 992 3705 acueretur.
1024 3650 1354 3705 Metuebant
1388 3651 1547 3706 enim
1574 3652 1750 3706 Fran-

167 3751 263 3805 cos,
289 3743 346 3794 ut
379 3746 616 3796 caeteras
651 3743 855 3810 gentes
883 3756 1011 3811 quae
1037 3739 1356 3794 cernebant
1377 3757 1474 3795 eos
1497 3740 1749 3812 undique

167 3823 412 3897 dilatari;
490 3844 600 3883 nec
645 3843 766 3882 esse
814 3827 1088 3899 aliquem,
1137 3827 1234 3899 qui
1291 3844 1493 3882 eorum
1546 3827 1750 3899 gladiis

166 3915 403 3972 resistere
442 3919 666 3989 posset.
723 3916 997 3970 Mandant
1046 3932 1185 3988 ergo
1234 3916 1541 3971 accelerari
1580 3916 1639 3970 in
1662 3917 1747 3972 fa-

166 4002 392 4060 stidium.
435 4007 512 4060 Et
561 4004 846 4059 advocans
893 4005 1268 4059 Aurelianum
1317 4005 1748 4072 Gundobaldus,

167 4087 240 4144 his
267 4108 389 4148 eum
439 4091 621 4164 caepit
670 4091 1041 4164 interpellare
1089 4092 1490 4148 sermonibus:
1526 4114 1556 4147 α
1600 4095 1752 4159 Quo-

168 4177 305 4234 niam
334 4181 644 4238 occasione
695 4181 930 4251 petendi
961 4198 1198 4237 uxorem
1232 4182 1472 4236 domino
1515 4187 1614 4238 tuo
1660 4202 1752 4239 re.

169 4267 216 4336 gi
239 4268 434 4328 domos
463 4273 696 4326 nostras
726 4273 783 4324 et
807 4269 1054 4342 patriam
1074 4273 1374 4344 explorare
1395 4272 1752 4339 venisti,haec

167 4358 830 4430 populinoslriresponsa
851 4359 1024 4414 dicito
1047 4359 1354 4419 Clodoveo.
1387 4361 1642 4416 lnaniter
1659 4379 1754 4417 su-

170 4444 390 4513 spicatus
405 4452 500 4503 est
511 4447 724 4501 habere
738 4449 977 4519 neptem
989 4464 1184 4502 meam
1201 4449 1327 4519 conj
1339 4449 1566 4520 ugem,f
1567 4453 1756 4506 rustra

170 4537 474 4607 concupivit
517 4533 874 4590 Chrochildis
912 4553 1058 4591 meae
1101 4537 1610 4609 pulchritudinem.
1659 4540 1754 4594 His

171 4629 519 4695 exasperatus
544 4623 905 4692 Aurelianus,
944 4624 1024 4680 ita
1051 4626 1350 4697 respondit
1381 4644 1394 4681 :
1431 4627 1754 4691 «Quoniam

169 4711 420 4768 rusticani
448 4713 688 4783 alicujus
710 4729 805 4767 me
835 4716 1000 4784 putas
1031 4715 1310 4770 mandata
1339 4715 1754 4783 detulisse,non

170 4794 516 4858 hocmandat
546 4801 690 4856 alius
714 4801 823 4856 nisi
855 4802 1187 4870 Clodoveus,
1220 4807 1349 4858 tuus
1375 4807 1432 4859 et
1458 4822 1622 4860 meus
1651 4806 1754 4861 do-

172 4886 356 4946 minus:
419 4896 575 4958 tuus,
607 4891 868 4963 inquam,
902 4896 1049 4955 tuus,
1083 4895 1146 4946 ut
1176 4893 1370 4949 mittas
1398 4895 1449 4948 ei
1481 4911 1754 4966 sponsam

175 4990 310 5033 suam
341 4979 946 5045 Chrochildem.Quod
959 4981 1003 5035 si
1025 4982 1328 5050 distuleris,
1345 4987 1444 5038 aut
1475 4985 1526 5039 ci
1542 4983 1754 5040 tributa

175 5070 457 5137 persolves,
518 5073 620 5124 aut
696 5069 1026 5124 libertatem
1095 5071 1286 5142 gladio
1343 5072 1686 5128 defensabis.
1722 5094 1749 5123 »

175 5151 1074 5214 SubstomachatusGundolbadus
1086 5159 1207 5214 haec
1219 5163 1526 5216 tantumAu
1536 5162 1753 5218 reliano

176 5244 324 5300 verba
350 5247 648 5321 rependit:
679 5247 942 5314 «Veniat,
961 5247 1154 5302 veniat
1189 5249 1457 5305 dominus
1485 5254 1615 5305 tuus
1628 5253 1754 5307 Clo-

179 5328 385 5403 doveus,
409 5336 693 5409 quoniam
717 5336 791 5389 ad
814 5335 1241 5393 defendendam
1261 5339 1589 5395 libertatem
1626 5344 1760 5396 Bur-

179 5424 516 5487 gundionum
549 5442 715 5480 enses
747 5429 980 5496 paratos
1006 5425 1626 5497 inveniet,et,Domino
1641 5431 1759 5484 Deo

1857 1963 2018 2001 mum
2050 1949 2301 2018 postulat
2326 1950 2666 2019 ancillatua,
2687 1952 2922 2006 domine
2940 1952 3019 2006 mi
3050 1955 3239 2018 rex,ut
3259 1951 3456 2006 Domi-

1856 2052 1996 2090 num
2008 2037 2133 2092 coeli
2153 2041 2377 2107 patrem
2400 2039 2861 2110 omnipotentem
2888 2039 3209 2110 credas,qui
3231 2043 3284 2092 te
3305 2055 3460 2092 crea-

1855 2124 1952 2179 vit.
1985 2125 2204 2180 Deinde
2228 2129 2289 2180 ut
2316 2126 2631 2181 Dominum
2657 2129 2849 2182 Jesum
2883 2127 3192 2192 Christum,
3223 2125 3320 2198 qui
3354 2143 3458 2182 nos

1855 2213 2122 2281 redemit,
2164 2231 2198 2268 a
2229 2216 2396 2269 Patre
2445 2215 2516 2269 de
2533 2215 2685 2270 caelis
2710 2217 2952 2269 missum
2979 2215 3052 2269 ad
3080 2215 3321 2269 salutem
3342 2232 3460 2270 cre-

1858 2301 2119 2356 dentium
2137 2303 2484 2358 conﬁtearis.
2500 2303 2687 2358 Tertio
2737 2303 3014 2375 Spiritum
3033 2307 3295 2358 sanctum
3325 2304 3458 2358 etil-

1855 2381 2298 2438 luminationem
2313 2384 2576 2439 omnium
2581 2385 2604 2455 j
2614 2387 2871 2439 ustorum
2885 2387 3245 2454 agnoscas,et
3256 2399 3459 2455 agnos-

1855 2487 1990 2526 cens
2009 2487 2247 2527 omnem
2271 2473 2438 2527 simul
2477 2489 2753 2528 venerare
2799 2471 3094 2527 divintatis
3123 2471 3306 2526 unica:
3333 2488 3457 2526 ma-

1849 2562 2142 2635 jestatem,
2171 2563 2229 2615 et
2253 2560 2311 2614 in
2333 2561 2517 2616 tribus
2543 2561 2802 2632 personis
2816 2559 2998 2616 Patris
3027 2564 3086 2614 et
3111 2559 3235 2614 Filii
3261 2559 3456 2631 etSpi-

1854 2646 1996 2702 ritus
2041 2650 2244 2717 sancti,
2291 2649 2430 2704 nihil
2462 2649 2638 2722 prius,
2691 2650 2773 2705 nil
2803 2649 3106 2722 posterius,
3153 2648 3232 2702 nil
3266 2648 3456 2702 minus

1856 2746 2174 2818 suspiceris,
2198 2748 2298 2802 sed
2322 2748 2711 2803 teternitatem
2735 2749 2857 2802 tota
2876 2751 3072 2801 mente
3103 2750 3162 2801 et
3191 2762 3455 2818 coequa-

1858 2835 2015 2889 litate
2037 2835 2456 2908 complecteris.
2484 2837 2549 2889 Et
2577 2836 2732 2891 idola
2761 2852 2888 2907 qua:
2919 2852 3036 2890 non
3065 2837 3197 2888 sunt
3222 2833 3323 2901 dii,
3359 2833 3459 2888 sed

1858 2926 2018 2978 muta
2062 2923 2368 2980 simulacra
2413 2925 2747 2992 succendas,
2803 2923 3180 2994 ecclesiasque
3210 2922 3312 2977 Dei
3344 2923 3460 2976 mei

1859 3027 1997 3082 quas
2027 3012 2369 3067 succendisti
2400 3013 2735 3079 reuadifices,
2754 3015 2812 3066 et
2841 3012 3194 3083 baptismum
3218 3010 3459 3082 recipias

1858 3099 1916 3152 in
1947 3101 2182 3155 nomine
2215 3101 2404 3155 Patris
2424 3106 2482 3156 et
2515 3101 2640 3156 Filii
2671 3104 2728 3156 et
2753 3101 2996 3172 Spiritus
3024 3099 3226 3154 sancti.
3259 3100 3326 3153 Et
3349 3099 3459 3153 hoc

1859 3188 1932 3242 ad
1962 3190 2228 3244 ultimum
2260 3194 2394 3261 peto
2425 3194 2487 3244 ut
2515 3190 2775 3262 requiras
2815 3190 3114 3244 thesauros
3133 3188 3311 3260 patris
3341 3187 3457 3242 mei

1857 3279 1916 3331 et
1944 3278 2145 3332 matris
2177 3295 2342 3346 meae,
2376 3278 2936 3351 quosGundobaldus
2955 3279 3264 3332 avunculus
3294 3293 3456 3331 meus

1856 3366 2122 3436 nequiter
2140 3367 2699 3438 interfecit,quorum
2716 3366 3058 3436 sanguinem
3076 3365 3354 3420 Dominus
3371 3365 3454 3419 ul-

1855 3455 2116 3509 ciscatur.
2154 3477 2182 3504 »
2206 3456 2272 3509 Et
2311 3455 2393 3509 ait
2420 3472 2544 3510 rex:
2577 3478 2605 3506 «
2660 3455 2775 3509 Hoc
2814 3455 2888 3509 ad
2918 3471 3170 3525 praesens
3213 3454 3356 3508 mihi
3380 3453 3456 3508 vi-

1856 3541 2023 3597 detur
2069 3543 2267 3597 haberi
2298 3543 2528 3597 difficile
2583 3545 2644 3596 ut
2676 3543 2814 3596 deos
2847 3559 3006 3596 meos
3040 3542 3366 3612 relinquam
3398 3544 3456 3595 et

1851 3629 2039 3684 Deum
2053 3635 2216 3685 tuum
2233 3632 2441 3700 colam;
2470 3631 2568 3686 sed
2591 3633 2819 3698 cetera,
2851 3633 3151 3700 utpotero,
3183 3629 3454 3683 faciam»

1853 3717 1954 3773 Cui
1986 3723 2043 3774 et
2067 3719 2192 3776 illa:
2221 3739 2251 3772 α
2281 3721 2395 3774 Hoc
2425 3721 2530 3786 est,
2564 3719 2772 3791 inquit,
2826 3717 3146 3772 maximum
3177 3721 3235 3772 et
3263 3717 3456 3788 singu-

1852 3806 2154 3879 lare,quod
2167 3808 2483 3880 postulo,ut
2501 3807 2815 3862 Dominum
2834 3805 2960 3862 coeli
2979 3807 3265 3878 colas,per
3278 3821 3454 3876 quem

1850 3895 1988 3950 velis
2016 3896 2164 3951 nolis
2183 3914 2412 3969 regnas,
2440 3896 2496 3950 in
2530 3897 2690 3967 cujus
2713 3895 2950 3952 nomine
2981 3893 3450 3950 adversariorum

1852 3988 2038 4039 castra
2057 3985 2221 4040 facile
2245 3985 2560 4056 superabis.
2595 4006 2622 4034 »

1926 4073 2021 4129 His
2047 4075 2129 4129 ita
2154 4075 2458 4146 peroratis,
2506 4073 2831 4129 cubiculum
2872 4071 3208 4144 introgressi
3238 4071 3454 4143 pariter

1855 4166 2260 4230 accubuerunt,
2296 4166 2353 4218 et
2366 4163 2529 4235 nupti
2539 4163 2699 4218 aliter
2710 4162 3151 4218 solemnisantes
3167 4161 3225 4216 in
3243 4161 3453 4233 gaudio

1854 4259 1912 4311 et
1940 4253 2137 4310 laetitia
2163 4253 2335 4308 totius
2356 4252 2754 4324 annispatium
2772 4251 3187 4322 expenderunt.
3221 4251 3456 4321 Expleto

1855 4347 2048 4418 itaque
2062 4343 2316 4410 anno,ad
2332 4342 2772 4397 Gundobaldum
2787 4341 2995 4397 iterum
3021 4341 3458 4397 ClodoveusAu—

1777 4405 1830 4464 D
1856 4405 2141 4490 relianum
2154 4405 2369 4503 dirigit,
2403 4431 2686 4485 mandans
2700 4429 3324 4486 utChrochildisuxoris
3341 4445 3456 4483 suae

1857 4525 2152 4579 thesauros
2180 4521 2230 4576 ei
2248 4520 2682 4574 transmitteret.
2696 4523 2782 4574 lra
2808 4520 3032 4574 fervens
3048 4518 3458 4573 Gundobaldus

1855 4609 2148 4667 Aureliani
2173 4610 2344 4664 verba
2372 4609 2459 4663 vix
2497 4608 2760 4676 sustinet,
2789 4613 2847 4663 et
2876 4609 2935 4662 in
2976 4609 3098 4662 haec
3123 4607 3298 4662 verba
3327 4610 3460 4661 tan-

1858 4701 1990 4755 dem
2023 4698 2379 4771 prorumpit:
2399 4719 2427 4748 «
2445 4697 2713 4770 Nunquid
2735 4698 2790 4752 in
2808 4697 3076 4752 manibus
3090 4694 3355 4751 Clodovei
3372 4711 3460 4750 re-

1857 4806 2040 4861 gnum
2056 4805 2250 4843 meum
2271 4786 2552 4853 tradetur,
2568 4789 2666 4841 aut
2689 4786 2940 4841 thesauri
2955 4785 3068 4839 mei
3089 4785 3115 4838 ?
3143 4800 3338 4839 nonne
3363 4783 3462 4838 ob-

1858 4882 2096 4934 testatus
2117 4875 2452 4944 sum,etdixi
2483 4875 2611 4941 tibi,
2631 4873 3038 4939 Aureliane,ut
3080 4890 3198 4928 non
3231 4871 3462 4928 venires

1857 4967 2103 5038 amplius
2132 4966 2430 5036 explorare
2473 4962 2852 5017 substantiam
2906 4960 3072 5031 regni
3123 4961 3325 5026 nostri,
3373 4961 3461 5015 vel

1853 5055 2181 5127 principum
2211 5057 2542 5108 nostrorum
2572 5048 2905 5104 felicitatem
2924 5047 3225 5101 ?Salutem
3255 5045 3462 5118 populi

1855 5144 2035 5201 nostri
2067 5147 2266 5208 testor,
2297 5140 2404 5195 nisi
2431 5140 2542 5193 cito
2559 5135 2862 5191 reverteris
2885 5139 2942 5189 et
2967 5134 3265 5188 recesseris
3287 5151 3321 5188 a
3345 5152 3461 5201 me,

1859 5250 1967 5305 ego
1995 5230 2339 5287 interﬁciam
2371 5232 2482 5282 te.»
2517 5225 2617 5280 Cui
2655 5223 2997 5278 Aurelianus
3023 5222 3104 5277 ita
3132 5223 3454 5292 respondit,

1862 5323 2054 5378 dicens
2079 5339 2090 5376 :
2117 5318 2304 5372 «Vivit
2333 5315 2603 5371 dominus
2624 5331 2786 5368 meus
2811 5313 3126 5368 Clodoveus
3146 5328 3241 5367 rex
3262 5313 3320 5366 et
3344 5312 3456 5382 pri-

1865 5415 2049 5466 mates
2070 5407 2235 5481 regni
2257 5404 2540 5478 ejus,quia
2565 5420 2681 5458 non
2709 5405 2761 5456 te
2791 5401 2992 5469 timeo,
3023 5403 3165 5457 dum
3192 5400 3463 5457 dominus

183 5509 668 5581 nobisauxiliante,
693 5490 766 5570 ad
793 5514 1252 5572 internecionem
1271 5490 1505 5573 decidet
1526 5517 1766 5572 audacia
1865 5516 2028 5554 meus
2069 5496 2364 5551 adlec’it-
2399 5495 2466 5548 Et
2512 5493 2590 5549 είο
2645 5490 2885 5581 mandat
2937 5491 3202 5581 Pl‘opl‘ius
3233 5496 3363 5547 tuus
3409 5493 3467 5544 et

184 5595 360 5670 ejus,et
396 5603 788 5660 vindicabitur
816 5605 1047 5678 sanguis
1062 5606 1326 5678 gentium
1353 5606 1761 5680 plurimarum,

1868 5605 2030 5642 meus
2056 5584 2327 5640 dominus
2359 5584 2691 5647 Clodoveus,
2721 5580 2854 5654 quia
2882 5580 2986 5636 tibi
3013 5583 3100 5634 est
3131 5594 3471 5638 occursurus

1868 5681 1932 5734 ut
1960 5676 2260 5732 thesauros
2279 5673 2470 5729 uxoris
2481 5691 2594 5731 suae
2619 5672 2879 5745 recipiat.
2905 5694 2934 5724 ››
2953 5670 3047 5728 His
3073 5670 3304 5742 auditis,
3341 5672 3475 5727 Bur-
