3862 6210
367 375 470 432 599

1285 373 1656 435 RORICONIS
1681 372 1997 433 MONACHI
2036 373 2571 436 MOISSIACENSIS.

3597 381 3706 437 600

373 495 736 573 gundionum
756 495 1436 572 majoresdederuntregi
1462 515 1563 557 suo
1592 496 1898 555 consilium
1918 501 1978 553 ut
1995 503 2050 565 Α
2073 499 2327 559 buccinis
2354 503 2614 559 cominus
2641 503 2836 575 jacula
2880 503 3266 573 mitterentur,
3299 521 3405 560 nec
3438 505 3708 560 Franco-

375 587 640 644 universa
667 603 794 660 qua:
826 587 1060 644 fuerant
1092 589 1270 660 patris
1298 589 1422 660 ejus
1448 590 1534 644 vel
1568 589 1770 644 matris
1801 588 1977 642 Chroo

375 676 548 732 childi
566 677 778 748 absque
799 676 1072 732 dilatione
1089 678 1752 745 redderentur,dicentes
1779 695 1978 750 regem

374 782 495 820 esse
513 765 787 832 ferocem,
813 767 1091 837 populum
1106 767 1227 821 sine
1248 769 1622 838 Deo,pactum
1638 768 1849 822 debere
1872 773 1980 821 sta-

374 853 527 908 biliri
558 870 688 907 cum
713 854 937 921 talibus,
972 872 1045 909 ne
1076 855 1429 910 unanimiter
1466 855 1748 909 irruentes
1773 855 1828 910 in
1859 871 1974 921 eos,

372 945 590 996 terram
622 942 838 1012 pariter
867 943 1128 997 delerent
1158 960 1224 998 ac
1268 945 1568 1014 populum.
1606 943 1753 1006 Quid
1785 943 1978 1014 plura?

375 1029 580 1083 Reddit
609 1030 1015 1086 Gnudobaldus
1046 1031 1324 1103 legatario
1356 1032 1507 1102 regis
1538 1048 1774 1086 omnem
1808 1033 1980 1086 Chro-

375 1117 575 1172 childis
596 1119 1033 1189 supellectilem,
1067 1125 1125 1174 et
1145 1138 1210 1175 ex
1227 1121 1494 1176 thesauro
1524 1137 1624 1175 suo
1657 1119 1975 1190 auripuris-

373 1206 503 1262 simi
536 1208 829 1279 etargenti
851 1209 1228 1264 fabricaturas
1251 1209 1772 1281 pretiosissimas,et
1802 1209 1880 1263 ait
1906 1210 1978 1263 ad

373 1295 768 1350 Aurelianum:
801 1296 992 1360 «Quid
1023 1301 1199 1351 restat
1229 1297 1496 1368 amplius,
1516 1299 1626 1352 nisi
1660 1302 1720 1351 ut
1753 1298 1976 1352 univer-

378 1399 504 1437 sum
521 1399 766 1454 regnum
796 1401 989 1439 meum
1011 1385 1296 1440 Clodoveo
1326 1387 1463 1440 dare
1481 1386 1756 1440 debeam?
1782 1387 1981 1440 Rever—

375 1475 497 1527 tere
529 1472 640 1527 cito
655 1473 729 1527 ad
759 1474 1063 1530 dominum
1087 1492 1284 1545 regem
1303 1478 1486 1541 tuum,
1507 1475 1602 1546 qui
1630 1475 1804 1528 habes
1826 1474 1979 1545 quod

374 1559 426 1613 ei
458 1560 702 1628 deferas,
739 1579 982 1617 munera
1013 1564 1373 1618 multa.Metit
1393 1580 1634 1617 messem
1654 1580 1829 1634 quam
1862 1580 1977 1617 non

375 1650 698 1718 seminavit,
731 1655 788 1705 et
822 1652 1039 1722 colligit
1064 1653 1218 1724 quod
1238 1670 1352 1706 non
1379 1652 1653 1723 sparsit.»
1679 1653 1746 1705 Et
1776 1651 1976 1706 aitAu-

377 1738 629 1793 relianus
660 1755 674 1792 :
706 1759 737 1791 «
789 1739 957 1793 Filius
987 1743 1114 1794 tuus
1142 1744 1226 1794 est
1259 1740 1526 1794 dominus
1556 1756 1721 1795 meus
1771 1740 1975 1794 Clodo-

378 1842 532 1880 veus.
563 1828 685 1881 Non
707 1827 1060 1882 contristeris
1089 1829 1132 1881 si
1163 1829 1454 1882 modicum
1501 1829 1649 1882 istud
1679 1828 1729 1883 ei
1758 1829 1976 1882 detule-
2008 1815 2056 1873 Β

376 1930 462 1982 ro;
488 1932 552 1968 ex
585 1915 691 1969 hoc
723 1933 874 1969 nunc
909 1917 1107 1970 omnia
1134 1920 1320 1972 vestra
1361 1918 1696 1972 communia
1723 1921 1910 1971 erunt.
1949 1938 1976 1965 n

372 2002 442 2056 Et
470 2003 1392 2075 dixeruntBurgundiones:«Vivat
1422 2007 1643 2077 rex,qui
1667 2007 1808 2060 tales
1829 2008 1980 2077 lega-

374 2091 1975 2159 toshabet.nReversusestAurelianusaddominumsuum,

375 2184 433 2236 et
453 2181 699 2236 restituit
728 2182 779 2236 ei
816 2183 1017 2238 omnia
1047 2201 1175 2255 quae
1206 2182 1974 2238 reddideratGundobaldus.

446 2271 506 2322 ln
522 2269 721 2324 diebus
753 2270 862 2324 illis
881 2270 1138 2326 dilatavit
1167 2271 1484 2326 Clodoveus
1513 2273 1863 2326 Francorum
1887 2288 1976 2324 re-

375 2375 555 2430 gnum
581 2376 757 2431 usque
789 2361 861 2414 ad
913 2360 1264 2431 Sequanam,
1327 2364 1385 2415 et
1416 2362 1700 2431 accipiens
1727 2363 1976 2414 castrum

371 2448 823 2502 Miledunensem
860 2449 1100 2502 tradidit
1149 2465 1283 2502 eum
1334 2449 1642 2504 Aureliano
1678 2448 1976 2519 legatario,

374 2553 624 2607 eumque
656 2536 863 2591 ducem
889 2535 1196 2608 provincia:
1229 2536 1380 2591 illius
1412 2555 1532 2592 esse
1571 2536 1833 2592 instituit.
1869 2539 1978 2593 De-

371 2623 508 2678 hinc
537 2623 857 2678 Aurelianis
890 2640 1067 2694 usque
1099 2624 1460 2695 perveniens,
1491 2625 1840 2680 Francorum
1868 2629 1979 2679 ter-

374 2711 564 2766 minos
590 2728 770 2784 usque
796 2712 869 2766 ad
901 2712 1141 2766 fluvium
1167 2712 1382 2783 Ligeris
1411 2713 1974 2785 protelavit.lnterim

371 2800 577 2871 regina
599 2799 901 2855 dominum
925 2817 1091 2856 suum
1114 2801 1530 2856 adhortabatur
1561 2805 1622 2857 ut
1633 2803 1814 2856 Deum
1832 2804 1978 2856 cole-

370 2895 480 2953 ret,
496 2893 554 2944 et
574 2894 735 2945 muta
761 2890 1066 2945 simulacra
1085 2908 1152 2947 ex
1180 2893 1341 2947 omni
1356 2909 1538 2963 regno
1557 2909 1658 2948 suo
1677 2893 1914 2958 deleret,
1931 2891 1975 2947 si

369 2978 551 3033 victor
581 2979 1236 3035 adversusinimicorum
1265 2981 1868 3052 omniumimpietates
1885 2997 1974 3035 es-

2077 607 2209 645 rum
2237 592 2382 646 vires
2400 592 2471 647 ad
2486 592 2862 662 proterendos
2883 593 3144 650 inimicos
3163 594 3709 664 sufﬁcerent,pros-

2078 680 2234 748 pexit
2254 698 2319 734 ex
2347 683 2460 736 alto
2493 682 2788 747 Dominus,
2819 685 2876 737 et
2894 682 3130 738 miratus
3152 684 3412 738 laborem
3432 681 3714 737 mulieris

2078 768 2264 822 virum
2293 770 2588 825 infidelem
2625 773 2840 826 salvare
2869 771 3171 842 cupientis,
3222 773 3472 826 immisit
3525 770 3710 825 timo-

2078 871 2202 910 rem
2227 874 2392 912 suum
2425 875 2596 929 super
2627 860 2894 914 Francos.
2931 862 2997 914 Et
3024 860 3150 930 jam
3177 863 3342 931 terga
3373 859 3525 914 dare
3552 859 3716 912 vole-

2079 945 2376 1012 bant,cum
2391 948 2752 1002 Aureliamus
2764 965 2977 1003 nomen
2993 948 3224 1004 Domini
3241 949 3313 1003 ad
3333 947 3600 1019 adjutori
3612 964 3712 1001 um

2080 1033 2472 1106 interpellans,
2504 1036 2592 1090 his
2631 1053 2828 1107 regem
2853 1037 3040 1092 verbis
3064 1040 3399 1092 constanter
3445 1035 3715 1107 alloqui-

2079 1124 2174 1175 tur
2208 1139 2221 1189 ;
2256 1146 2282 1171 ‹‹
2313 1124 2494 1178 Crede
2522 1125 2950 1191 tantummodo,
2980 1125 3214 1179 domine
3241 1124 3322 1179 mi
3345 1141 3471 1191 rex,
3504 1123 3715 1179 Domi-

2079 1226 2218 1262 num
2243 1211 2388 1277 coeli,
2411 1229 2582 1284 quem
2607 1213 2960 1266 Chrochildis
3007 1212 3302 1282 praedicat,
3323 1217 3381 1266 et
3407 1211 3715 1266 inclama-

2079 1300 2137 1352 to
2161 1298 2282 1368 ejus
2312 1301 2550 1354 nomine
2584 1304 2710 1354 tuos
2735 1300 2998 1356 celeriter
3043 1305 3308 1356 conteres
3337 1299 3648 1354 inimicos.
3683 1321 3710 1347 η

2080 1386 2196 1441 Hoc
2225 1405 2320 1444 rex
2341 1389 2632 1444 animatus
2655 1391 3009 1460 alloquio,ad
3031 1392 3236 1445 coelum
3263 1391 3465 1445 oculos
3493 1390 3714 1454 elevat,

2081 1483 2139 1535 et
2169 1495 2299 1533 cum
2328 1478 2712 1549 lacrymisbac
2734 1478 3041 1533 Dominum
3066 1494 3202 1532 voce
3221 1481 3499 1550 precatur
3527 1494 3542 1531 :
3567 1497 3599 1528 ς
3619 1477 3712 1530 Je-

2083 1587 2147 1623 su
2169 1570 2518 1638 bone,quem
2537 1567 2890 1621 Chrochildis
2907 1567 3107 1638 regina
3121 1583 3249 1620 mea
3268 1566 3561 1637 praedicat
3588 1581 3714 1618 esse

2082 1658 2285 1712 Filium
2323 1655 2421 1710 Dei
2465 1655 2595 1721 vivi,
2630 1654 2725 1726 qui
2770 1656 3034 1709 subvenis
3066 1655 3122 1709 in
3170 1654 3579 1721 tribulatione,
3613 1652 3710 1724 qui

2081 1747 2182 1800 das
2216 1743 2491 1798 auxilium
2529 1743 2585 1796 in
2622 1747 2674 1796 te
2703 1743 3264 1812 sperantibus,tuum
3299 1742 3590 1796 auxilium
3611 1742 3714 1795 de-

2079 1838 2207 1888 vote
2237 1833 2483 1902 postulo,
2512 1847 2628 1886 non
2661 1831 2914 1902 abneges
2944 1831 3085 1885 mihi
3114 1832 3218 1886 soli
3244 1831 3397 1902 quod
3431 1829 3714 1902 plurimis

2080 1927 2164 1977 est
2189 1924 2483 1976 collatum.
2521 1921 2683 1984 Quod
2709 1921 2754 1974 si
2769 1920 2908 1974 mihi
2947 1920 3244 1974 victoriam
3273 1919 3534 1984 dederis,
3561 1922 3623 1972 et
3654 1919 3712 1972 in

2077 2013 2186 2066 hoc
2218 2012 2490 2064 virtutem
2523 2013 2679 2063 tuam
2707 2012 2972 2080 expertus
2999 2009 3187 2074 fuero,
3220 2008 3462 2062 credam
3488 2007 3624 2072 tibi,
3658 2009 3715 2059 et

2077 2099 2429 2171 baptizabor.
2462 2099 2606 2151 Nam
2627 2096 2881 2151 invocavi
2935 2096 3073 2150 deos
3111 2112 3293 2161 meos,
3327 2098 3387 2149 et
3442 2093 3712 2165 elongati

2077 2190 2210 2241 sunt
2231 2203 2264 2239 a
2295 2203 2408 2252 me,
2429 2190 2488 2239 et
2509 2187 2726 2238 nullam
2747 2201 2846 2238 eos
2866 2184 3121 2256 suspicor
3150 2184 3368 2238 habere
3397 2182 3710 2246 virtutem,

2079 2274 2175 2346 qui
2200 2291 2301 2328 nec
2323 2275 2652 2338 occurrunt,
2691 2289 2794 2326 nec
2824 2272 3098 2326 auxilium
3125 2271 3398 2326 deferunt
3426 2269 3707 2324 invocati.

2075 2363 2152 2416 Te
2183 2363 2404 2428 invoco,
2431 2365 2487 2415 te
2509 2361 2808 2426 confiteor,
2829 2364 2884 2414 te
2891 2361 3155 2431 jubente,
3180 2362 3380 2413 noster
3410 2357 3712 2412 conferte-

2079 2455 2172 2506 tur
2199 2450 2498 2517 exercitus,
2518 2454 2576 2504 et
2619 2448 3011 2503 adversorium
3071 2449 3407 2503 nostrorum
3459 2445 3709 2501 audacia

2078 2543 2427 2606 conteratur,
2462 2541 2524 2593 ut
2559 2539 2646 2592 vel
2673 2538 2721 2590 si
2759 2537 3060 2591 victoriam
3105 2554 3220 2592 non
3272 2551 3536 2603 mereor,
3578 2538 3706 2588 tan-

2077 2628 2380 2683 tummodo
2400 2628 2470 2682 ab
2489 2627 2572 2681 eis
2610 2626 2888 2681 liberer.»
2923 2625 2990 2679 Et
3017 2641 3148 2679 cum
3179 2624 3304 2679 haec
3328 2622 3410 2678 ita
3439 2637 3705 2694 peroras-

2076 2719 2182 2785 set,
2212 2733 2276 2771 ac
2306 2732 2524 2770 nomen
2557 2713 2789 2770 Domini
2835 2730 2966 2768 cum
3008 2713 3238 2768 interno
3281 2711 3482 2783 rugitu
3517 2711 3702 2766 cordis

2075 2804 2704 2872 inclamasset,defectis
2717 2803 2930 2858 viribus
2944 2805 3109 2873 terga
3121 2802 3412 2856 dederunt
3422 2802 3702 2856 Alaman-

2075 2896 2135 2950 ni
2163 2895 2289 2949 vitze
2320 2909 2482 2963 spem
2522 2893 2674 2962 fuga?
2725 2892 3047 2945 credentes.
3081 2890 3191 2945 Sed
3222 2905 3357 2943 cum
3399 2893 3462 2943 et
3499 2903 3698 2959 regem

2075 2999 2239 3037 suum
2285 2983 2590 3036 cernerent
2619 2979 3010 3046 interfectum,
3045 2977 3355 3033 retroversi
3409 2976 3700 3031 Clodoveo

371 3084 430 3122 se
444 3068 1974 3138 cuperet.DeludebateamClodovcusetsubsannabal;
2003 3093 2051 3152 ρ
2075 3070 2397 3142 supplicant
2428 3071 2490 3122 ut
2520 3072 2743 3122 tantam
2775 3071 3029 3138 stragem
3079 3081 3303 3120 cessare
3330 3064 3696 3136 praeciperet,

371 3172 489 3211 non
514 3159 710 3210 tamen
725 3157 1258 3228 exprobrando,sed
1278 3158 1630 3214 blandiendo
1644 3159 1834 3230 potius
1849 3159 1976 3213 vitae

373 3244 596 3299 monita
609 3245 1008 3301 refutabat.Ad
1021 3247 1127 3301 hoc
1141 3247 1335 3318 utique
1353 3251 1588 3302 ventum
1603 3252 1690 3302 est
1703 3248 1976 3319 utregina

373 3333 702 3404 conciperet
721 3338 778 3388 et
793 3337 1023 3405 pareret
1042 3335 1308 3402 ﬂlium,et
1323 3337 1485 3407 juxta
1515 3337 1690 3390 ritum
1714 3337 1979 3391 Christia-

374 3439 587 3478 norum
601 3423 672 3476 ad
695 3423 1043 3478 abluendum
1059 3441 1219 3479 sacro
1242 3425 1657 3495 baptismatein
1677 3425 1976 3479 ecclesiam

375 3510 587 3565 deferri
608 3511 969 3584 praeciperet.
1021 3513 1361 3583 Baptizatus,
1393 3517 1450 3567 et
1511 3513 1854 3584 signatus,et
1888 3529 1976 3566 sa-

371 3617 468 3655 cro
486 3600 798 3656 chrismate
822 3602 1127 3658 delibutus:
1153 3620 1326 3675 quem
1342 3603 1712 3673 lngumerem
1742 3619 1977 3656 vocave-

371 3695 510 3745 runt
537 3690 617 3759 hi,
650 3691 747 3763 qui
779 3708 912 3745 eum
945 3692 1015 3745 de
1042 3708 1202 3746 sacro
1220 3691 1565 3760 baptismate
1583 3693 1974 3760 susceperunt.

375 3779 488 3834 Nec
518 3797 684 3836 mora
711 3779 1046 3851 defungitur
1073 3781 1284 3842 infans,
1311 3783 1370 3833 et
1405 3796 1496 3832 res
1544 3778 1690 3832 sicut
1711 3782 1982 3833 evenerat

375 3867 632 3924 innuitnr
650 3868 955 3923 Clodoveo.
987 3868 1268 3922 Tristatur
1297 3871 1463 3936 pater
1487 3866 1705 3932 anxius,
1729 3866 1980 3936 primam

373 3957 633 4011 sobolem
663 3972 794 4009 cum
826 3955 1115 4025 insperate
1149 3953 1360 4007 deferri
1392 3953 1545 4007 videt
1575 3953 1646 4008 ad
1667 3955 1976 4022 tumulum,

375 4047 432 4098 et
459 4044 723 4113 reginam
749 4043 1010 4112 increpat
1028 4058 1129 4096 cur
1144 4042 1479 4096 videlicetin
1496 4043 1732 4096 nomine
1751 4044 1976 4098 Domini

374 4131 555 4186 nostri
577 4132 708 4184 Jesu
727 4129 929 4185 Christi
946 4129 1225 4199 signasset
1247 4129 1616 4185 infantulum.
1638 4131 1981 4187 Affirmabat

374 4217 534 4274 enim
559 4217 960 4287 insanusquod
977 4217 1018 4270 si
1044 4216 1150 4271 diis
1175 4218 1290 4271 suis
1318 4219 1614 4273 dedicatus
1638 4218 1978 4286 fuisset,non

375 4310 496 4361 tam
529 4305 642 4360 cito
673 4305 994 4375 privaretur
1022 4308 1130 4361 hac
1159 4308 1303 4362 luce.
1340 4308 1561 4379 Regina
1591 4325 1723 4362 vero
1767 4309 1980 4378 gratias

2075 3177 2175 3214 sua
2206 3159 2404 3213 omnia
2432 3174 2605 3227 seque
2639 3156 2935 3210 dedentes.
2973 3155 3079 3219 Qui
3117 3171 3250 3208 cum
3282 3153 3698 3208 imminentem

2076 3249 2538 3318 plagamcessare
2571 3244 2814 3311 fecisset,
2847 3249 3028 3298 terras
3058 3259 3263 3298 eorum
3297 3241 3487 3296 nimia
3523 3255 3697 3312 popu-

2076 3337 2287 3390 latione
2319 3335 2575 3401 vastavit,
2606 3337 2663 3388 et
2693 3351 2790 3388 eos
2820 3334 2921 3387 sub
2953 3334 3168 3387 tributo
3197 3331 3525 3386 constituit.

2149 3425 2260 3478 Hac
2280 3424 2452 3494 igitur
2479 3426 2705 3495 patrata
2725 3422 2984 3488 victoria,
3009 3438 3268 3476 reversus
3305 3420 3366 3474 in
3402 3417 3698 3473 Franciam

2078 3512 2333 3567 narravit
2363 3511 2524 3566 uxori
2555 3510 2802 3582 qualiter
2841 3526 2945 3580 per
2977 3508 3413 3564 invocationem
3459 3503 3703 3562 nominis

2076 3602 2202 3655 Jesu
2228 3599 2432 3654 Christi
2453 3598 2754 3654 victoriam
2788 3597 3376 3652 merueritobtinere.
3415 3597 3570 3649 Laeta
3600 3591 3700 3647 illi-

2080 3705 2144 3743 co
2178 3687 2532 3742 Chrochildis
2563 3686 2830 3751 efficitur,
2855 3689 2914 3740 et
2947 3684 3216 3756 lacrymis
3253 3684 3562 3754 superfusa
3580 3695 3701 3735 san-

2080 3780 2236 3831 ctum
2250 3775 2573 3847 Remigium
2592 3776 2904 3828 Remorum
2919 3773 3425 3844 archiepisc0pum
3440 3772 3547 3826 sub
3560 3767 3705 3824 festi-

2079 3867 2312 3921 natione
2329 3867 2605 3919 convocat
2622 3866 2683 3916 ut
2709 3863 2828 3934 ipse
2850 3861 3118 3916 videlicet
3147 3862 3423 3932 suppleat
3452 3858 3610 3932 quod
3644 3855 3700 3909 in

2079 3954 2288 4009 marito
2327 3952 2606 4008 Dominus
2644 3968 2746 4023 per
2787 3968 2916 4004 eam
2961 3951 3087 4021 jam
3137 3953 3404 4020 coeperat
3457 3943 3697 4019 operari.

2079 4042 2287 4098 Pandit
2317 4041 2614 4112 episcopus
2638 4041 2834 4095 salutis
2849 4041 3116 4110 januam,
3145 4043 3204 4092 et
3251 4042 3524 4093 torrente
3559 4032 3696 4090 Scri-

2078 4136 2176 4202 ptu
2187 4147 2380 4185 rarum
2403 4129 2694 4183 sitientem
2713 4129 2974 4182 animam
2993 4127 3178 4182 reficit
3199 4125 3550 4197 peccatoris.
3565 4121 3696 4180 Miti-

2078 4223 2246 4290 gatur
2267 4217 2525 4273 amentia
2544 4217 2696 4288 regis
2713 4220 2770 4271 et
2800 4234 2866 4271 ex
2896 4217 3032 4287 lupo
3066 4215 3411 4270 mutaturin
3444 4229 3629 4278 ovem,
3649 4213 3699 4265 et

2078 4324 2286 4363 vacuus
2318 4307 2390 4360 ad
2407 4306 2720 4361 Dominum
2743 4303 2936 4358 venire
2959 4303 3290 4358 formidans
3303 4303 3473 4358 mille
3499 4299 3698 4357 hostias

375 4396 494 4449 Deo
525 4370 814 4448 referebat
830 4394 983 4464 quod
997 4395 1116 4464 ejus
1130 4370 1521 4468 primogenita
1548 4397 1604 4450 in
1626 4370 1836 4451 caelesti
1853 4400 1976 4468 glo-
2001 4370 2052 4428 Ῑ)
2077 4398 2536 4467 prreparat,quas
2555 4409 2744 4447 secum
2759 4391 2965 4447 offerat
2977 4390 3516 4447 creatori.Necdum
3530 4387 3697 4446 initia-

370 4482 458 4538 ria
476 4482 1202 4538 sublimasset.Postautem
1217 4485 1368 4539 hunc
1385 4485 1608 4555 peperit
1625 4489 1680 4538 et
1702 4487 1973 4552 alterum,

373 4574 432 4626 et
457 4571 718 4625 ablutum
746 4571 906 4625 fonte
946 4572 1307 4644 baptismatis
1330 4573 1716 4627 Clodomirem
1743 4590 1977 4628 vocave-

371 4661 529 4714 runt.
553 4660 618 4713 Et
646 4659 736 4720 hic
756 4676 885 4714 cum
901 4663 1184 4731 aegrotare
1217 4662 1498 4732 ccepisset,
1515 4661 1974 4732 verbisreginam

375 4747 764 4819 asperioribus
811 4749 1070 4821 increpat.
1119 4751 1455 4816 Clodoveus,
1509 4755 1766 4803 asserens
1805 4751 1976 4805 istum

371 4837 548 4892 etiam
586 4838 744 4891 nulla
770 4839 994 4894 ratione
1043 4839 1230 4892 vivere
1273 4855 1459 4910 posse,
1499 4836 1604 4891 nisi
1655 4854 1768 4908 quo
1801 4839 1974 4894 modo

368 4927 587 4981 vixerat
609 4929 666 4980 et
692 4928 853 4981 alius.
888 4928 999 4982 Sed
1031 4931 1233 4982 orante
1270 4928 1491 4998 regina,
1517 4931 1574 4980 et
1603 4927 1831 4980 Domini
1868 4929 1974 4980 mi-

367 5015 682 5070 sericordia
719 5021 1130 5086 praecurrente,
1159 5017 1286 5070 vita:
1314 5017 1530 5088 pariter
1545 5015 1867 5086 etsospitati
1891 5033 1975 5069 re-

2075 4491 2165 4540 tus
2193 4486 2250 4538 in
2270 4484 2445 4538 sacris
2479 4484 2543 4536 ﬁt
2572 4499 2686 4536 sum
2705 4481 2864 4552 genti
2885 4482 3449 4551 apostolus,nomen
3483 4477 3696 4537 Domini

2076 4574 2344 4646 gentibus
2363 4570 2936 4643 praedicat-,exercitui
2953 4570 3356 4624 comminatur
3379 4589 3457 4626 ne
3479 4573 3620 4626 ultra
3633 4568 3696 4623 si-

2076 4662 2343 4718 mulacris
2357 4659 2901 4722 incurventur.Quid
2914 4659 3178 4728 plura?fit
3191 4659 3386 4714 subito
3403 4673 3698 4717 concursus

2075 4740 2294 4824 populi,
2317 4749 2592 4803 exercitus
2607 4764 2810 4803 omnes
2827 4747 3055 4801 dextras
3076 4747 3366 4819 jungunt,
3390 4766 3566 4821 pares
3589 4746 3692 4803 ani-

2080 4856 2204 4894 mos
2237 4837 2486 4891 oit‘erunt
2515 4835 2965 4905 Creatori,etqui
2987 4834 3210 4889 tardior
3237 4838 3431 4892 currit
3457 4837 3532 4892 ad
3562 4840 3694 4892 lava-

2075 4943 2235 4981 crum
2251 4924 2686 4996 quasiignavior
2703 4941 2738 4977 a
2764 4923 2984 4978 caeteris
3007 4923 3327 4978 incusatur.
3355 4926 3423 4979 Et
3436 4921 3697 4980 consertis

2075 5012 2340 5068 manibus
2360 5011 2557 5065 videns
2571 5011 2718 5065 acies
2749 5011 2821 5065 ad
2847 5010 3151 5065 ecclesiam
3185 5015 3535 5081 convolare,
3556 5017 3608 5069 et
3633 5009 3694 5063 ob

2072 5118 2333 5156 amorem
2349 5100 2502 5169 regis
2513 5103 2685 5153 antea
2697 5100 2868 5153 etiam
2885 5097 3166 5170 baptizari
3181 5101 3694 5174 cupiebant,quam

2073 5188 2571 5258 baptisznatisjura
2587 5190 3006 5257 cognovissent.
3033 5188 3146 5242 Hac
3179 5187 3692 5261 igiturfrequentia

2069 5276 2419 5345 constipatus
2455 5275 2739 5327 subiutrat
2761 5274 3064 5329 ecclesiam
3095 5293 3194 5330 rex
3232 5277 3514 5332 victurus.
3549 5278 3696 5333 Cum-

2069 5383 2177 5436 que
2196 5362 2698 5434 persensisset,per
2713 5363 3104 5432 thymiamatis
3119 5365 3447 5420 redolentis
3465 5365 3692 5420 thurisve

2069 5455 2301 5521 fragran
2312 5450 2446 5502 tiam
2458 5453 2535 5515 ,et
2549 5449 2857 5504 miraretur
2875 5452 3126 5520 parietes
3142 5453 3388 5508 cortinis
3401 5455 3692 5526 palliisque

2066 5544 2302 5605 velatos,
2333 5537 2728 5609 pavimentum
2759 5554 2935 5592 omne
2967 5539 3210 5594 diversis
3249 5540 3500 5599 ﬂoribus
3533 5541 3688 5597 fuisse

2069 5625 2690 5707 respersum,quaesivit
2721 5643 2755 5684 a
2784 5626 3060 5704 pontifice
3085 5627 3136 5687 si
3167 5634 3322 5690 esset
3349 5627 3688 5712 hocpandi-

368 5103 598 5157 stitutus
610 5107 696 5157 est
710 5104 761 5157 in
774 5105 1163 5160 fantulus.Rex
1181 5104 1375 5176 itaque
1401 5104 1635 5157 credere
1649 5103 1968 5170 diiferebat,

369 5208 474 5246 nec
494 5193 1132 5246 monitasalutisaudire
1149 5193 1396 5257 volebat,
1417 5192 1598 5244 donec
1620 5191 1851 5244 tandem
1875 5193 1972 5245 ali-

366 5279 600 5350 quando
626 5281 838 5334 bellum
855 5284 1055 5334 contra
1069 5282 1421 5335 Alamannos
1435 5280 1758 5349 Suevosque
1776 5295 1970 5333 move-

374 5369 486 5429 ret,
510 5366 566 5418 in
594 5383 706 5434 quo
728 5369 1057 5439 compulsus
1083 5371 1168 5421 est
1187 5367 1448 5422 confiteri
1470 5366 1625 5437 quod
1652 5367 1797 5419 Deus
1819 5367 1969 5420 solus

360 5454 555 5521 potest
588 5453 858 5506 auxilium
895 5458 1166 5523 praestare
1195 5454 1471 5508 credenti.
1503 5454 1646 5506 Nam
1672 5469 1802 5505 cum
1835 5454 1968 5508 hinc

369 5544 427 5600 et
440 5539 577 5595 inde
593 5543 846 5615 utraeque
864 5542 1013 5596 acies
1032 5541 1379 5608 insisterent,
1404 5542 1461 5594 et
1474 5539 1962 5612 perstrepentibus
