3862 6210
133 440 215 499 θοι
1359 432 1576 493 GESTA
1595 432 2042 494 FRANCORUM.

3328 436 3434 494 602

128 580 227 630 sus,
253 563 336 617 vel
364 561 562 619 futura
587 559 778 634 gloria
809 576 984 634 quam
1014 559 1065 617 ei
1094 560 1154 617 in
1186 577 1287 617 sua
1313 561 1724 634 praedicatione
1744 565 1799 626 Α
1823 560 2123 635 abnegatis
2143 559 2355 618 diaboli
2382 560 2630 633 pompis,
2662 562 2718 615 et
2733 557 2951 615 feroces
2982 558 3209 614 animos
3240 559 3437 614 humi-

128 650 468 725 premiserat.
487 650 578 706 Ad
600 666 778 722 quem
809 650 1109 722 episcopus
1137 667 1150 705 :
1176 674 1203 699 «
1220 651 1366 718 Non,
1389 649 1594 722 inquit.
1616 651 1725 705 hec

126 744 199 795 est
212 739 522 811 paradisus,
541 755 722 811 quem
738 738 1025 810 pollicitus
1042 755 1167 793 sum
1181 739 1417 794 domine
1435 755 1563 794 meo
1578 738 1723 809 regi,

126 828 210 883 sed
232 832 313 882 est
366 828 625 883 Ecclesia
686 828 788 883 Dei
838 845 943 899 per
980 845 1155 900 quam
1213 828 1347 882 etin
1398 844 1513 899 qua
1561 828 1727 883 benis

124 916 363 986 operibus
383 915 715 987 acquiritur
733 915 920 987 gloria
948 915 1046 971 illa
1067 915 1406 971 indeﬂciens
1429 915 1595 986 regni
1633 932 1724 969 ce-

120 1003 274 1070 lastis,
291 1019 466 1074 quam
489 1003 567 1058 ab
596 1003 824 1075 origine
852 1003 1052 1059 mundi
1080 1004 1423 1075 praeparavit
1452 1003 1727 1059 Dominus

122 1091 196 1147 his
225 1091 316 1163 qui
345 1090 604 1163 diligunt
652 1109 805 1147 eum.
842 1113 870 1140 »
907 1093 1152 1147 Tantam
1198 1091 1447 1163 denique
1479 1091 1726 1163 gratiam

121 1180 560 1236 subministravit
574 1182 857 1236 Dominus
870 1181 929 1236 in
942 1182 1177 1252 populo,
1198 1184 1389 1236 utnon
1403 1182 1525 1252 jam
1546 1181 1726 1235 viceni

120 1269 190 1323 vel
210 1268 431 1324 centeni
466 1269 548 1324 ad
588 1270 783 1325 locum
831 1268 1151 1342 baptisterii
1192 1270 1591 1337 convenirent,
1626 1269 1725 1323 sed

123 1355 421 1411 universam
454 1372 616 1427 pene
647 1357 935 1413 civitatem
964 1357 1024 1411 in
1042 1374 1221 1412 unum
1253 1359 1583 1413 convelasse
1611 1375 1728 1413 cre-

122 1444 481 1511 deres,unam
513 1445 746 1502 dedisse
773 1446 1146 1513 sententiam,
1181 1462 1349 1517 pares
1370 1446 1601 1503 animos
1632 1448 1729 1502 ob-

122 1533 290 1587 tulisse
319 1533 612 1589 Creatori.
635 1533 903 1589 lnterieri
934 1533 1112 1606 igitur
1139 1535 1350 1606 gaudio
1380 1534 1727 1591 conformati

121 1620 531 1690 epplaudebant
556 1621 623 1676 in
636 1638 844 1688 unum,
874 1625 934 1676 et
946 1638 1148 1695 regem
1166 1639 1332 1677 suum
1350 1621 1438 1677 bis
1463 1607 1729 1678 adhorta.

121 1706 306 1762 bantur
333 1708 641 1780 alloquiis:
665 1729 690 1760 σ
706 1708 988 1765 Dominus
1013 1712 1209 1764 noster
1225 1726 1320 1764 rex
1348 1713 1729 1781 prosequatur

122 1792 414 1865 inceptum,
471 1796 617 1868 quia
667 1800 726 1852 et
765 1813 870 1852 nos
907 1799 1182 1853 mortales
1227 1798 1364 1853 deos
1401 1797 1722 1868 abjicimus,

1824 650 1970 710 lians
1986 650 2261 707 Creatori.
2308 650 2448 705 Huic
2479 648 2769 705 devotioni
2800 647 3176 719 congaudens
3220 646 3436 718 episce-

1825 756 1949 811 pus,
1983 738 2268 811 pretensis
2297 738 2562 793 manibus
2594 737 2651 791 in
2692 736 2935 791 sublime
2969 736 3068 791 Dei
3115 734 3437 808 potentiam

1825 825 2205 891 collaudabat,
2220 827 2277 880 et
2289 841 2489 895 regem
2504 824 2589 878 his
2604 824 2943 878 hortabatur
2955 821 3200 893 aloquiis
3223 838 3235 875 :
3256 844 3282 869 ‹‹
3296 820 3438 875 Mitis

1826 912 2140 984 en,inquit,
2174 913 2400 984 depone
2426 913 2591 977 cella,
2619 912 2950 978 Sicamber;
2982 910 3136 965 idola
3150 909 3438 964 variacre-

1826 1020 1943 1067 ma,
1965 1003 2181 1056 cultum
2215 1016 2490 1056 venerare
2513 1000 2795 1055 divinum.
2819 999 3096 1053 Pristines
3119 1013 3363 1063 errores,
3383 1000 3441 1051 et

1824 1091 1961 1145 fana
1986 1091 2180 1162 priora
2209 1091 2488 1161 relinque,
2518 1092 2576 1143 et
2620 1090 2845 1143 sanctas
2874 1087 3028 1142 cedes
3064 1087 3150 1140 vel
3176 1101 3328 1139 nunc
3356 1101 3441 1139 re-

1826 1196 2040 1234 novare
2052 1179 2336 1233 studete.»
2352 1179 2633 1249 lgiturrex
2650 1177 3112 1246 omnipotentem
3130 1172 3438 1229 Dominum

1826 1266 1882 1321 in
1918 1267 2195 1322 Trinitate
2232 1268 2523 1321 confessus
2559 1264 2877 1336 baptizatus
2902 1268 2987 1317 est
3030 1279 3064 1316 a
3093 1267 3288 1317 sancte
3331 1263 3436 1314 Re-

1825 1354 2006 1427 migio
2032 1355 2090 1408 in
2121 1353 2357 1410 nomine
2405 1353 2585 1407 Patris
2613 1356 2671 1407 et
2711 1352 2833 1407 Filii
2866 1356 2923 1405 et
2955 1350 3201 1423 Spiritus
3234 1348 3436 1414 sancti,

1824 1447 1887 1497 et
1913 1460 2071 1499 sacro
2099 1443 2408 1497 chrismate
2431 1441 2714 1496 delibutus
2756 1456 2885 1494 cum
2923 1440 3218 1510 signaculo
3259 1436 3437 1492 crucis

1825 1530 2087 1586 videlicet
2108 1530 2335 1586 Domini
2366 1529 2546 1584 nostri
2568 1531 2701 1584 Jesu
2736 1527 2962 1583 Christi.
3002 1526 3279 1598 Baptizati
3308 1527 3442 1580 sunt

1828 1619 1900 1674 de
1915 1619 2164 1673 exercitu
2179 1619 2327 1673 illius
2347 1617 2588 1688 amplius
2600 1633 2775 1688 quam
2790 1617 2902 1671 tria
2919 1615 3120 1680 millia,
3139 1614 3439 1685 baptizata:

1826 1710 1958 1761 sunt
1977 1711 2269 1761 etsereres
2286 1705 2432 1759 illius
2444 1705 2757 1759 Alblefedis
2778 1707 2836 1758 et
2851 1702 3268 1767 Landcchildis,
3283 1702 3437 1755 insu-

1827 1810 1930 1866 per
1947 1797 2095 1848 tetus
2110 1794 2458 1848 Francorum
2492 1793 2755 1862 populus.
2775 1792 2918 1845 Nam
2940 1791 3223 1845 Dominus
3244 1792 3441 1843 noster

124 1898 343 1952 nugaces
366 1887 605 1939 contem
616 1883 830 1952 nimus,
862 1886 1222 1941 manufactes
1242 1885 1585 1957 expellimus
1617 1903 1630 1940 :
1667 1888 1725 1940 et
1746 1900 1796 1959 Β
1822 1883 1980 1936 Jesus
2016 1880 2268 1935 Christus
2291 1879 2656 1934 abundanter
2681 1880 2767 1933 bis
2788 1881 3048 1933 sanctam
3082 1878 3328 1948 gratiam
3346 1876 3437 1930 in-

122 1968 686 2044 Deumverumquem
701 1973 1725 2044 praedicatRemigiusincentamina—
1823 1968 2119 2024 fundebat.
2154 1969 2267 2022 Ilac
2296 1968 2593 2022 occasione
2630 1983 2746 2021 suae
2783 1966 2913 2020 fidei
2944 1966 3191 2035 gratiam
3230 1966 3441 2021 Gallica

124 2061 170 2112 ta
192 2058 518 2115 credulitate
553 2061 895 2132 recipimus,
926 2066 985 2117 et
1013 2077 1147 2117 eum
1176 2063 1310 2117 fidei
1350 2062 1723 2117 veneratione
1823 2057 2240 2116 disseminabat
2266 2056 2324 2111 in
2364 2058 2585 2110 tellure.
2622 2056 2761 2109 Ecce
2792 2071 2992 2125 regem
3019 2052 3318 2108 reddimus
3347 2053 3436 2107 in-

122 2146 553 2216 eomplectimur.
624 2147 785 2203 Hunc
844 2148 1019 2203 Deum
1064 2149 1221 2203 enim
1284 2148 1724 2205 Christianitatis
1824 2149 2121 2207 novatum,
2159 2162 2386 2199 necesse
2416 2148 2501 2199 est
2531 2144 2611 2198 uti
2639 2147 2697 2197 et
2723 2142 2997 2214 paginam
3023 2141 3239 2213 pariter
3265 2140 3436 2196 inno-

123 2232 397 2302 credimus,
422 2239 483 2290 et
509 2235 849 2303 adoramus,
883 2236 1015 2291 etin
1033 2237 1139 2292 hac
1153 2237 1433 2308 religione
1458 2253 1635 2308 usque
1649 2236 1722 2291 ad
1820 2252 2039 2291 vemus.
2069 2233 2180 2289 Sed
2208 2233 2364 2305 prius
2379 2230 2865 2304 quietimedicum
2897 2230 3163 2284 membra
3183 2231 3439 2284 lecantes

123 2322 407 2378 terminum
450 2324 585 2379 vitae
632 2339 981 2394 permanere
1018 2326 1201 2396 parati
1246 2341 1466 2380 sumus.
1510 2345 1539 2376 υ
1574 2324 1722 2389 Quid
1821 2321 2549 2392 resumamusflatum,que
2566 2318 2787 2374 facilius
2806 2317 2897 2372 die
2914 2315 3436 2373 crastinemateria:

121 2408 296 2479 plura?
307 2410 464 2467 venit
476 2412 555 2468 ad
571 2411 930 2484 baptismum
944 2412 1102 2484 quasi
1123 2429 1302 2469 novus
1314 2412 1721 2469 Constantinus
1824 2415 2037 2468 nostra).
2056 2411 2347 2466 valeamus
2373 2409 2587 2464 referre
2618 2406 2937 2480 sequentia.

1356 2584 1724 2642 PROLOGUS
1765 2585 1950 2641 LIBRI
1976 2583 2223 2639 TERTU.

1818 2730 1923 2787 bra
1951 2731 2235 2798 locavere,
2270 2729 2315 2785 si
2352 2745 2450 2784 vos
2479 2728 2796 2795 adfueritis,
2836 2730 2892 2782 et
2919 2726 3089 2799 jactis
3128 2727 3311 2800 globis
3348 2733 3438 2787 vel

1818 2818 2123 2892 lapidibus,
2154 2836 2226 2873 ne
2259 2817 2487 2874 medico
2509 2818 2670 2889 gregi
2691 2816 3011 2885 insidietur,
3035 2817 3235 2887 lupum
3251 2815 3438 2872 nobis-

1819 2924 1947 2962 cum
1977 2907 2429 2977 exturbaveritis,
2461 2910 2596 2961 tunc
2636 2906 2784 2960 forte
2816 2904 3048 2960 liberius
3074 2908 3246 2977 atque
3274 2920 3433 2959 cem-

1821 2994 2046 3051 modius
2058 2996 2346 3050 exsolvere
2370 2997 2571 3067 potero
2597 2994 2750 3065 quod
2770 2992 3050 3064 repetitis.
3080 2993 3146 3046 Et
3172 3008 3247 3046 ne
3276 2990 3437 3046 vobis

184 2725 429 2786 Nondum
449 2729 644 2787 nectis
671 2730 896 2787 detersa
913 2732 1157 2805 caligine
1180 2732 1252 2787 ad
1277 2732 1718 2805 persolvendum

131 2811 379 2885 debitum,
423 2818 566 2891 quia
610 2818 934 2890 importuni
960 2821 1317 2876 feneratores
1362 2820 1619 2875 insistitis
1662 2821 1722 2875 et

126 2900 428 2973 pigritantes
444 2910 615 2961 artus
631 2907 946 2975 excutitis,e
963 2909 1169 2964 lectulo
1189 2909 1512 2963 socordiam
1529 2925 1721 2963 meam

124 2991 279 3046 verbis
303 2995 701 3067 asperioribus
730 2995 1113 3068 increpantes,
1146 3014 1247 3052 cur
1263 3015 1379 3053 non
1395 2998 1519 3069 jam
1536 2997 1721 3053 adhuc

127 3092 246 3146 pene
273 3081 575 3138 dormiens
593 3084 957 3139 extenderim
987 3084 1196 3157 digitos
1224 3085 1298 3140 ad
1329 3085 1717 3153 scribendum,
1819 3083 2015 3138 videar
2058 3078 2353 3138 innectere
2386 3099 2601 3149 moras,
2634 3082 2769 3137 dum
2812 3080 2985 3136 nocui
3016 3079 3167 3135 aeris
3200 3079 3437 3134 nebulas

126 3181 231 3221 cum
264 3171 914 3247 noverit'unusqnisque
952 3177 1203 3227 vestrum
1241 3190 1356 3246 qua
1387 3164 1783 3228 conditioneC
1818 3171 2202 3226 formidantes
2232 3170 2419 3225 Austri
2456 3170 2795 3241 spiramina,
2828 3168 2922 3241 qui
2955 3186 3050 3223 eas
3098 3168 3439 3222 submoveat

128 3260 486 3331 gravetur,qui
507 3259 789 3314 mercede
815 3260 1131 3315 conductus
1162 3260 1286 3315 aliis
1316 3259 1526 3315 servire
1558 3278 1715 3316 cem-
1819 3261 1905 3313 vel
1920 3276 2263 3313 aranearum
2286 3260 2428 3313 telas
2457 3258 2797 3328 disrumpat,
2815 3257 3019 3329 quibus
3032 3256 3225 3311 herbae
3252 3256 3440 3310 solent

126 3342 338 3408 pellitur.
358 3347 532 3402 Prius
554 3347 624 3401 ad
647 3351 876 3418 pastum
906 3347 1247 3403 reduccmus
1274 3348 1540 3416 oviculas,
1561 3348 1718 3419 prius
1817 3347 1992 3414 infici,
2025 3349 2428 3419 praestolamur
2453 3365 2466 3401 :
2501 3347 2623 3417 jam
2659 3363 2810 3400 nunc
2840 3347 2896 3399 in
2929 3347 3171 3400 alteram
3211 3347 3437 3417 partem

129 3428 380 3498 agniculos
414 3435 658 3491 modico
680 3436 826 3490 lacte
854 3436 1205 3507 potabimus,
1239 3436 1394 3507 prius
1434 3438 1713 3492 ettectulo
1754 3504 1767 3511 _
1817 3452 1923 3491 nos
1942 3437 2215 3491 ducentes
2243 3435 2621 3491 consistamus
2649 3434 2709 3489 in
2729 3450 2933 3499 unum,
2963 3436 3021 3487 et
3063 3432 3303 3488 taedium
3340 3448 3437 3486 ve-

129 3531 204 3571 eos
219 3524 659 3593 centutabimus,
678 3527 881 3579 etcum
899 3526 1003 3579 sub
1018 3524 1292 3581 frondosa
1306 3526 1506 3581 arbors
1532 3541 1714 3580 mem-
1816 3528 2000 3580 strum
2026 3526 2131 3580 hac
2177 3523 2407 3579 medica
2439 3522 2721 3578 relatione
2759 3523 2983 3577 levabo.

1322 3733 1669 3820 LIBER
1729 3731 2240 3825 TERTIUS.

185 3925 473 4003 Baptizato,
509 3936 574 3988 ut
617 3930 885 4002 diximus,
918 3949 1057 4005 rege
1087 3936 1283 3989 nostro
1325 3934 1630 4003 Clodovee,
1659 3937 1718 3990 et
1815 3933 2102 4003 videlicet,
2144 3932 2242 4007 qui
2280 3948 2510 3988 summa
2544 3933 2699 3988 sorte
2731 3929 2803 3986 de
2851 3928 3024 4001 Troja
3059 3943 3192 3983 cum
3230 3925 3439 3982 nostris

130 4014 357 4075 universe
410 4021 669 4077 exercitu
718 4022 840 4093 ejus
883 4038 1046 4078 sacro
1085 4022 1394 4078 chrismate
1435 4023 1715 4093 delibuto,
1814 4024 2161 4096 aufugerant
2209 4025 2269 4078 et
2294 4020 2690 4077 Macedoniam
2732 4018 2909 4075 armis
2943 4016 3312 4084 domuerant,
3348 4014 3438 4069 in-

129 4103 263 4160 tente
283 4110 481 4181 regina
513 4110 723 4166 dicitur
751 4113 1060 4167 exsultasse
1088 4111 1367 4183 tripudio,
1393 4115 1457 4167 ut
1486 4112 1544 4167 in
1577 4128 1719 4168 cen-
1814 4129 1987 4185 super
2039 4116 2098 4167 et
2138 4112 2531 4183 pervaserant.
2570 4110 2727 4165 Hanc
2766 4108 3116 4163 insectantes
3166 4104 3438 4173 Romani,

131 4197 295 4261 spectu
322 4200 516 4255 omnis
544 4200 743 4273 populi
765 4201 888 4255 sele
915 4201 1327 4272 procumbens,
1354 4203 1413 4256 et
1449 4201 1717 4273 lacrymis
1817 4201 1963 4257 sicut
1990 4205 2048 4257 et
2067 4205 2303 4257 caeteras
2330 4200 2614 4267 nationes,
2634 4197 2830 4254 multis
2860 4213 2991 4253 eam
3027 4194 3238 4269 prteliis
3275 4193 3437 4250 attri-

130 4284 393 4350 superfusa
420 4287 658 4344 Domini
688 4288 1056 4344 benediceret
1079 4289 1468 4360 majestatem,
1492 4292 1628 4361 quia
1656 4290 1717 4346 in
1817 4294 2044 4358 verunt,
2069 4290 2322 4362 captives
2346 4305 2539 4344 secum
2567 4288 2939 4354 adducentes,
2962 4288 3019 4341 et
3043 4285 3227 4357 spolia
3256 4283 3441 4340 multa

132 4379 187 4420 ea
205 4369 454 4443 dignatus
478 4376 672 4431 fuerat
693 4377 1016 4448 adimplere
1046 4377 1202 4450 quod
1229 4377 1503 4449 scriptum
1520 4377 1718 4433 essein
1738 4435 1787 4450 ἢ
1816 4378 2089 4434 ferentes.
2115 4378 2406 4434 Adductus
2437 4382 2523 4433 est
2552 4377 2704 4432 inter
2732 4376 2985 4449 reliquos
3014 4391 3160 4447 puer
3199 4372 3440 4446 quidam

130 4435 396 4524 Apostolos
411 4467 637 4537 legerat
654 4465 750 4537 qui
770 4435 935 4521 dicit:
956 4435 1365 4522 Saluabiturvir
1384 4466 1610 4536 inﬁdelis
1620 4484 1718 4538 per
1738 4435 1792 4495 D
1817 4467 2199 4523 Theodericus
2223 4466 2484 4534 nomine,
2503 4469 2563 4521 et
2590 4466 2779 4537 puella
2806 4435 3073 4538 quaedam
3128 4435 3255 4535 quae
3300 4460 3442 4515 Lilia

130 4547 364 4606 Mulierem
409 4554 641 4627 ﬁdelem.
698 4555 775 4609 Ex
828 4558 964 4610 tunc
1008 4555 1362 4610 Francorum
1422 4554 1598 4610 virtus
1661 4559 1719 4612 et
1821 4556 2149 4612 vocabatur.
2182 4555 2282 4610 Hic
2320 4559 2473 4610 sorte
2500 4554 2766 4609 militaris
2790 4553 3000 4627 praedae
3033 4549 3284 4607 devoluti
3306 4551 3441 4604 sunt

131 4632 285 4701 gloria
309 4641 385 4697 ita
431 4643 685 4699 Domine
731 4646 1079 4717 procurante
1124 4644 1497 4716 magnificata
1545 4645 1717 4701 fuisse
1819 4636 3440 4717 inpartemIdatiipatricii,etfideliterserviendedomini

130 4722 361 4805 refertur,
393 4735 589 4787 utnon
615 4732 803 4787 solum
826 4732 1026 4787 vicinae
1057 4736 1278 4805 gentes,
1306 4750 1507 4789 verum
1539 4733 1717 4790 etiam
1817 4733 1903 4789 sui
1938 4733 2186 4805 gratiam
2224 4733 2478 4805 pleniter
2513 4735 2647 4787 sunt
2676 4732 2891 4804 adepti.
2920 4732 3058 4785 Erat
3091 4728 3221 4783 huic
3257 4725 3439 4782 ldatie

132 4804 276 4884 longe
295 4823 532 4876 remota:
567 4837 771 4876 eorum
818 4820 1102 4877 amicitias
1131 4824 1489 4893 expeterent,
1523 4824 1582 4877 et
1619 4840 1717 4878 eos
1820 4804 1959 4878 uxor
1980 4804 2510 4895 nomineCEugenia
2538 4823 2747 4878 decora
2778 4821 2963 4886 valde,
2983 4819 3083 4875 sed
3105 4817 3333 4873 sterilis.
3353 4815 3437 4872 Ob

130 4906 616 4977 consanguinitatis
639 4908 823 4979 gratia
842 4909 946 4963 sibi
964 4909 1233 4965 foederari
1258 4910 1346 4963 vel
1376 4910 1715 4965 consortiari
1815 4911 1964 4966 hanc
2001 4928 2233 4967 causam
2257 4912 2680 4983 adeptaverunt
2699 4909 2805 4963 sibi
2824 4909 2884 4961 in
2916 4906 3098 4960 filium
3128 4904 3438 4960 Theoderi-

132 4996 386 5058 c“perant.
419 4997 585 5052 Unde
617 4996 861 5070 contigit
890 5000 953 5052 ut
976 4997 1359 5053 Theodericus
1388 4997 1562 5053 Italiae
1592 5016 1713 5067 rex,
1816 5017 1969 5067 cum,
1990 5001 2192 5055 Liliam
2213 5001 2271 5055 in
2289 5000 2490 5065 ﬁliam,
2520 5001 2578 5053 et
2594 4995 2869 5069 singulari
2889 4994 3195 5048 dilectione
3226 4994 3438 5047 excele~

131 5075 211 5142 (Ῑυὶ
236 5079 288 5134 ln
322 5084 478 5141 ltalia
503 5086 704 5142 Gothis
732 5085 1062 5158 imperabat
1091 5090 1148 5141 et
1173 5086 1468 5153 Romanis,
1492 5087 1717 5142 Lande-
1815 5088 1978 5143 bant.
2011 5088 2164 5153 Quos
2193 5105 2323 5143 cum
2371 5085 2608 5142 amandi
2638 5086 2765 5155 lege
2804 5083 3078 5136 consueta
3122 5079 3352 5134 nutibus
3384 5082 3443 5134 et

133 5161 344 5226 Childem
376 5174 644 5230 Clodovei
674 5191 934 5230 sororem
967 5175 1040 5230 ad
1056 5174 1393 5246 conjugium
1422 5179 1715 5247 expeteret
1816 5177 2013 5244 sibilis,
2041 5177 2189 5247 jecis
2224 5180 2282 5232 et
2315 5175 2672 5247 amplexibus
2708 5171 2982 5226 incubare
3021 5167 3437 5238 conspicerent,

132 5254 179 5303 εἰ
206 5258 487 5330 acciperet.
522 5264 571 5316 Is
603 5262 778 5333 igitur
817 5263 1205 5319 Theodoricus
1236 5264 1360 5335 quis
1410 5263 1585 5319 fuerit
1626 5266 1713 5319 vel
1815 5267 2084 5337 conjugio
2106 5266 2361 5337 copulari
2376 5263 2782 5336 permiserunt.
2804 5258 3167 5315 Etadvecans
3186 5255 3442 5325 Eugenia

133 5339 259 5397 unde
282 5348 558 5422 originem
586 5351 832 5419 duxerit,
866 5352 909 5407 si
941 5352 1183 5407 modicis
1210 5352 1399 5408 verbis
1449 5354 1710 5408 evolvere
1816 5356 2068 5429 puellam
2125 5356 2266 5409 dixit
2312 5355 2365 5409 ei
2420 5350 2715 5416 secretius,
2760 5365 2891 5403 cum
2946 5349 3017 5403 ad
3071 5346 3177 5401 viri
3223 5344 3438 5399 coitum

134 5436 230 5482 non
253 5436 718 5495 vebisonerosum
746 5441 1046 5509 habeatur,
1072 5441 1393 5512 praesertim
1424 5458 1556 5496 cum
1588 5442 1711 5496 heri
1815 5441 2140 5507 accesseris,
2170 5457 2547 5513 quascumque
2576 5438 2676 5493 tibi
2700 5440 2984 5493 nocturna
3003 5434 3217 5490 visione
3240 5449 3438 5488 occur-

133 5520 460 5581 Pfomiserim
481 5542 576 5582 me
612 5528 804 5602 aliqua
832 5530 1149 5585 relaturum
1181 5531 1251 5586 de
1275 5529 1709 5602 opusculisvici-
1814 5529 1999 5584 rerint
2025 5527 2083 5581 in
2110 5528 2362 5585 crastino
2402 5529 2543 5583 mihi
2583 5528 2799 5583 referes
2833 5524 3121 5581 universa.
3154 5522 3442 5578 Putabant

134 5613 309 5665 "3mm
333 5618 611 5686 gentium.
642 5616 1024 5675 Theodericus
1054 5618 1230 5691 igitur
1267 5618 1395 5687 iste,
1420 5622 1481 5673 ut
1499 5616 1710 5672 Idatius
1813 5616 1970 5672 enim
2017 5614 2205 5669 insani
2248 5616 2306 5668 et
2337 5618 2609 5672 vecordes
2634 5615 2902 5671 universa
2955 5610 3282 5688 provenire,
3315 5626 3442 5683 quas

132 5691 301 5775 τθῖθΐι,
346 5720 412 5763 ex
453 5705 827 5767 Macedonum
861 5707 1157 5766 descendit
1191 5706 1436 5783 origine,
1471 5706 1704 5764 illorum
1823 5703 2016 5781 prima
2042 5703 2605 5782 nectecepulatienis
2619 5704 2964 5764 somniasset
2980 5702 3189 5761 mulier
3203 5701 3439 5777 despon-
