3862 6210
439 432 545 488 603

1470 428 1839 484 RORICONIS
1867 424 2174 485 MONACHI
2210 426 2732 486 MOISSIACENSIS
3617 443 3701 499 604

446 549 763 605 sata.Hanc
781 547 1253 602 consuetudinem
1291 548 1361 601 ab
1391 547 1786 619 insipientibus
1808 552 1865 602 et
1884 549 2053 603 rusti-
2076 554 2129 611 Α
2148 550 2341 621 paucis
2372 549 2663 620 militibus,
2686 552 2893 621 optans
2929 549 3114 622 magis
3145 550 3291 606 mori
3312 568 3476 624 quam
3498 560 3706 630 amplius

447 638 525 691 cis
556 637 741 690 adhuc
765 634 937 688 etiam
960 634 1281 689 conservari
1310 635 1468 705 quasi
1511 652 1794 702 veracem,
1820 654 1950 689 cum
1992 656 2055 689 ex

450 727 570 779 toto
602 723 792 777 inanis
832 723 904 776 sit
935 726 993 776 et
1036 722 1375 792 abjicienda,
1434 723 1665 793 plurimi
1709 727 2054 778 asseverant.

447 811 601 867 Abiit
625 811 852 877 mulier,
887 814 944 865 et
976 811 1326 865 obdormivit
1354 812 1426 878 ei,
1465 815 1659 866 tamen
1680 812 1731 866 ei
1754 813 1811 866 in
1842 814 2059 867 somnis

448 900 648 955 ﬁctitia
676 899 836 971 quasi
866 899 1172 971 praesentia
1198 899 1593 954 demonstrata
1629 904 1779 954 sunt.
1821 900 1973 954 Vidit
2002 902 2058 955 in

450 989 669 1043 somnis
686 988 845 1059 quasi
863 988 932 1042 de
965 987 1233 1042 umbilico
1268 989 1478 1043 ventris
1507 988 1590 1042 sui
1609 989 1760 1043 exire
1792 991 2059 1043 arborem

448 1078 730 1132 excelsam
754 1079 811 1130 et
828 1075 1155 1142 sublimem,
1174 1076 1251 1130 ita
1268 1080 1329 1130 ut
1345 1093 1491 1147 penc
1518 1078 1755 1132 nubium
1772 1077 2058 1131 altitudini

444 1164 730 1235 coaequari
754 1163 1043 1218 videretur
1070 1181 1081 1217 :
1108 1164 1289 1217 filium
1321 1164 1581 1220 videlicet
1602 1166 1855 1238 signans,
1876 1165 1971 1237 qui
1995 1183 2057 1220 ex

444 1263 609 1315 utero
641 1260 789 1314 illius
804 1261 1168 1330 generandus
1180 1264 1322 1319 erat.
1342 1264 1407 1316 Et
1428 1263 1693 1334 evigilata
1716 1280 1835 1334 prae
1848 1279 2059 1333 pavore

449 1349 706 1403 narravit
747 1348 867 1403 viro
904 1365 1002 1403 suo
1042 1350 1356 1417 somnium,
1410 1351 1642 1421 insuper
1682 1355 1740 1405 et
1778 1355 2060 1405 secretum

451 1437 703 1493 domina:
737 1455 851 1492 sua:
880 1438 957 1491 nil
1001 1442 1227 1493 morata
1269 1440 1524 1494 nudavit.
1562 1440 1698 1503 Quae
1729 1456 1859 1494 cum
1888 1456 2061 1494 mane

446 1526 783 1581 surrexisset
806 1526 1009 1580 edocta
1044 1543 1077 1580 a
1121 1526 1355 1593 marito,
1393 1544 1509 1581 non
1542 1531 1603 1581 ut
1637 1530 1925 1593 evenerat,
1964 1527 2064 1581 sed

445 1614 653 1669 fallens
701 1614 1000 1669 dominam
1055 1632 1217 1668 suam
1254 1615 1303 1669 ei
1348 1616 1514 1669 aliter
1574 1618 1658 1670 est
1700 1618 1907 1669 locuta.
1958 1616 2059 1679 En,

446 1702 654 1774 inquit,
678 1703 917 1757 domina
946 1719 1097 1769 mea,
1118 1706 1215 1756 tua
1253 1704 1425 1757 verba
1455 1719 1874 1768 rememorans,
1899 1703 2066 1773 juxta

446 1790 633 1844 virum
665 1790 773 1844 hac
804 1794 972 1844 nocte
1005 1790 1349 1856 obdormivi,
1384 1793 1439 1843 et
1468 1791 1581 1844 vidi
1630 1807 1734 1862 per
1775 1792 2059 1845 somnium

2158 638 2365 700 vivere,
2385 655 2513 692 cum
2538 639 2665 708 jam
2721 638 2961 710 dispersi
3015 642 3205 693 essent
3230 640 3303 694 ad
3351 644 3705 713 prtedandum,

2159 725 2317 795 quasi
2341 743 2406 779 ex
2438 725 2747 797 improviso
2780 724 3026 779 inimicis
3044 726 3367 795 occurrit,et
3392 745 3485 784 eos
3502 732 3709 803 impara-

2158 816 2246 866 tos
2276 813 2575 867 inveniens
2601 814 2776 868 veluti
2800 816 3002 886 vulgus
3058 815 3310 886 ignobile
3365 821 3640 888 superavit,
3663 826 3709 876 et

2160 916 2362 954 eorum
2388 918 2585 972 regem
2619 902 2809 974 gladio
2830 903 3151 969 trucidavit,
3166 921 3397 960 uxorem
3426 906 3633 979 insuper
3658 926 3710 964 ac

2160 988 2369 1043 liberos
2400 986 2708 1057 interfecit,
2724 1008 3090 1063 regnumque
3103 996 3160 1045 et
3173 996 3402 1063 gentem
3416 995 3709 1051 Herulorum

2162 1082 2218 1132 et
2240 1079 2492 1133 nominis
2505 1079 2846 1151 dignitatem
2860 1080 2933 1134 ad
2956 1081 3199 1135 nihilum
3231 1098 3403 1153 usque
3433 1083 3713 1151 deduxit,et

2162 1182 2364 1221 eorum
2396 1168 2587 1239 spoliis
2617 1168 2828 1222 ditatus
2858 1171 2963 1234 est,
2991 1168 3071 1222 ita
3101 1172 3163 1223 ut
3188 1169 3397 1226 Chrcesi
3421 1186 3547 1243 opes
3568 1188 3713 1242 supe-

2161 1272 2313 1309 rasse
2341 1273 2397 1309 se
2421 1257 2700 1312 crederet.
2735 1258 2850 1311 Hoc
2878 1275 3010 1313 cum
3023 1259 3270 1313 relatum
3291 1260 3477 1314 fuisset
3503 1259 3713 1333 impera-

2160 1343 2293 1411 tori,
2320 1344 2584 1398 extimuit
2610 1346 2873 1417 protinus
2912 1363 2985 1401 ne
3014 1346 3282 1402 similiter
3325 1348 3578 1403 adversus
3606 1365 3714 1403 eum

2162 1430 2472 1502 aliquando
2492 1433 3009 1503 armacorriperet,
3036 1438 3095 1488 et
3124 1451 3258 1489 eum
3288 1435 3398 1490 vita
3425 1435 3647 1507 privaret
3670 1440 3716 1491 et

2164 1519 2600 1591 imperio.Tunc
2626 1521 2801 1575 etiam
2830 1525 2887 1574 et
2917 1538 3252 1592 persuasum
3271 1523 3667 1596 estimperatori
3691 1539 3717 1577 a

2165 1610 2507 1682 quibusdam
2530 1610 2773 1676 aemulis,
2803 1611 3007 1681 quibus
3028 1611 3360 1667 Theoderici
3377 1613 3659 1668 liberalitas
3671 1616 3717 1666 et

2165 1698 2473 1769 prudentia
2485 1698 2838 1769 displicebat,
2854 1698 2951 1769 qui
2969 1716 3102 1754 eum
3117 1717 3346 1773 quoque
3366 1702 3717 1756 accusaverant

2164 1786 2406 1841 crimine
2432 1786 2700 1857 pessimo,
2730 1790 2793 1840 ut
2818 1787 3237 1842 Theodericum
3268 1788 3369 1844 sub
3392 1788 3713 1843 festinatione

447 1879 607 1951 quasi
633 1894 846 1949 equum
876 1881 933 1932 et
957 1895 1166 1949 equam
1195 1879 1455 1933 omnium
1482 1880 1805 1950 pulchiores
1838 1879 2064 1950 ingredi
2087 1864 2137 1922 Β
2165 1868 2307 1921 adse
2348 1867 2542 1921 venire
2586 1866 2925 1939 praeciperet
2945 1870 3004 1922 et
3020 1884 3156 1922 eum
3170 1868 3285 1923 vita
3306 1868 3717 1940 privaret.Theo-

447 1966 507 2021 in
542 1967 781 2020 domum
814 1966 1186 2021 dominorum
1212 1984 1499 2035 meorum,
1521 1985 1664 2039 quos
1690 1970 2064 2040 subsequeba-

444 2057 541 2109 tur
570 2055 755 2126 pullus
775 2054 981 2109 habilis
1013 2058 1070 2109 et
1090 2055 1330 2110 lascivus
1364 2074 1464 2111 sua
1496 2056 1920 2128 pulchritudine
1970 2075 2061 2112 su-

444 2159 656 2215 perans
685 2159 889 2197 omnes
918 2160 1123 2215 greges
1160 2162 1462 2215 equorum.

518 2232 612 2285 His
650 2231 877 2299 auditis,
926 2233 1137 2287 Idatius
1176 2236 1234 2287 et
1275 2234 1531 2305 Eugenia
1575 2237 1921 2306 putaverunt
1958 2234 2062 2289 sibi

443 2319 701 2374 sobolem
716 2319 912 2374 adfutu
922 2324 1131 2386 ram,et
1143 2322 1215 2376 ob
1228 2322 1375 2375 hanc
1391 2323 2061 2394 gratiamTheodericum

445 2410 503 2461 et
524 2407 722 2461 Liliam
745 2408 1008 2462 libertate
1028 2409 1408 2476 donaverunt,
1431 2414 1487 2464 et
1520 2410 1712 2464 multis
1729 2410 2063 2465 muneribus

447 2495 792 2550 ditaverunt.
846 2496 1199 2566 Conceptum
1250 2514 1494 2568 puerum
1540 2497 1680 2551 Lilia
1722 2498 1965 2570 peperit,
2007 2501 2065 2552 et

445 2583 666 2637 vocavit
690 2600 823 2637 eum
854 2584 1091 2637 nomine
1122 2584 1296 2654 patris
1309 2584 1842 2640 suiTheodcricum.
1877 2586 2065 2642 Crevit

448 2688 613 2742 puer,
636 2675 692 2725 et
708 2672 1021 2725 ablactatus
1054 2676 1159 2738 est,
1195 2676 1252 2725 et
1278 2672 1560 2743 adoptans
1591 2691 1724 2728 eum
1760 2674 1968 2729 Idatius
2000 2675 2061 2729 in

446 2759 653 2826 filium,
672 2775 803 2812 cum
824 2760 984 2813 omni
1011 2759 1310 2829 diligentia
1330 2777 1462 2814 eum
1487 2761 1741 2817 enutrirc
1764 2764 2058 2835 praecepit.

445 2847 571 2920 Fuit
589 2846 748 2900 enim
769 2846 1011 2901 decorus
1029 2850 1281 2918 aspectu,
1316 2851 1532 2903 statura
1561 2866 1852 2920 procerus,
1886 2868 2060 2906 saecu-

442 2919 550 2988 lari
595 2933 899 3004 prudentia
934 2936 993 2988 et
1043 2935 1352 2990 calliditate
1403 2919 1678 3004 munitus,
1712 2941 1769 2992 et
1807 2939 2064 3010 corporis

446 3021 629 3076 nimia
677 3021 1015 3076 fortitudine
1062 3022 1504 3096 circonspectus.
1549 3026 1829 3083 Defuncto
1891 3028 2065 3099 igitur

2165 1955 2388 2010 dericus
2416 1955 2590 2026 igitur
2621 1954 2761 2009 nihil
2802 1955 2917 2010 doli
2946 1956 3286 2027 suspicatus,
3326 1973 3453 2011 cum
3510 1960 3568 2012 l2
3615 1955 3717 2011 mil-

2163 2052 2311 2108 libus
2340 2052 2785 2107 fortissimorum
2827 2052 3178 2108 bellatorum
3211 2051 3719 2123 Constantinopolim

2164 2158 2340 2213 usque
2365 2140 2713 2213 pr0peravit,
2761 2143 2819 2194 et
2848 2140 2926 2195 sic
2964 2140 3215 2196 occurrit
3258 2139 3595 2213 imperatori.
3634 2140 3721 2193 De-

2163 2234 2384 2285 cretum
2411 2232 2535 2284 erat
2550 2229 2622 2283 ab
2646 2228 2908 2284 universo
2926 2232 3128 2285 senatu
3160 2234 3224 2285 ut
3236 2246 3365 2284 cum
3388 2227 3722 2283 Theodericus

2163 2320 2314 2373 solus
2344 2316 2746 2389 ingrederetur
2766 2317 3068 2388 palatium,
3093 2318 3465 2373 membratim
3479 2316 3722 2371 scindere-

2162 2410 2256 2461 tur
2280 2409 2455 2472 totus,
2488 2409 2546 2460 et
2570 2405 2651 2459 ita
2670 2406 2739 2460 de
2760 2405 2952 2461 medio
2971 2407 3291 2461 viventium
3315 2407 3609 2462 tolleretur.
3633 2401 3723 2458 Sed

2164 2494 2462 2551 Ptolemmi
2494 2494 2663 2549 amici
2695 2494 2779 2549 sui
2810 2495 3045 2550 consilio
3070 2499 3436 2551 conservatus
3463 2497 3518 2549 et
3551 2490 3725 2548 astutia

2162 2584 2435 2639 liberatus
2483 2587 2587 2638 est.
2646 2582 2892 2637 Accessit
2921 2583 3081 2637 enim
3125 2584 3201 2638 ad
3248 2584 3655 2656 imperatorem,
3681 2581 3724 2632 et

2164 2690 2295 2726 eum
2324 2672 2411 2727 his
2442 2672 2720 2726 allocutus
2751 2674 2835 2725 est
2864 2671 3051 2726 verbis
3081 2687 3095 2725 :
3123 2693 3150 2722 ‹‹
3186 2673 3491 2745 Indignum
3518 2668 3725 2725 nimium

2163 2765 2249 2815 est
2273 2759 2561 2831 majestati
2592 2763 2815 2826 vestrm,
2850 2759 3086 2814 domine
3118 2760 3201 2815 mi
3236 2760 3562 2831 imperator,
3588 2760 3641 2812 ut
3664 2755 3725 2809 sic
3765 2783 3771 2790 -

2161 2848 2560 2903 fraudulenter
2584 2848 2762 2901 homo
2796 2847 2888 2901 ille
2920 2847 3299 2903 interficiatur
3328 2848 3601 2919 sinelege,
3627 2843 3724 2899 sine

2157 2936 2397 3007 judicio,
2419 2935 2497 2989 sic
2520 2938 2815 3007 separetur
2839 2952 2873 2989 a
2902 2935 3038 2999 suis,
3070 2935 3147 2990 sic
3183 2936 3538 3009 opprimatur
3584 2950 3613 2987 a
3648 2947 3726 2985 n0-

2164 3024 2311 3079 stris.
2347 3023 2508 3077 Prius
2567 3022 2833 3077 omnibus
2878 3038 3046 3078 causa
3099 3023 3360 3079 criminis
3404 3022 3723 3095 exponetur;

445 3109 627 3164 Idatio
664 3113 722 3164 et
758 3110 1032 3181 Eugenia,
1054 3110 1244 3180 jussus
1275 3117 1360 3167 est
1384 3113 1629 3168 militare
1657 3115 2060 3182 Theodericus,
2089 3139 2137 3199 α
2165 3112 2320 3183 prius
2351 3111 2423 3166 ad
2453 3127 2584 3165 suos
2613 3113 2906 3165 senatores
2928 3110 3104 3166 etiam
3137 3112 3211 3167 de
3226 3112 3385 3168 curia
3400 3106 3725 3199 nostranobit

445 3200 505 3252 et
523 3197 602 3252 sic
626 3197 828 3253 Leonis
858 3198 1225 3269 imperatoris
1242 3200 1489 3272 gratiam
1520 3202 1787 3271 emeruit,
1808 3207 1865 3257 et
1881 3203 2063 3275 impe-

446 3285 574 3340 riali
602 3287 815 3358 palatio
840 3288 993 3358 apud
1025 3288 1588 3361 Constantinopolim
1617 3290 1989 3362 ingenuitatis
2011 3296 2068 3347 et

442 3374 697 3430 audacia:
740 3392 954 3431 nomen
989 3375 1095 3430 sibi
1139 3377 1437 3449 acquisivit
1478 3381 1535 3433 et
1574 3379 1829 3435 laudem.
1874 3381 2064 3435 Ptole-

445 3480 626 3518 magus
674 3464 912 3536 quidam
954 3482 1021 3519 ex
1078 3466 1369 3522 senatorio
1428 3466 1630 3522 ordine
1661 3467 1793 3522 huic
1826 3467 1885 3524 in
1921 3469 2063 3524 ami-

447 3550 643 3606 citiam
706 3552 1060 3624 singularem
1118 3553 1199 3609 ita
1257 3554 1555 3610 devinctus
1618 3572 1739 3611 esse
1794 3557 2063 3624 refertur,

444 3642 508 3693 ut
540 3656 674 3694 eum
713 3658 891 3712 usque
948 3641 1022 3695 ad
1070 3641 1227 3696 diem
1274 3643 1360 3697 sui
1404 3643 1596 3699 obitus
1653 3661 1754 3699 suo
1828 3645 2065 3700 consilio

445 3730 504 3782 et
534 3728 840 3798 prudentia
888 3729 959 3784 ab
1011 3730 1374 3785 obviantibus
1431 3731 1698 3803 periculis
1739 3732 2065 3788 invidorum

444 3817 633 3871 tutare
691 3820 928 3872 conatus
971 3816 1063 3871 sit.
1122 3819 1191 3872 Et
1240 3819 1378 3872 dum
1429 3818 1777 3889 quibusdam
1814 3821 2067 3877 Theode-

444 3904 548 3960 rici
579 3904 886 3977 prudentia
916 3906 1163 3976 placere,
1196 3906 1337 3960 dum
1376 3909 1435 3960 et
1470 3906 1813 3977 quibusdam
1838 3907 2065 3962 invidia:

443 4008 615 4048 causa
628 3992 918 4047 videretur
948 4008 1214 4060 onerosa,
1233 4009 1336 4064 per
1357 3993 1745 4049 internuntios
1767 3996 2064 4050 communi

443 4081 681 4136 consilio
722 4081 794 4134 ab
818 4080 1169 4151 imperatore
1200 4081 1320 4134 Itali
1343 4081 1672 4153 petiverunt
1688 4090 1751 4137 ut.
1772 4084 1853 4138 eis
1880 4085 2063 4141 Theo-

444 4169 670 4225 dericus
699 4167 969 4239 patricius
1001 4167 1414 4237 institueretur,
1444 4172 1729 4241 quatenus
1768 4173 1890 4244 ejus
1927 4190 2064 4245 pru—

444 4255 643 4311 dentia
656 4254 934 4326 singulari
958 4255 1028 4309 ab
1056 4254 1400 4313 instantibus
1423 4257 1668 4315 inimicis
1684 4263 1941 4317 tueretur
1953 4263 2064 4317 Ro-

446 4359 623 4398 mana
671 4342 926 4397 libertas.
971 4344 1191 4400 Placuit
1233 4346 1343 4401 hoc
1401 4346 1764 4419 imperatori,
1818 4353 1875 4404 et
1931 4367 2064 4405 eum

443 4429 693 4486 Romam
713 4431 989 4503 dirigens,
1015 4433 1345 4504 patriciatus
1358 4436 1581 4492 honore
1597 4438 1940 4494 sublimatus
1959 4443 2064 4501 cst,

442 4522 656 4574 etcum
686 4521 906 4576 Herulis
948 4521 1146 4594 prmlia
1186 4526 1370 4580 multa
1394 4526 1709 4594 commisit,
1742 4530 1798 4583 et
1855 4545 1952 4584 eos
1994 4529 2066 4584 ad

441 4607 902 4665 internecionem
925 4628 1102 4683 usque
1123 4612 1351 4672 delevit.
1382 4614 1544 4669 Unde
1566 4615 1809 4687 contigit
1846 4620 1906 4670 ut
1933 4633 2065 4671 cum

440 4696 533 4753 die
563 4698 815 4770 quadam
842 4700 1109 4756 adversus
1129 4718 1333 4757 eorum
1367 4719 1567 4775 regem
1591 4705 1854 4775 praelium
1871 4707 2064 4761 eonci-

441 4790 681 4857 tassent,
715 4792 773 4844 et
802 4806 869 4844 ex
901 4794 1143 4863 utroque
1181 4791 1430 4846 exercitu
1471 4793 1722 4863 plurima
1757 4795 2066 4851 hominum

440 4877 751 4933 multitudo
783 4879 999 4934 mutuis
1019 4881 1347 4936 vulneribus
1376 4884 1794 4945 sternerentur,
1814 4883 2067 4939 sentiens

438 4966 827 5023 Theodoricus
851 4985 1087 5023 suorum
1114 4968 1340 5039 gladios
1371 4969 1645 5025 defecisse
1684 4973 1849 5043 terga
1888 4972 2065 5039 dedit,

438 5057 499 5109 et
526 5054 609 5109 ita
661 5071 792 5110 cum
842 5056 956 5111 suis
997 5050 1227 5128 fugiens
1270 5058 1606 5113 Ravennam
1643 5063 1727 5113 est
1757 5060 2063 5131 ingressus.

442 5141 630 5207 Quem
675 5160 807 5198 cum
848 5144 1139 5216 insperate
1186 5144 1326 5200 Lilia
1369 5149 1557 5201 mater
1592 5146 1948 5219 inspexisset,
1990 5148 2068 5203 sic

440 5247 575 5286 eum
607 5249 952 5304 exasperans
980 5236 1039 5288 et
1068 5233 1314 5289 illudens
1351 5234 1650 5307 increpare
1689 5236 1859 5307 coepit
1896 5240 1953 5291 et
1982 5237 2067 5291 di-

439 5336 569 5374 cere
600 5337 612 5374 :
641 5342 669 5370 «
703 5320 865 5384 Quae,
895 5321 1103 5394 inquit,
1154 5338 1187 5377 ο
1228 5323 1309 5378 mi
1353 5326 1508 5390 nate,
1556 5323 1852 5379 dementia
1893 5325 1973 5380 ita
2011 5329 2067 5381 te

438 5410 735 5480 compellit
768 5411 928 5467 abire
969 5411 1325 5484 praecipitem
1346 5414 1374 5469 ?
1401 5415 1525 5470 Non
1551 5414 1677 5485 jam
1712 5432 1825 5487 quo
1858 5415 2066 5488 fugias,

439 5496 549 5551 nisi
572 5501 634 5551 ut
671 5499 974 5554 sublevatis
1006 5500 1249 5555 vestibus
1268 5503 1412 5557 meis
1443 5503 1785 5574 ingrediaris
1813 5507 2065 5575 uterum,

443 5582 514 5638 de
550 5601 664 5656 quo
690 5587 956 5658 parvulus
983 5586 1222 5643 oriende
1249 5591 1532 5660 prodiisti.
1571 5613 1598 5639 ››
1633 5591 1798 5656 Quod
1830 5593 1924 5647 ille
1964 5610 2063 5648 au-

440 5671 624 5741 diens,
681 5676 740 5729 et
790 5672 968 5729 nimia
1018 5677 1362 5734 verecundia
1414 5678 1698 5753 perfusus,
1746 5681 2063 5739 recollectis

2166 3201 2335 3256 liores
2367 3200 2691 3272 dirigantur
2708 3199 2943 3271 quirem
2974 3199 3627 3271 diligenterexaminent,
3650 3193 3725 3267 qui

2167 3289 2554 3345 offensionum
2581 3290 2776 3359 culpas
2807 3288 3193 3359 multiplicare
3221 3288 3725 3352 didicerunt,utcum

2167 3378 2239 3433 ab
2270 3378 2523 3451 utrisque
2555 3380 2744 3433 morte
2767 3376 3163 3448 dignusfuerit
3182 3377 3490 3449 judicatus,
3511 3379 3631 3430 tunc
3655 3371 3728 3426 de-

2167 3466 2387 3523 centius
2415 3469 2588 3538 atque
2623 3465 2859 3520 liberius
2898 3467 2997 3519 aut
3052 3466 3252 3520 bestiis
3305 3464 3629 3537 subrigatur,
3653 3460 3729 3513 aut

2166 3555 2352 3626 capite
2383 3554 2675 3627 puniatur,
2693 3555 2780 3608 vel
2809 3554 3119 3627 suspendio
3133 3558 3354 3626 pereat.
3374 3552 3595 3609 Interim
3609 3548 3728 3602 vivus

2168 3647 2434 3698 teneatur
2480 3646 2538 3697 et
2575 3642 2815 3698 vinctus.
2847 3643 2929 3696 En
2960 3646 3016 3696 et
3042 3659 3151 3713 ego
3185 3659 3320 3697 cum
3350 3640 3545 3715 legatis
3570 3634 3731 3693 vestris

2168 3732 2324 3787 abire
2339 3735 2571 3803 paratus
2583 3748 2729 3786 sum.
2753 3752 2781 3781 »
2814 3730 3118 3802 Eliguntur
3144 3730 3399 3803 denique
3410 3728 3640 3801 quinque
3652 3718 3732 3775 viri

2167 3820 2479 3875 nobiliores
2509 3819 2580 3874 de
2607 3819 2765 3874 curia
2786 3818 3154 3890 imperatoris
3194 3819 3395 3892 qui,ut
3422 3811 3734 3889 suggesserat

2167 3910 2532 3977 Ptolemaeus,
2551 3908 2622 3963 ad
2637 3908 2852 3963 Gothos
2865 3909 3104 3963 Italosve
3117 3906 3485 3978 imperatoris
3504 3899 3733 3958 mandata

2168 3997 2481 4053 deferrent.
2509 3998 2673 4052 Iussu
2701 3995 3070 4068 imperatoris
3100 3995 3247 4050 abiit
3298 4011 3431 4050 cum
3470 3992 3547 4049 eis
3579 3986 3732 4045 Ptole-

2166 4103 2367 4154 magus,
2401 4089 2459 4141 et
2488 4085 2866 4141 secretissime
2882 4084 3163 4157 praemisit
3191 4101 3440 4157 puerum
3461 4081 3551 4155 qui
3578 4073 3733 4133 Gothis

2168 4175 2430 4231 universa
2459 4175 2796 4242 nuntiasset,
2812 4179 2871 4229 et
2900 4173 3314 4246 quiintimaret
3339 4176 3552 4245 legatos
3570 4179 3733 4225 omnes

2167 4281 2289 4320 esse
2318 4263 2652 4319 vinciendos
2680 4262 2899 4335 pariter
2928 4265 2987 4317 et
3016 4263 3731 4332 Ptolemzeum,etquarum-

2168 4352 2302 4407 dam
2334 4369 2640 4424 poenarum
2682 4350 3070 4407 ostentatione
3101 4350 3532 4421 perterrendos,
3556 4344 3649 4401 nisi
3670 4340 3732 4396 eis

2168 4441 2438 4496 velociter
2450 4440 2753 4496 dominum
2767 4456 2934 4495 suum
2945 4439 3372 4494 Theodericum
3390 4452 3585 4494 sanum
3612 4434 3660 4487 et
3670 4430 3733 4484 in-

2168 4531 2456 4585 columem
2492 4529 2763 4584 redderet
2791 4528 3201 4599 imperator,et
3231 4543 3367 4582 cum
3397 4519 3731 4599 prosperitate

2133 4632 2140 4638 '
2167 4636 2265 4674 eos
2289 4635 2494 4674 omnes
2523 4618 2622 4690 qui
2638 4634 2769 4672 cum
2799 4633 2868 4672 eo
2898 4620 3067 4671 erant
3090 4616 3163 4670 ad
3185 4616 3425 4688 prapria
3450 4612 3621 4669 redire
3635 4622 3734 4680 per-

2167 4707 2445 4763 mitteret.
2484 4706 2631 4770 Quid
2660 4706 2828 4777 plura
2851 4705 2879 4760 Ἰ
2906 4704 3163 4759 'necdum
3183 4705 3363 4759 verba
3391 4701 3641 4757 ﬁnierant
3656 4691 3730 4766 qui

2167 4796 2325 4851 missi
2347 4796 2577 4849 fuerant
2602 4797 2919 4860 senatores,
2952 4796 3010 4848 et
3034 4809 3164 4847 ecce
3210 4792 3470 4864 undique
3514 4786 3734 4844 vinciun-

2165 4888 2281 4952 tur,
2343 4884 2416 4938 ad
2482 4882 2950 4954 suspendendum
3014 4897 3207 4937 cruces
3267 4883 3556 4953 aptantur,
3591 4867 3732 4947 gladii

2170 4975 2453 5027 acuuntur
2469 4974 2527 5025 et
2540 4971 2764 5025 diversa
2787 4969 3063 5025 mortium
3080 4985 3302 5041 genera
3330 4966 3700 5042 praeparantur
3722 4973 3732 5011 ί

2168 5077 2267 5116 eos
2279 5060 2497 5132 pariter
2515 5075 2758 5114 enecare
2781 5058 3225 5125 comminantes,
3241 5057 3351 5111 nisi
3364 5055 3619 5112 dominus
3631 5060 3735 5105 suus

2169 5148 2386 5203 eisdem
2399 5147 2763 5210 redderetur,
2781 5151 2839 5202 et
2850 5149 3212 5202 sacramento
3244 5146 3507 5200 firmaret
3525 5143 3736 5212 impera-

2167 5242 2262 5293 tor
2287 5240 2349 5291 ut
2378 5253 2477 5292 eos
2514 5253 2720 5292 omnes
2749 5236 2846 5308 qui
2880 5252 3012 5291 cum
3049 5252 3118 5291 eo
3152 5237 3324 5289 erant
3344 5234 3645 5290 incolumes
3679 5221 3735 5279 ad

2168 5327 2403 5399 propria
2432 5326 2620 5381 redire
2653 5324 3036 5399 permitteret.

2240 5416 2332 5470 llis
2362 5415 2636 5487 angustiis
2685 5418 2935 5470 arctatus
2981 5415 3326 5487 imperator,
3385 5413 3550 5469 vellet
3592 5405 3735 5463 nollet

2165 5504 2581 5560 Theodericum
2614 5504 2809 5559 Gothis
2842 5503 3115 5571 reddidit,
3150 5506 3207 5558 et
3250 5519 3353 5559 eos
3393 5515 3589 5558 omnes
3629 5505 3734 5551 cum

2164 5593 2548 5666 prosperitate
2561 5592 2864 5666 repatriari
2879 5579 3159 5665 permisit.
3177 5591 3324 5646 Cum
3357 5606 3497 5663 ergo
3524 5581 3735 5676 Theode-

2161 5681 2312 5739 ricus
2341 5698 2474 5742 cum
2512 5680 2675 5739 sociis
2714 5681 2788 5745 ad
2826 5679 3060 5757 propria
3104 5683 3442 5751 remeasset,
3494 5667 3734 5750 comperit
