3862 6210
208 438 303 501 605

1517 430 1735 496 GESTA
1765 431 2212 496 FRANCORUM.

3428 431 3531 498 606

204 565 395 619 Avares
421 563 484 618 in
542 561 775 618 Italiam
806 558 1090 628 introisse,
1122 562 1402 633 populum
1459 565 1517 617 et
1564 563 1811 634 patriam
1836 565 1891 626 Α
1916 561 2180 617 ordinem
2200 557 2913 632 recurramus,przesertim
2966 577 3099 615 cum
3130 562 3318 617 adhuc
3345 563 3531 619 Theo-

205 652 535 714 devastasse,
558 651 737 706 urbes
774 649 1055 721 plurimas
1075 649 1196 704 solo
1230 665 1561 721 coaequasse
1610 654 1667 704 et
1700 652 1812 706 Ro-

208 757 348 795 mam
391 756 577 810 usque
609 738 918 810 vestigium
950 739 1091 792 velle
1123 738 1494 808 protendere.
1554 738 1812 793 Tandem

206 828 501 899 resumptis
529 826 709 881 armis
739 830 799 881 et
822 826 1035 880 viribus
1061 842 1160 880 eos
1186 842 1389 880 omnes
1410 826 1480 880 de
1513 826 1701 896 patria
1719 844 1813 881 ex-

204 916 418 987 pulit,et
433 932 621 986 usque
643 914 718 969 ad
734 913 1172 969 Pannoniorum
1206 913 1485 968 terminos
1502 914 1811 981 insecutus,

204 1009 255 1060 et
272 1005 433 1075 juxta
477 1019 687 1058 eorum
745 1003 1058 1057 exercitum
1114 1001 1364 1057 tentoria
1426 1002 1565 1057 ﬁxit.
1600 1004 1662 1056 In
1723 1003 1814 1057 die

204 1092 366 1164 igitur
428 1091 708 1157 crastino,
751 1090 1059 1161 assumptis
1110 1106 1304 1144 secum
1365 1090 1645 1144 militibus
1698 1107 1812 1144 sex,

203 1180 471 1252 septimus
534 1179 658 1252 ipse
701 1178 900 1235 castris
946 1181 1032 1233 est
1068 1195 1331 1248 egressus
1384 1180 1447 1231 ut
1494 1180 1812 1232 Avarorum

202 1273 378 1324 castra
429 1284 540 1340 per
576 1267 958 1337 semetipsum
983 1267 1329 1337 exploraret.
1391 1266 1578 1321 Simili
1637 1267 1812 1322 modo

198 1358 514 1412 Avarorum
558 1355 798 1428 quidam
828 1356 1033 1409 Xerxes
1088 1354 1327 1409 nomine
1385 1354 1753 1425 singulariter
1782 1372 1812 1409 e

196 1461 425 1500 suorum
447 1443 649 1499 castris
676 1447 763 1497 est
798 1446 1146 1515 egressus,ut
1174 1446 1233 1496 et
1262 1442 1383 1512 ipse
1410 1442 1571 1513 quasi
1604 1446 1812 1514 poten-

196 1533 441 1588 tissimus
464 1532 764 1605 praeliator
777 1530 1101 1602 potentiam
1124 1530 1594 1602 persequentium
1618 1548 1682 1585 ex
1690 1532 1811 1603 plo-

193 1624 366 1678 raret.
396 1620 585 1685 Quem
606 1637 739 1675 cum
763 1619 1133 1690 singulariter
1154 1619 1530 1673 aberrantem
1559 1618 1813 1673 Theode-

191 1710 340 1764 ricus
396 1710 758 1781 inspexisset,
819 1712 992 1762 trese
1023 1708 1137 1761 suis
1190 1707 1495 1762 comitibus
1551 1707 1624 1761 ad
1676 1724 1810 1761 eum

190 1798 542 1869 capiendum
580 1796 663 1851 ire
693 1796 1010 1861 mandavit,
1060 1812 1203 1867 quos
1233 1797 1384 1849 Avar
1412 1796 1564 1849 solus
1610 1794 1807 1865 fugam

1920 650 2097 704 derici
2125 649 2284 704 istius
2311 649 2609 705 historiam
2642 650 2715 704 ad
2742 649 3127 721 supplendum
3160 653 3371 704 nostra:
3394 668 3529 705 nar-

1914 737 2154 794 rationis
2183 738 2450 793 ordinem
2489 738 2653 793 nobis
2706 737 3091 793 necessariam
3151 738 3528 809 suspicemur.

1989 826 2497 897 Clodoveusigitur
2526 845 2681 883 anno
2712 830 2750 885 2
2798 827 2882 882 sui
2913 826 3274 897 baptismatis
3328 831 3531 882 contra

1915 914 2358 969 Gundobaldum
2377 919 2434 969 et
2460 915 2849 987 Godegisilum
2866 931 3029 969 arma
3049 914 3348 985 corripuit,
3383 919 3440 969 et
3469 915 3528 969 in

1917 1019 2013 1057 eos
2040 1002 2224 1058 aciem
2251 1003 2526 1074 dirigens,
2561 1004 2631 1058 ad
2676 1003 3031 1057 ulciscendos
3063 1007 3282 1057 veteres
3340 1002 3533 1059 uxoris

1916 1108 2031 1146 suae
2064 1091 2302 1161 injurias
2318 1092 2671 1147 Francorum
2703 1091 2932 1147 animos
2958 1092 3130 1159 acuit,
3163 1092 3527 1164 Burgundio-

1915 1195 2017 1233 nes
2061 1178 2350 1235 universos
2409 1184 2506 1234 aut
2549 1181 2742 1251 gladio
2794 1181 3103 1247 trucidare,
3158 1183 3257 1234 aut
3314 1181 3527 1235 tributo

1914 1267 2072 1339 gravi
2099 1268 2405 1339 subjugare
2436 1270 2996 1323 decernens.Contra
3013 1285 3185 1340 quem
3204 1268 3532 1323 Gundobal-

1916 1355 2088 1410 duset
2104 1357 2456 1428 Godegisilus
2476 1358 2789 1412 exercitum
2804 1375 3087 1428 magnum
3110 1360 3528 1429 praeparant,et

1915 1444 1987 1498 ad
2015 1461 2073 1499 se
2115 1445 2570 1514 defendendum,
2602 1446 2737 1501 licet
2763 1446 3151 1517 redarguente
3178 1445 3529 1500 conscientia

1912 1549 2145 1604 pomam
2178 1533 2479 1588 fratricidii
2502 1538 2892 1601 mererentur,
2912 1551 3042 1588 cum
3067 1534 3224 1588 omni
3242 1533 3526 1588 bellorum

1912 1625 2191 1691 apparatu
2218 1622 2402 1675 {etatis
2430 1622 2723 1694 utriusque
2755 1623 2903 1677 viros
2919 1623 3357 1691 conglomerare
3384 1621 3528 1675 fece-

1911 1709 2066 1760 runt.
2094 1708 2159 1761 Et
2189 1708 2265 1761 sic
2314 1710 2552 1763 collecta
2610 1710 2767 1764 omni
2802 1709 3169 1764 multitudine
3228 1708 3527 1763 Divionem

1912 1811 2090 1865 usque
2123 1800 2528 1867 properarunt,
2573 1801 2629 1851 et
2660 1799 2930 1869 utrinque
2960 1798 3092 1853 totis
3121 1798 3332 1851 viribus
3389 1813 3528 1851 con-

188 1886 502 1955 ﬁngens,et
525 1884 732 1956 saapius
762 1884 887 1938 loca
906 1882 1609 1953 reﬂectens,singulariter
1637 1882 1813 1937 inter—
1835 1878 1885 1936 B
1912 1886 2197 1937 certantes
2250 1888 2414 1955 terga
2445 1885 2733 1939 dederunt
2794 1886 3249 1957 Burgundiones,
3285 1888 3341 1938 et
3370 1887 3531 1937 tanta

186 1973 340 2028 fecit.
367 1973 528 2028 Alios
551 1972 890 2027 tresiterum
920 1971 1079 2026 abire
1099 1970 1371 2042 imperat,
1402 1970 1503 2025 sed
1532 1971 1728 2025 statim
1750 1974 1812 2024 ut

184 2061 409 2132 primos
461 2060 769 2125 fefellerat,
821 2058 1022 2113 fallere
1056 2058 1299 2113 tentavit
1351 2060 1410 2112 et
1467 2058 1628 2125 alios,
1662 2057 1806 2113 etin

187 2149 366 2204 oculis
393 2146 736 2203 Theoderici
758 2162 858 2201 eos
896 2146 1060 2201 hasta
1091 2145 1301 2216 dejecit
1328 2149 1387 2199 et
1434 2146 1647 2218 gladio.
1678 2147 1811 2207 Post,

182 2238 311 2292 haec
337 2236 728 2292 Theodericus
748 2252 879 2290 cum
904 2252 973 2291 eo
988 2234 1360 2307 singulariter
1390 2235 1714 2302 decertans,
1747 2236 1807 2289 in

182 2324 424 2380 brachio
441 2340 578 2380 eum
594 2323 1299 2395 vulneravit,tandemque
1314 2323 1599 2377 devictum
1615 2340 1809 2378 secum

186 2414 259 2468 ad
297 2417 743 2468 c‘astrasuorum
773 2411 893 2482 ipse
916 2410 1161 2465 reduxit.
1199 2411 1371 2481 Cujus
1400 2411 1713 2482 prudentia
1755 2414 1812 2465 et

183 2502 534 2558 fortitudine
560 2502 895 2568 delectatus,
934 2500 1123 2555 verbis
1153 2516 1288 2555 eum
1341 2500 1698 2555 suavioribus
1727 2502 1814 2555 est

184 2591 455 2647 hortatus
485 2595 549 2644 ut
579 2605 711 2644 cum
757 2604 826 2644 eo
888 2588 1126 2660 pacifica
1181 2592 1540 2654 remaneret,
1570 2605 1814 2643 munera

184 2679 445 2752 plurima
474 2678 822 2749 promittens
859 2680 917 2731 et
944 2677 1218 2731 honores.
1250 2676 1355 2740 Qui
1390 2677 1813 2748 parvipendens

182 2783 390 2838 preces
420 2770 480 2821 et
508 2764 887 2832 munera,hoc
905 2765 1089 2818 solum
1120 2764 1377 2836 quotidie
1391 2765 1732 2834 precabatur
1751 2767 1814 2819 ut

182 2855 263 2910 ad
289 2857 479 2910 solum
507 2853 769 2926 prorium
794 2852 1177 2907 Theodoricus
1207 2853 1395 2907 redire
1426 2854 1809 2923 permitteret.

183 2945 259 2998 Et
285 2960 419 2998 cum
460 2959 594 2997 eum
618 2943 904 2996 ullatenus
932 2940 1183 2995 retinere
1216 2958 1333 2995 non
1358 2930 1811 3012 posset,tandem

184 3032 352 3086 abire
383 3030 731 3103 permisit,et
750 3028 871 3101 ipse
892 3045 1022 3084 eum
1040 3029 1374 3083 subsecutus
1397 3032 1483 3083 est
1530 3045 1707 3100 usque
1738 3029 1810 3084 ad

184 3120 415 3174 Istriam
448 3118 711 3174 ﬂuvium.
781 3116 962 3181 Quem
1003 3133 1135 3171 cum
1184 3118 1333 3170 Avar
1376 3119 1807 3197 transnatasset,
1832 3121 1882 3183 Ο

183 3216 506 3288 respiciens
529 3219 688 3270 retro
711 3214 791 3269 sic
817 3214 889 3269 ab
917 3214 1103 3269 altera
1131 3213 1695 3284 ripaTheodorieum
1727 3216 1812 3268 est

184 3315 469 3369 allocutus
500 3331 514 3368 :
545 3336 573 3363 «
595 3311 883 3377 Quoniam
909 3310 1091 3365 libero
1104 3326 1199 3364 me
1232 3309 1471 3365 arbitrio
1503 3309 1808 3365 restituisti

175 3411 308 3481 jam
338 3427 494 3466 nunc
525 3410 600 3465 ad
617 3413 672 3464 te
704 3412 978 3474 revertar,
1011 3423 1226 3479 eroque
1256 3405 1359 3461 tibi
1391 3406 1809 3461 fidelissimus.»

181 3506 434 3563 Reduxit
462 3522 599 3562 eum
618 3504 1002 3560 Theodericus
1014 3503 1545 3575 secum,multisque
1566 3502 1810 3557 ditatum

181 3605 528 3661 muneribus
557 3606 762 3659 contra
789 3601 1095 3657 Wandalos
1124 3604 1183 3658 et
1204 3602 1419 3658 Suevos
1439 3617 1574 3656 cum
1604 3600 1813 3672 smpius

178 3702 465 3757 comitem
496 3700 717 3769 habuit,
748 3699 1028 3773 quoniam
1046 3698 1248 3755 omnia
1280 3684 1652 3772 prosperailli
1675 3714 1813 3770 pro-

177 3800 382 3855 venire
420 3799 725 3855 cernebat.

251 3896 348 3953 His
379 3898 464 3953 ita
494 3895 694 3970 gestis,
729 3898 788 3951 et
812 3894 1025 3968 fugatis
1071 3892 1373 3961 Avaribus,
1407 3894 1651 3949 Romam
1679 3908 1812 3948 cum

172 3986 576 4060 prosperitate
601 3985 989 4041 Theodericus
1032 4000 1292 4040 reversus
1336 3986 1422 4039 est
1464 3983 1665 4038 victor.
1719 3982 1814 4037 His

176 4074 373 4131 ferme
410 4075 622 4131 diebus
665 4073 740 4129 ad
761 4073 1113 4129 Clodoveum
1161 4072 1545 4128 Theodericus
1594 4074 1814 4143 legatos

178 4179 315 4220 suos
335 4164 517 4231 misit,
530 4162 813 4218 mandans
841 4166 904 4217 ut
917 4162 967 4217 ei
998 4178 1262 4218 sororem
1291 4177 1458 4217 suam
1478 4160 1815 4216 Landechil-

180 4252 317 4308 dem
349 4254 410 4308 in
436 4251 884 4307 matrimonium
904 4250 1204 4318 tribueret,
1237 4253 1295 4305 et
1314 4267 1380 4306 ex
1409 4251 1519 4305 hoc
1540 4249 1695 4322 pacis
1717 4250 1814 4303 fir-

181 4341 514 4397 missimum
544 4343 782 4414 pactum
798 4339 951 4395 inter
976 4356 1037 4396 se
1069 4338 1666 4395 sustodirent.Annuit
1695 4338 1816 4409 ejus

1910 1970 2139 2025 feritate
2162 1972 2539 2043 depopulatus
2565 1976 2649 2026 est
2680 1990 2777 2027 eos
2795 1974 3145 2027 Francorum
3162 1974 3438 2026 exercitus
3470 1964 3534 2023 ut

1911 2057 1997 2111 vix
2024 2060 2200 2128 possit
2226 2059 2411 2130 colligi
2440 2077 2714 2114 numerus
2745 2060 3085 2115 occisorum.
3118 2057 3527 2113 Gundobaldus

1911 2137 2105 2208 itaque
2136 2139 2205 2193 de
2236 2140 2435 2210 prtelio
2448 2140 2761 2210 fugiens,in
2779 2140 3136 2195 Avenionem
3151 2139 3442 2193 civitatem
3459 2154 3519 2192 se

1910 2225 2160 2291 reclusit,
2196 2229 2367 2297 atque
2380 2228 2850 2293 communivit,ac
2868 2228 2912 2281 si
2938 2227 3233 2297 tantoregi
3260 2226 3524 2281 resistere

1913 2317 2119 2387 posset.
2153 2315 2266 2370 Sed
2297 2332 2503 2370 manus
2517 2316 2638 2386 ejus
2668 2318 3016 2389 quandoque
3034 2334 3092 2371 se
3119 2316 3373 2387 effugere
3403 2331 3522 2370 non

1912 2418 2076 2473 posse
2100 2403 2541 2473 persentiens,et
2561 2404 2892 2459 offensionis
2913 2422 3027 2459 sum
3060 2405 3301 2459 modum
3336 2403 3520 2459 refor-

1914 2482 2161 2550 midans,
2190 2482 2464 2537 Aredium
2497 2484 2808 2554 quemdam
2844 2484 3215 2539 consiliarum
3247 2499 3413 2538 suum
3443 2483 3524 2537 vi-

1913 2585 2043 2623 rum
2075 2570 2396 2640 sapientem
2429 2574 2603 2642 atque
2652 2572 3003 2638 modestum,
3057 2572 3129 2626 ad
3179 2571 3527 2626 Clodoveum

1913 2657 2118 2712 direxit
2147 2657 2242 2729 qui
2269 2658 2526 2713 furentes
2539 2660 2660 2730 ejus
2690 2660 2915 2715 animos
2941 2677 3042 2716 suo
3065 2660 3525 2716 moderatissimo

1912 2746 2141 2817 eloquio
2156 2747 2319 2816 (deest
2348 2747 2813 2818 aliquid).....viri
2837 2749 3113 2820 sapientis
3136 2749 3404 2819 mitigata
3434 2750 3520 2802 est

1913 2834 1999 2888 ira
2022 2834 2194 2905 regis,
2227 2839 2285 2889 et
2313 2852 2444 2889 cum
2469 2837 2863 2908 propositione
2886 2838 3155 2892 fatricidii
3188 2837 3347 2891 dedit
3368 2836 3523 2890 Gun-

1924 2922 2202 2978 debaldus
2223 2924 2462 2979 domino
2495 2940 2569 2977 no
2589 2928 2695 2979 iU'O
2718 2924 2840 2994 regi
2875 2925 2999 2979 auri
3031 2930 3087 2980 et
3139 2924 3368 2997 argenti
3408 2940 3528 2995 pon

1914 3009 2054 3065 dera
2077 3012 2262 3065 multa
2286 3015 2345 3065 et
2381 3010 2687 3078 immensa,
2720 3028 2826 3082 pro
2872 3016 3204 3085 perpetrato
3266 3012 3529 3067 videlicet

1912 3099 2146 3165 scelere,
2175 3116 2248 3152 ne
2279 3098 2432 3170 regis
2459 3100 2686 3153 animus
2711 3100 2962 3171 amplius
2999 3103 3345 3156 moveretur.
3374 3102 3529 3157 Hanc

1911 3188 2104 3240 autem
2134 3186 2529 3241 conditionem
2559 3187 2714 3241 inter
2744 3205 2804 3242 se
2837 3192 3163 3243 statuerunt
3184 3192 3246 3243 ut
3268 3205 3375 3260 per
3399 3189 3519 3245 sin-

1911 3274 2074 3344 gulos
2099 3290 2282 3328 annos
2312 3274 2502 3329 saeculi
2528 3276 2929 3346 superventuri
2953 3277 3236 3333 tributum
3264 3280 3523 3350 Burgun-

1913 3362 2111 3416 diones
2145 3362 2379 3416 Francis
2402 3364 2782 3433 praesentibus
2831 3381 2894 3418 ac
2922 3365 3129 3420 futuris
3161 3368 3527 3423 exsolverent

1913 3448 2226 3505 Clodoveus
2246 3449 2421 3521 igitur
2441 3454 2679 3506 onustus
2698 3452 2918 3522 praeda,
2950 3453 3040 3507 his
3068 3457 3241 3526 atque
3271 3454 3526 3510 muneri-

1912 3536 2018 3592 bus
2047 3538 2383 3601 honoratus,
2414 3538 2596 3593 victor
2647 3540 2721 3594 ad
2744 3540 2983 3611 prOpria
3020 3541 3318 3597 remeavit.
3348 3542 3524 3596 Erant

1913 3629 2109 3680 autem
2121 3626 2498 3682 Gundobaldo
2511 3625 2614 3681 filii
2634 3627 3178 3699 duo,Sigismundus
3199 3631 3257 3683 et
3281 3629 3527 3702 Godegi-

1911 3715 2067 3770 silus.

1987 3806 2204 3860 Eodem
2233 3822 2368 3861 vero
2391 3808 2654 3877 tempore
2681 3806 2836 3879 apud
2865 3806 3149 3861 Viennam
3178 3806 3381 3861 urbem
3412 3810 3528 3862 ter-

1913 3898 2189 3951 razmotus
2218 3895 2426 3950 accidit
2454 3894 2762 3964 maximus,
2797 3896 2856 3950 et
2885 3896 3083 3950 multae
3114 3895 3367 3950 ecclesias
3393 3896 3529 3950 sub-

1912 4001 2089 4041 versas
2119 3985 2493 4040 sunt.Domus
2521 3984 2756 4058 insuper
2770 3984 3307 4057 quamplurimmita
3323 3984 3531 4041 eodem

1913 4076 2076 4129 motu
2103 4088 2390 4130 concussa:
2427 4073 2783 4142 referuntur,
2817 4077 2879 4129 ut
2908 4074 3088 4129 etiam
3144 4074 3528 4130 fundamenta

1914 4163 2169 4234 ipsarum
2201 4161 2272 4217 ab
2322 4162 2454 4217 imis
2502 4162 2732 4218 sedibus
2761 4164 3138 4218 solverentur.
3173 4164 3284 4218 Nec
3342 4179 3527 4233 mora,

1916 4250 2253 4305 aberrantes
2276 4250 2393 4320 lupi
2423 4253 2480 4304 et
2501 4248 2628 4304 alia:
2654 4251 2851 4305 bestiae
2874 4251 3096 4306 feroces
3126 4254 3532 4307 terrmmotum

1916 4340 2361 4411 subsequuntur,
2395 4340 2452 4392 et
2480 4354 2586 4409 per
2610 4338 2850 4393 civitatis
2901 4342 3106 4412 portas
3134 4356 3265 4395 cum
3313 4338 3536 4411 impetu

178 4400 569 4501 petitionibus
632 4427 906 4485 dominus
951 4432 1148 4484 noster
1212 4427 1548 4495 Clodoveus,
1602 4430 1660 4482 et
1684 4400 1892 4483 cumD
1915 4400 2267 4483 formidabili
2291 4400 2758 4496 irrumpentes,si
2785 4400 2960 4498 quem
2986 4427 3230 4482 fortasse
3262 4400 3531 4482 offendis-

180 4517 413 4575 honore
443 4517 705 4573 maximo
730 4534 893 4571 suam
923 4533 1186 4572 sororem
1235 4515 1289 4571 ei
1320 4515 1575 4571 tradidit.
1629 4515 1812 4580 Quam

181 4603 574 4664 Theodericus
593 4605 852 4677 benigne
892 4605 1225 4676 suscipiens,
1280 4622 1411 4660 eam
1443 4605 1546 4661 sibi
1585 4604 1818 4660 sociavit

186 4694 245 4751 in
276 4713 548 4752 uxorem.
590 4694 729 4759 Quae
758 4693 986 4765 peperit
1016 4693 1068 4749 ei
1100 4694 1245 4749 ﬁlias
1263 4694 1423 4762 duas,
1456 4698 1515 4749 et
1565 4711 1697 4749 cum
1748 4711 1816 4749 eo

188 4786 410 4857 pariter
432 4788 493 4840 et
526 4784 653 4855 ipsa
683 4782 1100 4854 benignissime
1130 4786 1467 4839 conversata
1497 4788 1601 4851 est,
1634 4783 1819 4838 donec

193 4888 392 4929 earum
414 4890 596 4929 unam
628 4872 803 4927 beato
831 4870 1203 4942 Sigismundo
1226 4871 1350 4942 regi
1383 4874 1442 4926 et
1468 4872 1710 4943 martyri
1758 4871 1817 4925 in

195 4960 641 5018 matrimonium
665 4961 981 5032 copularet.
1010 4958 1135 5014 Alia
1166 4976 1300 5014 vero
1324 4976 1455 5015 cum
1496 4962 1684 5015 matre
1719 4977 1820 5015 sua

198 5050 352 5106 domi
372 5051 638 5107 residens
668 5051 797 5120 post
828 5052 1086 5104 mortem
1109 5048 1467 5116 Theoderici,
1521 5065 1651 5103 cum
1698 5049 1818 5105 viro

197 5140 421 5195 cuidam
452 5137 700 5212 ignobili
726 5137 1017 5192 connubio
1047 5136 1244 5193 illicito
1276 5138 1531 5209 copulari
1559 5144 1816 5211 cuperet,

198 5244 231 5282 a
256 5231 443 5284 matre
456 5225 752 5300 prohibita
766 5228 869 5280 est.
887 5224 997 5280 Sed
1018 5230 1360 5298 conceptam
1382 5227 1605 5282 saniem
1622 5232 1819 5283 mente

198 5318 512 5383 revolvens,
559 5314 837 5397 i‘njuriam
895 5331 1071 5386 quam
1122 5317 1440 5387 pertulerat
1490 5317 1707 5372 refudit
1760 5317 1818 5372 in

197 5409 465 5474 matrem,
499 5408 558 5461 et
586 5421 720 5460 eam
753 5403 915 5476 quasi
942 5404 1226 5459 nefariam
1256 5422 1480 5461 veneno
1508 5406 1815 5461 interfecit.

202 5492 362 5558 Quod
393 5511 527 5550 cum
559 5490 937 5563 comperisset
958 5508 1054 5547 rex
1083 5491 1181 5564 qui
1213 5493 1361 5564 patri
1403 5511 1502 5549 suo
1546 5511 1823 5549 successe-

200 5586 305 5650 rat,
337 5581 485 5638 tanti
511 5580 721 5654 piaculi
736 5580 957 5635 malum
980 5580 1175 5636 debita
1195 5582 1414 5637 ultione
1435 5583 1687 5638 decrevit
1699 5598 1820 5636 esse

198 5667 632 5735 vindicandum,
665 5668 723 5721 et
743 5682 874 5721 eam
895 5666 1087 5722 balnei
1117 5668 1307 5725 calore
1340 5667 1646 5740 prcefocari
1674 5683 1824 5741 prae.

202 5758 368 5837 Cepit.
400 5757 519 5818 Sed
549 5756 622 5816 de
658 5754 750 5814 his
777 5754 915 5814 satis
940 5754 1178 5832 dictum,
1209 5760 1267 5817 et
1289 5758 1420 5836 jam
1463 5757 1539 5816 ad
1562 5756 1817 5817 historiae

1918 4519 2046 4571 sent
2072 4516 2225 4569 hunc
2252 4514 2661 4570 miserabiliter
2681 4515 2981 4571 laniabant
3010 4520 3069 4571 et
3096 4532 3413 4589 puerorum
3436 4515 3539 4570 ali-

1918 4622 2060 4678 quos
2089 4606 2162 4661 ad
2187 4603 2468 4661 silvestria
2487 4604 3136 4675 protrahebant,catulis
3160 4605 3356 4677 utique
3388 4604 3528 4660 divi-

1918 4694 2157 4751 dendos.
2188 4696 2303 4749 Hac
2326 4696 2485 4766 peste
2516 4696 2736 4749 vastata
2762 4698 2848 4749 est
2865 4694 3057 4749 civitas
3072 4711 3221 4766 pene
3247 4711 3351 4767 per
3367 4694 3536 4749 unius

1918 4783 2056 4838 anni
2088 4784 2430 4857 spatinm,et
2460 4785 2584 4837 tota
2608 4783 2868 4854 ejusdem
2896 4783 3139 4837 civitatis
3167 4783 3351 4854 regio.

1990 4872 2207 4927 Eodem
2232 4887 2365 4926 vero
2385 4888 2562 4937 anno,
2588 4871 2931 4926 adveniente
2974 4871 3222 4941 paschali
3270 4870 3539 4926 solemni-

1919 4962 2056 5028 tate,
2090 4960 2230 5015 dum
2268 4958 2325 5014 S.
2357 4959 2750 5027 Mammertus,
2772 4958 3036 5028 ejusdem
3067 4958 3306 5013 civitatis
3326 4959 3539 5030 episco-

1918 5048 2304 5120 pus,Sabbalo
2344 5050 2540 5102 sancto
2578 5063 2741 5101 more
2771 5044 3014 5100 solemni
3044 5044 3278 5099 offerret
3318 5048 3533 5102 sacrifi-

1919 5136 2071 5193 cium
2100 5134 2581 5207 Creatori,regale
2599 5133 2875 5204 palatium
2893 5132 3049 5187 urbis
3067 5131 3326 5202 ejusdem
3339 5133 3532 5190 divino

1920 5225 2053 5298 igne
2068 5227 2393 5280 crematum
2426 5228 2529 5279 est.
2551 5221 2765 5276 Videns
2795 5221 2969 5291 igitur
2994 5219 3535 5295 prazfatuspontifex

1921 5330 2091 5387 super
2123 5313 2362 5367 miseros
2392 5314 2613 5367 accolas
2642 5310 2773 5383 pagi
2806 5310 2956 5364 illius
2983 5310 3239 5365 divinum
3261 5309 3534 5364 exarsisse

1919 5404 2202 5468 furorem,
2236 5404 2293 5454 et
2319 5400 2470 5455 feras
2505 5397 2930 5455 irrationabiles
2950 5398 3172 5453 ratione
3201 5398 3538 5455 utentesho—

1922 5492 2111 5546 mines
2140 5486 2523 5561 permissione
2553 5489 2655 5542 Dei
2701 5486 3119 5557 omnipotentis
3152 5487 3533 5544 irrationabili

1921 5578 2149 5634 feritate
2180 5578 2485 5644 vastantes,
2520 5576 2665 5631 tanti
2695 5572 2995 5631 infortunii
3016 5575 3343 5631 remedium
3368 5594 3403 5632 a
3436 5579 3539 5634 Do-

1924 5667 2085 5723 mino
2108 5664 2337 5721 monuit
2370 5682 2491 5721 esse
2521 5664 2921 5738 quaerendum.
2973 5664 3252 5737 Praecepit
3281 5682 3536 5741 namque

1924 5755 2138 5835 populo
2170 5753 2433 5814 universo
2473 5757 2536 5814 ut
2555 5771 2688 5812 cum
2711 5752 2937 5830 gemitu
2967 5756 3027 5811 et
3041 5752 3392 5812 contritione
3408 5753 3547 5830 spiri
