3862 6210
222 456 307 525 009

1556 442 1771 509 GESTA
1810 444 2257 508 FRANCORUK.

3430 448 3536 514 6l0

226 582 527 643 efficeretur
539 576 829 648 Alarious,
853 577 913 635 et
928 573 1195 651 deinceps
1214 572 1274 632 in
1297 570 1653 632 confessione
1671 587 1819 628 vera
1846 574 1902 634 Δ
1928 588 2131 629 eorum
2163 574 2222 629 et
2249 570 2478 629 animos
2532 569 2865 644 armaveris,
2910 571 3134 647 juratas
3164 568 3425 648 legiones
3472 580 3533 639 in

230 672 341 729 fidei
363 686 770 745 perseverans,
804 668 987 724 foedus
1013 667 1303 722 alterutrae
1336 663 1489 737 pacis
1518 661 1616 718 tali
1634 662 1825 717 obser-

230 761 431 817 vatione
469 760 805 825 firmarent,
852 759 913 810 ut
941 755 1141 811 Franci
1169 752 1387 825 pariter
1431 756 1601 823 atque
1655 749 1822 805 Gothi

230 867 372 907 arma
398 850 772 920 deponerent
797 844 1019 918 quoties
1046 843 1117 898 ad
1167 841 1576 898 stabiliendum
1615 840 1819 905 fcedus,

229 939 301 993 vel
324 938 394 993 ad
418 934 875 1008 colloquendum
916 932 1066 986 acies
1116 935 1373 1002 utraeque
1425 928 1819 984 convenirent.

229 1025 375 1081 Gothi
395 1026 592 1096 itaque
631 1024 857 1076 assueta
887 1019 1225 1075 infidelitate
1249 1018 1403 1090 pacis
1436 1017 1654 1073 foedera
1691 1031 1821 1087 per-

228 1115 443 1170 turbare
473 1112 797 1183 cupientes,
830 1113 887 1163 et
916 1125 1115 1178 regem
1138 1111 1398 1163 nostrum
1413 1107 1528 1162 vita
1553 1108 1610 1160 et
1635 1104 1821 1174 impe-

227 1203 298 1258 rio
318 1201 565 1273 spoliare
584 1199 953 1263 meditantes,
982 1198 1238 1251 cultellos
1258 1194 1666 1268 permaximos,
1682 1208 1824 1264 quos

226 1289 525 1361 vulgariter
538 1289 845 1342 hantsaccos
855 1288 1125 1355 corrupto
1140 1284 1412 1339 vocabulo
1428 1281 1821 1347 nominamus,

228 1377 399 1451 palliis
428 1376 832 1440 contexerant,
854 1376 913 1427 ut
927 1373 1036 1427 hoc
1047 1372 1247 1427 habitu
1270 1370 1489 1443 palliati
1506 1368 1824 1439 sineimpe~

225 1465 474 1520 dimento
487 1464 815 1517 sternerent
833 1461 908 1516 im
916 1464 1181 1531 paratum
1202 1458 1515 1514 exercitum
1530 1456 1817 1512 Clodovei.

226 1553 377 1618 Quod
406 1568 542 1606 cum
576 1552 855 1604 Paternus
883 1548 1189 1619 legatarius
1218 1546 1624 1618 praesensisset,
1640 1561 1823 1613 genus

224 1640 477 1695 factionis
487 1638 831 1699 admiratus,
852 1637 1095 1690 Francos
1126 1637 1197 1690 ad
1231 1634 1460 1706 propria
1478 1633 1666 1688 redire
1680 1650 1823 1704 prae-

224 1730 370 1792 texit,
400 1731 459 1782 et
486 1728 606 1799 ipse
631 1725 920 1779 Alaricum
961 1724 1050 1778 his
1104 1722 1678 1778 sermocinationibus
1739 1724 1823 1774 est

224 1831 547 1888 aggressus:
566 1838 593 1863 ‹‹
629 1813 913 1878 Quoniam
937 1812 1090 1883 pacis
1107 1815 1163 1866 et
1188 1811 1454 1866 amicitiae
1464 1810 1599 1880 jura
1616 1808 1823 1863 nostris

1924 666 2185 718 nostrum
2221 664 2566 734 sanguinem
2596 663 2837 732 acueris,
2892 664 3081 737 abque
3125 664 3400 722 dilatione
3455 669 3538 726 fa-

1924 750 2130 805 ctionis
2157 755 2269 805 tuas
2318 751 2523 821 dignas
2556 768 2749 823 poenas
2778 751 3179 823 accipies,cum
3202 752 3272 807 ad
3295 754 3403 809 hoc
3433 772 3535 811 au-

1922 855 2051 893 rum
2074 838 2443 894 dividendum
2471 840 2717 894 Francos
2741 844 2966 895 nostros
2994 839 3444 909 adduxero,cum
3461 846 3535 901 ad

1920 928 2069 981 hanc
2082 926 2425 997 dignitatem
2443 927 2845 998 possidendam
2868 932 3093 983 nostros
3112 934 3349 1002 nepotes
3360 948 3532 989 accen

1924 1014 2085 1081 dero,
2118 1031 2250 1068 cum
2282 1014 2355 1069 ad
2406 1014 2742 1070 dividendos
2796 1017 2900 1071 hos
2955 1017 3237 1073 terminos
3282 1021 3534 1079 calamos

1923 1105 2150 1157 nostros
2175 1103 2261 1156 vel
2288 1102 2453 1157 funes
2478 1104 2786 1159 extendere
2812 1105 3022 1161 fecero.
3056 1124 3089 1157 δ

1993 1191 2087 1245 His
2119 1191 2199 1245 ita
2230 1192 2532 1263 peroratis,
2569 1210 2802 1249 ascenso
2838 1211 2986 1268 equo
3018 1195 3092 1249 ad
3111 1196 3359 1253 Francos
3390 1215 3528 1256 con-

1922 1278 2064 1333 citus
2093 1278 2311 1346 abiens,
2336 1280 2601 1335 universa
2645 1281 2789 1335 sicut
2818 1287 3133 1339 evenerant
3158 1284 3395 1342 domino
3430 1305 3533 1344 suo

1924 1367 2203 1422 Clodoveo
2237 1368 2543 1436 nuntiavit,
2571 1371 2629 1422 et
2653 1370 2775 1441 ejus
2806 1371 3033 1426 animos
3054 1372 3127 1427 ad
3173 1375 3530 1445 ampliﬁcan-

1922 1455 2057 1510 dam
2090 1456 2437 1510 Francorum
2458 1458 2702 1527 gloriam
2721 1459 3094 1514 vehementer
3105 1463 3532 1531 accendit,dum

1921 1543 1993 1596 ad
2021 1543 2294 1599 videndos
2341 1549 2567 1599 montes
2600 1548 2923 1616 Pyrenaeos,
2955 1549 3039 1602 vel
3072 1549 3144 1603 ad
3194 1552 3532 1608 collustran-

1921 1631 2058 1685 dum
2090 1650 2247 1686 mare
2282 1633 2572 1689 Orcanum
2602 1650 2737 1689 eum
2766 1636 3034 1690 hortatur
3063 1638 3242 1693 abire.
3280 1641 3394 1695 Hoc
3426 1642 3535 1698 fuit

1921 1720 2324 1773 scandalorum
2380 1721 2629 1788 initium,
2682 1723 2814 1776 inde
2872 1727 3316 1782 concertationis
3367 1744 3536 1786 causa

1923 1808 2218 1861 succrevit.
2249 1810 2362 1861 Hoc
2383 1808 2545 1878 origo
2579 1810 2902 1876 discordia},
2959 1829 3073 1882 qua
3102 1818 3157 1867 et
3215 1816 3533 1872 Gothorum

222 1921 281 1958 ac
293 1903 492 1957 vestris
507 1902 847 1956 utilitatibus
858 1900 1376 1971 providendointer
1391 1903 1629 1968 utraque
1646 1913 1824 1967 regna
1844 1911 1894 1968 Β
1923 1895 2118 1948 feritas
2147 1898 2233 1947 est
2255 1895 2472 1962 attrita,
2504 1899 2562 1948 et
2587 1897 2842 1950 Alaricus
2874 1899 2986 1952 vita
3018 1901 3233 1968 pariter
3256 1904 3531 1973 spoliatus

220 1991 465 2046 stabilire
502 1989 836 2055 meditarer,
865 1991 923 2043 et
952 1992 1014 2041 ut
1033 2004 1099 2042 ex
1130 1988 1279 2042 facto
1308 1985 1509 2057 patuit,
1544 1989 1816 2039 consueto

220 2078 521 2134 mendacio
537 2082 598 2132 et
622 2076 1011 2131 fraudulentia
1033 2075 1282 2142 utimini,
1303 2078 1365 2129 ut
1383 2077 1609 2129 nostros
1630 2072 1825 2143 pallia-

219 2168 284 2221 tis
313 2165 647 2221 vulneribus
674 2168 932 2219 sternere
956 2162 1268 2229 volueritis,
1304 2179 1375 2216 ne
1398 2166 1517 2215 tam
1549 2160 1735 2215 subito
1768 2162 1826 2213 et

214 2254 504 2327 insperate
516 2252 809 2323 rejiciatur
820 2252 926 2305 ista
939 2250 1679 2321 conditio,qualemcunque
1697 2247 1826 2300 vici-

220 2358 427 2398 norum
451 2357 660 2412 regum
679 2355 784 2412 per
803 2339 1185 2393 internuntios
1210 2355 1379 2408 super
1398 2338 1504 2392 hac
1523 2354 1583 2391 re
1610 2336 1826 2408 pariter

216 2419 889 2491 consulamus,quidquid
903 2418 1021 2488 ipse
1035 2417 1348 2472 decreverit
1359 2418 1573 2487 absque
1588 2415 1672 2469 fru
1681 2419 1824 2469 stra-

216 2510 371 2565 tione
388 2509 772 2579 compleatur.
796 2528 823 2555 ››
841 2506 1002 2570 Quod
1018 2508 1295 2560 Paternus
1310 2508 1570 2559 oraverat
1590 2503 1827 2558 mandat

214 2596 499 2668 compleri
532 2595 780 2667 populis,
796 2598 853 2649 et
870 2592 1287 2649 Theodericum
1319 2592 1492 2646 Italiae
1518 2607 1718 2661 regem
1742 2608 1817 2645 su-

215 2702 318 2756 per
334 2687 444 2739 hoc
460 2682 951 2755 percunctandum
963 2682 1113 2736 insin
1122 2684 1299 2748 uat,et
1310 2680 1587 2752 quidquid
1604 2681 1723 2751 ipse
1736 2680 1829 2733 de-

213 2777 415 2827 cernat
430 2770 1287 2844 praecipitexsequendumﬂuo
1299 2786 1427 2823 cum
1444 2770 1657 2841 pariter
1688 2786 1825 2839 per-

215 2860 523 2926 rexissent,
546 2861 827 2914 Paternus
848 2856 1829 2927 videlicetetlegatusAlarici,istius

211 2949 504 3019 patefacto
528 2946 768 3019 negotio
791 2945 1060 3018 cogitavit
1077 2945 1459 3000 Theodericus
1484 2943 1638 3016 quod
1661 2944 1706 2999 si
1724 2945 1828 2999 hos

204 3035 558 3091 fortissimos
572 3051 740 3106 reges
766 3036 1065 3107 separaret
1084 3034 1156 3088 ab
1176 3032 1418 3088 invicem
1447 3037 1505 3087 et
1528 3033 1682 3087 inter
1710 3050 1826 3099 eos,

209 3124 611 3180 altercationis
620 3126 681 3179 et
696 3122 811 3178 odii
825 3122 1123 3178 afffamina
1134 3121 1507 3188 seminaret,d
1517 3138 1613 3176 um
1627 3138 1685 3175 se
1702 3137 1831 3174 mu-

1923 1987 1981 2037 et
2010 1982 2312 2051 dignitate.
2342 1983 2409 2035 Et
2439 1984 2718 2053 quoniam
2740 1985 3074 2040 Theoderici
3099 1989 3250 2059 regis
3264 1993 3531 2061 quaedam

1924 2070 2206 2142 principia
2238 2070 2538 2124 retulimus
2596 2088 2723 2141 quae
2766 2075 2976 2127 nostra:
3028 2077 3348 2131 narrationi
3403 2095 3536 2135 con-

1925 2174 2131 2229 gruere
2162 2160 2557 2228 sperabamus,
2606 2159 2730 2230 quis
2784 2160 2914 2214 finis
2939 2162 3061 2231 ejus
3115 2164 3289 2219 fuerit
3320 2167 3535 2237 pariter

1924 2246 2281 2310 intimemus,
2306 2250 2367 2300 ut
2388 2247 2510 2317 ejus
2536 2246 2890 2302 formidabili
2923 2252 3187 2323 exemplo
3216 2268 3418 2324 pravos
3436 2256 3536 2327 ju-

1925 2335 2078 2390 dices
2093 2335 2471 2405 corrigamus.
2505 2335 2946 2408 Hiciniquorum
2972 2342 3361 2409 quorumdam
3392 2360 3532 2400 con-

1925 2422 2050 2477 silio
2075 2422 2434 2492 depravatus,
2468 2425 2753 2477 Joannem
2786 2441 2995 2496 papam
3025 2431 3083 2481 et
3121 2427 3533 2500 Symmachum

1925 2510 2409 2583 patricium,viros
2424 2512 2799 2579 Christianos,
2831 2513 2903 2568 ab
2933 2513 3363 2573 insidiatoribus
3379 2537 3541 2576 accu-

1925 2602 2094 2665 satos,
2126 2615 2256 2653 cum
2289 2616 2353 2652 ex
2387 2602 2509 2653 toto
2540 2599 2661 2653 sine
2684 2600 3001 2655 offensione
3032 2602 3305 2668 viverent,
3338 2606 3535 2680 iniquo

1923 2686 2138 2757 judicio
2170 2686 2761 2758 condemnavitatque
2788 2688 3075 2744 trucidare
3092 2693 3386 2764 praecepit.
3404 2696 3540 2750 Post

1925 2775 2047 2828 haec
2077 2791 2209 2827 cum
2254 2774 2559 2829 duceretur
2590 2775 2659 2828 ad
2693 2776 2930 2843 exitum,
2986 2793 3092 2832 nec
3116 2796 3239 2834 rem
3273 2781 3537 2853 hujusce-

1926 2861 2086 2915 modi
2116 2866 2392 2932 purgaret
2412 2862 2791 2932 paanitudine,
2816 2864 2956 2919 ultio
2979 2865 3037 2919 in
3066 2883 3197 2921 eum
3223 2868 3417 2925 divina
3443 2871 3539 2926 de-

1926 2950 2147 3005 scendit
2169 2954 2226 3003 et
2248 2949 2511 3022 iniquum
2528 2951 2650 3020 ejus
2675 2950 2940 3021 spiritum
2957 2969 2991 3007 a
3005 2969 3248 3027 corpore
3261 2956 3541 3016 violenter

1927 3038 2227 3104 abstraxit,
2281 3040 2337 3091 et
2374 3037 2517 3092 sicut
2545 3039 2714 3092 beato
2746 3055 2897 3110 papa
2937 3040 3211 3113 Gregorio
3248 3046 3539 3104 referente

1927 3125 2321 3197 cognovimus,
2349 3126 2559 3180 eodem
2594 3126 2685 3179 die
2713 3142 2825 3197 quo
2853 3127 2923 3181 de
2953 3128 3062 3183 hac
3093 3131 3216 3185 luce
3246 3133 3536 3205 migravit,

204 3213 323 3267 tuis
360 3214 654 3268 bellorum
694 3211 989 3265 eventibus
1025 3182 1728 3281 impugnarent,dumque
1767 3225 1826 3262 se
1853 3182 1900 3241 Ο
1928 3182 2271 3285 νὶτυᾳυὶάειηι
2302 3182 2359 3266 in
2391 3213 2581 3267 Sicilia
2612 3182 2878 3269 habitans
2905 3219 2962 3270 et
2987 3182 3536 3289 angelo'ruinovi‘tai;

206 3304 453 3373 uterque
472 3299 756 3355 exercitus
768 3298 980 3353 mutuis
995 3297 1324 3352 vulneribus
1353 3300 1697 3362 sternerent,
1720 3296 1823 3349 ho-

200 3405 338 3443 rum
354 3390 475 3460 ipse
494 3387 720 3443 medius
743 3387 1081 3458 pacatojure
1098 3387 1431 3458 quiesceret.
1450 3386 1563 3440 Hoc
1576 3384 1825 3455 denique

200 3478 427 3539 statuit,
460 3478 572 3531 hoc
589 3476 860 3542 decrevit,
884 3475 1045 3547 quasi
1068 3492 1135 3528 ex
1161 3474 1448 3530 sententia
1476 3473 1822 3547 prodiretur,

203 3570 267 3619 ut
298 3567 437 3621 hinc
478 3570 539 3621 et
580 3565 716 3620 inde
756 3546 1106 3618 Francorum
1135 3566 1192 3617 et
1219 3564 1534 3618 Gothorum
1568 3546 1826 3632 utrmque

196 3653 753 3709 aciesconvenirent
782 3656 953 3723 atque
985 3650 1533 3718 circumstarent;in
1578 3666 1826 3721 quorum

196 3744 402 3798 medio
429 3744 661 3813 legatus
686 3739 953 3795 Clodovei
985 3756 1133 3810 equo
1158 3740 1414 3794 residens
1445 3755 1671 3793 sursum
1730 3738 1828 3792 ha-

197 3836 355 3886 stam
384 3832 659 3902 erigeret,
679 3832 738 3883 et
768 3828 968 3883 tandiu
998 3828 1054 3882 in
1085 3828 1322 3882 circuitu
1352 3829 1474 3899 ejus
1507 3843 1712 3882 aurum
1737 3842 1827 3880 ar-

197 3925 570 3990 gentumque
604 3934 709 3989 pro
741 3916 1160 3987 compositione
1182 3915 1453 3971 facinoris
1481 3916 1646 3970 Gothi
1676 3931 1831 3969 com-

199 4011 532 4078 portarent,
557 4006 743 4059 donec
770 4020 943 4058 omne
967 4004 1243 4074 spiculum
1269 4004 1434 4072 hujus
1460 4003 1675 4074 gemini
1709 4020 1828 4057 me-

200 4095 330 4149 talli
362 4093 642 4165 congerie
674 4091 1021 4166 operiretur,
1055 4092 1164 4145 Hac
1196 4091 1528 4145 conditione
1564 4094 1832 4161 gravatus

199 4184 484 4251 Alaricus,
518 4183 723 4238 odium
754 4198 930 4253 quam
963 4196 1163 4253 pacem
1192 4180 1367 4250 elegit
1396 4179 1604 4250 potius,
1637 4183 1693 4232 et
1720 4178 1830 4233 alio

200 4273 429 4327 fraudis
473 4287 692 4343 genere
739 4271 1051 4324 Paternum
1089 4268 1354 4339 decipere
1398 4268 1737 4333 conabatur,
1788 4267 1833 4320 si

202 4364 363 4422 forte
397 4375 531 4413 casu
564 4357 759 4428 aliquo
790 4356 1098 4410 laederetur
1115 4356 1189 4409 ad
1219 4357 1471 4409 mortem
1503 4357 1561 4408 et
1597 4354 1676 4408 ita
1707 4353 1832 4407 fini-

1925 3302 2077 3357 inter
2105 3300 2369 3355 homines
2398 3316 2625 3371 gerens,
2687 3301 2825 3355 dum
2850 3303 3017 3373 juxta
3059 3310 3535 3367 consuetudinem

1926 3388 2174 3443 orationi
2208 3387 2595 3455 incumberet,
2626 3390 2683 3441 et
2710 3391 2909 3459 raptus
2934 3390 2995 3444 in
3028 3392 3226 3463 spiritu
3258 3400 3389 3452 vota
3415 3416 3546 3471 snp-

1924 3475 2092 3547 plicia
2121 3475 2445 3546 porrigeret
2501 3474 2779 3541 Creatori,
2812 3476 2953 3531 vidit
3012 3478 3199 3550 ipsum
3230 3484 3539 3545 Theoderi-

1925 3580 2056 3619 cum
2083 3562 2426 3618 discinctum
2467 3565 2525 3617 et
2555 3562 2958 3619 discalceatum
3014 3567 3216 3623 vinctis
3240 3576 3369 3641 post
3426 3578 3539 3629 ter-

1926 3668 2065 3723 gum
2096 3650 2361 3705 manibus
2383 3649 2454 3703 ad
2486 3652 2925 3719 pcenarumloca
2937 3656 3214 3723 pertrahi.
3245 3658 3312 3711 Et
3340 3659 3399 3713 hi
3426 3660 3540 3717 duo

1926 3739 2055 3807 viri,
2098 3740 2349 3794 Joannes
2404 3737 2667 3791 videlicet
2723 3743 2781 3792 et
2838 3738 3239 3810 Symmachus,
3298 3748 3543 3819 turpiter

1928 3844 2061 3882 eum
2093 3827 2464 3898 appellabant
2492 3825 2772 3880 violenter
2811 3829 2982 3899 atque
3008 3832 3443 3898 pertrahebant.
3474 3837 3545 3890 Et

1927 3916 2074 3971 sicut
2106 3915 2434 3985 eosinjusta
2469 3918 2661 3968 morte
2717 3914 3096 3971 damnaverat
3143 3919 3224 3974 ita
3269 3920 3374 3993 ipsi
3407 3940 3542 3979 eum

1930 4007 2057 4080 post
2090 4006 2338 4057 mortem
2361 4001 2434 4055 ad
2467 4000 2805 4073 supplicium
2822 4004 3237 4075 perduxerunt,
3270 4014 3329 4064 et
3356 4009 3414 4064 in
3440 4011 3542 4066 ba-

1930 4092 2190 4145 rathrum
2214 4089 2446 4144 Vulcani
2464 4089 2585 4143 sine
2612 4090 2983 4146 miseratione
2997 4094 3457 4165 projecerunt.Et
3473 4099 3546 4155 de

1931 4179 2018 4233 his
2048 4179 2153 4232 ista
2184 4178 2492 4232 sufficiant.
2523 4178 2733 4232 Verum
2762 4180 2832 4234 ad
2866 4180 3117 4237 historiae
3153 4186 3422 4242 ordinem
3450 4204 3546 4243 re-

1931 4272 2148 4322 vertam
2158 4283 2241 4321 ur.

2008 4356 2325 4409 Clodoveus
2340 4353 2515 4424 igitur
2531 4355 2758 4409 Paterni
2777 4358 3038 4427 legatarii
3052 4360 3134 4414 sui
3152 4364 3387 4420 consilio
3419 4365 3544 4420 ani-

206 4451 369 4502 retur
389 4448 498 4501 ista
529 4444 850 4509 contentio,
879 4444 1019 4498 dum
1043 4460 1160 4498 non
1189 4447 1337 4497 esset
1365 4442 1459 4513 qui
1479 4442 1834 4496 renuntiaret
1858 4456 1910 4514 1)
1936 4446 2124 4497 matus
2138 4440 2193 4497 et
2214 4442 2519 4514 prudentia
2539 4443 3267 4511 confortatus,Francorum
3281 4469 3547 4523 proceres

212 4533 381 4606 hujus
392 4533 620 4606 negotii
643 4533 949 4587 veritatem
976 4531 1213 4585 domino
1230 4533 1426 4585 nostro
1444 4530 1727 4585 Clodoveo
1743 4571 1753 4580 .
1772 4532 1834 4583 ln

212 4623 599 4678 vetustissimo
641 4638 777 4675 eum
803 4619 1010 4675 solario
1054 4619 1329 4690 hospitari
1378 4618 1671 4691 prmcepit,
1704 4634 1832 4690 per-

212 4712 367 4783 quod
397 4712 537 4766 dum
570 4710 801 4765 incaute
831 4709 1112 4780 graditur,
1140 4708 1499 4762 comminuto
1537 4708 1640 4762 sub
1671 4707 1835 4779 pedi-

209 4796 313 4853 bus
335 4800 460 4870 ejus
480 4799 663 4870 ligno,
696 4814 915 4868 pronus
948 4797 1021 4851 ad
1053 4799 1269 4851 terram
1307 4796 1533 4862 cecidit,
1559 4800 1616 4850 et
1648 4796 1831 4849 fracto

208 4885 449 4942 brachio
488 4886 621 4941 vitae
659 4888 979 4940 reservatus
1024 4888 1127 4953 est,
1172 4885 1425 4941 Domino
1465 4886 1828 4955 protegente.

209 4973 474 5047 Cumque
504 4975 593 5029 vix
610 4974 1054 5041 convalesceret,
1075 4989 1180 5028 nec
1194 4973 1333 5028 dum
1356 4976 1553 5028 sancto
1575 4974 1830 5040 vulnere,

206 5063 281 5117 ad
326 5062 721 5117 ostendendos
765 5063 1063 5117 thesauros
1098 5078 1228 5117 suos
1268 5079 1400 5117 eum
1438 5062 1685 5133 quadam
1740 5061 1831 5115 die

207 5149 373 5204 duxit
400 5151 687 5217 Alaricus,
722 5153 781 5205 et
813 5150 1080 5222 aperiens
1125 5167 1286 5205 arcas
1327 5150 1740 5205 demonstravit
1780 5143 1832 5204 ei

207 5234 544 5293 divitiarum
570 5255 807 5294 suarum
825 5239 1314 5294 innumerabilem
1334 5238 1833 5310 quantitatem.Ad

204 5326 317 5383 hos
354 5329 638 5383 Paternus
665 5327 931 5383 exsiliens
968 5330 1024 5383 et
1044 5328 1325 5395 alludens,
1347 5343 1465 5399 prae
1484 5328 1697 5399 gaudio
1715 5345 1837 5382 ma-

207 5433 354 5471 num
384 5417 634 5472 tetendit
663 5417 739 5472 ad
764 5433 957 5471 arcam
990 5420 1049 5472 et
1078 5416 1270 5489 rapuit
1308 5434 1512 5472 aurum
1541 5416 1696 5488 quod
1730 5432 1831 5486 pu-

205 5504 380 5576 gillus
404 5522 613 5578 capere
645 5508 875 5578 poterat
907 5523 921 5572 ;
956 5509 1014 5559 et
1051 5509 1381 5578 respectans
1420 5505 1732 5569 Alaricum,
1758 5503 1836 5556 sic

136 5666 151 5673 -
206 5610 340 5647 eum
398 5596 696 5650 audaciter
739 5594 1050 5667 alloquitur
1079 5613 1139 5650 ει(
1186 5595 1299 5650 Nisi
1340 5596 1451 5649 cito
1497 5591 1837 5649 conduxeris

208 5682 384 5751 acies,
408 5685 723 5741 exercitum
738 5683 1226 5740 innumerabilem
1242 5680 1834 5749 adunaveris,dextras

1935 4531 2086 4603 apud
2103 4531 2346 4585 Parisios
2370 4546 2726 4601 congregare
2751 4535 3042 4607 praecepit,
3066 4541 3124 4591 et
3143 4539 3545 4595 astutioreshis

1936 4619 2121 4673 verbis
2177 4619 2572 4688 alloqulturzu
2635 4619 2921 4682 Quoniam
2998 4624 3179 4679 animi
3245 4631 3413 4682 vestri
3465 4628 3545 4682 vi-

1934 4724 2042 4779 gor
2064 4710 2122 4761 et
2152 4706 2507 4761 confidentia
2536 4707 2677 4761 mihi
2720 4709 2868 4764 bene
2928 4718 3225 4785 comperta
3276 4716 3543 4783 habetur,

1933 4795 2063 4850 ideo
2088 4813 2186 4850 vos
2217 4796 2562 4850 accersendo
2582 4796 2859 4851 azstimavi
2893 4801 2955 4851 ut
2985 4801 3193 4870 quibus
3212 4820 3439 4858 mecum
3461 4807 3549 4858 est

1933 4902 2049 4939 una
2078 4885 2342 4938 voluntas
2370 4887 2429 4937 et
2467 4884 2723 4938 amicitia
2752 4885 3080 4955 singularis,
3112 4889 3291 4945 animi
3318 4892 3432 4946 mei
3458 4909 3548 4948 se-

1934 4975 2091 5028 creta
2102 4971 2451 5043 patefaciam
2461 4972 2620 5026 .Volo
2633 4987 2760 5025 rom
2769 4976 2997 5042 pertum
3016 4974 3274 5032 habeatis
3284 4980 3546 5035 animum

1934 5079 2132 5117 meum
2160 5060 2390 5115 accendi
2423 5059 2840 5126 vehementius,
2884 5075 3015 5113 cum
3062 5063 3361 5121 considero
3419 5068 3547 5123 vita:

1935 5154 2146 5206 nostra:
2175 5152 2389 5203 statum
2434 5147 2557 5200 sine
2586 5146 2779 5217 aliquo
2797 5146 2982 5200 laudis
3002 5148 3166 5205 titulo
3180 5151 3253 5205 ad
3279 5170 3547 5211 occasum

1933 5237 2190 5311 quotidie
2224 5235 2401 5307 vergi,
2436 5237 2494 5289 et
2532 5226 3112 5291 ferocesnOstrorum
3138 5238 3389 5295 militum
3420 5243 3546 5297 ani-

1933 5343 2060 5381 mos
2090 5323 2308 5378 desidia
2330 5323 2687 5388 mollescere,
2723 5324 2779 5375 et
2814 5325 3011 5379 metuo
3067 5343 3139 5381 ne
3167 5343 3298 5381 cum
3330 5327 3545 5385 inertes

1932 5413 2161 5469 animos
2188 5428 2256 5465 ex
2309 5409 2700 5464 dissuetudine
2754 5396 3010 5481 capiunt,
3070 5431 3200 5471 cum
3239 5417 3544 5474 necessitas

1932 5503 2081 5557 forte
2111 5497 2454 5569 poposcerit,
2487 5497 2708 5567 gladios
2734 5516 2936 5554 eorum
2971 5502 3271 5561 hebetatos
3298 5524 3362 5562 ac
3389 5508 3544 5564 rubi-

1935 5589 2067 5660 gine
2095 5587 2394 5654 corruptos
2425 5583 2805 5643 inveniamus.
2826 5589 3018 5643 Arma
3040 5590 3168 5661 jam
3198 5597 3547 5653 resumenda

1937 5678 2089 5741 sunt,
2122 5671 2295 5745 gladii
2327 5671 2592 5739 acuendi,
2653 5675 2727 5729 ad
2754 5676 3013 5733 laborem
3057 5679 3275 5739 militias
3300 5702 3546 5761 corpora
