3862 6210
363 413 458 477 ΘΗ

1339 411 1715 473 RORICONIS
1759 411 2074 474 MONACHI
2123 413 2640 478 MOISSIACENSIS

3571 419 3663 482 θη

363 531 989 593 suntreducenda.Non
1018 547 1116 590 vos
1144 531 1384 590 illiciant
1413 535 1816 592 blandimenta
1845 555 1974 592 mu-
1997 542 2053 601 Α
2083 539 2250 596 saria.
2283 541 2517 598 Munera
2547 543 2722 600 etiam
2773 542 3025 620 plurima
3064 541 3124 600 et
3159 555 3372 618 equum
3408 541 3666 600 velocissi-

360 627 594 694 lierum,
629 641 745 680 non
777 625 1148 695 parvulorum
1179 623 1397 695 vagitus
1416 627 1761 680 exterreant.
1819 625 1972 681 Licet

365 713 703 786 gentilitatis
733 729 930 768 errore
971 715 1310 766 tenerentur
1359 713 1543 767 nostri
1572 717 1858 785 parentes,
1889 730 1976 768 ar-

363 807 472 864 mis
497 812 556 865 et
585 805 798 860 vicibus
827 803 1102 858 domuere
1135 801 1426 870 superbos.
1449 801 1515 856 Et
1545 819 1670 868 nos,
1698 803 1796 874 qui
1817 803 1975 858 Chri~

364 905 516 958 stum
544 897 788 952 adorare
807 891 933 962 jam
961 889 1260 960 coepimus,
1303 889 1402 961 qui
1433 889 1554 960 ejus
1581 891 1842 945 laudibus
1872 892 1970 946 de-

367 991 652 1046 lectamur
680 984 738 1038 et
779 978 1046 1035 amicitiis
1099 977 1366 1044 fruimur,
1397 978 1754 1068 condignum
1810 979 1973 1034 valde

363 1082 428 1133 ut
457 1071 854 1140 inimicosejus
885 1083 1083 1122 exesos
1108 1067 1441 1121 habeamus.
1472 1067 1613 1121 Ecce
1661 1067 1970 1122 Galliarum

359 1167 589 1239 partem
621 1159 958 1222 maximam,
993 1171 1167 1226 quam
1219 1153 1588 1225 Aquitaniam
1642 1154 1969 1222 nominant,

360 1253 606 1326 populus
631 1245 898 1310 inﬁdelis,
929 1242 1096 1298 Gothi
1122 1241 1384 1298 videlicet
1438 1242 1733 1308 insensati,
1766 1259 1970 1297 cruen-

361 1345 486 1395 tare
506 1338 792 1394 videntur.
828 1331 936 1396 Qui
959 1348 1062 1403 per
1089 1330 1366 1385 Arianam
1397 1329 1738 1402 pravitatem
1764 1330 1970 1384 Filium

362 1445 397 1484 a
426 1431 594 1483 Patre
625 1424 1030 1495 separant,nec
1057 1419 1333 1490 Spiritum
1347 1421 1609 1473 sanctum
1633 1435 1766 1472 cum
1805 1421 1972 1473 Patre

363 1520 424 1571 et
445 1515 584 1570 Filio
613 1511 898 1584 aqualem
943 1507 1302 1562 divinitatem
1333 1507 1548 1561 habere
1586 1506 1861 1573 fatentur,
1917 1511 1976 1560 et

361 1624 467 1682 per
493 1607 604 1660 hoc
635 1598 852 1656 inimici
899 1595 1000 1650 Dei
1039 1613 1159 1650 esse
1211 1595 1682 1666 comprobantur.
1713 1593 1878 1658 Quod
1929 1594 1974 1648 si

360 1681 477 1753 uno
508 1691 702 1748 animo
735 1685 922 1741 verbis
953 1684 1162 1739 nostris
1188 1699 1488 1738 assensum
1509 1681 1777 1736 dederitis
1801 1685 1856 1736 et
1877 1698 1978 1736 vos

361 1799 430 1837 ex
457 1779 696 1836 nomine
729 1773 1053 1830 Christiano
1094 1773 1196 1826 Dei
1227 1772 1442 1825 amicos
1473 1787 1594 1825 esse
1625 1773 1978 1824 monstrave-

2080 643 2264 696 mum,
2287 645 2462 700 quem
2491 633 2724 688 amabat
2754 633 3092 706 plurimum,
3117 630 3430 687 transmisit
3455 648 3549 686 rex
3574 647 3666 702 per

2074 714 2296 784 legatos
2351 718 2424 772 ad
2477 719 2630 774 beati
2671 721 2898 777 Martini
2953 721 3269 787 basilicam,
3311 722 3370 775 et
3409 719 3488 774 ait
3529 720 3662 776 illis:

2073 821 2100 854 ο
2154 803 2296 858 Cum
2339 804 2581 876 ingressi
2632 807 2854 864 fueritis
2900 809 3056 864 beati
3105 808 3208 862 viri
3258 808 3591 876 oratorium,
3618 813 3668 864 et

2074 895 2272 946 nostra
2307 908 2550 950 munera
2579 897 3080 968 praesentaveritis,
3119 896 3400 968 quidquid
3438 896 3664 954 ecclesia

2073 983 2275 1034 cantor
2304 982 2558 1051 primum
2611 1001 2710 1039 ore
2743 984 3220 1057 pronuntiaverit,
3258 985 3526 1040 mandate
3555 1001 3662 1040 me-

2073 1069 2297 1136 moriae,
2319 1074 2383 1125 ut
2409 1071 2550 1126 mihi
2579 1073 2912 1128 renuntiare
2935 1073 3143 1128 sciatis.
3171 1073 3428 1128 Forsitan
3456 1072 3666 1146 aliquod

2071 1155 2325 1213 victorian
2352 1159 2583 1231 signum
2617 1178 2684 1216 ex
2710 1163 2909 1216 sancto
2940 1176 3210 1217 sermone
3234 1160 3484 1233 capietis.
3516 1184 3542 1209 «
3583 1162 3666 1216 His

2072 1243 2256 1313 dictis,
2289 1247 2473 1302 oravit
2497 1249 2571 1302 ad
2603 1249 2938 1318 Dominum,
2960 1253 3018 1304 et
3045 1249 3152 1304 ait:
3176 1271 3205 1300 ‹‹
3227 1247 3288 1304 Si
3317 1256 3398 1310 lu,
3421 1247 3664 1314 Domine,

2071 1337 2306 1402 gentem
2332 1335 2484 1390 hanc
2511 1335 2868 1390 incredulam
2887 1335 3032 1390 mihi
3062 1335 3390 1401 tradideris,
3421 1337 3479 1390 et
3511 1334 3666 1390 victo-

2072 1421 2220 1476 riam
2235 1423 2295 1476 in
2318 1423 2586 1478 manibus
2600 1423 2744 1478 meis
2755 1423 2992 1496 viderisf
3003 1425 3050 1493 Γ.
3061 1465 3074 1490 ,
3092 1423 3376 1490 dederis],
3390 1425 3447 1477 et
3458 1422 3666 1492 adjutor

2075 1514 2133 1564 et
2143 1513 2437 1581 protector
2453 1511 2512 1566 in
2528 1511 2677 1568 bello
2693 1512 2835 1566 mihi
2869 1512 3169 1578 exstiteris,
3185 1511 3247 1565 in
3273 1511 3527 1581 ingressu
3537 1509 3667 1566 basi-

2076 1597 2198 1652 lica:
2217 1599 2409 1654 Sancti
2425 1600 2648 1654 Martini
2664 1599 2803 1654 talia
2818 1599 3029 1654 nostris
3045 1599 3238 1671 pueris
3255 1598 3452 1654 audire
3462 1597 3664 1653 contin-

2077 1689 2176 1757 gat
2189 1686 2247 1740 in
2262 1686 2464 1758 quibus
2475 1686 2970 1760 aliquodzvictorite
2983 1687 3215 1758 signum
3230 1685 3663 1759 deprehendam,

2077 1779 2136 1829 et
2177 1791 2522 1847 cognoscam
2552 1777 2687 1848 quia
2715 1779 2776 1830 tu
2806 1775 3090 1848 propitius
3129 1775 3312 1830 fueris
3341 1775 3481 1830 mihi
3522 1791 3664 1830 servo

358 1870 506 1936 ritis,
539 1881 762 1922 sursum
801 1865 1028 1918 dextras
1057 1861 1283 1932 erigite,
1333 1862 1390 1914 et
1435 1860 1508 1914 ad
1557 1859 1975 1914 conterendum
2005 1843 2057 1900 Β
2078 1867 2198 1926 tuo,
2231 1843 2275 1912 n‘
2295 1863 2522 1918 Dimisit
2551 1843 2745 1936 itaque
2775 1843 3004 1934 ρῖιθιιὸς,
3037 1868 3094 1918 ει
3117 1863 3408 1918 abierunt,
3433 1864 3666 1935 Cumque

361 1957 641 2032 populum
697 1951 990 2007 infelicem
1044 1948 1266 2019 gladios
1314 1947 1506 2001 felices
1553 1947 1785 2014 exerite,
1867 1947 1976 2000 mi-

359 2063 468 2102 nus
521 2047 718 2100 cautos
769 2039 946 2096 armis
997 2041 1056 2092 et
1107 2035 1608 2092 adhortationibus
1658 2037 1825 2090 bonis
1886 2037 1974 2090 in-

357 2133 579 2190 struite.
612 2129 782 2187 Dabit
825 2127 948 2200 ipse
979 2142 1084 2198 pro
1131 2127 1288 2179 certo
1319 2123 1646 2191 victoriam,
1685 2124 1783 2195 qui
1814 2141 1980 2180 men-

355 2227 442 2278 tes
470 2224 686 2276 vestras
710 2233 810 2272 suo
855 2215 1031 2270 cultui
1069 2211 1370 2269 dedicavit.
1431 2211 1676 2266 Felicem
1733 2213 1978 2268 Romam

361 2310 570 2366 divitiis
596 2306 815 2379 pariter
845 2307 903 2358 et
939 2303 1210 2358 libertate
1243 2300 1625 2367 nudaverunt,
1680 2316 1787 2354 nec
1815 2301 1982 2355 nobis

360 2399 556 2454 minor
587 2394 772 2468 gloria
797 2391 1115 2464 parabitur,
1146 2389 1193 2442 si
1224 2404 1426 2459 regem
1453 2403 1653 2442 eorum
1705 2387 1982 2442 ferocissi-

359 2502 524 2542 mum
555 2481 826 2538 bellando
849 2477 1238 2543 vicerimus,et
1257 2492 1504 2546 regnum
1541 2476 1588 2546 ej
1599 2493 1663 2530 us
1680 2480 1851 2548 atque
1871 2475 1984 2530 for-

359 2579 567 2630 tunam
595 2573 806 2626 nostra:
863 2564 1068 2620 ditioni
1093 2563 1523 2634 subjecerimus.
1559 2585 1586 2613 »
1617 2563 1786 2634 Regis
1845 2581 1980 2636 pru-

362 2661 622 2719 dentiam
651 2672 858 2712 omnes
873 2651 1981 2726 pariteramplectuntur,animositatem

362 2747 750 2811 admirantur,
779 2747 836 2798 et
864 2742 1041 2796 ﬁdem
1072 2740 1262 2810 potius
1314 2742 1682 2794 venerantur.
1747 2742 1981 2794 Dextras

363 2853 568 2894 omnes
596 2834 656 2888 in
688 2830 931 2886 sublime
962 2827 1212 2899 erigunt,
1231 2827 1570 2882 mandatum
1591 2828 1743 2899 regis
1762 2831 1980 2884 accele-

366 2924 484 2982 rari
513 2919 881 2985 denuntiant,
911 2933 1145 2987 seseque
1173 2915 1314 2970 votis
1358 2915 1669 2987 stringunt,
1703 2919 1761 2970 et
1787 2916 1846 2971 ni
1884 2934 1982 2972 su-

366 3013 666 3086 peressent
697 3005 1325 3072 inﬁdeles,barbasnon
1345 3003 1590 3076 amplius
1619 3020 1739 3058 esse
1769 3005 1978 3060 raden-

2077 1952 2469 2022 pervenissent
2510 1954 2580 2008 ad
2623 1953 2952 2024 ingressum
2991 1952 3264 2019 basilicae,
3305 1951 3508 2008 emissa
3547 1967 3666 2007 voce

2077 2043 2279 2094 cantor
2307 2041 2741 2112 pronuntiabat,
2775 2041 3007 2096 dicens:
3041 2041 3389 2096 Pra‘cz'nxz'sti
3423 2057 3520 2107 me,
3567 2039 3664 2094 Do-

2079 2130 2239 2196 mine,
2254 2131 2446 2184 virtute
2462 2130 2532 2183 ad
2545 2131 2732 2184 bellum
2757 2148 2774 2195 ;
2803 2130 3161 2201 supplantasti
3192 2132 3515 2199 insurgentes
3530 2131 3580 2183 in
3595 2142 3668 2182 me

2078 2217 2264 2270 subtus
2301 2234 2404 2285 me,
2432 2225 2482 2271 et
2536 2219 2781 2272 inimicos
2829 2234 2968 2272 meos
3003 2217 3196 2270 dedisti
3223 2218 3359 2270 mihi
3381 2217 3600 2284 dorsum,
3627 2221 3670 2270 et

2079 2304 2308 2359 odientes
2329 2323 2412 2359 me
2445 2305 2818 2376 disperdidisti.
2863 2305 3081 2360 Oblatis
3108 2305 3308 2378 itaque
3338 2306 3664 2371 muneribus,

2081 2396 2139 2446 et
2167 2395 2398 2448 oraculo
2431 2393 2624 2448 divino
2657 2393 2987 2460 confortati,
3023 2409 3156 2448 cum
3193 2393 3396 2448 ltetitia
3419 2392 3672 2448 et-exsul-

2079 2481 2300 2536 tatione
2329 2483 2402 2536 ad
2430 2481 2738 2536 dominum
2753 2498 2921 2536 suum
2942 2484 3076 2536 sunt
3089 2481 3328 2550 reversi,
3353 2485 3411 2536 et
3433 2497 3558 2536 eum
3585 2479 3669 2534 tali

2083 2569 2286 2624 nuntio
2317 2569 2603 2624 reﬁciunt.
2635 2569 3064 2624 lnundaverant
3093 2572 3236 2624 tunc
3274 2586 3438 2642 aqua:
3469 2585 3577 2641 pra:
3602 2567 3673 2622 ni-

2084 2657 2320 2712 mietate
2338 2657 2684 2729 pluviarum;
2703 2659 2760 2712 et
2787 2656 3031 2712 Vicenus
3059 2657 3268 2712 ﬂuvius
3293 2657 3352 2711 in
3370 2660 3584 2712 tantum
3595 2657 3668 2712 exi

2083 2747 2340 2800 creverat
2371 2749 2432 2800 ut
2461 2745 2688 2816 penitus
2727 2745 2976 2799 inveniri
3007 2761 3123 2800 non
3149 2747 3347 2816 posset
3386 2746 3534 2800 locus
3573 2757 3668 2814 quo

2081 2833 2202 2888 sine
2226 2833 2452 2905 navigio
2476 2832 2819 2888 transmeari
2851 2836 3061 2904 posset.
3094 2832 3220 2897 Quo
3253 2849 3385 2888 cum
3417 2830 3670 2906 pervenis-

2079 2924 2166 2976 set
2177 2937 2275 2976 rex
2309 2924 2367 2976 et
2384 2922 2534 2976 ultra
2556 2919 2828 2992 progredi
2849 2937 2967 2976 non
2985 2921 3226 2988 valeret,
3246 2919 3491 2976 tentoria
3517 2919 3668 2990 ﬁgere

2079 3009 2355 3082 praecepit
2408 3012 2470 3063 ut
2501 3010 2588 3063 vel
2633 3012 2874 3081 pontem
2929 3011 3236 3079 sterneret,
3268 3010 3358 3064 vel
3405 3007 3668 3079 navigium

365 3101 468 3156 das
482 3097 967 3171 proﬁtentur.Nec
990 3108 1155 3148 mora
1171 3108 1274 3164 per
1284 3093 1524 3188 populos
1538 3093 1978 3188 volatedictum,
2009 3129 2057 3188 C
2081 3099 2438 3168 praepararet
2467 3113 2580 3168 quo
2613 3096 2752 3151 illud
2783 3113 2947 3168 aqua:
2975 3096 3256 3152 diluvium
3287 3113 3418 3152 cum
3447 3095 3668 3188 exercitu

366 3187 693 3262 praeparari
711 3185 950 3256 jubetur
963 3198 1129 3237 sexus
1161 3185 1402 3254 uterque
1429 3181 1502 3235 ad
1519 3182 1632 3236 tale
1658 3181 1978 3253 negotium.

368 3275 594 3334 Parvuli
613 3275 899 3330 ducuntur
928 3273 986 3326 et
1010 3273 1243 3335 matres,
1275 3271 1332 3323 et
1357 3269 1560 3324 evulsis
1592 3274 1649 3324 et
1680 3270 1983 3325 eradicatis

373 3364 588 3421 aculeis
642 3360 908 3418 heretica:
953 3358 1268 3431 pravitatis,
1325 3357 1654 3412 inserantur
1703 3359 1981 3412 virtutum

373 3452 606 3519 surculi,
641 3455 698 3506 et
723 3449 948 3504 novella
975 3446 1256 3519 plantatio
1288 3445 1540 3500 fructum
1575 3446 1823 3501 Domino
1845 3463 1980 3501 cen-

367 3541 624 3614 tuplicet,
660 3555 834 3612 quem
891 3535 1220 3591 adinventio
1283 3534 1436 3589 foeda
1475 3533 1861 3589 fraudaverat.
1896 3536 1984 3590 Ad

362 3631 488 3686 haec
518 3629 714 3701 regina
742 3623 1046 3681 Crothildis
1077 3623 1324 3676 nimium
1347 3621 1666 3676 exhilarata
1693 3623 1986 3693 gaudebat

363 3719 422 3773 in
454 3716 722 3782 Domino,
755 3713 1140 3786 etplaudebat
1165 3711 1323 3782 quod
1337 3713 1454 3763 tam
1476 3709 1789 3781 pretiosam
1815 3711 1982 3764 sobo—

365 3809 482 3862 lem
513 3821 616 3877 per
638 3802 992 3876 baptismum
1033 3800 1320 3853 obtulerat
1343 3797 1623 3858 Creatori,
1654 3814 1782 3868 qua:
1803 3797 1980 3852 etiam

361 3893 682 3955 inﬁdelium
712 3893 958 3954 mentes,
993 3902 1132 3957 quas
1163 3900 1365 3938 vomer
1401 3883 1814 3940 ecclesiasticus
1871 3887 1982 3941 sul-

363 4000 496 4038 care
529 3999 644 4036 non
681 3980 929 4052 poterat,
963 3973 1140 4028 armis
1163 3972 1438 4026 edomare
1469 3971 1826 4027 decerneret.
1875 3978 1982 4028 Ac-

365 4071 536 4129 cessit
556 4069 737 4140 igitur
772 4065 846 4118 ad
876 4077 1101 4132 regem,
1136 4061 1194 4112 et
1223 4059 1303 4112 ait
1330 4059 1482 4112 illim
1514 4060 1682 4127 Audi,
1718 4063 1978 4130 obsecro,

365 4157 612 4216 Domine
641 4153 722 4208 mi
750 4169 872 4212 rex,
927 4147 1196 4203 ancillam
1227 4149 1408 4214 tuam,
1457 4150 1515 4202 et
1553 4149 1694 4220 jube
1728 4151 1982 4206 construi

367 4244 665 4302 ecclesiam
697 4239 755 4294 in
799 4240 1083 4294 honorem
1137 4235 1287 4289 beati
1317 4236 1469 4289 Petri
1519 4237 1790 4308 principis
1846 4256 1981 4311 apo-

366 4334 672 4398 stolorum,
705 4330 766 4381 ut
785 4325 889 4380 tibi
917 4323 988 4378 sit
1019 4322 1392 4377 auxiliatorin
1423 4325 1594 4392 bello,
1635 4329 1692 4378 et
1721 4326 1977 4396 profecto

2081 3185 2434 3256 pertransire
2485 3185 2742 3240 deberet.
2792 3184 3031 3240 Sustulit
3105 3185 3264 3240 hunc
3292 3184 3545 3240 laborem
3579 3180 3664 3237 Dei

2082 3273 2262 3326 nostri
2287 3273 2602 3340 miseratio,
2632 3278 2690 3328 et
2713 3272 2774 3328 in
2797 3274 2890 3328 die
2945 3273 3196 3329 crastina
3252 3273 3528 3329 matutina
3559 3271 3667 3342 jam

2081 3360 2206 3415 luce
2235 3361 2458 3428 diffusa,
2491 3377 2622 3416 ecce
2646 3378 2872 3416 cervam
2919 3361 3084 3416 mirae
3110 3359 3522 3434 magnitudinis
3544 3357 3669 3414 emi-

2083 3465 2190 3502 nus
2221 3449 2627 3520 conspicantur
2658 3466 2786 3520 qute
2814 3451 2972 3505 lento
3003 3466 3202 3520 gressu
3235 3465 3467 3504 amnem
3493 3450 3571 3502 est
3595 3446 3666 3500 in-

2082 3552 2296 3606 gressa,
2329 3541 2387 3591 et
2417 3553 2530 3608 quo
2563 3537 2805 3592 transire
2835 3537 3046 3592 debeat
3077 3539 3330 3608 populus
3359 3535 3560 3591 animal
3594 3533 3666 3587 in-

2082 3624 2262 3678 scium
2307 3629 2449 3679 nutu
2503 3625 2696 3680 divino
2739 3625 3120 3679 demonstrat.
3176 3625 3296 3680 Nec
3350 3641 3518 3680 mora
3551 3638 3668 3676 cun-

2081 3714 2204 3764 ctus
2220 3711 2496 3765 exercitus
2525 3727 2762 3766 amnem
2796 3711 3042 3778 transiit,
3067 3715 3125 3766 et
3150 3728 3286 3768 cum
3319 3711 3492 3766 animi
3514 3708 3667 3780 tripu-

2083 3798 2176 3853 dio
2197 3799 2503 3853 Dominum
2524 3801 2852 3870 gloriﬁcent
2883 3800 2938 3854 in
2971 3801 3224 3868 excelsis,
3248 3802 3345 3873 qui
3365 3795 3668 3855 utlsraeliti-

2083 3903 2212 3941 cum
2235 3889 2510 3959 pepulum
2537 3904 2639 3958 per
2666 3903 2826 3942 mare
2845 3888 3124 3955 Rubrum,
3153 3888 3236 3944 ita
3263 3892 3322 3944 et
3349 3889 3666 3944 Francorum

2083 3977 2357 4044 populum
2374 3975 2932 4046 perinundationem
2955 3977 3104 4030 tanti
3138 3976 3398 4032 ﬂuminis
3417 3976 3554 4030 viam
3583 3969 3669 4027 mi-

2081 4063 2339 4117 rabiliter
2365 4063 2722 4118 ostendendo
2737 4063 2982 4118 transire
3007 4065 3301 4136 praecepit.
3325 4065 3428 4130 Qui
3457 4078 3576 4118 cum
3589 4059 3665 4115 Pi-

2083 4155 2304 4204 ctavam
2333 4149 2724 4221 pervenissent
2765 4150 2837 4204 ad
2887 4151 3116 4216 urbem,
3148 4152 3327 4223 longe
3361 4151 3431 4206 ab
3459 4144 3666 4204 ecclesia

2083 4237 2274 4292 Sancti
2318 4237 2512 4292 Hilarii
2535 4237 2786 4292 tentoria
2817 4238 2994 4309 ﬁgere
3042 4239 3320 4310 praecepit
3363 4238 3661 4294 Clodoveus.

2082 4327 2150 4380 Et
2173 4326 2560 4380 comminatus
2605 4330 2689 4380 est
2721 4326 2881 4380 omni
2920 4328 3157 4398 populo,
3200 4343 3274 4382 ne
3307 4327 3365 4382 in
3393 4327 3510 4398 ipso
3539 4336 3662 4394 pago

365 4419 538 4476 faciet
569 4414 850 4472 Dominus
877 4411 1178 4466 victoriam
1222 4410 1278 4464 in
1309 4411 1578 4466 manibus
1633 4412 1760 4466 tuis.
1799 4435 1824 4462 »
1858 4415 1980 4468 Pla—
2006 4401 2058 4460 D
2081 4415 2328 4486 spolium
2350 4413 2586 4483 alicujus
2607 4414 2922 4482 auferrent,
2941 4431 3084 4470 neve
3113 4415 3438 4488 diriperent
3467 4412 3660 4472 domos,

366 4508 485 4566 cuit
515 4521 706 4561 sermo
762 4501 982 4574 reginae
1014 4499 1072 4554 in
1105 4499 1281 4554 oculis
1331 4500 1619 4567 Clodovei,
1651 4505 1710 4555 et
1761 4503 1979 4556 elevata

365 4597 620 4669 bipenne
653 4608 828 4665 quam
878 4607 1056 4644 manu
1095 4589 1352 4660 gerebat,
1385 4588 1587 4643 adnisu
1619 4607 1732 4662 quo
1792 4591 1980 4661 potuit

368 4683 612 4761 projecit
642 4697 772 4736 eam
803 4695 836 4734 a
867 4697 948 4744 se,
977 4682 1036 4733 et
1059 4677 1174 4732 ait:
1205 4700 1232 4727 ‹‹
1259 4678 1320 4730 In
1349 4677 1456 4732 hoc
1488 4679 1633 4744 loco,
1672 4678 1976 4750 adjuvante

368 4773 637 4838 Domino,
673 4771 728 4826 S.
764 4767 916 4824 Petri
937 4765 1259 4822 stabilietur
1279 4765 1538 4832 ecclesia,
1561 4781 1694 4819 cum
1726 4783 1757 4820 e
1779 4767 1974 4838 praelio

364 4866 544 4921 victor
591 4875 850 4916 reversus
897 4857 1082 4910 fuero.
1125 4874 1154 4904 »
1181 4854 1351 4908 Movit
1396 4853 1587 4924 itaque
1637 4855 1972 4932 exercitum,

363 4956 423 5008 et
471 4948 708 5006 Pictavis
779 4960 958 5016 usque
1015 4958 1330 5014 properare
1386 4941 1654 4996 decrevit.
1723 4943 1977 4999 Alaricus

361 5057 497 5096 vero
541 5037 860 5094 Gothorum
944 5047 1042 5086 rex
1106 5033 1241 5084 tunc
1303 5029 1582 5102 temporis
1643 5031 1978 5089 morabatur

362 5127 602 5185 ibidem.

436 5215 695 5285 Cumque
723 5227 827 5284 per
857 5223 1070 5281 pagum
1100 5205 1451 5261 Turonicum
1475 5205 1748 5260 transiret
1771 5209 1980 5262 exerci-

363 5309 454 5360 tus
477 5299 767 5360 Clodovei,
796 5312 901 5370 pro
952 5293 1277 5349 reverentia
1329 5292 1386 5348 S.
1436 5293 1663 5347 Martini
1710 5297 1984 5366 praacepit

365 5409 462 5448 rex
493 5393 556 5444 ut
585 5385 806 5441 nemini
838 5382 896 5438 in
917 5383 1124 5438 eadem
1152 5380 1446 5454 provincia
1488 5381 1680 5452 aliqua
1709 5381 1982 5440 violentia

364 5479 697 5535 inferretur.
717 5473 829 5528 Sed
855 5488 958 5526 nec
983 5469 1222 5524 omnino
1278 5468 1496 5541 aliquid
1543 5469 1677 5524 inde
1729 5488 1834 5541 per
1865 5473 1978 5528 vim

364 5567 568 5628 tollere
598 5559 1055 5634 praesumpsisset
1092 5557 1390 5622 exercitus,
1427 5556 1532 5611 nisi
1566 5560 1973 5616 tantummodo

362 5653 605 5709 herbam
632 5665 760 5722 qua:
802 5645 962 5715 equis
1016 5659 1219 5698 eorum
1273 5642 1576 5697 videbatur
1623 5661 1744 5699 esse
1793 5664 1983 5703 neces-

2079 4518 2197 4556 non
2229 4518 2439 4572 pecora
2476 4502 2896 4572 praadarentur,
2930 4519 3038 4558 nec
3063 4503 3358 4575 stipendia
3387 4501 3549 4557 etiam
3578 4509 3664 4569 per

2079 4590 2410 4644 violentiam
2461 4593 2752 4662 raperent.
2829 4592 3044 4646 Eadem
3102 4609 3238 4647 vero
3284 4595 3447 4646 nocte
3485 4587 3663 4661 pharus

2077 4678 2280 4750 igneus
2309 4679 2469 4750 quasi
2519 4679 2588 4733 de
2619 4679 2876 4750 sepulcro
2890 4679 2948 4734 S.
2982 4679 3178 4736 Hilarii
3200 4679 3398 4752 egredi
3415 4677 3550 4732 visus
3574 4673 3660 4737 est,

2077 4769 2134 4820 et
2154 4781 2326 4836 super
2349 4765 2616 4820 Clodovei
2650 4765 2967 4821 tentorium
2999 4783 3112 4838 per
3141 4766 3442 4821 dimidiam
3467 4761 3663 4818 fereho-

2077 4870 2203 4908 ram
2245 4854 2534 4925 apparuit,
2569 4855 2794 4920 missus,
2820 4859 2882 4909 ut
2911 4855 3225 4923 credimus,
3253 4855 3314 4910 in
3348 4856 3661 4909 Francorum

2076 4941 2370 5022 auxilium,
2402 4946 2465 4995 ut
2495 4943 2603 4996 hoc
2629 4943 2828 4996 vexillo
2855 4943 3164 4998 confortati
3190 4943 3264 4997 ad
3285 4936 3662 4997 conterendam

2075 5029 2433 5084 1ncrcdulam
2464 5033 2702 5101 gentem
2734 5031 2924 5102 magis
2955 5048 3020 5086 ac
3046 5031 3237 5103 magis
3269 5028 3660 5085 accederentur.

2077 5117 2334 5172 Alaricus
2373 5118 2526 5172 forte
2573 5122 2709 5173 tunc
2753 5119 2978 5188 aberat,
3010 5124 3070 5174 et
3097 5120 3170 5174 ad
3221 5111 3660 5190 congregandum

2080 5205 2564 5260 innumerabilem
2582 5207 2898 5262 exercitum
2925 5209 3151 5278 legatos
3165 5206 3374 5278 ubique
3391 5199 3659 5261 direxerat,

2081 5297 2139 5348 et
2165 5298 2228 5348 ut
2256 5295 2336 5349 ita
2363 5293 2574 5362 dicam,
2600 5311 2717 5350 non
2741 5295 2813 5350 ad
2843 5295 3248 5362 resistendum,
3275 5294 3374 5350 sed
3411 5291 3580 5365 potius
3600 5282 3659 5340 ad

2081 5382 2595 5440 communiendam
2628 5399 2865 5438 suorum
2907 5383 3133 5438 animos
3179 5381 3454 5446 accendit,
3483 5387 3656 5432 eorum

2080 5472 2256 5528 fortia
2284 5473 2436 5525 facta
2463 5488 2956 5528 commemorans.
2984 5473 3227 5528 Gentem
3269 5473 3516 5526 nostram
3543 5461 3656 5520 dicit

2082 5578 2201 5617 esse
2215 5560 2640 5632 paucissimam,
2668 5563 2850 5616 latum
2874 5567 2932 5617 et
2943 5561 3256 5634 spatiosum
3287 5575 3446 5615 suum
3460 5557 3654 5611 denun-

2083 5649 2188 5704 tiat
2217 5649 2548 5720 imperium.
2572 5650 2730 5706 Sicut
2761 5651 3006 5706 Romam
3034 5650 3391 5714 attriverant,
3418 5644 3650 5700 itaFran-
