3862 6210
194 441 269 506 618
1491 439 1710 501 GESTA
1752 437 2196 501 FRANCORUM.

3363 450 3469 513 614

196 583 352 627 eorum
381 564 637 641 gloriam
668 562 927 626 insinuat
956 565 1392 625 conterendam.
1414 566 1537 623 Non
1552 566 1625 623 ad
1645 566 1833 628 bel-A
1942 566 2035 621 His
2084 567 2162 623 ita
2182 568 2548 637 bellantibus,
2582 568 2695 627 duo
2726 567 2892 626 Gothi
2923 571 3227 644 prosiliunt
3265 591 3334 631 ex
3363 577 3466 634 ad-

193 658 407 726 landum,
427 658 535 714 sed
566 658 643 714 ad
674 658 1057 730 praedandum
1077 674 1174 712 eos
1195 657 1526 711 adventasse
1550 655 1758 711 menti-

1863 671 2047 718 verso,
2067 660 2123 711 et
2148 674 2347 729 regem
2363 662 2623 715 nostrum
2641 660 2854 715 lanceis
2866 661 2980 716 suis
2998 662 3131 717 forti
3153 666 3461 723 conamine

194 752 279 804 tur.
304 748 436 803 Mille
468 746 741 820 convitiis
772 753 999 804 nostros
1033 746 1301 813 infamat,
1348 761 1480 799 suos
1500 744 1761 799 laudibus
1861 750 2282 814 percusserunt,
2313 764 2445 801 eum
2466 765 2531 802 ex
2561 748 2876 819 improviso
2908 751 3080 804 morti
3105 753 3331 808 tradere
3348 771 3464 810 me-

194 836 370 893 extollit
395 834 724 890 immensis.
755 836 833 889 Ne
866 836 1131 907 parvulos
1159 851 1290 889 suos
1303 834 1605 889 latrunculi
1628 849 1757 903 spo-

191 924 319 989 lient,
360 940 522 978 arma
578 923 889 979 denuntiat
930 923 1362 994 prehendenda.
1416 922 1505 977 Sic
1535 922 1756 977 substo-

190 1012 450 1069 machatus
481 1013 735 1067 occurrit
762 1013 972 1067 nostris
999 1030 1115 1069 non
1147 1016 1211 1067 ut
1234 1012 1425 1078 feriat,
1454 1012 1553 1066 sed
1584 1012 1755 1065 utde-

188 1101 391 1172 glutiat;
425 1104 484 1154 et
537 1101 783 1155 vallatus
836 1099 1089 1155 militum
1120 1117 1355 1156 suorum
1388 1100 1755 1155 multitudine

186 1192 481 1245 nostrorum
509 1189 737 1243 exuvias
766 1189 1105 1261 suspirabat,
1138 1190 1377 1244 anhelus
1398 1190 1551 1261 quod
1577 1188 1753 1243 effuso

183 1278 431 1349 sanguine
455 1276 833 1333 foedarentur.
866 1278 1178 1350 Ignorabat
1203 1278 1615 1348 insanus,quod
1636 1276 1753 1347 ipse

180 1370 410 1422 nostrum
440 1366 706 1420 ductaret
734 1365 1070 1434 exercitum,
1114 1364 1212 1437 qui
1257 1382 1377 1420 non
1426 1364 1665 1420 confidit
1693 1364 1751 1419 in

178 1454 419 1521 millibus,
443 1454 543 1526 qui
564 1456 731 1509 tonat
748 1454 806 1509 in
824 1454 1096 1521 nubibus,
1129 1454 1226 1525 qui
1247 1456 1441 1509 movet
1460 1454 1749 1525 abyssum,

176 1546 224 1599 et
244 1542 393 1597 sedet
419 1541 480 1597 in
514 1543 679 1599 coelo.
711 1542 1025 1598 Clodovcus
1054 1541 1230 1613 igitur
1272 1541 1470 1597 castris
1489 1558 1770 1612 egressus,

176 1630 439 1686 Christum
490 1631 755 1702 gestabat
784 1630 843 1684 in
901 1632 1154 1701 pectore,
1186 1633 1243 1684 et
1287 1633 1475 1684 totum
1506 1630 1752 1683 lustrans

171 1718 458 1774 exercitum
490 1718 799 1773 ordinabat
826 1717 975 1772 acies
1023 1720 1357 1773 electorum.
1392 1717 1751 1772 Fortissimos

170 1806 357 1861 milites
372 1811 433 1860 ut
447 1806 664 1861 feriant
677 1805 1114 1867 adhortabatur,
1140 1809 1198 1858 et
1234 1805 1552 1860 mediocres
1569 1822 1641 1858 ne
1656 1821 1750 1875 pa-

1861 833 2131 889 ditantes.
2164 835 2277 890 Sed
2302 836 2581 891 Dominus
2620 842 2993 908 omnipotens
3012 841 3163 895 hunc
3194 844 3462 914 protexit,

1859 925 1915 975 et
1944 923 2347 993 gloriatriplici
2379 928 2683 996 coopertus
2713 926 2856 980 ictus
2888 928 3027 981 tales
3038 944 3143 998 pro
3166 929 3345 985 nihilo
3377 948 3462 986 re-

1856 1010 2096 1079 putavit,
2130 1015 2186 1065 et
2214 1012 2505 1067 Alaricum
2533 1014 2675 1068 laeva
2697 1015 3030 1086 corripiens,
3061 1016 3263 1072 adnisu
3276 1019 3462 1076 valido

1857 1097 2091 1153 deduxit
2121 1099 2400 1170 gladium,
2426 1103 2481 1155 et
2503 1100 2579 1155 sic
2611 1105 2780 1174 caput
2809 1102 2931 1173 ejus
2953 1106 3292 1177 amputavit.
3325 1108 3455 1162 Tol-

1855 1186 2052 1240 luntur
2078 1186 2290 1242 iterum
2323 1204 2484 1242 voces
2503 1189 2574 1242 ad
2596 1189 2804 1257 sidera,
2846 1194 2903 1245 et
2934 1194 3218 1248 renovatis
3247 1195 3462 1252 viribus

1855 1274 2053 1329 Franci
2072 1274 2280 1330 iterum
2300 1276 2637 1331 animantur
2654 1278 2725 1331 ad
2748 1279 3071 1334 cmdes.Sed
3082 1281 3250 1337 Gothi
3274 1288 3465 1341 morte

1853 1362 1937 1417 sui
1961 1363 2113 1434 regis
2130 1363 2407 1435 inspecta,
2426 1365 2721 1420 turbinum
2739 1383 2904 1422 more
2924 1367 3029 1422 hac
3043 1368 3285 1442 illacque
3300 1372 3465 1429 diffu-

1852 1450 2036 1521 giunt,
2093 1454 2151 1505 et
2178 1452 2447 1523 projectis
2477 1455 2655 1507 armis
2680 1454 2965 1510 incassum
2992 1456 3187 1512 abdita
3214 1476 3460 1533 quaeque

1851 1540 2207 1594 collustrant.
2233 1541 2317 1604 Et,
2344 1543 2407 1595 ut
2444 1540 2501 1594 in
2525 1546 2781 1596 veterum
2815 1544 3048 1599 Patrum
3072 1545 3461 1621 historialegi-

1851 1630 1963 1694 tur,
1991 1646 2137 1682 unus
2163 1633 2426 1683 nostrum
2459 1646 2661 1684 eorum
2696 1632 2852 1686 mille
2900 1635 3371 1704 persequebatur,
3403 1640 3462 1693 et

1851 1715 1963 1769 duo
1982 1716 2258 1786 fugabant
2278 1717 2478 1771 decem
2506 1717 2983 1774 millia.Cerneres
3002 1721 3140 1776 illud
3153 1722 3459 1794 impletum

1850 1803 2003 1874 quod
2032 1803 2101 1856 de
2133 1804 2529 1875 peccatoribus
2550 1805 2844 1876 Scriptura
2870 1811 3130 1875 testatur,
3166 1814 3293 1881 quia
3316 1820 3451 1867 sicut

167 1898 317 1948 veant
334 1893 495 1948 dictis
512 1893 868 1948 informabat
888 1892 1186 1947 alacribus.
1208 1894 1278 1947 Ut
1296 1891 1562 1963 egregius
1585 1893 1748 1946 miles
1772 1887 1822 1945 B
1847 1892 1970 1957 ﬂuit
1994 1907 2112 1943 cera
2143 1908 2175 1944 a
2214 1891 2354 1961 facie
2380 1894 2538 1959 ignis,
2566 1895 2639 1945 sic
2656 1902 2879 1962 pereant
2899 1904 3198 1964 peccatores
3244 1917 3276 1952 a
3317 1900 3458 1970 facie

166 1985 283 2035 ante
298 1981 569 2036 ductabat
590 1980 924 2046 exercitum,
944 1980 1379 2035 utﬁdelissimus
1397 1981 1748 2035 Christianus

162 2070 346 2142 saepius
379 2069 706 2141 suspirabat
734 2069 809 2123 ad
839 2070 1065 2125 ccelum.
1092 2070 1169 2124 Ne
1192 2072 1325 2123 ante
1363 2074 1590 2141 tempus
1611 2086 1743 2140 pro-

162 2160 415 2230 rumpant
439 2175 506 2212 ex
538 2156 682 2223 acie,
717 2157 998 2212 nobilium
1019 2157 1298 2228 juvenum
1330 2158 1598 2212 ardentes
1620 2158 1743 2212 ani-

160 2261 269 2299 mos
293 2245 650 2317 comprimit,
688 2247 903 2298 etcum
933 2245 992 2298 in
1024 2245 1175 2300 bello
1208 2245 1490 2311 steterint,
1524 2246 1746 2317 gladios

158 2350 220 2388 ne
246 2332 653 2387 obliviscantur
672 2332 1489 2388 hortatur.Rudibusinsinuat
1502 2334 1746 2405 qualiter

154 2420 363 2475 hostem
388 2420 624 2487 feriant,
657 2424 715 2475 et
740 2420 1003 2493 designat
1032 2422 1248 2493 pariter
1280 2423 1578 2494 quomodo
1602 2424 1745 2478 ictus

152 2507 394 2562 hostium
426 2507 715 2562 incassum
748 2507 1003 2564 dissilere
1032 2509 1267 2565 faciant.
1294 2513 1528 2565 Petrum
1571 2514 1743 2583 atque

144 2596 445 2651 Martinum
472 2595 701 2651 invocat
730 2600 793 2650 ut
812 2601 1148 2652 succurrant
1170 2616 1185 2666 ;
1229 2602 1287 2652 et
1304 2603 1631 2670 respectans
1650 2599 1743 2653 Hi-

146 2683 356 2738 larium
389 2687 453 2738 ut
484 2683 749 2738 vexillum
778 2683 964 2756 capiat
994 2688 1050 2739 et
1090 2685 1284 2739 ductet
1303 2686 1614 2741 exercitum
1638 2687 1747 2741 im-

137 2774 426 2841 precatur.
455 2771 567 2825 Nec
592 2770 825 2843 segnius
839 2771 1008 2826 feriat
1027 2772 1468 2845 Arianos,quam
1486 2778 1742 2829 ventrem

137 2875 383 2914 vacuum
411 2859 528 2914 suis
560 2859 1229 2931 disputationibusferire
1247 2867 1626 2918 consueverat
1651 2881 1746 2920 eo-

135 2962 265 3001 rum
298 2948 625 3019 principem
655 2947 945 3003 infelicem
975 2949 1195 3003 Arium.
1239 2951 1306 3003 Et
1328 2950 1554 3006 innixus
1582 2952 1746 3008 basta

135 3034 391 3090 Francos
420 3051 624 3091 omnes
653 3034 933 3102 intuetur,
962 3038 1018 3090 et
1048 3037 1340 3109 signaculo
1372 3043 1583 3095 nostrae
1610 3040 1743 3095 ﬁdei

132 3120 378 3177 ﬁdelem
408 3123 600 3195 signat
622 3123 963 3187 exercitum,
995 3127 1053 3179 et
1082 3129 1142 3179 ut
1172 3125 1231 3180 in
1263 3127 1744 3183 nomineDomini

131 3208 354 3265 feriant
375 3212 748 3284 imprecatur.
774 3212 1023 3267 Asthinc
1046 3217 1103 3267 et
1125 3214 1258 3268 inde
1274 3216 1593 3270 conseritur
1606 3235 1747 3288 pree-

128 3297 303 3365 lium,
327 3300 658 3355 etbuccinis
672 3300 927 3371 undique
944 3302 1513 3369 sonantibus,coelum
1536 3306 1747 3361 clamo-

128 3385 293 3441 ribus
324 3388 624 3460 impletur,
650 3389 765 3442 tela
785 3390 981 3443 volant
1000 3406 1104 3461 per
1132 3393 1746 3463 aera,terrasanguine

127 3480 496 3531 cruentatur.
527 3476 779 3531 Audires
809 3476 942 3531 hinc
971 3479 1256 3549 gemitum
1278 3481 1748 3547 morientium,“-

125 3561 249 3615 linc
275 3566 715 3620 vulneratorum
750 3564 1022 3620 stridores
1041 3566 1749 3641 horresceres.Palpitabat

128 3648 273 3705 hinc
299 3652 627 3725 exsanguis,
650 3657 707 3707 et
738 3652 1239 3709 moriensvorabat
1257 3662 1471 3711 terram
1495 3661 1593 3711 aut
1612 3659 1749 3729 lapi-

129 3739 255 3793 des.
284 3741 454 3796 Alius
467 3742 790 3808 calcitrans,
811 3741 948 3795 dum
974 3742 1024 3795 ei
1044 3743 1247 3797 mortis
1268 3745 1431 3799 tarda
1450 3747 1749 3802 molimina

126 3828 495 3896 viderentur,
525 3830 885 3901 angustiatus
902 3846 1019 3900 prie
1042 3832 1239 3886 dolore
1259 3834 1750 3906 vulnerum,quid-

127 3915 275 3970 dam
310 3918 562 3973 effractis
591 3918 825 3989 spiculis
872 3918 1133 3988 rapiebat
1159 3936 1271 3990 quo
1304 3920 1485 3975 tristia
1515 3926 1750 3992 pectora

128 4007 653 4073 transverberaret,
678 4010 736 4060 et
762 4006 858 4059 tali
872 4008 1072 4061 mortis
1090 4008 1502 4063 acceleratione
1515 4011 1750 4066 finiebat

130 4092 449 4149 vulnerum
479 4094 784 4149 cruciatus.
823 4094 1137 4149 Clodovcus
1190 4096 1365 4167 igitur
1404 4096 1627 4153 hastam
1668 4100 1745 4154 vi-

129 4177 321 4235 brans
358 4184 550 4237 obvios
580 4199 838 4253 quosque
870 4184 1296 4251 prosternebat,
1328 4188 1386 4238 et
1407 4202 1619 4241 nomen
1644 4189 1749 4242 Do-

134 4268 290 4322 mini
322 4271 524 4343 saepius
555 4270 927 4325 inclamabat.
963 4270 1221 4341 Cumque
1243 4272 1596 4328 Francorum
1623 4276 1747 4329 ani-

139 4368 274 4408 mos
307 4358 381 4411 ad
410 4358 865 4413 internecionem
898 4359 1110 4414 odiosae
1130 4360 1317 4431 gentis
1348 4362 1555 4417 sedulis
1583 4363 1752 4418 incla-

138 4443 499 4500 mationibus
524 4447 1028 4514 adhortaretur,et
1057 4447 1280 4520 aliquos
1300 4449 1358 4502 in
1379 4451 1528 4505 bello
1560 4452 1750 4506 minus
1773 4426 1823 4484 D

139 4530 419 4587 sollicitos
434 4535 1109 4600 confortaret,Alaricnm
1130 4536 1358 4590 eminus
1370 4539 1748 4609 conspicatur,

142 4620 199 4669 et
226 4634 382 4690 equo
414 4625 538 4693 post
565 4640 702 4677 eum
736 4622 966 4689 emisso,
1000 4640 1133 4677 eum
1166 4625 1368 4679 lancea
1402 4628 1667 4696 percutit,
1696 4632 1754 4683 et

144 4704 221 4758 sic
236 4708 495 4778 gladium
524 4712 812 4784 evaginat.
853 4712 992 4766 Ecce
1024 4728 1190 4784 reges
1222 4714 1608 4770 ferocissimos
1645 4718 1751 4772 cir-

148 4799 435 4853 cumstans
460 4802 706 4873 populus
736 4799 1077 4868 mirabatur,
1111 4805 1168 4855 et
1198 4802 1278 4856 eis
1298 4802 1377 4857 ita
1412 4804 1754 4861 bellantibus

151 4882 370 4939 nullum
398 4890 664 4943 solatium
696 4888 1096 4959 impendebat.
1148 4890 1487 4945 Rimabatur
1514 4896 1753 4965 uterque

150 4966 337 5027 locum
362 4976 624 5042 vulneris,
657 4978 715 5030 et
744 4978 1083 5047 plerumque
1118 4994 1234 5032 non
1255 4978 1554 5034 inveniens
1574 4983 1754 5037 aversi

150 5057 409 5129 clypeum
440 5064 634 5135 gladio
670 5063 1026 5119 decurtabat.
1061 5065 1320 5138 Cumque
1351 5068 1457 5121 hac
1490 5067 1755 5125 vicissitu-

154 5142 279 5201 dine
310 5152 450 5206 alter
478 5152 646 5207 alteri
676 5151 903 5206 fervens
929 5154 1280 5221 succederet,
1304 5160 1359 5209 et
1380 5158 1754 5229 utrarumque

152 5236 437 5303 galearum
479 5240 752 5313 planities
781 5239 1137 5295 scinderetur
1188 5243 1245 5296 in
1298 5247 1513 5314 partes,
1562 5263 1634 5299 ne
1668 5263 1757 5301 res

158 5321 447 5383 duceretur
466 5330 540 5384 ad
562 5329 833 5384 effectum
860 5330 1130 5401 ,antiqua:
1149 5331 1391 5386 feritatis
1412 5333 1583 5387 fortia
1610 5335 1758 5388 facta

159 5417 543 5462 rememorans
579 5407 922 5474 Clodovcus,
955 5409 1175 5464 elevato
1209 5411 1445 5466 brachio
1478 5430 1674 5467 ensem
1698 5413 1758 5467 li-

163 5489 282 5547 brat
311 5496 381 5551 ad
409 5498 634 5565 vulnus,
668 5500 727 5550 et
754 5496 993 5553 barbam
1026 5503 1408 5572 mentumque
1448 5501 1663 5574 pariter
1693 5518 1757 5555 ac

166 5580 350 5639 lmvam
369 5602 757 5657 manum,qua
783 5586 1049 5657 clypeum
1074 5590 1357 5660 gestabat,
1375 5590 1754 5644 excussitAla-

169 5669 276 5739 rici,
307 5677 361 5728 et
381 5675 458 5730 sic
473 5674 702 5730 resiluit
732 5673 788 5728 in
821 5678 1047 5746 partem
1080 5694 1093 5745 ;
1128 5676 1207 5732 ita
1233 5679 1415 5733 altera
1435 5681 1605 5749 caput
1635 5678 1756 5749 ejus

172 5765 452 5833 amputare
483 5763 833 5820 deliberans.

1846 1978 1973 2044 Dei,
1997 1985 2046 2031 et
2061 1980 2207 2047 justi
2226 1979 2434 2048 epulenl
2448 1997 2532 2045 ur,
2552 1987 2601 2032 et
2626 1981 2858 2033 exultent
2884 1983 2936 2034 in
2952 1992 3225 2053 conspectu
3250 1986 3372 2054 Dei,
3406 1995 3457 2042 et

1845 2066 2164 2120 delectentur
2193 2068 2249 2118 in
2276 2066 2483 2120 latitia.
2523 2068 2604 2120 Ita
2636 2068 2949 2122 Clodovcus
3000 2070 3299 2127 inimicum
3358 2092 3452 2129 su-

1846 2154 2071 2225 perabit
2099 2154 2432 2221 exercitum,
2464 2159 2521 2208 et
2551 2170 2698 2224 pene
2749 2156 2822 2210 ad
2854 2156 3311 2216 internecionem
3364 2181 3453 2217 us-

1846 2258 1957 2313 que
1987 2241 2240 2296 deduxit.
2276 2241 2338 2295 lli
2369 2258 2522 2309 vero,
2557 2243 2653 2314 qui
2681 2243 3034 2299 Francorum
3079 2248 3300 2318 gladios
3324 2267 3452 2306 eva-

1845 2333 2063 2394 serunt,
2098 2346 2230 2384 cum
2261 2328 2581 2384 Amalarico
2634 2330 2850 2385 Alarici
2883 2332 3000 2387 tilio
3046 2334 3119 2388 ad
3160 2336 3455 2407 Hispanias

1846 2418 2250 2490 profugerunt,
2283 2420 2341 2471 et
2370 2417 2643 2471 eumdem
2686 2420 3083 2475 Amalaricum
3117 2422 3175 2476 in
3207 2428 3451 2493 paterno

1845 2506 1987 2560 solio
2003 2505 2407 2560 sublimarunt.
2439 2504 2710 2561 Maximus
2740 2510 2931 2561 autem
2961 2511 3342 2567 Arvernorum
3355 2530 3455 2585 po-

1843 2595 2030 2665 pulus,
2063 2594 2159 2665 qui
2185 2610 2316 2648 cum
2336 2594 2668 2665 Apollinare
2694 2595 2837 2649 duce
2864 2595 2922 2649 in
2942 2596 3295 2666 adiutorium
3318 2602 3455 2657 Ala-

1843 2682 1945 2736 rici
1974 2685 2230 2749 venerat,
2263 2682 2341 2737 ita
2370 2682 2429 2737 in
2460 2684 2666 2738 eodem
2683 2684 2882 2755 praelia
2913 2702 3046 2740 cum
3077 2688 3271 2743 multis
3293 2707 3455 2746 sena-

1843 2770 2066 2825 toribus
2118 2775 2203 2824 est
2232 2770 2479 2838 attritus,
2536 2775 2598 2826 ut
2647 2771 2735 2825 vix
2780 2790 2847 2826 ex
2879 2775 3042 2828 tanta
3081 2777 3451 2834 multitudine

1846 2858 2080 2912 nuntius
2122 2862 2462 2929 superesset,
2514 2859 2611 2931 qui
2667 2860 2775 2914 hoc
2814 2861 3082 2916 uxoribus
3136 2865 3449 2921 nuntiaret.

1845 2946 2078 3000 Factum
2107 2948 2192 2999 est
2220 2947 2484 3017 praelium
2518 2946 2666 3001 istud
2693 2947 2751 3001 in
2783 2964 2989 3020 campo
3002 2950 3333 3022 Vosaglinse
3355 2973 3449 3009 su-

1844 3050 1948 3105 per
1988 3033 2257 3088 Clinnum
2297 3034 2555 3102 fluvium,
2614 3034 2839 3090 decimo
2889 3036 3157 3094 milliario
3207 3041 3279 3096 ab
3311 3043 3450 3099 urbe

1848 3122 2094 3177 Pictava.

1917 3213 2030 3264 llac
2066 3212 2236 3282 igitur
2261 3214 2489 3281 patrata
2516 3212 2772 3279 victoria,
2803 3213 2983 3269 ﬁlium
2996 3232 3162 3271 suum
3191 3218 3449 3275 Theode-

1847 3299 2053 3366 ricum,
2083 3315 2257 3369 quem
2286 3316 2351 3353 ex
2373 3300 2694 3354 concubina
2706 3304 3331 3371 genuerat,Clodoveus
3354 3325 3453 3363 rex

1848 3403 1979 3441 cum
2010 3391 2174 3456 parte
2204 3387 2288 3440 sui
2320 3387 2599 3441 exercitus
2627 3388 2699 3441 ad
2730 3389 3060 3444 Arvernum
3106 3392 3322 3464 dirigit,
3356 3397 3456 3467 qui

1851 3475 1899 3529 ei
1933 3474 2185 3528 civitates
2231 3478 2287 3527 et
2332 3474 2646 3545 municipia
2694 3476 2766 3529 ad
2820 3477 3164 3533 Rhodanum
3219 3481 3457 3539 ﬂuvium

1852 3579 2030 3635 usque
2056 3561 2338 3632 subjiciat.
2364 3561 2469 3625 Qui
2501 3562 2680 3633 patris
2705 3563 2789 3616 sui
2820 3565 3108 3618 mandatis
3152 3568 3459 3639 obtempe-

1849 3668 1979 3705 rans
2010 3651 2179 3705 urbes
2206 3649 2493 3703 universas
2524 3666 2556 3702 a
2574 3649 3110 3705 ﬁnibusGothorum
3132 3657 3458 3724 usqueBure

1850 3739 2127 3810 gundiam
2160 3738 2443 3809 sagaciter
2471 3737 2794 3809 subjugavit
2819 3742 2875 3792 et
2906 3740 3257 3795 Francorum
3289 3743 3459 3801 ditio-

1850 3827 1909 3882 ni
1939 3827 2248 3881 substituit.
2283 3825 2599 3880 Clodoveus
2626 3825 2800 3897 igitur
2836 3843 2933 3881 rex
2966 3828 3347 3900 Burdegalem
3378 3834 3457 3888 ci-

1849 3916 2083 3970 vitatem
2114 3914 2470 3983 ingrediens,
2522 3931 2625 3987 per
2654 3914 2911 3969 hiemem
2943 3915 3158 3971 ibidem
3190 3919 3458 3976 demora-

1850 4009 1937 4059 tus
1954 4007 2060 4070 est,
2080 4008 2136 4058 et
2156 4004 2460 4074 fatigatum
2498 4004 2557 4057 in
2588 4003 2739 4057 bello
2768 4004 2969 4059 refecit
2999 4004 3458 4065 exercitum.Un-

1849 4093 1919 4146 de
1952 4092 2327 4163 progrediens
2356 4092 2621 4145 Tolosam
2655 4092 2880 4160 invasit,
2907 4096 2963 4148 et
2990 4094 3289 4151 thesauros
3320 4101 3458 4155 Ala-

1848 4182 1950 4235 rici
1980 4180 2087 4246 his,
2120 4180 2215 4251 qui
2243 4179 2508 4234 eamdem
2534 4179 2887 4252 provinciam
2931 4184 3244 4252 possessuri
3274 4191 3461 4256 erant,

1851 4268 2103 4323 dividere
2136 4267 2426 4339 praecepit.
2458 4268 2715 4339 Cumque
2753 4269 3106 4324 Ecolesinam
3147 4272 3459 4345 civitatem,

1853 4373 1980 4427 quas
2004 4355 2333 4410 rebellionis
2364 4355 2663 4409 audaciam
2690 4363 3101 4429 assumpserat,
3148 4366 3441 4431 expeteret
3450 4420 3465 4448 ,

1852 4446 1909 4497 et
1940 4460 2071 4498 eam
2099 4442 2275 4497 armis
2306 4447 2360 4496 et
2392 4443 2689 4497 obsidione
2722 4461 3053 4515 expugnare
3104 4442 3461 4519 decerneret,

1852 4536 2074 4587 tantam
2126 4531 2377 4603 gratiam
2428 4531 2478 4585 ei
2527 4531 2706 4585 virtus
2737 4532 2932 4588 divina
2986 4536 3269 4591 concessit
3315 4541 3375 4592 ut
3405 4538 3464 4595 in

1854 4622 1975 4691 ejus
2007 4621 2317 4675 adventum
2339 4620 2486 4673 muri
2506 4620 2765 4690 ejusdem
2781 4622 3022 4676 civitatis
3038 4626 3467 4691 ruerent.Quod

1853 4710 2111 4763 videntes
2157 4708 2450 4781 oppidani,
2507 4712 2565 4763 et
2622 4726 2748 4763 rem
2801 4709 2994 4765 divino
3029 4716 3170 4767 nutu
3203 4716 3460 4771 evenisse

1852 4798 2171 4864 credentes,
2205 4814 2323 4851 sese
2356 4814 2570 4869 suaque
2601 4798 2813 4852 dedere
2846 4798 3154 4861 Clodoveo,
3190 4805 3247 4855 et
3309 4804 3465 4858 urbis

1854 4885 2241 4940 munitionem
2272 4886 2553 4939 machinis
2574 4886 2982 4957 protriverunt,
3022 4888 3079 4938 et
3117 4888 3331 4944 Gothos
3358 4891 3466 4944 mi-

1856 4974 1980 5029 lites
2014 4974 2349 5027 munitionis
2387 4974 2647 5044 ejusdem
2680 4972 2803 5042 regi
2840 4972 3058 5042 pariter
3107 4974 3462 5034 obtulerunt.

1857 5062 2008 5125 Quos
2039 5078 2240 5115 omnes
2273 5062 2457 5131 capite
2486 5062 2681 5132 plexos
2711 5060 2883 5113 morti
2916 5059 3177 5127 tradidit,
3210 5066 3268 5116 et
3292 5066 3465 5135 Pyre-

1856 5167 2013 5203 nwos
2044 5154 2270 5203 montes
2329 5166 2505 5219 usque
2558 5150 2911 5218 Perperaum
2944 5148 3267 5217 subjiciens,
3301 5153 3471 5209 urbes

1856 5243 1913 5294 et
1941 5239 2171 5293 castella
2212 5238 2513 5301 subruens,
2558 5234 2869 5304 municipia
2913 5252 3155 5306 qumque
3210 5237 3467 5310 depopu-

1858 5329 2002 5393 lans,
2037 5324 2291 5398 praedam
2327 5321 2815 5376 innumerabilem
2843 5326 2900 5377 et
2944 5323 3125 5394 spolia
3153 5326 3335 5380 multa
3355 5327 3468 5383 suis

1860 5415 2135 5468 militibus
2164 5428 2327 5483 teque
2358 5410 2717 5481 dispertiens.

1933 5501 2022 5554 llis
2054 5501 2229 5571 igitur
2260 5500 2338 5554 ita
2367 5498 2624 5572 patratis,
2658 5515 2788 5553 cum
2834 5500 2906 5554 ad
2950 5500 3135 5556 solum
3167 5504 3467 5576 proprium

1856 5589 2046 5643 redire
2080 5588 2445 5655 deliberaret,
2476 5588 2686 5642 electos
2706 5587 2915 5641 milites
2932 5592 3102 5660 atque
3131 5590 3470 5649 fortissimos

1858 5692 1987 5731 cum
2015 5674 2261 5744 parvulis
2294 5680 2463 5745 atque
2486 5676 2826 5730 mulieribus
2853 5676 2924 5731 ad
2942 5693 3205 5747 pervasas
3218 5681 3471 5737 civitates

1862 5759 2262 5818 custodiendas
2293 5765 2350 5815 et
2379 5761 2451 5815 ad
2494 5763 2929 5834 reprimendam
2960 5764 3276 5823 Gothorum
3306 5769 3465 5824 saevi-
