3862 6210
427 437 530 512 eis

1027 437 1402 504 RORICONIS
1436 436 1746 500 MONACHI
1774 429 2294 498 MOISSIACENSIS
2321 433 2541 495 GESTA
2573 430 3018 496 FRANCORUM.

3639 432 3746 496 ϐίθ

427 573 574 630 tiam
607 567 934 644 dereliquit,
968 573 1027 626 et
1045 567 1342 624 immensis
1363 563 1696 620 muneribus
1716 559 2026 632 ampliavit.
2049 563 2103 622 Α
2129 578 2234 631 εει,
2267 573 2379 632 sed
2407 573 2637 632 favente
2671 575 2942 645 Domino,
2973 573 3063 632 cui
3094 571 3321 632 ηθςαιιίι
3362 571 3488 648 ejus
3514 571 3636 630 vita
3665 573 3750 631 ἀί.

501 662 594 718 Sic
622 662 819 733 itaque
849 659 1135 714 exsultans
1163 657 1222 711 in
1243 654 1492 712 Domino
1511 655 1570 708 et
1588 649 1856 706 inlaztitia
1875 649 2028 704 dele-

427 755 630 808 ctatus.
678 747 921 805 Turonis
971 749 1058 803 est
1099 760 1410 818 regressus.
1443 746 1501 798 et
1556 741 1740 794 multa
1788 753 2031 792 munera

423 841 662 912 supplex
692 837 902 894 obtulit
927 833 1262 900 confessori,
1318 835 1664 900 centumque
1716 827 1927 882 solidos
1955 825 2028 880 ad

428 927 838 984 redimendum
861 940 1076 996 equum
1103 939 1268 978 suum
1294 917 1697 976 matriculariis
1727 915 1861 971 dare
1880 931 2028 985 prte-

427 1017 598 1089 cepit.
632 1015 745 1071 Sed
767 1031 871 1070 nec
901 1013 1060 1080 solvi,
1083 1027 1190 1067 nec
1211 1009 1388 1066 etiam
1420 1007 1638 1064 moveri
1664 1005 1850 1078 potuit
1878 1005 2026 1059 loco.

426 1103 596 1162 Dedit
625 1103 836 1159 iterum
875 1104 1131 1168 centum,
1155 1103 1213 1155 et
1241 1097 1461 1154 moveri
1492 1095 1678 1170 potuit
1707 1097 1766 1150 et
1790 1092 2024 1148 absolvi.

425 1193 608 1260 Quem
633 1209 766 1248 cum
791 1191 1115 1263 recepisset,
1137 1206 1205 1244 ex
1224 1186 1542 1244 abundanti
1559 1184 1754 1241 laetitia
1765 1181 2030 1238 resolutis

423 1283 482 1339 in
507 1282 710 1348 risum,
741 1281 879 1336 talia
925 1279 1130 1334 dicitur
1181 1292 1458 1350 responsa
1489 1274 1748 1330 dedisse:
1800 1295 1828 1322 «
1885 1271 2028 1326 Vere

421 1371 623 1425 beatus
649 1368 922 1424 Martinus
951 1369 1009 1422 et
1033 1365 1240 1422 auxilio
1267 1365 1592 1437 promptus,
1617 1365 1675 1416 et
1701 1359 1760 1414 in
1791 1357 2027 1429 negotio

423 1459 628 1512 charus
655 1457 959 1512 habetur.»
990 1456 1056 1510 Et
1088 1454 1404 1509 ascendens
1429 1461 2030 1522 equum,purpurare-

423 1546 657 1601 dimitus
683 1549 742 1600 et
770 1561 908 1600 auro
941 1561 1005 1600 ac
1030 1544 1299 1599 diadema
1348 1540 1578 1612 regium
1619 1539 1679 1592 in
1713 1537 1897 1607 capite
1928 1551 2026 1606 ge-

421 1639 600 1700 stans,
627 1651 731 1706 pro
776 1633 1152 1688 exsultatione
1214 1630 1464 1685 victoriae
1521 1628 1593 1682 ob
1641 1623 2024 1680 reverentiam

420 1721 601 1776 sancti
655 1720 885 1776 Martini
917 1719 1042 1775 auri
1069 1722 1126 1773 et
1171 1717 1394 1789 argenti
1425 1715 1739 1787 plurimum
1768 1713 1826 1766 in
1852 1710 2022 1775 atrio,

421 1810 576 1881 quod
606 1813 690 1864 est
723 1810 876 1864 inter
906 1807 1203 1863 ecclesiam
1236 1806 1292 1860 S.
1352 1803 1574 1860 Martini
1625 1806 1684 1857 et
1732 1801 2018 1856 civitatem

421 1901 704 1970 prasente
725 1899 938 1970 populo
968 1895 1194 1967 sparsit,
1212 1898 1270 1950 et
1298 1893 1462 1966 regia
1493 1890 1888 1946 munificentia
1908 1888 2021 1943 dis-

420 1985 782 2057 pensavit.Ab
805 1984 926 2056 ipso
954 1983 1129 2055 igitur
1155 1981 1244 2037 die
1271 1980 1516 2053 suscepit
1537 1997 1671 2034 eum
1691 1977 2024 2033 Anastasius

414 2073 734 2146 imperator
761 2072 820 2126 in
847 2070 1161 2127 amicitiam
1194 2070 1570 2141 singularem,
1601 2071 1660 2122 et
1688 2083 1806 2123 non
1835 2068 2021 2122 solum

418 2177 516 2216 rex
543 2164 641 2216 aut
667 2161 887 2227 consul,
918 2159 1018 2214 sed
1046 2164 1105 2214 et
1131 2161 1422 2230 Augustus
1449 2156 1522 2212 ab
1540 2157 1746 2212 eodem
1778 2156 2024 2228 impera-

415 2252 544 2305 tore
563 2249 754 2320 jussus
782 2251 868 2303 est
895 2245 1192 2319 appellari.
1245 2246 1315 2300 Et
1339 2245 1440 2300 tali
1469 2244 1655 2317 gloria
1683 2244 2022 2300 sublimatus

418 2340 552 2392 ante
577 2338 902 2409 sepulcrum
923 2334 1080 2390 beati
1109 2332 1334 2389 Martini
1368 2349 1559 2404 genua
1589 2333 1710 2386 ﬁxit
1731 2336 1788 2386 et
1815 2333 2016 2387 oravit.

417 2425 485 2479 Et
515 2423 592 2479 sic
617 2425 760 2480 urbe
792 2439 1146 2495 progressus,
1177 2419 1420 2476 Parisios
1438 2419 1632 2486 rediit,
1656 2421 1714 2473 et
1749 2419 2018 2475 eamdem

417 2512 709 2568 civitatem
726 2510 893 2582 regni
913 2509 996 2564 sui
1019 2509 1213 2564 sedem
1245 2526 1365 2564 esse
1383 2507 2018 2563 constituit.Ecclesiam

413 2617 548 2657 vero
562 2599 754 2656 Sancti
767 2598 918 2653 Petri
935 2614 1109 2669 quam
1130 2613 1189 2652 se
1201 2597 1486 2651 facturum
1503 2595 2022 2667 promiseratante-

417 2704 591 2762 quam
622 2686 1072 2760 progrederetur
1093 2685 1167 2740 ad
1180 2685 1395 2739 bellum
1415 2683 1709 2738 etdecenti
1741 2684 2024 2754 composi-

413 2777 572 2832 tione
599 2779 931 2830 construere
957 2773 1112 2840 fecit,
1144 2776 1203 2828 et
1231 2775 1622 2828 constructam
1662 2773 2020 2828 ornamentis

413 2866 586 2935 atque
611 2860 932 2917 redditibus
957 2859 1309 2914 sufﬁcienter
1332 2859 1646 2931 ampliavit.
1677 2860 1896 2914 Dehinc
1919 2861 2020 2914 ad-

411 2967 606 3006 versus
656 2949 1010 3021 Ragnerium
1042 2952 1213 3021 atque
1263 2948 1591 3003 Richarium
1624 2949 1783 3004 duxit
1813 2949 2022 3004 exerci-

409 3043 532 3094 tum
543 3080 558 3106 ,
573 3039 669 3110 qui
703 3037 857 3109 apud
871 3037 1244 3092 Camaracum
1265 3037 1730 3102 morabantur,et
1745 3053 1845 3092 eos
1857 3040 2018 3095 omni

2128 664 2458 736 splicuerat,
2487 666 2788 738 correptus
2815 667 2905 720 est
2934 667 2993 720 et
3047 665 3277 736 ligatus,
3340 666 3399 720 et
3445 663 3748 720 Clodoveo

2129 755 2527 826 praesentatus.
2563 752 2704 807 Cum
2734 769 2846 826 quo
2878 755 2938 808 et
2966 752 3299 808 Richarium
3319 755 3494 825 atque
3526 751 3746 808 Pharo.

2129 855 2264 894 nem
2295 841 2884 911 comprehenderunt,
2916 844 2976 896 et
3003 841 3225 896 vinctos
3245 839 3462 911 pariter
3487 841 3613 913 regi
3645 839 3751 896 ob-

2127 928 2400 982 tulerunt.
2427 928 2578 993 Quos
2609 928 2890 1000 capitibus
2919 928 3111 1000 puniri
3141 928 3436 1001 precepit,
3455 932 3512 982 et
3539 927 3623 982 ita
3636 943 3746 984 ne-

2127 1015 2304 1070 fando
2335 1015 2565 1071 crimini
2587 1016 2766 1072 tinem
2784 1016 3078 1090 imposuit.
3099 1017 3342 1089 Insuper
3362 1019 3420 1071 et
3437 1017 3751 1072 thesauros

2127 1119 2330 1161 eorum
2357 1121 2422 1160 ac
2451 1105 2742 1160 civitatem
2771 1104 3021 1178 propria:
3038 1105 3242 1162 ditioni
3266 1105 3538 1168 restituit,
3569 1105 3750 1180 Apud

2129 1191 2581 1248 Cenomanicam
2607 1209 2836 1266 quoque
2871 1193 3160 1249 civitatem
3195 1193 3466 1265 Bagnerii
3499 1193 3749 1266 propin-

2129 1296 2272 1351 quus
2294 1280 2534 1352 quidam
2549 1281 2885 1336 morabatur
2897 1281 3266 1353 Ragnimirus
3284 1280 3544 1350 nomine,
3561 1297 3751 1352 quem

2126 1367 2346 1439 pariter
2362 1369 2479 1423 vita
2495 1369 2736 1442 privavit
2761 1373 2820 1425 et
2845 1387 3026 1442 regno
3061 1388 3076 1426 :
3108 1387 3182 1426 ne
3209 1369 3454 1426 scintilla
3465 1369 3749 1426 videlicet

2127 1455 2310 1528 iniqui
2365 1457 2645 1528 germinis
2697 1474 3004 1514 remanere
3034 1458 3343 1524 videretur,
3383 1474 3512 1530 qua
3557 1457 3751 1514 scelus

2126 1545 2486 1600 horrendum
2517 1546 2817 1600 suscitaret
2847 1547 2906 1600 in
2954 1547 3218 1618 populos,
3255 1549 3314 1600 et
3343 1545 3749 1602 Sodomorum

2125 1630 2725 1700 Gomorrhaaorumve,
2758 1633 2914 1704 quod
2939 1633 3104 1701 absit,
3128 1633 3473 1688 exterminio
3491 1632 3748 1687 damna-

2123 1722 2348 1772 rentur.
2385 1719 2643 1792 Cumque
2673 1721 3002 1791 proditores
3030 1721 3301 1793 Ragnerii
3332 1721 3748 1793 cognovissent

2123 1806 2278 1876 quod
2304 1806 2360 1860 in
2391 1808 2574 1878 pretio
2607 1808 2752 1862 tanti
2783 1807 3054 1864 facinoris
3081 1826 3158 1864 aes
3182 1808 3442 1863 vitiatum
3484 1809 3746 1880 accepis-

2122 1896 2270 1961 sent,
2289 1899 2708 1966 conquerentes
2741 1895 2988 1950 nimium
3019 1899 3078 1951 et
3104 1912 3232 1951 sero
3263 1896 3744 1968 pcnnitentes,ac-

2123 1985 2416 2036 cesserunt
2445 1983 2518 2036 ad
2570 1999 2794 2055 regem,
2853 1986 2913 2039 et
2941 1983 3190 2056 qualiter
3231 1983 3471 2040 indicati
3501 1984 3748 2039 fuerant

2121 2069 2553 2125 intimaverunt.
2581 2071 2794 2135 Quibus
2819 2071 3133 2128 Clodoveus
3150 2071 3231 2128 ita
3245 2071 3743 2144 respondens,ait:

2121 2177 2154 2211 ς
2179 2159 2313 2212 Tale
2339 2173 2545 2213 aurum
2575 2159 2784 2214 merito
2817 2160 3126 2232 recepistis,
3154 2159 3252 2233 qui
3281 2159 3592 2216 dominum
3635 2176 3742 2214 ve-

2120 2248 2302 2300 strum
2333 2247 2510 2302 morti
2543 2247 2882 2303 tradidistis.
2913 2249 2999 2304 Sit
3015 2249 3145 2321 jam
3176 2248 3336 2304 vobis
3359 2249 3495 2304 satis
3515 2252 3743 2304 vestras

2118 2335 2344 2390 animas
2373 2351 2713 2404 reservasse,
2743 2340 2801 2391 et
2830 2353 2949 2392 non
2980 2353 3085 2410 pro
3116 2339 3278 2394 tanto
3317 2336 3568 2394 crimine
3592 2354 3741 2394 con-

2119 2421 2300 2492 digna
2328 2423 2606 2495 supplicia
2634 2424 2988 2495 persolvisse.
3017 2443 3052 2479 δ

2189 2509 2285 2564 His
2309 2509 2487 2581 igitur
2505 2513 2764 2584 patratis,
2793 2513 2954 2568 febre
2976 2513 3288 2586 corripitur
3307 2514 3650 2583 Clodoveus,
3682 2517 3742 2571 et

2121 2598 2193 2653 de
2207 2597 2298 2652 die
2321 2597 2380 2652 in
2399 2599 2556 2654 diem
2583 2601 3148 2672 sentienslangorem
3171 2601 3744 2675 ingravescere,con-

2119 2683 2687 2742 vocatisFrancorum
2709 2687 3066 2758 proceribus,
3088 2705 3333 2760 regnum
3355 2706 3522 2745 suum
3541 2690 3742 2748 divisit

2120 2773 2178 2828 in
2205 2775 2421 2844 partes,
2441 2777 2498 2828 et
2517 2775 2648 2830 ﬁliis
2668 2776 2782 2830 suis
2798 2779 3046 2848 quatuor
3065 2777 3302 2832 easdem
3325 2782 3520 2849 partes
3542 2780 3741 2836 distri-

2118 2861 2262 2916 buit.
2301 2861 2668 2918 Childeberto
2698 2879 2831 2918 vero
2881 2863 3000 2919 ﬁlio
3028 2879 3155 2931 suo,
3187 2881 3361 2938 quem
3388 2867 3559 2922 unice
3604 2867 3737 2923 dili-

2119 2949 2314 3020 gebat,
2330 2948 2576 3006 Parisios
2606 2949 2864 3019 tradidit,
2887 2955 2946 3006 et
2959 2950 3349 3008 Clodomirem
3381 2953 3738 3026 apudAure-

2116 3035 2257 3090 liam
2287 3036 2542 3092 residere
2566 3038 2857 3110 praecepit.
2882 3038 3170 3094 Clothario
3195 3038 3527 3098 Suessiones
3549 3042 3734 3112 dedit,

405 3125 686 3198 dignitate
717 3125 975 3180 saeculari
1007 3131 1065 3180 et
1094 3124 1208 3180 vita
1255 3125 1474 3196 pariter
1505 3125 1874 3180 confirmavit
1897 3141 2018 3180 esse
2039 3153 2086 3216 Ο
2119 3127 2176 3178 et
2197 3124 2572 3192 Theoderico,
2597 3141 2772 3197 quem
2789 3141 2858 3181 ax
2877 3125 3200 3182 concubina
3223 3130 3735 3199 genuerat,Bemis

409 3214 736 3272 nudandos.
777 3213 914 3268 Erat
960 3211 1066 3268 iste
1112 3213 1430 3285 Ragnerius
1483 3212 1736 3268 eti‘renus
1767 3213 1825 3267 in
1855 3213 2016 3267 luxu-

409 3302 579 3368 riam,
595 3304 652 3357 et
679 3302 931 3357 habebat
945 3301 1332 3357 consiliarium
1355 3301 1666 3374 quemdam
1689 3301 2016 3356 Pharonem

411 3389 650 3446 nomine
677 3389 850 3445 simili
879 3390 1151 3462 spurcitia
1169 3390 1536 3444 lutulentum.
1561 3387 1775 3444 Oderat
1786 3405 1883 3444 eos
1904 3390 2015 3445 Do-

411 3477 623 3544 minus,
656 3481 715 3532 et
745 3477 874 3533 ideo
901 3479 974 3532 ab
1001 3477 1337 3533 hominibus
1365 3477 1467 3533 Dei
1501 3477 1684 3533 amari
1703 3494 1820 3533 non
1850 3481 2016 3549 pote-

407 3569 558 3622 rant.
587 3567 902 3638 Propterea
929 3568 987 3622 et
1013 3565 1216 3621 Franci
1249 3566 1592 3638 superiores,
1635 3581 1779 3637 quos
1825 3566 2012 3620 domi-

407 3657 547 3709 natu
572 3654 916 3726 premebant
942 3652 1165 3725 iniquo,
1215 3653 1466 3708 nimium
1495 3652 1733 3724 indigne
1764 3652 2014 3708 ferentes

407 3741 617 3796 talibus
639 3740 826 3808 subdi,
855 3743 1218 3796 accesserunt
1249 3740 1318 3794 ad
1337 3739 1710 3805 Clodoveum,
1749 3742 1808 3794 et
1831 3739 2012 3811 petie-

405 3829 626 3882 runtab
651 3844 718 3883 eo
740 3845 987 3883 munera
1014 3833 1078 3883 ut
1103 3844 1236 3882 eum
1261 3828 1392 3882 dolo
1419 3827 1492 3881 ad
1515 3827 1854 3881 certandum
1875 3843 2011 3882 con-

402 3918 494 3970 tra
513 3919 739 3970 nostros
759 3915 1148 3986 impellerent,
1165 3917 1224 3968 et
1238 3915 1318 3968 ita
1340 3914 1461 3968 sine
1481 3915 1732 3968 tumultu
1757 3915 2010 3971 maximo

403 4005 463 4057 et
492 4003 618 4057 vitae
642 4003 790 4058 illius
818 4003 950 4056 finis
969 4001 1374 4074 imponeretur
1395 4005 1454 4056 et
1478 4001 1722 4056 crimini.
1753 4003 2012 4058 Dediteis

401 4090 600 4162 itaque
629 4106 729 4143 rex
759 4089 1034 4154 armillas,
1067 4092 1124 4142 et
1149 4088 1670 4161 balteoscuprinos,
1706 4092 1764 4144 et
1784 4091 2011 4146 electri-

402 4193 508 4232 nos
545 4177 787 4230 subdole
825 4175 1200 4248 compositos,
1266 4180 1324 4230 et
1356 4177 1602 4249 desuper
1634 4195 1773 4233 auro
1807 4182 2010 4242 tectos,

403 4263 618 4326 Quibus
670 4262 914 4334 receptis
955 4263 1312 4332 muneribus,
1365 4269 1659 4336 coeperunt
1715 4266 2011 4320 adhortari

399 4351 749 4422 Ragnerium
784 4354 844 4405 ut
865 4351 1132 4406 adversus
1154 4351 1500 4408 Clodoveum
1521 4371 1684 4410 arma
1695 4355 2013 4426 corriperet

2115 3211 2407 3267 civitatem
2438 3216 2612 3285 atque
2645 3213 3016 3270 Camaracum
3049 3213 3304 3274 indulsit.
3335 3215 3598 3290 Cumque
3627 3235 3736 3291 per

2116 3301 2472 3356 Francorum
2528 3317 2796 3374 proceres
2838 3303 3021 3358 luctus
3066 3303 3275 3375 ingens
3327 3304 3583 3361 oriretur
3625 3325 3730 3380 pro

2113 3389 2264 3445 tanti
2295 3389 2448 3462 regis
2474 3389 2758 3457 abscessu,
2789 3391 3081 3462 suspirans
3110 3391 3185 3446 ad
3213 3392 3424 3448 coelum
3463 3410 3565 3449 rex
3595 3393 3732 3451 ﬁde-

2113 3476 2219 3533 lis:
2249 3500 2278 3527 «
2310 3478 2416 3546 En,
2448 3477 2658 3550 inquit,
2707 3478 2954 3534 Domine
2977 3479 3150 3546 Deus,
3182 3479 3464 3536 miserere
3499 3483 3641 3550 mei,
3673 3487 3730 3539 et

2111 3565 2389 3638 populum
2413 3566 2587 3632 hunc,
2611 3565 2708 3638 qui
2727 3567 2786 3620 in
2802 3569 2902 3622 tuo
2925 3567 3164 3624 nomine
3184 3567 3332 3623 sacri
3353 3569 3727 3641 baptismatis

2111 3653 2559 3725 regeneratione
2584 3656 2864 3726 purgatus
2892 3656 2998 3722 est,
3045 3657 3108 3710 tu
3158 3655 3279 3729 ipse
3322 3657 3592 3729 guberna
3622 3677 3636 3728 ;
3668 3664 3726 3714 tu

2114 3745 2341 3796 nostros
2373 3740 2631 3795 haeredes
2662 3745 2942 3812 perpetua
2971 3741 3220 3798 tuitione
3255 3743 3581 3801 circumda.
3599 3745 3728 3802 Cro-

2111 3829 2361 3884 childem
2393 3844 2527 3884 vero
2551 3830 2962 3896 nostram,imo
2981 3833 3166 3896 tuam,
3185 3833 3243 3886 et
3258 3831 3395 3904 quia
3409 3835 3577 3888 tuam
3599 3834 3723 3890 ideo

2109 3917 2314 3971 melius
2335 3921 2616 3986 nostram,
2635 3915 2714 3972 ita
2737 3917 2839 3972 tibi
2868 3919 3244 3986 commendo,
3273 3923 3336 3974 ut
3358 3936 3492 3976 eam
3511 3921 3722 3977 tuearis

2113 4004 2258 4060 sicut
2287 4004 2608 4077 prepriam,
2643 4005 2788 4060 sicut
2818 4006 3225 4074 domesticam,
3254 4007 3400 4063 sicut
3427 4009 3722 4076 ﬂliam,vel

2115 4093 2260 4146 sicut
2289 4093 2579 4147 ancillam.
2613 4095 2693 4148 Tu
2729 4110 2860 4148 eam
2919 4095 3062 4148 mihi
3097 4095 3397 4166 providisti
3429 4114 3596 4152 servo
3628 4102 3720 4152 tuo

2111 4183 2284 4251 atque
2305 4180 2588 4235 tradidisti
2613 4197 2628 4248 ;
2662 4181 2764 4236 tibi
2789 4198 2921 4236 eam
2951 4182 3155 4250 reddo,
3189 4201 3294 4256 per
3314 4199 3494 4256 quam
3526 4189 3586 4241 et
3613 4189 3719 4240 tute

2110 4269 2252 4338 legis
2283 4269 2514 4322 decreta
2537 4268 2840 4340 cognovi.»
2862 4271 2954 4325 His
2973 4271 3157 4338 dictis,
3186 4272 3444 4326 reddidit
3459 4273 3718 4344 spiritum

2111 4360 2169 4410 et
2198 4357 2450 4427 sepultus
2481 4361 2568 4410 est
2599 4357 2656 4411 in
2690 4357 2924 4412 basilica
2961 4358 3154 4414 Sancti
3185 4359 3550 4432 Petri,quam
3603 4362 3715 4433 ipse

399 4442 458 4495 et
486 4439 864 4510 egrederetur
877 4440 948 4494 ad
966 4440 1205 4507 bellum,
1227 4443 1574 4496 mentientes
1591 4460 1789 4514 regem
1807 4443 2014 4497 adven-
2033 4434 2086 4492 D
2111 4447 2533 4512 construxerat,
2566 4461 2723 4499 anno
2746 4445 3040 4500 tricesimo
3071 4447 3157 4501 sui
3180 4448 3714 4520 regni,DominoJe-

399 4531 524 4584 tare
556 4545 689 4582 cum
725 4528 939 4600 paucis,
965 4547 1024 4584 se
1040 4531 1236 4585 multis
1268 4530 1544 4586 militibus
1573 4549 1694 4586 esse
1725 4532 2012 4604 constipa-

399 4620 546 4672 tum.
583 4616 748 4680 Quod
777 4634 912 4672 cum
938 4619 1188 4674 audisset
1239 4621 1585 4691 Ragnerius,
1631 4621 1906 4675 audacter
1935 4619 2010 4674 ad

398 4721 659 4778 pugnam
689 4705 772 4773 iit,
808 4710 866 4762 et
895 4707 1164 4764 adversus
1189 4711 1416 4764 nostros
1463 4708 1672 4762 acriter
1719 4708 2009 4780 praeliatus

2111 4548 2178 4586 su
2209 4532 2436 4587 Christo
2470 4537 2755 4604 regnante
2791 4534 2850 4589 in
2893 4539 3262 4606 perpetuum,
3293 4537 3387 4592 cui
3417 4541 3508 4593 est
3533 4538 3716 4593 honor

2113 4623 2169 4674 et
2193 4620 2380 4692 gloria
2407 4621 2468 4676 in
2502 4623 2713 4678 saecula
2739 4623 3104 4678 saeculorum.
3136 4625 3348 4680 Amen.

1949 4876 2206 4950 Explica.
