3862 6210
375 427 479 486 627

377 545 505 603 tion
533 545 606 602 de
634 543 694 601 S.
727 543 990 611 Vincent,
1021 545 1080 600 et
1107 561 1184 598 un
1215 543 1378 598 autre
1397 559 1494 598 sur
1523 543 1606 598 les
1633 541 1898 598 miracles
1917 543 2056 605 deA

385 634 442 690 S.
477 633 753 689 Germain
781 634 852 688 de
883 631 1061 687 Paris.
1101 631 1237 686 Mais
1277 630 1346 686 ils
1374 647 1448 685 ne
1477 630 1554 686 lui
1596 634 1699 685 ont
1733 629 1838 685 fait
1872 629 1993 684 l'at~

387 721 668 778 tribution
719 722 790 777 de
830 737 923 777 ces
970 720 1138 776 écrits
1167 719 1338 792 qu’en
1367 721 1421 775 le
1463 719 1822 775 confondant
1859 737 1993 776 avec

1479 421 1746 478 AIMOINI
1771 418 2086 478 MONACHI
2114 415 2610 477 FLORIACENSIS

3556 433 3639 491 628

2099 542 2332 598 Aimoin
2365 543 2436 598 de
2463 539 2928 600 Saint-Germain
2945 541 3045 599 des
3068 543 3203 600 Prés
3229 546 3264 600 ὰ
3285 544 3378 620 qui
3391 544 3643 623 ilsappar.

2100 631 2384 687 ﬁennenL

1551 1027 2556 1220 ΑΙΜΟΙΝΙ

755 1332 1856 1500 HISTORIA?)
1961 1333 3316 1500 FRANCOBUM

1389 1615 1851 1738 LIBRI
1937 1612 2752 1754 QUATUOR

695 1846 886 1924 (Apud
913 1847 1206 1905 Andream
1237 1849 1549 1917 Drcnasxa,
1577 1847 1838 1904 Historiae
1865 1847 2208 1904 Francorum
2237 1848 2528 1920 Scriptores
2567 1850 2840 1915 caretanci,
2871 1851 3010 1905 tom.
3045 1850 3136 1916 lll,
3180 1864 3312 1921 pag.
3346 1846 3414 1922 i.)

1011 2129 1936 2300 AIMOINI

2114 2128 3055 2282 IONAGHI

1521 2379 1590 2416 AD
1618 2379 1868 2418 ABBONEH
1899 2379 2142 2417 ABBATEM
2199 2379 2594 2418 FLOIUACENSEM

653 2503 776 2589 IN
861 2500 1316 2590 LIBRUM
1377 2501 1529 2590 DE
1589 2496 1974 2590 GESTIS
2021 2502 2738 2632 FRANCQBUM
2806 2505 3397 2595 EPISTOLA.

1855 2660 2225 2676 ———

468 2779 718 2837 Domino
749 2779 1066 2836 venerabili
1097 2783 1155 2836 et
1181 2780 1240 2836 in
1283 2781 1491 2836 Christi
1529 2780 1835 2836 dilectione
1873 2781 2000 2836 fun-
2021 2783 2072 2842 B
2099 2783 2322 2854 partiri.
2340 2784 2493 2850 Quos
2513 2803 2580 2840 ea
2597 2787 2862 2842 contexui
2879 2786 3104 2842 ratione
3131 2791 3197 2842 ut
3223 2799 3666 2860 sequenssemper

399 2868 558 2937 dato,
587 2871 800 2924 Annos:
837 2869 1054 2936 abbati,
1094 2869 1269 2925 totius
1306 2869 1501 2942 gregis
1529 2870 1666 2925 illia
1700 2871 1814 2926 Deo
1845 2885 2000 2925 com-

399 2956 558 3012 missi
581 2957 860 3012 minimus
883 2958 1177 3026 Aluomus,
1207 2961 1500 3030 perpetuae
1532 2975 1742 3013 munus
1765 2959 2000 3014 felicita-

399 3045 490 3100 tis.

470 3134 774 3206 Praeceptis
828 3135 1202 3190 beatitudinis
1251 3139 1386 3204 tum,
1435 3137 1763 3192 beatissime
1808 3139 1998 3203 Pater,

398 3224 584 3298 parui,
607 3225 812 3297 quibus
823 3241 1179 3298 praeceperas
1201 3225 1657 3298 ut,ingeniolum
1679 3225 1998 3280 exercendo

400 3331 620 3382 meum,
653 3313 809 3386 quod
837 3313 1128 3370 tribuente
1159 3314 1382 3369 Christo
1420 3331 1526 3388 per
1563 3318 1678 3368 tua:
1728 3313 2001 3369 sollicitu-

402 3402 550 3458 dinis
568 3405 919 3474 tuorumque
951 3402 1360 3474 discipulorum
1383 3405 1645 3459 laborem
1663 3403 1738 3458 ad
1761 3403 2004 3458 meliora

403 3489 710 3562 profecisse
729 3489 1120 3558 arbitrabaris,
1144 3507 1236 3546 res
1253 3493 1442 3564 gestas
1463 3490 1652 3563 gentis
1669 3489 1784 3545 sive
1799 3505 2004 3561 regum

403 3580 776 3647 Francorum,
809 3597 936 3652 quae
958 3584 1016 3636 et
1039 3596 1148 3652 per
1197 3579 1450 3635 diversos
1481 3596 1692 3652 sparsas
1721 3579 1918 3646 libros,
1951 3581 2009 3632 et

402 3667 618 3724 inculto
650 3673 818 3723 erant
842 3684 1110 3724 sermone
1141 3667 1466 3738 descriptas,
1490 3667 1552 3722 in
1578 3667 1746 3721 unius
1776 3666 2008 3737 redige-

407 3773 533 3812 rem
556 3773 762 3828 corpus
787 3755 1066 3828 opusculi,
1100 3773 1166 3810 ac
1192 3756 1267 3810 ad
1317 3754 1782 3810 emendatiorem
1827 3753 2013 3808 latini-

407 3845 542 3900 tatis
565 3861 897 3900 revocarem
922 3844 1198 3898 formam.
1221 3843 1405 3897 Institi
1431 3841 1609 3913 igitur
1639 3846 1702 3896 ut
1732 3842 1913 3914 potui,
1933 3845 2013 3898 at-

411 3950 521 4005 que
547 3933 770 3988 utinam
797 3936 918 3986 tam
947 3931 1258 3985 efficaciter
1287 3947 1463 4002 quam
1507 3929 1754 3984 libenter
1788 3931 1800 3984 Ι
1833 3932 2011 3985 Porro

411 4022 484 4077 de
515 4022 700 4093 Opere
751 4025 848 4075 tua
874 4019 1190 4090 paternitas
1218 4017 1427 4072 viderit
1461 4022 1692 4073 rectene
1737 4036 1808 4074 an
1855 4035 2014 4074 secus

413 4108 656 4180 egerim.
677 4109 796 4178 Ego
827 4111 1024 4162 autem
1055 4105 1228 4161 solius
1242 4105 1590 4162 obedientim
1613 4105 1682 4179 (si
1708 4110 1902 4162 tamen
1920 4125 2015 4162 vo-

411 4199 634 4252 luntate
665 4198 990 4266 conatuque
1017 4211 1148 4250 eam
1181 4195 1460 4265 decoravi)
1511 4196 1845 4252 testimonio
1877 4213 2012 4252 con-

413 4287 608 4340 tentus
637 4300 786 4338 sum.
821 4283 1256 4339 Admonitionis
1286 4284 1480 4357 itaque
1517 4287 1631 4341 tuae
1661 4302 1780 4341 non
1806 4285 2012 4339 imme-

417 4389 568 4440 mor,
589 4389 703 4445 qua
719 4372 1030 4446 saepissime
1057 4373 1318 4428 hortatus
1337 4390 1396 4429 es
1422 4377 1486 4428 ut
1505 4373 1676 4428 situm
1693 4373 2015 4428 Germaniae

416 4463 506 4518 vel
529 4461 746 4530 Gallia,
775 4461 834 4516 in
857 4461 1060 4534 quibus
1079 4463 1201 4519 base
1219 4480 1346 4536 quae
1365 4463 1694 4519 referentur
1709 4465 1836 4518 acta
1862 4465 2014 4531 sunt,

418 4568 538 4606 non
564 4550 1095 4624 praetermitterem,
1134 4567 1204 4607 ea
1235 4569 1362 4625 quas
1393 4551 1453 4608 in
1482 4552 1813 4608 auctoribus
1849 4551 2016 4618 Julio,

2037 4078 2076 4134 C

419 4639 603 4696 Plinio
626 4656 691 4694 ac
715 4639 912 4696 Orosio
931 4640 1190 4696 invenire
1209 4641 1369 4714 potui
1401 4641 1701 4711 colligens,
1717 4639 1850 4694 huic
1877 4655 2020 4711 opu-

417 4729 573 4784 sculo
595 4728 902 4784 inserendo
923 4729 1587 4785 voluntatisublimitatis
1604 4733 1716 4783 tuas
1738 4728 2024 4784 satisface-

418 4835 480 4873 re
508 4819 883 4874 commodum
916 4818 1070 4873 duxi.
1103 4818 1196 4872 His
1230 4817 1406 4889 igitur
1434 4816 1670 4887 adjunxi
1691 4833 1818 4890 quia
1846 4815 2023 4872 Julius

419 4907 490 4960 de
515 4907 938 4962 Germanorum
955 4907 1366 4978 Gallorumque
1382 4905 1642 4962 moribus
1662 4921 1728 4961 ac
1747 4904 2024 4959 institutis

416 4995 475 5050 in
501 4995 649 5051 libro
672 5012 788 5050 sua:
806 4995 1098 5050 interserit
1115 4995 1398 5049 Historias.
1422 4996 1507 5050 Ab
1535 5011 1767 5066 egressu
1793 5010 2023 5066 quoque

419 5083 772 5138 Francorum
804 5101 836 5137 e
863 5083 1033 5154 Troja
1063 5098 1240 5156 usque
1266 5084 1338 5138 ad
1363 5083 1421 5138 id
1444 5082 1849 5156 temporisque
1873 5081 2022 5154 Pipi-

420 5188 526 5227 nus
553 5171 741 5243 Magni
789 5171 974 5228 Caroli
1019 5175 1188 5242 pater
1239 5189 1485 5245 regnare
1531 5171 1722 5243 coepit,
1755 5175 2022 5226 cunctam

417 5276 614 5314 rerum
640 5263 935 5331 gestarum
961 5260 1174 5317 seriem
1205 5260 1262 5314 in
1297 5265 1545 5334 quatuor
1573 5259 1798 5316 decrevi
1827 5259 2025 5315 Libros

2099 2872 2356 2944 priorem
2389 2875 2710 2944 quantitate
2741 2875 2823 2928 sui
2847 2878 2906 2930 et
2921 2891 3168 2930 numero
3189 2891 3387 2948 regum
3407 2876 3663 2928 transcen-

2101 2961 2268 3015 deret
2300 2977 2312 3014 :
2348 2961 2503 3016 verbi
2537 2961 2743 3032 gratia,
2767 2961 2958 3033 primo
2980 2963 3319 3017 continente
3341 2961 3573 3034 quinque
3599 2974 3667 3012 re-

2101 3065 2240 3120 gum
2274 3053 2464 3116 actus;
2500 3050 2782 3104 secundus
2794 3052 3201 3119 continetsex;
3229 3050 3427 3105 tertius
3448 3051 3664 3111 sentem;

2103 3139 2340 3209 quartus
2370 3154 2505 3192 vero
2539 3142 2668 3194 octo
2701 3141 2760 3193 et
2779 3156 2846 3194 eo
2879 3139 3146 3211 amplius.
3172 3139 3528 3210 Genealogias
3549 3150 3664 3208 quo-

2105 3241 2216 3297 que
2244 3241 2476 3296 regum,
2511 3243 2639 3298 quae
2671 3231 2913 3301 prOpter
2959 3228 3364 3284 similitudines
3403 3225 3664 3282 nominum

2105 3314 2270 3369 valde
2294 3314 2548 3370 confusa:
2591 3319 2780 3384 erant,
2823 3319 3042 3388 quanta
3079 3317 3245 3387 potui
3277 3314 3556 3387 diligentia
3577 3311 3666 3366 dis-

2107 3403 2270 3470 tinxi,
2319 3420 2797 3476 unumquemque
2847 3405 2931 3459 vel
2981 3405 3164 3478 patris
3210 3405 3460 3471 nomine,
3486 3402 3560 3456 vel
3586 3400 3668 3455 Se-

2111 3491 2288 3546 nioris
2312 3491 2632 3546 Juniorisve
2652 3493 3042 3563 appellatione
3061 3494 3134 3548 ab
3157 3495 3338 3548 altero
3361 3491 3668 3562 distinguens

2110 3580 2611 3651 quemadmodum
2644 3579 2892 3652 diligens
2919 3581 3101 3636 lector
3125 3581 3188 3636 in
3217 3581 3332 3636 suis
3355 3578 3669 3636 animadver-

2112 3671 2234 3722 tere
2257 3670 2445 3739 potest
2475 3668 2636 3729 locjs.
2667 3669 2728 3722 ld
2750 3668 3038 3740 praecipue
3067 3685 3408 3725 conservare
3431 3665 3597 3721 curavi
3622 3664 3670 3716 ut

2111 3755 2170 3810 in
2199 3755 2473 3810 omnibus
2493 3755 2580 3810 his
2600 3756 2760 3811 libris
2784 3757 3004 3812 mentio
3022 3757 3191 3812 ﬁeret
3220 3755 3497 3814 Benedicti
3525 3750 3670 3808 Patris

2113 3843 2285 3898 certis
2312 3861 2377 3898 ex
2406 3845 2608 3911 causis,
2641 3845 2728 3898 cui
2763 3861 2870 3917 ego
2903 3863 3100 3900 meum
3133 3847 3300 3915 scire,
3329 3860 3511 3900 meum
3539 3855 3670 3915 posse

2115 3948 2430 4004 meumque
2469 3933 2656 3988 vivere
2701 3937 2829 4004 post
2867 3934 3051 3988 Deum
3099 3938 3398 4009 acceptum
3427 3934 3555 3988 fero.
3582 3929 3669 3982 Nec

2115 4020 2323 4092 ignoro
2345 4023 2559 4076 multos
2581 4021 2704 4075 fore
2724 4022 2842 4094 qui,
2862 4022 3032 4077 solita
3057 4023 3299 4078 libidine
3329 4021 3572 4078 omnibus
3593 4017 3670 4072 de-

2116 4108 2545 4176 trahendi,huic
2563 4109 2841 4164 volumini
2863 4110 3184 4182 genuinum
3200 4112 3441 4182 inﬁgant
3455 4109 3666 4163 dentem.

2117 4197 2282 4261 Quod
2313 4197 2492 4252 vitare
2525 4215 2640 4254 non
2659 4197 2893 4267 poterit,
2912 4198 3019 4253 nisi
3043 4199 3305 4272 quinihil
3332 4197 3554 4254 omnino
3569 4190 3672 4248 scri-

2117 4285 2760 4342 bet.Calumniabuntur
2777 4286 2934 4341 enim
2962 4291 3254 4360 tempora,
3279 4285 3672 4342 convertentur-

2119 4373 2339 4439 dinem,
2364 4391 2456 4429 res
2472 4377 2738 4445 arguent,
2759 4375 3004 4445 syllabas
3024 4375 3433 4442 eventilabunt,
3454 4374 3504 4428 et
3527 4365 3670 4443 (quod

2120 4461 2384 4516 accidere
2409 4463 2751 4534 plerumque
2791 4463 2954 4533 solet)
2999 4461 3416 4534 negligentiam
3451 4455 3669 4515 librario-

2120 4565 2250 4604 rum
2277 4549 2350 4605 ad
2377 4552 2671 4604 auctorem
2699 4550 2976 4605 referent.
2999 4549 3207 4605 Dicent
3227 4551 3424 4606 etiam:
3447 4541 3474 4599 ἆ
3504 4548 3573 4601 En
3596 4558 3673 4597 no-

2126 4641 2242 4693 ster
2267 4637 2766 4710 historiographus
2797 4655 3088 4711 novusque
3111 4643 3311 4694 auctor
3348 4638 3440 4710 qui
3469 4635 3670 4690 aliorum

2121 4727 2310 4781 verbis
2335 4742 2440 4798 pro
2463 4725 2578 4780 suis
2606 4726 2802 4783 utitur.
2825 4746 2854 4777 ››
2879 4728 2992 4782 Hoc
3015 4727 3247 4799 quidem
3280 4744 3372 4781 me
3385 4725 3562 4780 fecisse
3580 4733 3671 4774 non

2126 4831 2276 4886 nego
2306 4829 2492 4885 neque
2539 4831 2632 4869 me
2664 4815 2723 4870 id
2753 4815 2940 4886 uiget;
2975 4832 3040 4870 ac
3067 4815 3277 4870 deinde
3308 4817 3567 4870 facturum
3593 4821 3672 4860 au-

2125 4907 2309 4958 tumo.
2349 4903 2540 4958 Habeo
2563 4904 2853 4958 honorum
2884 4905 3239 4976 exemplum,
3268 4921 3380 4976 quo
3411 4899 3538 4956 mihi
3565 4895 3609 4950 id
3629 4892 3675 4947 li-

2127 5009 2255 5048 cere
2280 4992 2470 5047 facere
2503 4993 2656 5064 quod
2686 4991 2764 5046 illi
2795 4993 3058 5049 fecerunt
3083 4997 3242 5066 puto.
3275 4993 3385 5047 Nec
3425 4982 3676 5045 sententiis

2127 5080 2558 5137 detrahentium
2587 5081 2722 5135 satis
2761 5098 3030 5138 moveor:
3074 5086 3175 5137 tua
3203 5083 3370 5137 laude
3396 5081 3474 5134 vel
3503 5075 3676 5144 vitupe-

2127 5169 2352 5225 ratione
2379 5169 2580 5224 doctus
2605 5186 2726 5224 esse
2752 5170 3060 5225 sufficiens.
3076 5171 3232 5237 Vale,
3254 5171 3418 5224 Pater
3441 5176 3674 5221 veneran-

2127 5259 2220 5326 de,
2253 5263 2312 5313 et
2340 5257 2630 5332 prosperis
2659 5257 2730 5312 ad
2757 5261 2888 5314 vota
2913 5259 3259 5313 successibus
3305 5258 3470 5330 pelle.

1485 5472 1719 5545 Emplicit
1747 5472 1961 5544 epistola
1995 5472 2064 5526 ad
2091 5471 2364 5529 Abboncm
2393 5471 2654 5526 abbatem.
