3862 6210
160 445 252 502 629

1160 437 1484 496 HISTORIA
1511 437 1956 497 FRANCORUM.
1990 467 2054 481 —
2082 437 2448 496 PROCEMIA.

3357 441 3463 499 630

588 713 1286 857 INCIPIT
1371 708 1908 852 SITUS
1985 703 3017 848 GERMANUE

1401 963 1623 1052 VEL
1698 962 2171 1059 GALLLE.

1017 1171 1101 1227 De
1146 1170 1371 1228 diversis
1413 1168 1715 1225 auctoribus
1745 1168 1813 1224 ab
1840 1169 2265 1241 historiographo
2318 1176 2575 1242 exceptus.

1344 1338 1436 1395 AC
1470 1339 1735 1396 PRIMUM
1765 1339 1857 1395 DE
1882 1339 2258 1414 GERMANIA.

216 1629 342 1683 CAP.
371 1628 416 1681 Ι.
443 1622 757 1681 Germania
785 1622 975 1677 omnis
1013 1620 1071 1674 in
1123 1618 1379 1692 quinque
1409 1619 1756 1690 populorum
1777 1623 1833 1681 Α
1858 1619 2147 1675 Dacorum
2177 1624 2236 1676 et
2258 1623 2581 1679 Anartium.
2619 1622 2758 1679 Hinc
2789 1640 2847 1679 se
2896 1623 3075 1679 ﬂectit
3100 1623 3465 1679 sinistrorsus

150 1718 455 1773 conventus
484 1711 780 1779 dividitur,
811 1728 843 1766 e
868 1709 1072 1781 quibus
1102 1707 1273 1781 primi
1303 1711 1437 1763 sunt
1460 1707 1758 1790 Vindelici,

149 1805 364 1862 Deinde
411 1801 651 1869 Cimbri,
708 1801 837 1872 post
892 1800 997 1853 hos
1036 1797 1343 1863 Teutones,
1402 1812 1468 1851 ac
1517 1795 1760 1867 perinde

154 1894 405 1961 Peucini,
420 1890 636 1947 ultimis
664 1888 929 1945 omnium
942 1886 1312 1941 existentibus
1325 1885 1630 1950 Basternis,
1664 1884 1761 1956 qui

153 1984 402 2040 conﬁnes
428 1984 564 2036 sunt
590 1979 775 2034 Dacis.
810 1976 1128 2048 Porrigitur
1157 1977 1351 2030 autem
1364 1973 1674 2030 Germania
1702 1973 1762 2029 in

154 2069 575 2144 longitudinem
595 2070 699 2124 686
722 2066 973 2121 millibus
991 2063 1295 2138 passuum}:
1325 2064 1384 2118 in
1398 2062 1762 2118 latitudinem

156 2164 252 2217 548
274 2159 546 2215 millibus.
584 2158 810 2212 Amnes
829 2154 889 2209 in
919 2169 988 2209 ea
1017 2153 1156 2208 clari
1187 2156 1360 2223 atque
1380 2151 1440 2205 in
1468 2151 1761 2206 Oceanum

155 2250 519 2305 decurrentes
532 2245 828 2311 Guthalus,
849 2242 1098 2313 Visurgis
1124 2244 1182 2296 et
1210 2241 1529 2295 Rhenus.ln
1560 2239 1760 2294 Rheno

155 2341 341 2393 autem
357 2336 481 2407 ipso
506 2338 742 2388 centum
758 2347 939 2404 prope
956 2329 1313 2386 habenturin
1335 2327 1762 2399 longitudinem

154 2428 367 2492 insula,
400 2439 651 2496 quarum
673 2419 1032 2477 nobilissima
1058 2420 1145 2474 est
1178 2419 1518 2473 Batavorum
1551 2420 1610 2471 et
1635 2416 1763 2471 alia

154 2513 616 2587 quamplurima,
668 2527 797 2583 qua
825 2511 1163 2565 sternuntur
1186 2506 1340 2562 inter
1386 2506 1651 2560 Rhenum
1698 2520 1765 2559 ac

153 2604 399 2659 Flevum.
436 2605 521 2657 Ita
540 2616 680 2656 vero
712 2598 1080 2670 appellantur
1104 2594 1270 2662 ostia,
1296 2596 1354 2649 in
1372 2611 1501 2666 qua
1532 2594 1766 2649 Rhenus

154 2690 211 2746 in
254 2689 645 2763 septentrione
681 2687 742 2742 in
784 2688 940 2741 lacus
968 2684 1175 2751 varios,
1221 2684 1293 2738 ab
1352 2681 1650 2737 occidente
1704 2680 1763 2735 in

152 2795 384 2834 amnem
410 2778 626 2833 Mosam
658 2793 717 2831 se
758 2773 995 2847 spargit,
1040 2771 1298 2826 medium
1329 2769 1482 2825 inter
1509 2770 1653 2836 hac,
1707 2772 1765 2824 et

155 2867 444 2924 modicum
467 2864 806 2922 nominisuo
825 2860 1156 2918 custodiens
1181 2860 1429 2915 alveum.
1459 2857 1651 2913 Oritur
1664 2875 1762 2913 au-

1862 1707 2096 1762 diversis
2125 1725 2160 1763 a
2183 1709 2422 1765 ﬂumine
2454 1711 2807 1778 regionibus,
2839 1714 3267 1785 multarumque
3315 1729 3458 1783 gen-

1861 1796 2004 1850 tium
2029 1796 2171 1851 ﬁnes
2202 1801 2441 1870 propter
2464 1800 2931 1869 magnitudinem
2962 1800 3220 1872 attingit.
3265 1802 3462 1872 Neque

1861 1885 2165 1956 quisquam
2187 1890 2271 1939 est
2292 1886 2460 1957 hujus
2506 1888 2824 1943 Germania:
2857 1888 3034 1959 quise
3090 1894 3189 1945 aut
3241 1889 3466 1945 audisse

1862 1977 1961 2028 aut
1987 1973 2192 2029 adiisse
2222 1974 2454 2030 initium
2482 1976 2650 2046 hujus
2701 1976 2855 2031 silva
2869 1977 3040 2044 dicat,
3071 1993 3203 2031 cum
3237 1977 3466 2033 dierum

1864 2062 1974 2117 iter
2006 2065 2300 2136 sexaginta
2328 2064 2688 2135 processerit,
2723 2068 2821 2119 aut
2853 2082 2966 2136 quo
2994 2082 3058 2119 ex
3093 2066 3217 2119 loco
3246 2064 3468 2120 oriatur

1865 2153 2170 2224 acceperit.
2192 2153 2477 2225 Multaque
2521 2153 2579 2207 in
2610 2171 2679 2209 ea
2735 2170 2953 2225 genera
3002 2154 3257 2208 ferarum
3316 2152 3471 2209 nasci

1863 2243 2109 2308 constat,
2144 2258 2273 2313 qua
2304 2242 2540 2313 reliquis
2596 2241 2655 2297 in
2686 2242 2825 2297 locis
2858 2242 2975 2297 visa
3018 2258 3135 2297 non
3181 2246 3332 2299 sunt.
3392 2243 3472 2296 Ex

1864 2329 2088 2400 quibus,
2110 2346 2237 2402 qua
2263 2331 2514 2385 maxime
2542 2330 2813 2386 diﬁ‘erant
2840 2331 2912 2386 ab
2934 2331 3058 2386 aliis
3082 2334 3140 2386 et
3166 2330 3469 2387 memoria

1864 2418 2165 2489 prodenda
2193 2419 2478 2486 videntur,
2508 2420 2628 2474 hac
2658 2423 2827 2474 sunt:

1936 2507 2031 2561 Est
2057 2506 2162 2562 bos
2192 2507 2342 2561 cervi
2370 2507 2576 2580 figura,
2605 2510 2765 2579 cujus
2792 2526 2825 2563 a
2856 2508 3049 2563 media
3074 2507 3266 2564 fronte
3318 2508 3472 2563 inter

1864 2611 2031 2650 aures
2058 2613 2238 2650 unum
2259 2613 2439 2652 cornu
2460 2598 2652 2652 existit
2677 2598 2951 2652 excelsius
2990 2596 3293 2669 magisque
3319 2597 3472 2652 dire-

1864 2688 2022 2738 ctum
2043 2684 2128 2740 his
2158 2702 2285 2757 qua
2315 2686 2482 2741 nobis
2511 2688 2647 2741 nola
2670 2689 2803 2741 sunt
2827 2686 3124 2753 cornibus,
3154 2690 3213 2741 et
3256 2686 3329 2741 ab
3351 2685 3474 2756 ejus

1864 2789 2115 2839 summo,
2146 2772 2293 2828 sicut
2318 2775 2546 2845 palma,
2580 2774 2729 2829 rami
2767 2776 2880 2829 late
2911 2774 3333 2829 dilfunduntur.
3367 2775 3476 2829 Ea-

1865 2860 1997 2915 dem
2030 2865 2115 2916 est
2145 2862 2379 2917 femina
2430 2864 2719 2936 marisque
2763 2868 2998 2933 natura;
3041 2865 3247 2919 eadem
3280 2864 3475 2920 forma

155 2960 271 3012 tem
286 2974 352 3013 ex
366 2952 790 3026 Lepontiis,qui
817 2952 989 3023 Alpes
1010 2949 1355 3014 incolunt,et
1372 2948 1549 3018 longo
1574 2945 1761 3017 spatio
1796 2949 1847 3008 B
1865 2950 2325 3022 magnitudoque
2351 2969 2653 3008 cornuum.
2685 2954 2831 3008 Sunt
2859 2954 3001 3008 item
3027 2970 3154 3025 qua
3181 2955 3478 3026 appellan-

157 3061 257 3116 per
272 3045 409 3100 ﬁnes
425 3042 837 3107 Helvetiorum,
862 3036 1361 3096 Mediomatricum
1387 3039 1560 3107 atque
1575 3033 1762 3088 Trevi-

155 3149 349 3188 rorum
377 3132 582 3187 citatus
608 3130 813 3185 fertur.
840 3128 908 3182 Et
926 3125 1024 3182 ubi
1053 3125 1280 3180 Oceano
1307 3122 1756 3195 appropinquat,

153 3218 210 3275 in
242 3221 425 3291 plures
478 3218 684 3275 deﬂuit
724 3213 1137 3290 partes,multis
1178 3211 1624 3283 ingentibusque
1668 3210 1764 3265 in-

157 3308 311 3375 sulis,
342 3312 404 3364 ut
423 3307 783 3380 praemissum
815 3305 921 3371 est,
947 3300 1182 3369 effectis,
1211 3316 1458 3372 quarum
1481 3315 1614 3371 pars
1643 3314 1763 3352 ma-

156 3412 329 3467 gnaa
377 3397 514 3453 feris
559 3393 935 3464 barbarisque
966 3389 1297 3445 nationibus
1346 3388 1641 3455 incolitur;
1675 3403 1766 3441 ex-

158 3485 356 3557 quibus
376 3488 508 3541 sunt
539 3484 639 3556 qui
664 3481 799 3538 solis
828 3480 1074 3552 piscibus
1121 3481 1293 3550 atque
1315 3477 1435 3532 ovis
1461 3475 1651 3531 avium
1684 3474 1761 3528 vi-

161 3589 280 3627 vere
310 3573 730 3637 existimantur,
754 3568 1061 3640 multisque
1087 3565 1445 3637 capitiburin
1469 3564 1763 3619 Oceanum

153 3660 294 3716 ﬂuit.
320 3663 477 3716 Intra
520 3657 891 3715 Germaniam
927 3673 1060 3712 vero
1114 3654 1256 3710 nulli
1286 3653 1525 3709 inferius
1556 3651 1763 3707 nobili-

154 3750 265 3803 tate
289 3746 843 3818 Herciniumjugum
863 3743 1353 3817 pratenditur.De
1376 3758 1489 3814 quo
1503 3739 1768 3795 videlicet

143 3826 282 3907 iugo
303 3836 480 3893 Julius
509 3836 721 3902 Caesar,
754 3833 813 3888 in
843 3832 1094 3888 Historia
1147 3831 1280 3886 belli
1340 3829 1557 3897 Gallici,
1608 3829 1766 3901 quod

150 3922 283 3980 silva
328 3925 638 3997 adopertus
688 3923 761 3978 sit
805 3921 1087 3993 variisque
1137 3920 1399 3974 ferarum
1451 3917 1763 3990 generibus

150 4011 461 4082 abundans,
489 4014 602 4068 hoc
623 4011 800 4066 modo
821 4009 1018 4066 scribit
1044 4026 1057 4063 :
1087 4031 1115 4060 «
1146 4008 1243 4075 Ea,
1274 4007 1484 4079 inquit,
1508 4023 1636 4078 qua
1652 4007 1763 4061 fer-

151 4099 402 4157 tilissima
425 4100 751 4157 Germania
807 4103 942 4154 sunt
986 4099 1116 4154 loca
1171 4097 1389 4152 circum
1429 4095 1758 4151 Herciniam

149 4186 363 4257 silvam,
393 4205 573 4262 quam
634 4186 995 4243 Eratostheni
1045 4188 1104 4240 et
1157 4184 1502 4257 quibusdam
1552 4183 1759 4238 Gracis

1865 3040 1959 3093 tur
1988 3040 2156 3095 alces.
2186 3041 2398 3095 Harum
2460 3045 2545 3096 est
2570 3042 2886 3097 consimilis
2937 3042 3122 3114 capris
3175 3042 3362 3114 figura
3417 3043 3476 3097 et

1865 3127 2106 3183 varietas
2158 3128 2424 3200 pellium;
2454 3130 2554 3184 sed
2586 3131 2987 3203 magnitudine
3038 3132 3206 3202 paulo
3236 3133 3469 3185 antece-

1866 3216 2370 3288 dunt,mutilaque
2398 3221 2532 3271 sunt
2551 3220 2840 3285 cornibus,
2867 3223 2925 3273 et
2952 3236 3119 3273 crura
3138 3218 3261 3274 sine
3304 3218 3474 3273 nodis

1866 3304 2232 3375 articulisque
2262 3306 2513 3374 habent;
2551 3323 2739 3378 neque
2770 3306 2976 3379 quietis
3006 3323 3177 3362 causa
3200 3322 3471 3378 procum-

1864 3395 2032 3459 bunt,
2062 3409 2271 3463 neque,
2305 3393 2351 3446 si
2374 3410 2487 3464 quo
2522 3392 2755 3449 afﬂicta
2788 3411 2921 3449 casu
2946 3394 3325 3460 conciderint,
3358 3395 3475 3450 eri-

1864 3497 2000 3554 gere
2016 3496 2139 3535 sese
2168 3484 2266 3534 aut
2292 3481 2589 3536 sublevare
2644 3486 2903 3554 possunt.
2952 3483 3048 3537 llis
3077 3485 3210 3537 sunt
3238 3484 3475 3539 arbores

1864 3586 1970 3642 pro
2001 3568 2301 3633 cubilibus,
2334 3568 2408 3622 ad
2438 3585 2534 3622 eas
2563 3586 2622 3623 se
2655 3570 3147 3641 applicant,atque
3166 3569 3246 3622 ita
3277 3571 3475 3640 paulu-

1866 3660 1985 3713 lum
2005 3657 2179 3711 modo
2229 3655 2521 3710 reclinatae
2548 3656 2809 3727 quietum
2831 3656 3085 3729 capiunt.
3117 3655 3375 3718 Quarum
3405 3673 3473 3712 ex

1865 3744 2112 3815 vestigiis
2142 3760 2273 3799 cum
2299 3746 2383 3798 est
2413 3744 2881 3799 animadversum
2905 3760 2939 3798 a
2963 3743 3334 3800 venatoribus
3357 3760 3471 3813 quo

1862 3851 1921 3888 se
1939 3834 2195 3906 recipere
2225 3834 2646 3900 consueverint,
2666 3850 2870 3888 omnes
2898 3849 2966 3888 eo
2999 3833 3123 3887 loco
3147 3835 3243 3886 aut
3273 3832 3346 3886 ab
3378 3848 3473 3887 ra-

1864 3922 2086 3977 dicibus
2113 3922 2395 3977 subruunt
2420 3926 2518 3977 aut
2563 3921 2906 3977 abscindunt
2954 3921 3210 3987 arbores,
3243 3922 3474 3975 tantum

1861 4015 1923 4066 ut
1944 4028 2171 4066 summa
2199 4011 2415 4083 species
2430 4028 2629 4066 earum
2648 4011 2924 4066 stantium
2948 4009 3329 4080 relinquatur.
3354 4009 3474 4064 Huc

1859 4117 1989 4155 cum
2019 4117 2078 4155 se
2108 4099 2521 4155 consuetudine
2567 4100 2999 4166 reclinaverint,
3060 4098 3325 4153 inﬁrmas
3370 4113 3464 4152 ar-

1858 4190 2027 4244 bores
2052 4187 2308 4260 pondere
2328 4188 2616 4259 afﬂigunt,
2650 4192 2821 4260 atque
2840 4205 2954 4243 una
2976 4188 3110 4260 ipsa
3130 4185 3464 4243 concidunt.

147 4274 298 4333 fama
335 4281 537 4333 notam
568 4293 689 4332 esse
718 4275 909 4343 video,
928 4291 1110 4347 quam
1137 4273 1217 4329 illi
1250 4272 1540 4328 Orciniam
1567 4271 1758 4343 appel-
1782 4284 1829 4342 ρ
1852 4278 2110 4332 Tertium
2132 4281 2217 4332 est
2240 4294 2421 4348 genus
2451 4293 2652 4332 earum
2684 4293 2813 4349 qua
2840 4277 2926 4331 uri
2959 4277 3346 4349 appellantur.
3402 4273 3473 4329 Hi

148 4367 282 4435 lant,
302 4368 851 4441 VolgaTectosages
904 4365 1401 4437 nuncupaverunt,
1455 4364 1626 4433 atque
1678 4359 1756 4415 ibi

147 4458 543 4514 consederunt.
582 4456 720 4520 Qua
744 4471 887 4527 gens
911 4470 1092 4526 usque
1128 4453 1201 4508 ad
1247 4453 1356 4508 hoc
1410 4452 1639 4521 tempus
1669 4447 1756 4503 his

145 4545 366 4602 sedibus
411 4563 535 4602 sese
564 4545 846 4608 continet,
877 4558 1280 4615 summamque
1314 4541 1490 4596 habet
1516 4536 1754 4611 justitia

145 4636 200 4687 et
219 4634 437 4691 bellica
452 4632 1170 4704 laudisopinionein.Nuuc
1202 4630 1439 4703 quidem
1466 4628 1526 4683 in
1547 4626 1754 4682 eadem

144 4722 353 4794 inopia,
384 4726 664 4796 egestate,
707 4720 1010 4795 patientia,
1041 4737 1150 4792 qua
1205 4716 1498 4787 Germani,
1523 4730 1754 4788 perma-

146 4816 308 4882 nent;
340 4811 553 4868 eodem
577 4811 727 4865 victu
757 4814 815 4866 et
838 4810 993 4865 cultu
1020 4807 1278 4880 corporis
1298 4808 1558 4862 utuntur.
1588 4802 1757 4858 Gallis

145 4905 330 4957 autem
359 4899 791 4972 provinciarum
811 4896 1212 4971 propinquitas
1250 4899 1308 4951 et
1339 4890 1758 4951 transmarina-

145 5006 267 5045 rum
306 5005 506 5044 rerum
534 4987 744 5043 notitia
773 4988 954 5043 multa
1003 4986 1078 5042 ad
1106 4985 1335 5056 copiam
1399 4986 1571 5054 atque
1627 4996 1757 5035 usus

142 5079 396 5152 largitur.
421 5099 450 5127 »
487 5076 902 5148 Qui,paulatim
926 5073 1225 5132 assuefacti
1251 5070 1511 5145 superari
1534 5068 1756 5125 multis-

144 5185 248 5240 que
278 5167 408 5223 victi
433 5165 670 5239 praliis,
710 5181 815 5220 nec
844 5180 905 5220 se
931 5163 1168 5236 quidem
1199 5161 1306 5234 ipsi
1348 5177 1480 5215 cum
1508 5159 1617 5214 illis
1646 5158 1757 5213 vir-

143 5259 258 5312 tute
291 5258 663 5328 comparant.
688 5254 862 5325 Hujus
890 5251 1169 5307 Hercinia
1196 5251 1372 5317 silva,
1401 5265 1530 5321 qua
1584 5263 1762 5319 supra

145 5345 541 5400 demonstrata
569 5344 676 5405 est,
710 5339 952 5397 latitudo
984 5355 1195 5396 novem
1226 5338 1453 5394 dierum
1509 5337 1621 5392 iter
1672 5353 1764 5390 ex-

148 5432 332 5505 pedito
365 5434 543 5509 patet.
573 5431 697 5485 Non
741 5430 897 5485 enim
949 5429 1116 5484 aliter
1149 5427 1303 5484 ﬁniri
1336 5429 1545 5498 potest,
1574 5439 1764 5496 neque

153 5539 443 5578 mensuras
468 5520 743 5575 itinerum
798 5523 1102 5575 noverunt.
1138 5518 1330 5573 Oritur
1357 5518 1428 5571 ab
1476 5513 1765 5569 Helvetio-

150 5628 292 5684 rum,
324 5613 385 5666 et
410 5611 743 5670 Nemetum,
792 5611 849 5663 et
873 5608 1289 5664 Rauriacorum
1321 5605 1532 5659 ﬁnibus
1582 5602 1770 5656 recta-

154 5717 260 5774 que
297 5698 556 5757 ﬂuminis
587 5696 830 5755 Danubii
844 5697 1106 5770 regione,
1137 5699 1195 5752 et
1215 5693 1497 5769 pertingit
1527 5691 1602 5748 ad
1625 5691 1769 5749 ﬁnes

1794 5576 1844 5635 D

1855 4370 1988 4422 sunt
2013 4367 2411 4438 magnitudine
2436 4367 2604 4438 paulo
2636 4366 2789 4421 infra
2810 4367 3172 4439 elephantos,
3204 4363 3393 4436 specie
3411 4366 3469 4418 et

1854 4456 2048 4510 colore
2078 4458 2135 4509 et
2159 4455 2345 4526 ﬁgura
2368 4453 2536 4509 tauri.
2565 4454 2771 4525 Magna
2799 4455 2881 4509 vis
2909 4470 3115 4510 eorum
3140 4455 3326 4517 est,et
3338 4467 3463 4506 ma-

1855 4561 1972 4616 gna
1991 4543 2286 4610 velocitas;
2322 4559 2509 4614 neque
2540 4542 2764 4597 homini
2819 4559 3007 4614 neque
3086 4542 3225 4596 fera
3287 4555 3466 4611 quam

1854 4631 2255 4705 conspexerint
2310 4635 2575 4705 parcunt.
2606 4633 2720 4687 llos
2767 4632 3018 4687 studiose
3051 4633 3250 4703 captos
3288 4628 3468 4685 foveis

1855 4721 2225 4777 interﬁciunt.
2273 4721 2385 4777 Hoc
2417 4738 2476 4777 se
2529 4722 2726 4777 labore
2774 4722 2986 4777 durant
3030 4720 3452 4785 adolescentes,

1856 4814 2027 4883 atque
2058 4811 2166 4866 hoc
2194 4827 2407 4882 genere
2457 4811 2778 4867 venationis
2820 4828 2878 4864 se
2914 4811 3202 4865 exercent.
3238 4808 3305 4861 Et
3365 4806 3465 4877 qui

1858 4899 2139 4973 plurimos
2171 4915 2239 4954 ex
2268 4899 2355 4953 his
2386 4898 2802 4963 interfecerint,
2835 4896 3032 4951 relatis
3075 4895 3134 4948 in
3168 4893 3464 4966 publicum

1857 4988 2126 5045 cornibus
2146 5004 2275 5059 qua
2304 4986 2418 5042 sint
2449 4985 2802 5050 testimonio,
2826 4999 3105 5053 magnam
3130 4982 3328 5036 ferunt
3346 4984 3472 5037 lau-

1859 5079 2013 5134 dem.
2038 5077 2152 5132 Sed
2182 5091 2503 5131 assuescere
2536 5074 2607 5129 ad
2632 5072 2901 5128 homines
2930 5073 2988 5124 et
3022 5068 3307 5124 mansueti
3336 5069 3469 5123 ﬁer-

1859 5184 1934 5223 ne
1958 5165 2180 5240 parvuli
2205 5165 2440 5237 quidem
2456 5161 2966 5235 excepti,possunt.
2988 5156 3327 5229 Amplitudo
3348 5158 3470 5211 cori

1862 5272 2065 5319 nuum,
2093 5258 2152 5310 et
2185 5254 2390 5325 ﬁgura,
2417 5254 2476 5306 et
2527 5250 2743 5321 species
2786 5246 3039 5300 multum
3068 5262 3103 5299 a
3134 5246 3467 5298 nostrorum

1863 5347 2042 5401 boum
2072 5342 2342 5398 cornibus
2371 5338 2582 5394 diﬁ'ert.
2612 5338 2739 5391 Hac
2765 5334 3018 5390 studiose
3048 5329 3376 5402 conquisita
3392 5329 3465 5385 ab

1867 5422 2039 5478 labris
2086 5423 2328 5491 argento
2368 5416 2843 5481 circumcludent,
2894 5417 3066 5485 atque
3098 5409 3467 5483 amplissimis

1874 5512 2054 5583 epulis
2082 5526 2187 5582 pro
2219 5506 2436 5579 poculis
2466 5508 2727 5560 utuntur.

2278 5596 2361 5652 De
2386 5595 2618 5649 moribus
2650 5594 3061 5651 Germanorum.

1955 5691 2020 5745 ll.
2053 5690 2134 5745 De
2162 5684 2418 5743 moribus
2446 5702 2675 5759 quoque
2705 5682 3011 5741 hominum
3043 5700 3108 5740 ac
3134 5683 3292 5741 cultu
3320 5681 3479 5740 idem
