3862 6210
445 425 544 484 831
1550 429 1818 488 MHOINI
1843 427 2154 488 MONACHI
2181 428 2678 489 FLORIACENSIS
3625 445 3711 502 032

448 551 655 606 auctor
681 547 742 604 in
777 549 987 605 eadem
1023 549 1170 606 libro
1199 549 1322 606 haec
1365 549 1563 606 refert.
1605 551 1894 619 Germani,
1954 551 2053 620 ait,
2077 554 2132 612 Α
2161 550 2312 606 bella
2333 552 2635 619 inferrent,
2684 553 2923 626 propter
2976 553 3282 611 hominum
3326 558 3710 618 multitudinem

449 641 764 696 multum'a
792 639 1205 696 consuetudine
1243 639 1531 696 Gallorum
1559 641 1852 696 differunt.
1911 643 2053 696 Nam
2156 641 2399 714 agrique
2425 642 2684 715 inopiam
2699 643 3139 698 tranthenum
3156 645 3408 702 colonias
3433 647 3708 705 mitterent.

445 746 635 802 neque
701 727 956 795 druides,
989 746 1134 802 quos
1175 746 1282 786 nos
1327 729 1672 794 sacerdotes,
1699 731 1785 784 vel
1837 729 2056 786 divinos
2156 730 2437 785 Hactenus
2461 731 2532 785 de
2561 730 2891 798 Germania,
2918 749 3048 804 qua:
3075 731 3134 789 in
3167 733 3447 789 veteribus
3491 739 3710 808 reperire

442 821 596 873 vates
629 835 930 891 possumus
953 834 1179 884 vocare,
1219 819 1456 885 habent,
1486 821 1550 873 ut
1599 818 1680 873 illi
1741 818 1838 891 qui
1883 820 2052 874 rebus

443 906 648 961 divinis
677 910 950 978 praesunt,
985 923 1172 978 neque
1197 906 1484 962 sacriﬁciis
1509 908 1761 964 student.
1798 909 1876 964 De
1909 907 2051 962 deo-

445 1013 577 1052 rum
595 1013 841 1051 numero
861 1013 958 1050 eos
981 997 1364 1051 solosducunt
1379 1013 1522 1067 quos
1539 999 1802 1063 cernunt,
1833 998 1888 1050 et
1912 1014 2051 1068 quo-

445 1103 574 1141 rum
605 1087 804 1158 aperte
831 1084 1552 1158 Opibusjuvantur,Solem
1592 1084 1825 1152 scilicet,
1845 1089 1902 1139 et
1920 1085 2047 1139 Vul-

445 1192 682 1241 canum,
705 1179 760 1229 et
789 1175 1028 1229 Lunam.
1064 1173 1332 1246 Reliquos
1360 1190 1466 1228 nec
1493 1173 1651 1228 fama
1683 1177 2048 1245 acceperunt.

444 1263 572 1318 Vita
601 1262 790 1318 omnis
821 1262 880 1316 in
926 1262 1326 1317 venationibus
1379 1265 1551 1334 atque
1606 1262 1664 1316 in
1717 1263 1918 1316 studiis
1967 1263 2050 1316 rei

444 1351 709 1406 militaris
759 1349 1034 1406 consistit.
1065 1351 1151 1405 Ab
1182 1351 1429 1423 parvulis
1484 1350 1676 1405 labori
1729 1368 1792 1405 ac
1825 1351 2049 1405 duritia:

442 1440 696 1494 student.
753 1439 859 1504 Qui
881 1437 1198 1494 diutissime
1243 1438 1575 1510 impuberes
1605 1443 2052 1510 permanserunt

444 1528 758 1584 maximam
789 1527 942 1584 inter
967 1545 1098 1602 suos
1127 1527 1359 1582 laudem
1385 1527 1599 1582 ferunt.
1661 1529 1776 1582 Hoc
1798 1528 1892 1582 alii
1933 1533 2049 1582 sta-

443 1621 660 1686 turam,
683 1617 777 1672 alii
806 1616 953 1672 vires
970 1616 1632 1688 nervosquecont'irmari
1663 1618 2050 1686 putant.lntra

445 1723 666 1761 annum
684 1723 819 1761 vero
845 1706 1184 1761 vicesimum
1209 1704 1445 1760 feminas
1477 1705 1744 1760 notitiam
1761 1706 2046 1772 habuisse,

2155 817 2467 890 potuimus,
2499 819 2756 892 pandere
2786 821 3134 876 curavimus.
3171 823 3331 877 Nunc
3361 823 3428 879 de
3448 825 3610 880 Gallia
3649 827 3714 881 di-

2153 907 2424 962 cendum.

2751 1051 2841 1105 DE
2895 1051 3164 1105 GALLIA.

2222 1174 2310 1227 lll.
2342 1173 2582 1228 Galliam
2615 1189 2856 1229 omnem
2889 1175 2945 1229 in
2971 1178 3221 1246 quatuor
3252 1176 3560 1248 provincias
3600 1179 3714 1234 Oro~

2151 1260 2264 1315 sius
2292 1263 2400 1316 hoc
2426 1262 2600 1317 modo
2633 1262 3080 1329 dividitzGallia,
3115 1263 3403 1336 inquiens,
3422 1266 3625 1338 Belgica
3639 1267 3716 1321 ha-

2151 1349 2248 1404 bet
2277 1350 2346 1404 ab
2379 1350 2600 1406 oriente
2632 1350 2876 1406 limitem
2921 1351 3178 1406 fluminis
3215 1353 3396 1407 Rheni
3419 1357 3474 1408 et
3519 1356 3714 1408 Germa-

2152 1439 2308 1494 niam
2334 1455 2347 1504 ;
2377 1439 2448 1493 ab
2480 1455 2642 1506 euro,
2673 1440 3185 1511 AlpesPenninas;
3216 1441 3512 1508 amcridie,
3532 1443 3718 1514 provin-

2151 1525 2301 1580 ciam
2327 1527 2790 1594 Narbonensem;
2829 1529 2900 1581 ab
2919 1544 3258 1600 occasu,pro
3273 1529 3510 1583 vinciam
3533 1531 3717 1600 Lugdu-

2152 1630 2429 1680 nensem;
2464 1631 2498 1670 a
2543 1615 2734 1669 circio.
2785 1617 3078 1670 Oceanum
3134 1617 3555 1684 Britannicum;
3583 1635 3614 1671 a
3647 1636 3716 1671 se-

2153 1703 2871 1775 pteutrione,Britanniam
2891 1705 3160 1760 insulam.
3177 1707 3354 1760 Gallia
3373 1707 3717 1778 Lugdunensis

444 1795 504 1850 in
535 1795 880 1868 turpissimis
939 1795 1157 1849 habent
1201 1795 1391 1848 rebus.
1450 1793 1624 1863 Cujus
1653 1794 1738 1848 rei
1778 1795 1935 1849 nulla
1981 1811 2048 1848 es
2083 1865 2119 1868 _
2151 1793 2322 1848 ducta
2351 1808 2454 1863 per
2487 1795 2818 1864 longum,et
2835 1811 2935 1865 per
2959 1795 3388 1862 latuminﬂexa,
3414 1796 3716 1868 Aquitatiam

445 1865 770 1951 occultatio,
819 1883 974 1955 quod
1004 1887 1063 1938 et
1092 1882 1417 1954 promiscue
1449 1881 1510 1936 iu
1560 1881 1894 1937 fluminibus
1922 1900 2050 1955 per-
2080 1865 2131 1923 B
2153 1881 2507 1954 provinciam
2539 1883 3028 1956 semicingit.H&c
3059 1885 3238 1940 habet
3266 1883 3338 1939 ab
3360 1865 3568 1940 oriente
3618 1886 3716 1940 Bel-

441 1974 698 2039 luuntur,
721 1975 780 2026 et
815 1971 1056 2044 pellibus
1070 1972 1169 2025 aut
1188 1969 1374 2043 parvis
1396 1971 1727 2026 rhenonum
1749 1975 2050 2042 tegumen-

442 2061 514 2115 tis
530 2062 787 2126 utuntur,
830 2076 1046 2132 magna
1067 2058 1324 2132 corporis
1355 2061 1516 2131 parte
1551 2059 1726 2114 nuda.
1787 2060 2050 2130 Agricul-

445 2152 595 2204 turae
623 2165 742 2205 non
772 2149 1036 2216 student,
1055 2148 1358 2220 majorque
1386 2164 1521 2220 pars
1541 2164 1744 2202 eorum
1773 2147 1953 2202 victus
1989 2149 2048 2202 in

443 2237 803 2301 lacte,caseo
834 2252 1124 2308 carusque
1176 2235 1451 2292 consistit.
1500 2237 1694 2307 Neque
1747 2235 2053 2308 quisquam

446 2327 570 2398 agri
602 2327 838 2382 modum
861 2329 1105 2391 certum,
1127 2329 1226 2380 aut
1249 2325 1414 2386 ﬁnes,
1439 2325 1615 2378 habet
1649 2325 2054 2396 proprios.Sed

450 2416 820 2487 magistratus
858 2431 922 2468 ac
982 2413 1269 2486 principes
1297 2415 1356 2468 in
1407 2429 1591 2467 annos
1621 2412 1876 2484 singulos
1912 2430 2054 2484 gen-

445 2503 597 2559 tibus
607 2501 1168 2574 cognationibusque
1186 2500 1618 2572 hominum,qui
1639 2517 1755 2555 una
1768 2499 2052 2570 coierunt,

447 2594 732 2663 quantum
756 2593 815 2645 et
834 2605 948 2660 quo
987 2590 1113 2644 loco
1170 2589 1356 2645 visum
1403 2592 1488 2643 est
1539 2588 1664 2658 agri
1709 2589 2054 2656 attribuunt,

448 2683 619 2752 atque
649 2681 780 2751 post
827 2693 1049 2732 annum
1094 2677 1206 2731 alio
1241 2677 1486 2732 transire
1516 2679 1753 2747 cogunt.
1784 2676 1915 2746 Ejus
1973 2679 2055 2732 rei

448 2766 660 2820 multas
689 2763 938 2819 aﬂ'erunt
989 2779 1220 2818 causas:
1249 2779 1341 2830 ne,
1377 2763 1602 2818 assidua
1633 2767 2053 2822 consuetudine

449 2852 622 2925 capti,
664 2852 916 2908 studium
959 2851 1338 2923 belligerandi
1411 2852 1760 2923 agricultura
1803 2871 2059 2910 commu-

452 2945 606 3010 tent;
625 2959 697 2998 ne
717 2943 863 2996 latos
883 2941 1025 2996 lines
1038 2955 1244 3012 parare
1261 2940 1551 3007 studeant,
1577 2941 2056 3014 potentioresque

446 3031 786 3088 humiliores
801 3028 1252 3102 possessionibus
1275 3030 1590 3100 expellant:
1627 3047 1698 3084 ne
1737 3032 2059 3086 accuratius

451 3120 526 3176 ad
545 3118 763 3190 frigora
799 3121 970 3190 atque
1027 3120 1198 3172 (estus
1228 3117 1488 3172 vitandos
1536 3117 1842 3186 nidificent,
1873 3136 2059 3192 neque

465 3207 684 3264 oriatur
713 3206 983 3280 pecunias
1005 3205 1304 3278 cupiditas,
1325 3223 1440 3278 qua
1465 3223 1532 3262 ex
1551 3223 1610 3261 re
1637 3207 1916 3263 factiones
1948 3209 2060 3264 dis-

459 3297 867 3368 sensionesque
885 3299 1228 3363 nascuntur;
1252 3299 1315 3351 ut
1329 3295 1510 3350 animi
1539 3295 1810 3368 aequitate
1830 3298 2061 3369 plebem

461 3385 817 3452 contineant,
849 3401 979 3439 cum
1012 3401 1139 3439 suas
1169 3383 1408 3456 quisque
1439 3400 1575 3456 opes
1605 3401 1736 3440 cum
1789 3387 2064 3457 potentis-

455 3473 616 3529 simis
644 3473 860 3546 azquari
888 3473 1098 3530 videat.

533 3563 867 3619 Civitatibus
885 3562 1140 3619 maxima
1158 3564 1282 3618 laus
1300 3565 1404 3630 est,
1437 3580 1614 3636 quam
1641 3563 1915 3618 latissime
1952 3565 2060 3619 cir-

463 3669 592 3708 cum
619 3669 679 3707 se
696 3652 926 3708 vastatis
954 3653 1164 3708 finibus
1193 3651 1535 3708 solitudines
1552 3652 1908 3707 habere.Hoc
1935 3669 2062 3724 pro-

459 3743 652 3814 prium
672 3741 899 3797 virtutis
929 3737 1282 3808 existimant,
1315 3741 1577 3810 expulsos
1607 3741 1761 3810 agris
1786 3741 2064 3797 ﬁnitimos

455 3830 683 3897 cedere,
699 3847 889 3902 neque
908 3845 1265 3902 quemquam
1283 3845 1468 3900 prope
1493 3827 1707 3882 audere
1727 3830 2058 3885 consistere.

458 3917 640 3974 Simul
665 3919 774 3973 hoc
803 3935 863 3972 se
890 3919 1016 3971 fore
1044 3915 1287 3970 tutiores
1316 3915 1691 3983 arbitrantur,
1743 3919 2062 3987 repentium

459 4006 805 4062 incursionis
834 4005 1046 4059 timore
1068 4002 1467 4057 sublato.Cum
1493 4003 1711 4058 bellum
1751 4005 1943 4060 civitas
1967 4011 2067 4062 aut

458 4093 686 4148 illatum
702 4090 1799 4166 defendit,autinfert,magistratus,qui
1831 4094 1880 4148 ei
1914 4096 2064 4150 bello

461 4180 720 4254 praesint,
743 4183 805 4235 ut
835 4179 965 4234 vita:
995 4179 1264 4252 necisque
1295 4180 1548 4235 habeant
1573 4184 1939 4253 potestatem,
1972 4186 2067 4240 de-

465 4270 743 4341 liguntur.
772 4271 834 4323 ln
865 4285 1004 4341 pace
1035 4269 1222 4322 nullus
1237 4272 1322 4324 est
1336 4269 1662 4325 communis
1675 4273 2064 4343 magistratus,

461 4359 565 4415 sed
591 4357 879 4431 principes
915 4357 1221 4428 regionum
1252 4361 1424 4430 atque
1447 4375 1731 4430 pagorum
1762 4361 1911 4416 inter
1935 4379 2066 4417 suos

2155 1969 2384 2040 gicam;
2418 1970 2731 2038 ameridie,
2768 1973 2995 2043 partem
3021 1970 3335 2044 provinciae
3352 1972 3709 2038 Narbonensis,

2155 2074 2270 2128 qua
2299 2059 2498 2112 Arelas
2528 2057 2725 2112 civitas
2743 2060 2850 2113 sita
2873 2063 2986 2126 est;
3021 2063 3076 2114 et
3109 2059 3168 2114 in
3199 2061 3344 2115 mari
3374 2061 3570 2116 Gallico
3597 2061 3717 2116 Rho-

2155 2145 2292 2200 dani
2323 2147 2562 2201 flumine
2579 2147 2872 2219 accipitur.
2894 2148 3282 2203 Narbonensis
3297 2149 3599 2220 provincias
3615 2165 3717 2221 pars

2155 2233 2463 2289 Galliarum
2487 2235 2660 2290 habet
2690 2235 2762 2289 ab
2816 2235 3044 2290 oriente
3081 2237 3257 2308 Alpes
3296 2237 3530 2303 Cottias;
3557 2237 3620 2291 ab
3644 2253 3716 2290 oc-

2157 2323 2774 2396 cidente,Hispaniam;
2802 2339 2836 2378 a
2854 2324 3030 2378 circio
3057 2325 3426 2396 Aquitaniam
3446 2354 3462 2390 ,-
3488 2342 3518 2380 a
3536 2327 3720 2396 septen-

2158 2410 2369 2477 trione,
2405 2411 2886 2482 Lugdunensem;
2920 2412 3297 2484 abaquilone,
3327 2413 3596 2484 Belgicam
3615 2412 3716 2466 Gal-

2156 2499 2336 2555 liam:
2371 2517 2404 2554 a
2434 2500 2677 2554 meridie
2705 2517 2865 2554 mare
2917 2501 3224 2568 Gallicum,
3281 2503 3432 2574 quod
3469 2504 3547 2556 est
3597 2501 3718 2554 inter

2157 2587 2483 2643 Sardiniam
2511 2591 2568 2642 et
2621 2588 2836 2642 insulas
2897 2590 3192 2654 Baleares;
3223 2590 3440 2644 habens
3486 2590 3540 2643 in
3567 2589 3720 2643 fronte

2157 2675 2812 2749 quaRhodanustluvius
2838 2677 2896 2731 in
2930 2693 3092 2731 mare
3122 2678 3472 2745 exit,insulas
3509 2677 3720 2733 Stoecha-

2159 2764 2615 2836 das.Aquitaniae
2640 2765 3186 2838 provinciaobliquo
3206 2783 3373 2822 cursu
3408 2767 3606 2836 Ligeris
3639 2766 3722 2819 llu-

2165 2853 2360 2920 minis,
2395 2855 2493 2924 qui
2527 2871 2593 2908 ex
2625 2854 2874 2925 plurima
2905 2859 3067 2926 parte
3103 2856 3390 2912 terminus
3419 2856 3534 2926 ejus
3561 2859 3649 2919 est,
3675 2854 3720 2908 in

2161 2943 2364 2998 orbem
2387 2943 2598 3013 agitur.
2625 2943 2752 2998 Haec
2783 2959 2816 2997 ει
2839 2943 3011 2998 circio
3069 2945 3490 3016 Oceanum,qui
3525 2943 3720 3014 Aquita-

2162 3030 2320 3086 nicus
2342 3031 2496 3086 sinus
2517 3031 2758 3099 dicitur;
2791 3033 2862 3086 ab
2910 3049 3133 3100 occasu,
3163 3033 3460 3106 Hispanias
3493 3032 3672 3098 habet;
3697 3046 3722 3084 ει

2161 3119 2558 3192 septentrione
2580 3125 2638 3174 et
2659 3121 2904 3188 oriente,
2938 3121 3420 3192 Lugdunensem;
3453 3122 3518 3174 ab
3543 3136 3658 3174 euro
3678 3120 3721 3170 et

2164 3207 2432 3274 meridie,
2457 3209 2892 3264 Narbonensem
2907 3209 3270 3280 provinciam
3285 3207 3719 3281 contingitJulius

2161 3313 2296 3351 vero
2318 3297 2523 3364 Ctesar,
2548 3297 2644 3368 qui
2672 3314 2802 3351 cum
2827 3298 3086 3368 ejusdem
3126 3301 3299 3354 terra;
3332 3298 3524 3353 incolis
3551 3298 3718 3350 decen-

2164 3385 2259 3440 nio
2291 3385 2507 3439 bellum
2537 3385 2730 3456 gessit,
2765 3386 3155 3440 concordante
3184 3403 3380 3441 secum
3413 3385 3580 3440 Plinio
3602 3382 3718 3436 mul-

2161 3473 2349 3545 tisque
2377 3473 2500 3528 aliis
2520 3473 2892 3545 philosophis,
2925 3477 3040 3528 tres
3071 3477 3305 3530 tantum
3329 3476 3443 3530 vult
3479 3489 3587 3528 esse
3613 3485 3717 3543 pro-

2169 3562 2393 3617 vincias.
2428 3563 2598 3633 Cujus
2623 3565 2742 3618 'nos
2779 3563 2990 3635 scripta
3047 3563 3282 3630 eodem,
3329 3579 3438 3636 quo
3468 3563 3574 3634 ipse
3617 3574 3719 3613 usus

2164 3655 2268 3718 est,
2292 3651 2382 3705 hic
2409 3651 2716 3705 inserimus
2743 3651 3169 3724 ordine,aliqua
3197 3650 3712 3718 tantummodo,quae

2163 3739 2258 3794 ille
2300 3740 2357 3794 in
2400 3739 2524 3794 aliis
2554 3756 2670 3794 sum
2725 3739 2981 3794 Historia:
3013 3739 3151 3794 locis
3181 3741 3254 3795 de
3311 3739 3608 3794 civitatibus
3632 3735 3719 3788 sive

2165 3827 2500 3884 fluminibus
2514 3828 2778 3894 dixit,seu
2810 3845 2936 3900 quae
2957 3827 3176 3883 Plinius
3197 3829 3368 3884 aliter
3382 3844 3444 3883 ac
3473 3827 3557 3881 ille
3583 3823 3720 3878 sensit

2167 3917 2607 3988 interponentes
2620 3960 2632 3972 .

2484 4006 2569 4060 De
2623 4004 2806 4058 Gallia
2849 4005 3142 4062 secundum
3174 4005 3453 4062 C(rsarem.

2239 4094 2323 4148 lV.
2351 4093 2529 4147 Gallia
2554 4097 2641 4148 est
2667 4093 2860 4148 omnis
2880 4093 3058 4150 divisa
3074 4093 3130 4149 in
3152 4099 3348 4167 partes
3371 4098 3498 4161 tres,
3521 4099 3719 4162 quarum

2167 4182 2620 4238 uuamincolunt
2649 4183 2863 4253 Belgae;
2898 4184 3165 4250 alteram,
3196 4182 3463 4256 Aquitani
3489 4199 3501 4248 ;
3533 4175 3718 4234 tertiam

2167 4270 2284 4344 qui,
2313 4271 2569 4342 ipsorum
2601 4270 2798 4342 lingua
2829 4272 3022 4346 Celtse,
3059 4274 3258 4326 nostra
3290 4271 3429 4326 Galli
3471 4265 3719 4341 appellan-

2165 4364 2278 4415 tur.
2299 4360 2453 4414 Hauc
2475 4375 2703 4431 quoque
2720 4364 2943 4430 partem
2960 4359 3176 4414 Plinius
3191 4360 3611 4432 Lugdunensem
3621 4349 3719 4404 Gal-

455 4449 549 4521 jus
596 4446 796 4503 dicunt
825 4445 1357 4518 controversiasque
1389 4447 1680 4503 minuunt.
1741 4449 2066 4506 Latrocinia
2091 4455 2142 4512 D
2166 4448 2302 4502 liam
2333 4465 2453 4502 esse
2476 4448 2696 4504 asserit.
2723 4447 2789 4500 Hi
2839 4464 3046 4502 omnes
3073 4447 3294 4519 lingua,
3345 4443 3612 4507 institutis,
3659 4439 3718 4491 le-

461 4536 682 4591 nullam
713 4535 932 4590 habent
957 4533 1282 4604 infamiam,
1299 4553 1428 4608 quae
1446 4540 1607 4592 extra
1628 4538 1776 4592 ﬁnes
1791 4539 2064 4611 cujusque

459 4624 701 4680 civitatis
721 4624 901 4692 fiunt;
936 4627 1109 4696 atque
1143 4641 1208 4678 ea
1261 4624 1580 4695 juventulis
1639 4626 1970 4680 exercenda:
2001 4642 2066 4680 ac

459 4713 694 4770 desidias
725 4713 1057 4769 minuendm
1081 4729 1251 4768 causa
1273 4712 1398 4767 fieri
1422 4713 1952 4786 praedicant.Atque
1974 4714 2064 4768 ubi

459 4801 584 4876 quis
607 4819 671 4858 ex
690 4801 1046 4874 principibus
1076 4801 1136 4856 in
1168 4801 1406 4857 consilio
1438 4801 1645 4857 dixerit
1667 4819 1721 4856 se
1747 4802 1934 4858 ducem
1950 4804 2068 4872 fore

453 4892 555 4965 qui
580 4893 730 4963 sequi
757 4891 1330 4961 velintproﬁteantur;
1364 4894 1725 4961 consurgunt
1759 4889 1820 4944 hi
1855 4891 1952 4962 qui
2012 4895 2069 4946 ct

455 4995 688 5035 causam
708 4983 766 5034 et
796 4977 1098 5034 hominem
1131 4979 1400 5051 probant,
1449 4995 1734 5052 suumque
1791 4979 2066 5034 auxilium

456 5067 821 5142 pollicentur,
849 5069 1022 5138 atque
1051 5066 1422 5121 multitudine
1435 5067 1969 5131 collaudantur.Qui
1999 5084 2065 5122 ex

454 5158 543 5213 his
577 5157 756 5212 secuti
787 5173 905 5210 non
918 5158 1074 5222 sunt,
1110 5155 1169 5210 in
1201 5155 1560 5212 desertorem
1611 5174 1676 5211 ac
1703 5156 2065 5228 proditorum

455 5261 703 5301 numero
734 5245 1043 5309 ducuntur,
1093 5245 1476 5316 omniumque
1506 5246 1594 5299 his
1637 5261 1834 5300 rerum
1866 5249 2068 5316 postea

452 5334 596 5389 ﬁdes
626 5333 958 5404 derogatur.
997 5331 1292 5405 Hospitem
1321 5333 1535 5388 violare
1575 5335 1660 5388 fas
1693 5350 1808 5388 non
1859 5335 2067 5405 putant

455 5421 564 5485 Qui
595 5436 823 5492 quaque
846 5419 917 5473 de
935 5435 1106 5474 causa
1123 5421 1197 5476 ad
1215 5438 1313 5478 eos
1329 5421 1594 5478 venerint
1610 5421 1682 5476 ab
1700 5421 1913 5492 injuria
1936 5437 2065 5493 pro-

452 5509 676 5574 hibent,
710 5510 938 5561 sanctos
964 5507 1416 5584 habent,hisque
1433 5509 1698 5566 omnium
1727 5510 1936 5565 domus
1961 5526 2060 5581 pa-

453 5598 596 5662 tent,
631 5595 922 5666 victusque
943 5598 1423 5657 communicatur.
1456 5601 1534 5653 Ac
1571 5598 1679 5654 fuit
1709 5603 1881 5654 antea
1909 5602 2056 5654 tem-

2167 4536 2332 4608 gibus
2355 4535 2506 4590 inter
2549 4551 2606 4589 se
2637 4535 2931 4590 differunt.
2991 4536 3181 4592 Gallos
3241 4536 3624 4606 Lugdunenses
3664 4524 3719 4578 ab

2167 4623 2469 4696 Aquitanis
2487 4624 2780 4678 Garumna
2795 4626 3036 4691 flumen,
3060 4641 3094 4678 a
3123 4625 3312 4695 Belgis
3326 4625 3567 4678 Matrona
3587 4619 3636 4670 et
3649 4613 3720 4667 Se-

2168 4729 2360 4784 quana
2377 4712 2596 4766 dividit.
2634 4713 2849 4766 Horum
2877 4712 3142 4767 omnium
3172 4710 3464 4767 fortissimi
3492 4708 3607 4762 sunt
3631 4699 3720 4756 Bel-

2168 4817 2277 4871 gae,
2311 4803 2617 4872 propterea
2650 4800 2804 4870 quod
2827 4816 2860 4853 a
2887 4801 3044 4855 cultu
3057 4805 3232 4872 atque
3256 4797 3597 4854 humanitate
3615 4803 3716 4862 pro-

2169 4889 2365 4943 vincite
2394 4889 2727 4959 longissime
2753 4889 3346 4961 absunt,minimeque
3375 4887 3445 4942 ad
3491 4900 3579 4939 eos
3601 4891 3719 4934 mer-

2169 4983 2392 5033 catores
2411 4994 2562 5049 saepe
2589 4983 2946 5044 commeant,
2980 4979 3149 5050 alque
3181 4995 3250 5032 ea
3281 4993 3408 5049 quae
3445 4974 3513 5029 ad
3539 4963 3720 5024 effemi-

2169 5067 2393 5122 nandos
2419 5066 2649 5122 animos
2679 5065 2977 5137 pertinent
3005 5067 3350 5139 important.
3411 5055 3720 5124 Proximique

2168 5159 2302 5209 sunt
2329 5155 2652 5223 Germanis,
2676 5156 2772 5227 qui
2823 5159 2982 5209 trans
3015 5156 3279 5209 lthenum
3330 5151 3591 5213 incolunt,
3619 5153 3719 5196 cum

2169 5243 2374 5316 quibus
2419 5243 2791 5299 continenter
2845 5245 3059 5299 bellum
3088 5245 3317 5315 gerunt.
3348 5242 3468 5306 Qua
3492 5239 3556 5292 de
3589 5241 3722 5286 callsa

2168 5332 2403 5387 Helvetii
2426 5349 2654 5404 quoque
2674 5332 2905 5403 reliquis
2929 5333 3116 5386 Gallos
3146 5331 3352 5385 virtute
3377 5319 3717 5402 praecedunt,

2167 5421 2322 5494 quod
2345 5422 2466 5476 fere
2497 5421 2847 5494 quotidianis
2872 5421 3084 5494 prmliis
3147 5438 3274 5475 sum
3315 5414 3594 5473 Germanis
3616 5421 3720 5460 con-

2165 5510 2434 5576 tendunt,
2467 5527 2600 5565 cum
2633 5515 2731 5565 aut
2752 5527 2784 5563 a
2805 5510 2920 5564 suis
2939 5509 3146 5564 finibus
3175 5526 3272 5564 eos
3293 5505 3602 5579 prohibent,
3628 5495 3705 5549 διιι

2160 5597 2266 5670 ipsi
2297 5597 2354 5651 in
2386 5615 2590 5652 eorum
2642 5597 2851 5652 finibus
2898 5598 3114 5652 bellum
3140 5600 3368 5669 gerunt.
3403 5593 3462 5648 Hi
3515 5605 3614 5645 una
3658 5595 3708 5634 ei

451 5700 556 5756 pus
584 5699 719 5740 eum
743 5683 1062 5738 Germanos
1085 5683 1226 5740 Galli
1251 5687 1457 5745 virtute
1493 5691 1850 5758 superarent,
1904 5689 2052 5744 ultro
2157 5689 2318 5761 parte
2345 5685 2586 5742 flumine
2613 5687 2812 5742 Rheno
2830 5685 3112 5742 latissimo
3134 5690 3305 5759 atque
3323 5680 3586 5740 altissimo
3610 5685 3717 5727 cou-
