3862 6210
155 456 248 510 633

1136 447 1459 507 HISTORIA
1497 447 1938 506 FRANCORUM.
1968 478 2040 492 --
2070 447 2433 507 PRO(EMIA.

3329 452 3435 511 634

148 575 404 638 tinentur,
434 568 537 643 qui
568 585 784 641 agrum
826 570 1145 626 Helvetium
1191 587 1225 625 a
1253 570 1554 625 Germanis
1591 570 1731 625 divi-
1753 577 1808 636 Α
1840 573 2003 626 Alter
2031 572 2235 627 ﬂuvius
2265 575 2351 626 est
2385 572 2537 644 apud
2566 573 2767 644 Belgas
2813 571 3029 643 Axona,
3067 571 3301 627 ultimos
3328 574 3436 629 Re-

135 665 231 731 dit;
260 664 438 717 altera
460 677 532 715 ex
561 662 764 732 parte,
802 663 1002 714 monte
1028 661 1163 714 Jura
1193 660 1494 725 altissimo,
1528 658 1623 731 qui
1653 662 1737 714 est

137 756 266 808 inter
296 752 591 822 Sequanos
628 752 687 803 et
708 749 1021 816 Helvetios;
1061 748 1250 810 tertia,
1284 750 1407 803 lacu
1439 750 1734 803 Lemanno

150 846 199 896 et
222 840 445 895 ﬂumine
473 839 788 903 Rhodano,
822 837 919 909 qui
954 837 1312 909 provinciam
1360 841 1617 891 nostram
1664 838 1734 892 ab

151 929 392 985 Helvetiis
431 927 661 982 dividit.

208 1018 384 1072 Gallias
418 1034 539 1071 una
576 1032 725 1087 pars,
761 1031 937 1086 quam
971 1031 1068 1070 eos
1097 1015 1195 1086 qui
1230 1014 1552 1086 specialiter
1594 1014 1734 1069 Galli

150 1109 390 1163 dicuntur
406 1104 677 1160 obtinere
690 1104 907 1158 dictum
926 1104 1263 1169 est,initium
1278 1104 1475 1177 capita
1496 1104 1733 1158 ﬂumine

151 1196 428 1255 Rhodano,
457 1193 795 1247 continetur
833 1193 1127 1247 Garumna
1157 1192 1419 1258 ﬂumine,
1441 1192 1733 1246 Oceanum

152 1286 199 1339 in
223 1283 421 1337 ﬁnibus
446 1281 757 1351 Belgarum
776 1280 1007 1350 attingit
1031 1297 1044 1346 ;
1075 1280 1249 1335 etiam
1278 1280 1350 1334 ab
1378 1280 1656 1351 Sequanis
1679 1283 1736 1335 et

150 1371 387 1427 Helvetiis
403 1371 633 1424 ﬂumen
656 1368 919 1422 Rhenum
943 1368 1127 1439 vergit
1151 1386 1183 1423 a
1199 1368 1612 1439 septentrione.
1632 1370 1732 1423 Ur-

150 1464 234 1517 bes
260 1461 314 1516 in
345 1476 412 1514 ea
444 1459 635 1512 multa
664 1473 729 1511 ac
756 1458 1064 1528 opulentas.
1089 1458 1203 1511 Sed
1232 1474 1298 1510 ex
1326 1456 1416 1511 his
1433 1457 1733 1527 praecipuae

152 1554 263 1604 sunt
284 1551 604 1617 nostroque
618 1562 737 1599 aevo
753 1546 877 1616 plus
888 1546 1135 1615 cognita:
1156 1545 1736 1615 :Lugdunum,Caliil-

150 1638 294 1701 lenis,
318 1635 515 1689 Hedua
533 1651 666 1705 quae
690 1636 749 1688 et
767 1633 1235 1704 Augustodunus,
1258 1633 1520 1701 Senonis,
1548 1634 1736 1687 Autis—

149 1727 407 1791 siodorus,
428 1724 659 1789 Meldis,
677 1724 902 1789 Trecas,
924 1722 1192 1785 Parisius,
1217 1722 1554 1789 Carnotum,
1586 1724 1733 1777 Gen-

149 1816 327 1879 nabus,
362 1812 455 1867 ubi
492 1827 659 1865 nunc
689 1810 1030 1876 Aurelianis,
1059 1810 1475 1881 Rothomagus,
1500 1812 1733 1877 Ebroas,

1838 677 2070 715 morum
2102 662 2244 715 fines
2274 661 2690 732 praeterﬂuens.
2726 661 2877 716 Silva
2920 677 3148 733 quoque
3177 662 3437 717 Arduen-

1839 768 1932 815 na,
1970 768 2096 822 quas
2129 754 2214 805 est
2244 752 2421 806 totius
2461 751 2654 805 Gallice
2686 750 2959 817 maxima,
2994 754 3164 821 atque
3220 766 3255 804 a
3299 751 3439 822 ripis

1838 840 2022 894 Rheni
2082 840 2403 912 ﬁnibusque
2455 840 2814 894 Trevirorum
2875 839 3126 894 millibus
3191 840 3438 910 amplius

1837 928 2167 998 quingentis
2197 928 2255 982 in
2288 928 2714 999 longitudinem
2756 932 2931 998 patet.
2966 929 3094 983 Haec
3137 929 3209 982 de
3254 928 3438 999 Belgis

1835 1017 1969 1071 satis
1995 1017 2197 1071 dixisse
2220 1016 2647 1082 sit,dummodo
2681 1016 2750 1069 de
2776 1017 3083 1087 Aquitania
3114 1033 3241 1089 quae
3262 1017 3439 1087 digna

1834 1107 1969 1158 sunt
1999 1105 2299 1160 memoriae
2326 1106 2652 1160 tradantur.

1906 1194 2236 1265 Aquitania,
2262 1198 2324 1247 ut
2339 1195 2519 1249 Plinio
2535 1198 2706 1266 atque
2718 1194 2863 1249 Julio
2878 1194 3123 1260 videtur,
3148 1210 3182 1248 a
3195 1196 3435 1249 Garum-

1832 1300 1911 1337 na
1930 1285 2171 1338 ﬂumine
2191 1301 2367 1356 usque
2387 1287 2458 1340 ad
2483 1288 2788 1357 Pyrenzeos
2811 1288 3037 1339 montes
3072 1287 3129 1338 et
3149 1301 3276 1339 eam
3302 1301 3434 1356 par-

1836 1375 1954 1425 tem
1991 1389 2118 1443 quae
2148 1374 2216 1427 ad
2252 1374 2581 1445 Hispaniam
2618 1374 2889 1445 pertinet,
2921 1376 3138 1443 spectat
3164 1374 3314 1428 inter
3341 1389 3434 1428 oc-

1835 1477 2029 1515 casum
2054 1460 2191 1515 solis
2208 1463 2756 1533 etseptentrionem.
2774 1464 2905 1516 Plus
2928 1466 3123 1516 tamen
3154 1463 3263 1516 hoc
3295 1467 3439 1518 tem-

1835 1564 1976 1619 pore
2009 1550 2420 1606 determinatio
2449 1550 2655 1619 Orosii,
2677 1552 3163 1623 superiusanobis
3190 1552 3439 1606 declara-

1836 1640 1914 1703 ta,
1945 1642 2193 1693 tenetur.
2230 1639 2558 1694 Secundum
2578 1658 2753 1712 quam
2780 1640 3177 1707 traditionem,
3198 1641 3257 1695 in
3272 1640 3441 1712 Aqui-

1836 1724 1997 1779 tania
2026 1727 2399 1781 continentur
2421 1729 2590 1783 urbes
2628 1729 2905 1799 egregiae:
2933 1729 3437 1795 Narbona,Arver-

1838 1830 1964 1879 nus,
1986 1831 2111 1884 qua».
2131 1831 2285 1869 nunc
2302 1815 2671 1870 Clarusmons
2682 1820 2935 1883 vocatur,
2953 1816 3195 1883 Cadurx,
3213 1818 3438 1884 Tolosa,

149 1899 819 1966 0ximus,Cenomannis,
839 1899 1169 1965 Lexovium,
1192 1899 1739 1965 Namnetis,Rhedo-
1763 1894 1815 1952 B
1836 1900 2075 1967 Gavalis,
2110 1902 2383 1969 Rotenus,
2420 1904 2707 1970 Lemovix,
2743 1905 3132 1974 Petragorica,
3180 1904 3439 1970 Pictavis,

149 1994 509 2059 nis,Venetus,
530 1988 934 2055 Abrincatina,
956 1989 1155 2043 Andus
1176 2006 1302 2059 quae
1326 1988 1733 2059 etAndegavis,

148 2081 381 2147 Turonis,
396 2076 1092 2149 Bituriges,Niviodunus,
1113 2094 1280 2148 quam
1292 2077 1530 2148 quidam
1550 2076 1737 2130 Niver—

150 2171 224 2224 nis
249 2186 359 2224 esse
386 2170 628 2240 putant.
661 2166 877 2220 Harum
906 2166 1353 2236 Augustodunus
1397 2168 1454 2219 et
1496 2165 1738 2219 Senonis

150 2272 351 2327 magna
381 2254 713 2326 antiquitus
743 2253 896 2323 apud
940 2253 1127 2307 Gallos
1175 2254 1336 2307 fuere
1379 2252 1737 2307 auctoritatis

150 2350 295 2414 atque
316 2343 625 2415 potentiae,
644 2341 789 2396 adeo
805 2345 868 2396 ut
893 2358 1006 2395 una
1028 2358 1250 2407 earum,
1269 2341 1326 2395 id
1349 2345 1431 2395 est
1450 2342 1736 2412 Augusto-

149 2431 332 2499 duuus,
363 2448 545 2502 quam
582 2429 765 2484 Julius
810 2430 1071 2484 Heduam
1103 2430 1386 2495 nominat,
1420 2428 1736 2483 amicitiam

150 2520 319 2591 populi
336 2518 593 2574 Romani
610 2517 1145 2589 amplectendo,toti
1160 2534 1306 2589 pene
1317 2517 1737 2585 Galliae,eorum

152 2608 262 2661 nixa
287 2608 506 2669 favore,
539 2606 876 2678 principata
900 2606 992 2660 sit.
1018 2607 1197 2660 Porro
1226 2605 1489 2673 Senonis,
1529 2605 1739 2659 viribus

152 2695 689 2767 conﬂsasuis,ipsam
706 2696 951 2749 Romam
978 2694 1312 2765 orbiscaput
1335 2693 1596 2747 obsidere
1621 2709 1738 2747 non

152 2783 703 2856 pertimuerit,quam
731 2786 787 2837 et
809 2782 978 2853 cepit.
996 2783 1139 2836 Urbs
1152 2798 1284 2836 vero
1299 2782 1423 2835 Bitu
1432 2780 1555 2852 riga
1568 2784 1739 2851 atque

150 2873 422 2943 Turonica,
444 2875 778 2930 secundum
798 2874 979 2928 Orosii
999 2874 1430 2939 difﬂuitionem,
1447 2873 1544 2944 qui
1565 2872 1739 2943 Aqui-

152 2963 343 3018 taniam
367 2980 399 3017 a
416 2964 673 3018 ﬂumine
700 2962 914 3034 Ligeris
935 2979 1115 3033 usque
1138 2963 1211 3017 ad
1229 2964 1532 3033 Pyrenaeos
1551 2960 1739 3017 deter-

154 3050 313 3105 minat
339 3058 600 3118 montes,
635 3068 926 3122 quamque
958 3052 1226 3105 moderni
1253 3053 1589 3121 sequuntur,
1622 3066 1739 3103 non

154 3137 200 3190 in
224 3139 419 3195 Celtica
445 3139 661 3202 Gallia,
692 3140 793 3193 sed
827 3140 1014 3209 magis
1044 3138 1102 3193 in
1128 3138 1433 3210 Aquitania
1458 3142 1590 3191 sunt
1606 3152 1740 3207 pro-

154 3228 331 3284 vincia.
352 3229 633 3285 Flumina
662 3215 719 3282 in
743 3227 1112 3299 Lugdunensi
1141 3227 1318 3281 Gallia
1348 3227 1620 3298 plurima;
1644 3225 1743 3279 sed

155 3332 208 3370 ex
234 3318 304 3372 eis
323 3320 715 3390 praecipuum,
749 3317 1079 3382 Rhodanus,
1111 3316 1206 3386 qui
1232 3317 1354 3386 ejus
1378 3315 1450 3369 ab
1479 3314 1743 3368 orientali

154 3406 292 3471 parte
319 3406 613 3460 terminus
652 3408 755 3460 est.
775 3404 939 3467 Quod
970 3407 1162 3458 autem
1194 3402 1377 3458 verbis
1406 3401 1535 3457 Julii
1554 3400 1742 3471 posui-

156 3507 280 3558 mus,
319 3494 413 3565 qui
445 3493 818 3566 provinciam
846 3495 1105 3547 nostram
1130 3493 1201 3546 ab
1235 3489 1497 3545 Helvetiis
1524 3488 1743 3555 dividit,

154 3581 347 3635 terram
365 3583 534 3637 illam
561 3580 961 3650 intelligimus,
981 3597 1108 3652 qua:
1124 3581 1232 3634 hoc
1255 3579 1494 3634 nomine
1509 3578 1745 3649 proprio

154 3664 328 3724 sortita
357 3675 475 3740 est;
519 3670 739 3724 deinde
762 3669 973 3736 Araris,
996 3669 1091 3741 qui
1124 3686 1227 3740 per
1243 3670 1388 3722 fines
1418 3668 1747 3721 Heduorum

155 3759 203 3809 et
222 3757 631 3831 Sequanorum
662 3757 987 3812 incredibili
1034 3758 1272 3812 lenitate
1311 3757 1370 3811 in
1401 3756 1749 3810 Rhodanum

154 3843 345 3915 inﬂuit,
375 3849 457 3902 ita
486 3849 560 3901 ut.
599 3847 778 3901 oculis
804 3846 861 3899 in
881 3849 1072 3899 utram
1097 3849 1321 3918 partem
1353 3843 1749 3915 ﬂuatjudicari

153 3933 226 3986 vix
238 3936 424 4004 possit.
447 3935 627 4000 Quod
652 3951 757 3989 nos
779 3950 1009 4006 quoque
1033 3934 1448 4004 perspeximus,
1478 3949 1542 3987 ac
1563 3933 1748 3988 admi-

154 4022 247 4076 rati
271 4041 463 4079 sumus
493 4025 683 4078 tanta:
724 4021 1142 4093 magnitudinis
1175 4021 1411 4076 ﬂuvium
1437 4024 1558 4076 tam
1582 4020 1748 4075 tardo

154 4115 294 4166 motu
324 4115 747 4183 proﬂuentem.
784 4112 916 4165 Post
943 4128 1076 4165 eum
1109 4110 1498 4181 exstatLiger,
1516 4109 1612 4182 qui
1636 4114 1749 4164 ter-

153 4212 262 4251 ram
294 4200 445 4255 illam
469 4199 778 4272 quaeinter
800 4198 961 4253 illum
979 4202 1038 4253 et
1063 4197 1390 4270 Sequanam
1401 4199 1577 4268 jacet,
1603 4214 1751 4270 pene

156 4283 378 4343 insulam
398 4288 604 4344 efﬁcit.
629 4286 795 4341 Silvae
822 4289 1045 4355 multas;
1081 4287 1180 4341 sed
1203 4286 1554 4340 eminentior
1584 4290 1750 4341 crete-

156 4373 223 4428 ris
250 4378 527 4434 Porticus.
561 4378 630 4431 Et
655 4377 764 4430 hoc
795 4376 1032 4447 quidem
1057 4376 1127 4429 de
1163 4376 1341 4429 Gallia
1362 4374 1593 4441 Celtica,
1625 4392 1752 4446 qua:

1840 1991 2193 2061 Burdegalis,
2218 1991 2520 2057 Santonia,
2551 1996 2608 2046 et
2644 1993 3192 2061 Engolisma.F'liivii
3215 2010 3444 2065 quoque

1838 2079 1993 2132 haud
2032 2080 2191 2150 parvi
2243 2080 2493 2133 nominis
2552 2081 2610 2134 in
2662 2082 2867 2135 eadem
2909 2084 3041 2135 sunt
3091 2080 3440 2152 provincia:

1838 2168 2058 2234 Elaver,
2090 2168 2189 2238 qui
2220 2185 2335 2221 non
2368 2170 2547 2223 multo
2583 2169 2778 2223 minor
2809 2170 2993 2240 Ligeri
3016 2171 3138 2242 ejus
3170 2169 3446 2242 excipitur

1840 2257 2017 2315 alveo.
2040 2256 2333 2311 Dordonia
2363 2256 2563 2322 etiam,
2597 2258 2698 2328 qui
2728 2275 2791 2311 ex
2826 2260 3025 2312 monte
3057 2259 3155 2330 qui
3172 2258 3289 2312 Dor
3315 2259 3446 2313 dici-

1838 2348 2016 2411 tur,et
2036 2349 2119 2398 est
2140 2346 2196 2399 in
2214 2344 2429 2398 finibus
2444 2347 2857 2411 Arvernorum,
2887 2347 3109 2401 duobus
3134 2347 3449 2401 scaturiens

1838 2433 2114 2500 fontibus,
2145 2448 2394 2505 quorum
2428 2433 2525 2486 uni
2546 2450 2761 2489 nomen
2794 2438 2879 2488 est
2907 2434 3045 2503 Dor,
3067 2434 3229 2489 alteri
3246 2435 3445 2501 Dom'a,

1839 2521 1937 2592 qui
1967 2522 2116 2575 haud
2151 2522 2351 2592 procul
2396 2539 2428 2575 a
2472 2525 2672 2577 monte
2730 2523 2851 2594 ipso
2901 2522 3352 2594 conjunguntur,
3386 2522 3445 2576 in

1838 2612 2192 2664 Garumnam
2222 2610 2430 2664 inﬂuit.
2456 2610 2711 2682 Denique
2735 2611 3045 2683 Aquitania
3064 2611 3217 2665 dicta
3246 2614 3351 2673 est,
3379 2627 3447 2665 eo

1841 2698 1996 2770 quod
2030 2714 2147 2768 prie
2166 2698 2385 2752 caeteris
2407 2698 2712 2769 provinciis
2728 2699 2981 2754 fontibus
3000 2698 3449 2769 ﬂuminibusque

1832 2787 2133 2841 exuberet.
2152 2787 2246 2841 Est
2269 2787 2324 2841 in
2350 2803 2417 2841 ea
2435 2791 2487 2840 et
2511 2787 2669 2854 silva,
2690 2788 2967 2843 vocabulo
2987 2788 3304 2853 Leccenna,
3328 2804 3445 2842 non

1843 2876 2287 2930 contemnenda:
2318 2875 2760 2943 magnitudinis,
2790 2876 3138 2949 Biturigibus
3165 2878 3335 2946 atque
3353 2879 3452 2929 Ar-

1842 2968 2029 3021 vernis
2046 2967 2290 3021 continis
2310 2985 2324 3035 ;
2348 2968 2402 3021 in
2421 2985 2534 3039 qua
2551 2985 2726 3041 usque
2756 2969 2932 3023 hodie
2965 2968 3286 3024 ostenditur
3314 2969 3454 3039 lapi-

1844 3056 1952 3109 dea
1964 3055 2552 3110 domusBrunichildis
2576 3058 2787 3129 reginae
2801 3057 3452 3129 quondamFrancorum

1844 3159 2073 3198 amceno
2111 3144 2266 3209 satis,
2302 3148 2364 3198 ut.
2392 3162 2497 3198 nos
2530 3162 2758 3216 quoque
2788 3145 3130 3218 aspeximus,
3164 3145 3273 3200 sita
3303 3146 3448 3199 loco.

1844 3232 1986 3285 Nam
2023 3231 2283 3284 tluviolus
2333 3248 2462 3285 eam
2503 3236 2901 3301 praeterﬂuens
2940 3234 3155 3305 irrigua
3198 3250 3232 3287 a
3275 3234 3452 3287 latere

1846 3318 2023 3372 efﬁcit
2052 3320 2237 3389 prata,
2262 3335 2591 3390 messesque
2623 3337 2655 3373 a
2676 3321 2870 3375 fronte
2898 3321 3173 3393 oppositae
3206 3320 3449 3392 cingun-

1847 3409 1939 3459 tur
1968 3407 2107 3461 silva
2136 3406 2429 3461 venationi
2456 3424 2733 3479 congrua.
2754 3409 2865 3462 Has
2891 3424 3093 3465 omnes
3136 3410 3458 3481 provincias

1849 3494 1985 3549 dum
2037 3495 2237 3549 Franci
2291 3500 2685 3566 occupassent,
2741 3496 2801 3549 in
2859 3496 2998 3549 duas
3050 3497 3455 3551 tantummodo

1848 3586 2042 3655 partes
2069 3583 2412 3649 dividentes,
2445 3599 2574 3636 eam
2605 3600 2733 3654 qua:
2783 3584 3237 3653 septentrionem
3264 3600 3456 3637 versus

1848 3672 2106 3727 tenditur
2136 3675 2193 3726 et
2223 3672 2373 3726 inter
2403 3672 2616 3727 Mosam
2649 3675 2706 3726 et
2722 3673 2989 3726 Rhenum
3009 3678 3112 3738 est,
3141 3671 3450 3737 Austriam;

1851 3762 2010 3815 illam
2042 3777 2198 3827 vero,
2234 3777 2360 3832 quae
2386 3777 2418 3815 a
2447 3762 2599 3815 Mosa
2621 3760 2694 3815 ad
2724 3759 2975 3831 Ligerim
3008 3756 3203 3831 usque
3235 3760 3453 3831 pertin-

1852 3849 1956 3920 git,
1985 3848 2306 3904 Neustriam
2362 3852 2731 3904 vocaverunt.
2796 3850 2931 3902 Pars
2982 3851 3179 3902 tamen
3230 3847 3457 3917 Lugdu-

1850 3938 2043 3992 nensis
2071 3938 2293 4005 Gallim,
2326 3955 2501 4010 quam
2535 3938 2976 4009 Burgundiones
3017 3939 3456 4009 occupaverant,

1851 4026 2196 4097 Burgundio:
2216 4044 2433 4082 nomen
2463 4026 2725 4081 retinuit.
2748 4025 3058 4098 Aquitania
3087 4043 3314 4099 quoque
3341 4024 3457 4080 avi-

1854 4118 1978 4169 tum
2009 4132 2130 4169 non
2160 4118 2245 4170 est
2271 4115 2509 4187 dignata
2538 4133 2755 4170 nomen
2782 4117 3031 4172 mutare.

1924 4203 2019 4257 His
2051 4204 2121 4258 de
2153 4204 2263 4258 situ
2290 4204 2615 4258 Germanim
2644 4206 2733 4258 vel
2764 4205 2978 4272 Galliae,
3012 4206 3183 4274 prout
3216 4204 3272 4258 in
3302 4202 3460 4257 libris

1852 4294 2113 4346 veterum
2146 4292 2490 4364 investigare
2521 4292 2833 4363 potuimus,
2855 4293 3114 4359 ostensis,
3135 4309 3307 4358 nunc,
3332 4309 3459 4364 quae

1851 4380 2032 4434 Julius
2061 4380 2131 4435 de
2173 4379 2548 4451 antiquorum
2594 4381 3010 4436 consuetudine
3066 4382 3150 4435 vel
3206 4380 3462 4435 moribus

157 4465 205 4514 et
227 4465 624 4538 Lugdunensis
649 4469 904 4520 vocatur.
926 4466 1085 4519 Nunc
1110 4465 1180 4519 de
1212 4464 1439 4535 Belgica
1460 4463 1753 4535 provincia
1772 4466 1825 4525 D
1852 4469 2094 4524 senserit
2119 4468 2433 4536 Gallorum,
2468 4468 2642 4540 ipsius
2672 4471 3019 4542 explicemus
3047 4468 3252 4524 verbis.

162 4550 458 4610 videamus.

220 4642 394 4714 Belga:
415 4646 490 4699 ab
516 4640 792 4697 extremis
812 4642 1003 4696 Galliae
1027 4641 1236 4696 finibus
1255 4642 1538 4697 oriuntur.
1566 4643 1749 4697 Perti-

160 4733 283 4783 nent
304 4735 501 4787 autem
533 4731 609 4785 ad
638 4730 975 4784 inferiorem
1007 4734 1230 4800 partem
1260 4731 1514 4784 ﬂuminis
1544 4732 1748 4798 Rheni,

161 4822 523 4891 spectantque
555 4818 615 4871 in
643 4819 1101 4887 septentrionem
1145 4821 1203 4871 et
1233 4818 1519 4873 orientem
1547 4820 1748 4873 solem.

163 4902 322 4961 Urbes
345 4910 472 4979 ejus
496 4908 730 4977 inclyta:
757 4924 821 4960 ac
836 4907 1091 4975 famosae,
1114 4907 1352 4962 Colonia
1373 4907 1754 4978 Agrippinen-

163 4991 243 5059 sis,
268 4995 529 5068 Tungris,
560 4994 843 5061 Treveris,
877 4994 1053 5060 Motis,
1106 5012 1234 5066 ({lttE
1274 4999 1330 5050 et
1360 4996 1750 5050 Mediomatri-

162 5096 297 5151 cum,
312 5085 526 5151 Remis,
549 5082 877 5148 Laudunus,
897 5083 1241 5151 Suessionis,
1259 5083 1580 5151 Ambianis,
1603 5084 1754 5139 Viro-

168 5173 407 5241 mandus,
440 5174 740 5241 Belvagus,
773 5173 1137 5238 Atrebatum,
1174 5172 1543 5244 Lingonis,et
1572 5191 1753 5245 pagus

169 5258 557 5329 Helvetiorum,
593 5277 770 5332 quem
812 5277 965 5313 nunc
997 5263 1305 5317 Alamanni
1335 5263 1754 5333 incolunt.Ejus

169 5349 437 5415 provincia
454 5350 635 5415 ﬂuvii,
658 5349 913 5415 Scaldus,
949 5350 1226 5420 Matrona,
1248 5356 1420 5422 atque
1441 5354 1591 5407 Mosa
1620 5369 1752 5422 pro-

170 5436 408 5493 tluensex
424 5442 628 5495 monte
644 5438 989 5509 Vosego,qui
1005 5442 1089 5491 est
1107 5438 1161 5492 in
1187 5440 1390 5493 ﬂnibus
1405 5441 1753 5511 Lingonum,

171 5527 221 5576 et
244 5531 395 5595 parte
426 5528 684 5600 quadam
719 5542 785 5579 ex
807 5527 1001 5581 Rheno
1034 5534 1264 5600 recepta
1285 5547 1412 5601 qum
1436 5530 1758 5600 appellatur

174 5611 409 5685 Vaculus,
428 5619 599 5688 vulgo
630 5619 826 5669 autem
851 5616 1059 5670 dicitur
1088 5618 1291 5685 Vualis,
1314 5619 1562 5672 insulam
1584 5618 1757 5672 efﬁcit

176 5698 514 5771 Batavorum,
547 5720 679 5776 qum
710 5702 915 5758 rustico
955 5720 1222 5762 sermone
1254 5710 1490 5762 vocatur
1521 5706 1751 5765 Battua.

2270 4556 2354 4609 De
2384 4559 2710 4612 institutione
2738 4558 3040 4614 Gallorum.

1923 4646 1987 4699 V.
2024 4646 2117 4699 Ait
2138 4662 2277 4717 ergo
2301 4664 2313 4700 :
2339 4647 2399 4700 In
2427 4646 2608 4711 omni,
2633 4646 3122 4719 inquiens,Gallia,
3146 4660 3346 4702 eorum
3364 4646 3464 4701 ho-

1854 4734 2081 4789 minum
2118 4736 2213 4805 qui
2248 4734 2440 4806 aliquo
2462 4738 2597 4789 sunt
2624 4753 2866 4790 numero
2895 4740 3067 4806 atque
3088 4736 3332 4802 honore,
3362 4752 3462 4807 ge-

1856 4840 1999 4878 nera
2024 4827 2157 4878 sunt
2187 4824 2322 4879 duo.
2359 4824 2503 4877 Nam
2537 4823 2693 4894 plebs
2718 4840 2865 4895 pene
2896 4839 3190 4877 servorum
3219 4824 3464 4877 habetur

1853 4913 2002 4977 loco,
2027 4930 2154 4983 qua:
2180 4913 2323 4966 nihil
2349 4913 2523 4965 habet
2548 4928 2653 4982 per
2683 4928 2762 4978 se,
2782 4911 2938 4963 nullo
2958 4911 3265 4966 adhibetur
3284 4912 3467 4967 consi-

1852 5002 1955 5058 lio.
1992 5002 2426 5073 Plerique,cum
2446 5004 2543 5055 aut
2563 5017 2677 5054 mre
2705 5000 3029 5064 alieno,aut
3059 5001 3463 5070 magnitudine

1854 5091 2228 5150 tributorum,
2265 5093 2362 5144 aut
2392 5088 2604 5159 injuria
2649 5086 3042 5159 potentiorum
3091 5090 3462 5157 premuntur,

1855 5196 1976 5233 sese
1999 5178 2057 5233 in
2077 5178 2409 5233 servitutem
2428 5174 3025 5230 addicunt.Nobilibus
3047 5172 3104 5227 in
3132 5174 3235 5227 hos
3253 5176 3459 5229 eadem

1855 5270 1988 5322 sunt
2017 5267 2216 5321 omnia
2239 5266 2392 5336 jura,
2423 5281 2549 5336 quae
2567 5263 2817 5317 dominis
2839 5263 2895 5317 in
2914 5279 3123 5318 servos.
3149 5261 3261 5316 Sed
3287 5262 3462 5317 dehis

1857 5355 2079 5410 duobus
2112 5354 2419 5425 generibus
2475 5354 2721 5405 alterum
2767 5354 2852 5405 est
2892 5352 3185 5420 druidum,
3214 5351 3459 5404 alterum

1858 5442 2138 5513 equitum.
2160 5441 2425 5495 lllirebus
2449 5440 2654 5494 divinis
2674 5438 3461 5512 intersunt,sacriﬁciapubli-

1857 5547 1924 5583 ca
1950 5546 2014 5584 ac
2039 5528 2262 5599 privata
2286 5532 2621 5599 procurant,
2642 5528 2955 5600 religiones
2981 5530 3457 5601 interpretantur.

1857 5617 1944 5671 Ad
1974 5618 2080 5671 hos
2109 5630 2356 5685 magnus
2388 5616 2844 5672 adolescentium
2894 5634 3170 5673 numerus
3211 5618 3460 5692 discipli-

1859 5722 1947 5761 nae
1980 5722 2147 5760 causa
2193 5704 2509 5773 concurrit;
2549 5722 2881 5780 magnoque
2912 5707 2972 5763 hi
3018 5711 3151 5765 sunt
3180 5712 3334 5782 apud
3365 5724 3463 5766 eos
