3862 6210
434 421 537 478 636

1517 417 1781 474 ΑΙΜΟΙΝΙ
1810 415 2038 473 MONAC

2143 415 2640 473 FLORIACENSIS
3623 424 3710 477 636

422 540 669 598 honore.
698 540 840 594 Nam
856 538 977 594 fere
992 538 1063 594 de
1078 539 1348 594 omnibus
1371 541 1772 595 controversiis
1789 538 2030 613 publicis
2053 542 2107 601 Α
2129 556 2187 593 se
2218 540 2623 594 immolaturos
2644 536 3369 611 vovent.Adminislrisque
3397 539 3468 594 ad
3481 556 3547 594 ea
3567 543 3711 596 sacri-

430 619 778 702 privatisque
809 629 1186 687 constituunt.
1215 629 1282 683 Et
1309 629 1354 683 si
1401 630 1558 701 quod
1593 634 1678 683 est
1715 628 2028 684 admissum

422 719 665 785 facinus,
697 717 743 771 si
774 718 959 772 caedes
982 717 1213 785 facta,si
1245 718 1314 772 de
1339 718 1698 784 haereditate,
1719 717 1790 771 de
1820 716 2032 770 ﬁnibus

420 806 809 862 controversia
819 806 1103 874 est,iidem
1117 805 1650 875 discernunt,prcem
1660 804 1714 858 ia
1724 818 2035 876 poenasque

426 895 801 951 constituunt.
831 894 888 948 Si
911 895 1039 966 quis
1059 897 1156 948 aut
1174 893 1425 964 privatus
1440 896 1538 948 aut
1554 893 1798 963 populus
1821 908 2026 946 eorum

429 984 661 1038 decreto
707 1000 825 1038 non
871 982 1114 1049 steterit,
1167 981 1457 1036 sacrificiis
1497 980 1867 1035 interdicunt.
1902 981 2033 1034 Haec

431 1089 604 1144 poena
636 1072 790 1144 apud
831 1089 930 1127 eos
976 1075 1060 1126 est
1089 1069 1442 1142 gravissima.
1473 1069 1688 1134 Quibus
1715 1068 1797 1122 ita
1827 1071 1912 1122 est
1942 1066 2029 1121 in-

430 1160 761 1227 terdictum,
794 1160 856 1214 hi
887 1175 1130 1214 numero
1157 1158 1474 1229 impiorum
1507 1173 1572 1212 ac
1610 1157 2029 1211 scelerarorum

428 1249 736 1303 habentur.
752 1248 848 1302 His
879 1263 1081 1302 omnes
1107 1246 1413 1313 decedunt,
1433 1245 1656 1300 aditum
1677 1260 2031 1299 sermonem-

433 1353 544 1407 que
575 1335 904 1407 diifugiunt,
937 1352 1009 1389 ne
1036 1335 1173 1406 quid
1203 1352 1270 1389 ex
1295 1334 1644 1404 cogitatione
1673 1330 2032 1386 incommodi

431 1425 740 1497 accipiant;
771 1441 960 1496 neque
978 1425 1066 1479 his
1080 1424 1410 1496 petentibus
1436 1424 1528 1494 jus
1558 1422 2032 1493 redditur,neque

432 1514 579 1567 ullus
591 1514 780 1568 honor
793 1511 1376 1568 communicatur.His
1388 1515 1580 1565 autem
1601 1509 1871 1564 omnibus
1885 1509 2034 1563 drui-

435 1601 602 1655 dibus
632 1605 841 1673 praaest
870 1619 1037 1668 unus,
1072 1601 1170 1673 qui
1199 1616 1491 1654 summam
1542 1598 1692 1652 inter
1732 1614 1829 1652 eos
1860 1598 2034 1651 habet

434 1689 981 1744 auctoritatem.Hoc
1004 1691 1256 1755 mortuo,
1280 1688 1326 1743 si
1349 1687 1473 1758 quis
1495 1703 1561 1740 ex
1585 1685 1818 1756 reliquis
1848 1686 2030 1738 excel-

434 1775 521 1842 lit,
559 1777 830 1848 dignitati
870 1776 1156 1843 succedit;
1190 1780 1288 1829 aut
1325 1775 1370 1828 si
1417 1777 1551 1827 sunt
1597 1775 1790 1843 plures
1843 1788 2029 1843 pares,

2131 628 2260 683 ﬁcia
2291 628 2589 683 druidibus
2618 631 2880 694 utuntur,
2911 627 3066 700 quod
3085 644 3190 700 pro
3218 628 3337 682 vita
3354 628 3709 696 hominis,nisi

2134 719 2247 772 vita
2279 717 2532 771 hominis
2552 716 2848 783 reddatur,
2869 733 2987 770 non
3021 733 3187 788 posse
3226 716 3469 774 deorum
3493 717 3706 772 immor-

2135 805 2337 859 talium
2369 821 2586 859 numen
2610 803 2822 875 placari
2843 803 3562 876 arbitrantur,publiceque
3575 806 3709 875 ejus-

2135 893 2266 948 dem
2297 893 2525 964 generis
2551 892 3046 947 babentiustituta
3066 891 3476 947 sacrificia.Alii
3496 893 3705 949 immani

2133 981 2534 1054 magnitudine
2561 981 2866 1034 simulacra
2910 981 3147 1048 habent,
3188 997 3439 1053 quorum
3469 987 3707 1038 contexta

2130 1070 2444 1125 viminibus
2473 1070 2738 1125 membra
2761 1069 2896 1123 vivis
2920 1069 3257 1124 hominibus
3277 1070 3704 1141 complent.0ui-

2131 1160 2237 1214 bus
2285 1159 2587 1225 succensis,
2632 1157 3005 1212 circumventi
3051 1158 3296 1212 ﬂamma
3338 1159 3709 1217 exanimantur

2130 1249 2416 1304 homines.
2453 1247 2745 1319 Supplicia
2775 1263 2978 1301 eorum
3009 1247 3107 1319 qui
3137 1247 3197 1301 in
3229 1247 3384 1300 furto
3416 1250 3512 1301 aut
3547 1246 3599 1300 in
3640 1247 3708 1301 la-

2132 1338 2378 1393 trocinio
2401 1340 2500 1392 aut
2517 1336 2710 1408 aliqua
2725 1353 2877 1391 noxa
2897 1340 3032 1390 sunt
3052 1335 3709 1407 comprehensi,gratiora

2133 1427 2239 1480 diis
2269 1424 2695 1480 immortalibus
2725 1440 2845 1478 esse
2893 1424 3272 1478 arbitrantur.
3313 1423 3422 1477 Sed
3455 1439 3576 1476 cum
3604 1423 3706 1492 ejus

2132 1515 2361 1585 generis
2378 1513 2539 1584 copia
2563 1512 2778 1578 deﬁcit,
2805 1511 2977 1566 etiam
3010 1511 3084 1565 ad
3106 1510 3504 1565 innocentium
3523 1510 3706 1581 suppli-

2132 1603 2220 1656 cia
2250 1601 2624 1656 descendunt.
2657 1601 2838 1654 Deum
2871 1599 3124 1653 maxime
3152 1597 3494 1653 Mercurium
3519 1599 3704 1653 colunt.

2133 1692 2307 1762 Hujus
2333 1693 2466 1744 sunt
2494 1688 2746 1759 plurima
2776 1688 3104 1742 simulacra.
3139 1687 3302 1741 Hunc
3357 1685 3606 1741 omnium
3633 1686 3704 1739 in-

2131 1783 2435 1834 ventorum
2466 1777 2677 1831 artium
2706 1776 2920 1844 ferunt,
2946 1777 3099 1830 hunc
3117 1775 3347 1831 viarum
3373 1777 3538 1844 atque
3567 1773 3708 1826 itine-

434 1864 705 1936 suil‘ragio
737 1865 1040 1930 druidum;
1093 1878 1514 1933 nonnunquam
1545 1861 1723 1916 etiam
1756 1860 1933 1914 armis
1963 1860 2033 1914 de
2059 1889 2108 1947 Β
2134 1884 2265 1922 rum
2295 1868 2521 1932 ducem,
2553 1866 2705 1919 hunc
2738 1865 2810 1919 ad
2852 1868 3101 1936 quaestus
3151 1862 3413 1936 pecunias
3454 1864 3702 1915 mercatu-

433 1953 758 2023 principatu
789 1952 1172 2007 contendunt.
1217 1950 1280 2004 Hi
1322 1953 1478 2004 certo
1515 1949 1650 2005 anni
1679 1953 1944 2020 tempore
1976 1950 2034 2001 in

434 2039 646 2094 finibus
675 2041 1015 2107 Carnutum,
1053 2057 1180 2111 qure
1213 2038 1372 2110 regio
1415 2039 1588 2094 totius
1623 2037 1813 2091 Gallias
1846 2036 2039 2090 media

435 2129 703 2192 habetur,
733 2130 1040 2184 considunt
1068 2130 1126 2183 in
1159 2131 1283 2184 loco
1316 2128 1800 2182 consecrato.Huc
1833 2141 2038 2180 omnes

438 2216 691 2288 undique
723 2217 818 2288 qui
845 2217 1262 2272 controversias
1290 2217 1509 2270 habent
1535 2213 1906 2279 conveniunt,
1940 2229 2036 2266 eo-

436 2321 682 2375 rumque
703 2304 931 2375 judiciis
956 2304 1316 2374 decretisque
1371 2305 1596 2373 parent.
1636 2300 1948 2370 Disciplina
1979 2299 2038 2352 in

439 2393 735 2447 Britannia
765 2395 997 2463 reperta
1026 2396 1197 2462 atque
1223 2390 1358 2446 inde
1383 2389 1443 2444 in
1473 2390 1711 2443 Galliam
1763 2389 2041 2442 translata

439 2497 561 2535 esse
593 2480 970 2534 existimatur.
995 2480 1062 2532 Et
1083 2496 1235 2533 nunc
1267 2478 1362 2549 qui
1394 2476 1724 2548 diligentius
1755 2493 1884 2530 eam
1913 2492 2040 2529 rem

440 2584 789 2639 cognoscere
819 2568 1038 2633 volunt,
1074 2568 1408 2638 plerumque
1435 2565 1532 2619 illo
1565 2563 1822 2620 discendi
1873 2580 2042 2619 causa

441 2655 1150 2726 proﬁciscuntur.Druides
1176 2672 1210 2708 a
1234 2655 1385 2708 bello
1401 2655 1598 2708 abesse
1627 2656 2043 2707 consueverunt

441 2759 629 2814 neque
643 2742 858 2797 tributa
888 2757 1000 2798 una
1032 2759 1161 2796 cum
1185 2741 1419 2813 reliquis
1441 2741 1936 2814 pendunt.Militiee
1953 2759 2043 2796 va-

441 2829 729 2885 cationem
750 2831 1130 2903 omniumque
1143 2847 1338 2886 rerum
1351 2830 1570 2884 habent
1586 2829 2038 2884 immunitatem.

438 2918 634 2973 Tantis
660 2918 885 2973 excitati
913 2919 1179 2990 praemiis,
1219 2922 1277 2972 et
1301 2936 1403 2972 sua
1432 2921 1637 2990 sponte
1671 2917 1840 2971 multi
1871 2917 1928 2970 in
1957 2917 2042 2972 di-

438 3005 736 3078 sciplinam
753 3007 1232 3073 conveniunt,eta
1248 3006 1580 3078 parentibus
1593 3005 2043 3078 propinquisque

442 3094 1047 3166 mittuntur.Magnum
1068 3095 1147 3150 ibi
1173 3111 1483 3150 numerum
1501 3111 1768 3148 versuum
1792 3093 2042 3149 ediscere

2137 1971 2342 2027 rasque
2401 1955 2613 2008 habere
2662 1953 2774 2006 vim
2828 1951 3143 2006 maximam
3191 1949 3562 2005 arbitrantur.
3600 1950 3710 2002 Post

2137 2045 2290 2098 hunc
2318 2042 2674 2113 Apollinem,
2707 2044 2766 2094 et
2797 2041 3060 2108 Martem,
3095 2043 3154 2094 et
3191 2040 3412 2104 Jovem,
3439 2041 3494 2091 ct
3534 2036 3707 2091 Miner-

2137 2147 2289 2185 vam.
2323 2132 2400 2184 De
2446 2129 2532 2183 his
2577 2128 2848 2183 eamdem
2888 2129 3008 2182 fere
3051 2143 3230 2199 quam
3272 2126 3502 2197 reliquae
3539 2125 3708 2194 gentes

2137 2220 2353 2273 habent
2383 2217 2744 2288 opinionem,
2777 2216 3104 2286 Apollinem
3150 2215 3390 2268 morbos
3436 2211 3706 2283 depellere,

2137 2308 2451 2363 Minervam
2466 2323 2708 2377 operum
2725 2310 2896 2375 atque
2914 2303 3294 2359 artificiorum
3312 2301 3474 2356 initia
3491 2298 3706 2363 tradere,

2138 2397 2336 2450 Jovem
2363 2394 2676 2466 imperium
2694 2395 2918 2448 cmleste
2935 2394 3399 2464 tenere,Martem
3410 2389 3553 2444 bella
3570 2401 3707 2457 gere,

2140 2501 2224 2538 re.
2249 2483 2545 2549 Huic,cum
2570 2482 2767 2553 praelio
2789 2481 3065 2536 dimicare
3085 2480 3592 2542 constituerunt,ea
3603 2489 3706 2544 qua:

2139 2572 2291 2626 bello
2316 2571 2575 2641 ceperint
2595 2571 2936 2642 plerumque
2959 2569 3265 2636 devotcnt;
3300 2583 3425 2638 qua:
3451 2576 3709 2633 superave-

2141 2659 2260 2713 rint
2295 2659 2573 2714 animalia
2602 2661 2770 2730 capta
2809 2657 3139 2724 immolant,
3172 2655 3532 2726 reliquasque
3558 2665 3636 2703 res
3662 2647 3705 2699 in

2143 2764 2322 2802 unum
2355 2749 2545 2801 locum
2576 2746 2904 2801 conferunt.
2939 2745 3120 2800 Multis
3166 2744 3229 2798 in
3279 2739 3584 2797 civitatibus
3623 2735 3705 2788 ha-

2143 2853 2274 2890 rum
2307 2852 2501 2889 rerum
2539 2838 2853 2889 exstructos
2907 2833 3160 2888 tumulos
3211 2830 3350 2886 locis
3405 2821 3706 2882 consecratis

2144 2923 2462 2994 conspicari
2491 2923 2651 2977 licet.
2693 2924 2887 2994 Neque
2930 2937 3082 2991 saepe
3139 2919 3348 2975 accidit
3385 2919 3446 2970 ut
3485 2912 3708 2983 neglecta

2144 3012 2427 3083 quispiam
2461 3011 2763 3082 religione,
2796 3013 2895 3065 aut
2924 3012 3092 3080 capta
3122 3007 3279 3079 apud
3331 3021 3387 3059 se
3439 3000 3701 3089 occultare,

2145 3105 2244 3154 aut
2271 3100 2458 3170 posita
2482 3101 2686 3154 tollere
2717 3099 2992 3166 auderet;
3027 3096 3538 3167 gravissimumque
3565 3086 3608 3142 ei
3635 3086 3701 3138 rei

440 3183 726 3238 dicuntur.
747 3185 943 3255 Itaque
966 3201 1148 3239 annos
1165 3183 1645 3255 vigintinonnulli
1667 3183 1725 3237 in
1744 3182 2044 3252 disciplina
2065 3169 2112 3229 (ἶ
2144 3169 2489 3260 supplicium
2522 3205 2653 3242 cum
2677 3187 2928 3242 cruciatu
2960 3186 3341 3241 constitutum
3371 3183 3470 3235 est.

441 3274 811 3342 permanent,
840 3289 1026 3344 neque
1055 3273 1142 3327 fas
1189 3289 1310 3327 esse
1351 3271 1687 3326 existimant
1724 3287 1793 3325 ea
1841 3270 2044 3325 litteris

443 3359 880 3427 mandare,cum
907 3359 964 3414 in
991 3360 1226 3433 reliquis
1253 3361 1375 3414 fere
1401 3361 1572 3414 rebus
1603 3358 1843 3430 publicis
1860 3359 2046 3430 priva-

443 3447 630 3519 tisque
652 3448 972 3504 rationibus
1001 3449 1207 3504 Graecis
1254 3448 1463 3504 litteris
1501 3450 1759 3502 utantur.
1793 3447 1853 3501 Id
1901 3446 2043 3501 mihi

445 3535 666 3590 duabus
696 3537 767 3591 de
796 3536 979 3591 causis
1018 3536 1326 3591 instituisse
1351 3536 1638 3603 videntur,
1672 3535 1829 3607 quod
1855 3551 2042 3605 neque

441 3623 501 3678 in
526 3625 761 3696 vulgum
789 3625 1153 3696 disciplinam
1184 3624 1376 3679 efferri
1396 3624 1592 3690 velint,
1609 3640 1796 3693 neque
1823 3639 1921 3677 eos
1945 3622 2042 3693 qui

443 3712 689 3780 discunt,
722 3713 929 3768 litteris
960 3712 1434 3779 conﬁsos,minus
1461 3711 1760 3765 memorias
1791 3710 2039 3764 studere.

443 3799 606 3864 Quod
636 3802 758 3856 fere
775 3801 1062 3874 plerisque
1093 3801 1322 3866 accidit,
1348 3802 1409 3853 ut
1430 3798 1698 3870 praesidio
1719 3798 2042 3852 litterarum

445 3889 807 3960 diligentiam
838 3890 896 3944 in
921 3889 1317 3961 praedisceudo
1354 3903 1419 3940 ac
1459 3885 1804 3940 memoriam
1838 3886 2042 3940 remit-

442 3979 588 4032 tant.
623 3980 686 4031 ln
719 3977 920 4048 primis
952 3978 1060 4032 hoc
1091 3978 1293 4030 volunt
1308 3975 1656 4048 persuadere
1687 3992 1792 4028 non
1824 3976 2043 4030 interire

442 4067 673 4132 animas,
706 4065 794 4118 sed
822 4065 890 4118 ab
916 4064 1033 4117 aliis
1049 4070 1172 4134 post
1191 4070 1413 4117 mortem
1439 4064 1665 4116 transire
1691 4063 1761 4116 ad
1789 4063 1938 4130 alios,
1965 4068 2044 4118 at-

442 4169 554 4222 que
581 4153 689 4206 hoc
717 4151 966 4206 maxime
997 4152 1070 4206 ad
1097 4151 1365 4207 virtutem
1385 4151 1614 4206 excitari
1647 4155 2040 4223 putant,metu

444 4239 649 4294 mortis
693 4239 991 4295 exstincto.
1038 4240 1210 4295 Multa
1253 4245 1537 4310 praeterea
1565 4240 1636 4294 de
1666 4239 1946 4296 sideribus
1977 4258 2043 4296 ac

444 4343 646 4382 eorum
679 4330 863 4395 motu,
891 4328 960 4382 de
987 4327 1192 4382 mundi
1213 4344 1279 4382 ac
1300 4331 1584 4383 terrarum
1614 4329 2038 4400 magnitudine,

446 4415 516 4469 de
547 4431 744 4470 rerum
769 4419 996 4487 natura,
1027 4416 1099 4472 de
1140 4417 1384 4472 deorum
1426 4417 1849 4473 immortalium
1893 4417 1948 4471 vi
1977 4435 2042 4473 ac
2066 4457 2119 4516 D

443 4507 726 4575 potestate
757 4505 1070 4576 disputant.
1101 4508 1159 4560 et
1181 4505 1471 4576 juventuti
1498 4505 1756 4560 tradunt.

515 4593 774 4648 Alterum
805 4610 987 4665 genus
1010 4598 1095 4648 est
1121 4594 1653 4666 equitum.Hi,cum
1681 4597 1767 4648 est
1798 4597 2042 4660 usus,at-

444 4697 557 4752 que
581 4681 813 4754 aliquod
836 4683 1053 4737 bellum
1081 4682 1300 4750 incidit,
1324 4683 1479 4756 quod
1498 4682 1619 4736 fere
1650 4685 1786 4736 ante
1810 4681 2045 4736 Caesaris

443 4769 754 4825 adventum
788 4772 1096 4843 quotannis
1129 4772 1386 4826 accidere
1430 4771 1670 4838 solebat,
1701 4774 1763 4824 ut
1809 4774 1908 4825 aut
1937 4769 2044 4841 ipsi

442 4859 682 4931 injurias
708 4860 1013 4928 inferrent,
1045 4863 1145 4914 aut
1171 4861 1356 4915 illatas
1379 4861 1806 4931 propulsarent,
1840 4876 2046 4916 omnes

441 4946 499 5000 in
526 4948 676 5003 bello
693 4953 1026 5016 versantur;
1053 4951 1456 5020 atque,eorum
1483 4952 1546 5000 ut
1568 4947 1808 5020 quisque
1825 4964 2042 5020 genere

441 5036 732 5109 copiisque
786 5036 1192 5108 amplissimus,
1234 5036 1314 5090 ita
1370 5035 1654 5108 plurimos
1707 5035 1924 5090 circum
1979 5053 2041 5091 se

440 5124 736 5178 ambactos
781 5124 1132 5196 clientesque
1164 5125 1357 5182 habet.
1392 5125 1547 5179 Hanc
1578 5141 1755 5178 unam
1786 5124 2035 5197 gratiam

438 5211 880 5284 potentiamque
921 5215 1224 5268 noverunt.

887 5299 970 5354 De
1008 5301 1288 5356 Gallorum
1320 5301 1596 5370 religione.

511 5388 599 5440 Vl.
617 5387 779 5442 Natio
806 5392 891 5444 est
911 5389 1174 5443 omnium
1197 5389 1488 5444 Gallorum
1509 5389 1824 5444 admodum
1846 5390 2042 5445 dedita

440 5475 839 5544 religionibus,
863 5480 1055 5547 atque,
1077 5478 1151 5532 ob
1179 5494 1308 5532 eam
1330 5477 1686 5549 causam,qui
1709 5479 2038 5533 suntaﬂ‘ecti

442 5561 804 5634 gravioribus
833 5564 1070 5633 morbis,
1098 5565 1309 5637 quique
1336 5567 1395 5621 in
1423 5567 1634 5637 prwliis
1663 5565 2041 5639 periculisque

442 5651 765 5718 versantur,
799 5655 900 5706 aut
925 5667 1029 5723 pro
1055 5652 1294 5710 victimis
1323 5654 1589 5710 homines
1607 5653 2043 5722 immolaut,aut

2617 3276 2700 3330 De
2731 3275 3008 3330 Gallorum
3033 3276 3260 3344 origine.

2213 3364 2324 3417 νη.
2349 3364 2488 3418 Galli
2512 3381 2570 3418 se
2590 3380 2793 3419 omnes
2824 3364 2897 3418 ad
2920 3363 3046 3419 Dite
3075 3365 3242 3434 patre
3269 3357 3566 3431 prognatos
3582 3362 3699 3420 pra:-

2145 3451 2538 3522 dicant,idque
2551 3452 2621 3506 ab
2637 3451 2933 3506 druidibus
2952 3451 3250 3523 proditum
3270 3439 3562 3503 dicunt.0b
3580 3437 3699 3490 hanc

2144 3556 2375 3594 causam
2399 3540 2582 3610 spatia
2600 3540 2919 3594 omnistem
2930 3538 3084 3611 poris
3097 3554 3218 3592 non
3238 3547 3474 3592 numero
3491 3527 3697 3611 dierum,

2145 3628 2245 3682 sed
2275 3609 2532 3682 noctium
2563 3628 2792 3682 ﬁniunt.
2829 3609 2958 3682 Dies
2988 3627 3232 3693 natales,
3265 3627 3322 3679 et
3369 3615 3624 3675 mensium
3655 3609 3699 3659 el

2143 3733 2433 3771 annorum
2457 3717 2624 3770 initia
2644 3716 2722 3771 sic
2744 3717 3071 3780 observant,
3092 3718 3155 3769 ut
3184 3716 3412 3769 noctem
3425 3706 3534 3761 dies
3545 3699 3699 3790 subse-

2143 3805 2438 3875 quatur.ln
2459 3804 2692 3874 reliquis
2717 3803 2844 3858 vitae
2868 3802 3143 3856 institutis
3158 3802 3270 3856 hoc
3291 3801 3411 3854 fere
3449 3811 3480 3847 a
3506 3787 3696 3880 reliqui?

2144 3871 2438 3958 dilferunt,
2466 3871 2621 3962 quod
2647 3908 2777 3946 suos
2802 3891 3035 3956 liberos,
3066 3889 3171 3944 nisi
3222 3904 3351 3943 cum
3392 3871 3695 3938 adoleverint

2144 3984 2206 4034 ut
2239 3996 2447 4033 munus
2479 3961 2700 4033 militiae
2731 3979 3013 4034 sustinere
3055 3977 3296 4050 possint,
3342 3973 3520 4045 palam
3557 3961 3617 4016 ad
3646 3973 3690 4010 53

2143 4067 2259 4121 adii
2274 4083 2302 4121 e
2318 4082 2434 4121 non
2454 4067 2769 4137 patiuntur,
2791 4066 3089 4138 ﬁliumque
3111 4063 3316 4136 puerili
3353 4061 3509 4115 astate
3535 4053 3585 4105 in

2145 4155 2290 4211 blico
2309 4155 2368 4209 in
2388 4135 2694 4226 conspectu
2716 4155 2895 4226 patris
2915 4135 3176 4209 assistere
3200 4157 3366 4223 turpe
3385 4135 3691 4202 ducunt.Viri

2144 4247 2389 4315 quantas
2406 4242 2676 4314 pecunias
2694 4245 2766 4299 ab
2796 4242 3064 4298 uxoribus
3081 4242 3232 4297 dotis
3251 4235 3480 4296 nomine
3499 4236 3690 4292 accepe-

2144 4335 2298 4399 runt,
2333 4336 2521 4386 tantas
2552 4349 2617 4386 ex
2649 4333 2762 4386 suis
2806 4330 2974 4387 bonis
3013 4331 3391 4386 aestimatione
3428 4321 3564 4376 facta
3587 4323 3688 4365 cum

2144 4420 2372 4476 dotibus
2392 4420 2844 4475 communicant.
2877 4421 3052 4492 Hujus
3073 4419 3264 4474 omnis
3277 4405 3599 4485 conjunctim
3613 4412 3688 4492 ρε-

2144 4508 2326 4562 cuniae
2357 4508 2504 4562 ratio
2531 4508 2778 4562 habetur
2804 4508 3137 4580 fructusque
3169 4505 3495 4562 servantur;
3520 4494 3570 4546 et
3591 4486 3690 4540 uter

2144 4611 2345 4650 eorum
2372 4596 2486 4650 vita
2508 4596 2880 4666 superaverit,
2905 4597 2977 4651 ad
2996 4613 3128 4650 eum
3152 4611 3283 4666 pars
3303 4582 3686 4669 utriusqug

2144 4683 2422 4738 fructibus
2451 4684 2812 4754 superiorum
2853 4688 3187 4756 temporum
3234 4673 3498 4755 pervenit.
3527 4664 3621 4756 Vir!
3643 4664 3684 4709 ιη

2146 4789 2371 4839 uxores,
2398 4772 2557 4826 sicuti
2577 4772 2634 4825 in
2666 4772 2899 4840 liberos,
2923 4755 3052 4828 vita:
3089 4771 3355 4842 necisque
3391 4755 3583 4818 habent
3609 4759 3684 4842 ροο

2146 4838 2654 4918 testatcm.Etcum
2676 4838 3091 4931 paterfamilias
3109 4838 3408 4915 illustriore
3428 4851 3539 4904 loco
3559 4838 3688 4931 llam?

2147 4949 2462 5019 decessit,ej
2474 4929 2856 5022 uspropinqui
2884 4949 3254 5016 conveniunt,
3275 4949 3333 5000 et
3357 4942 3423 4996 de
3457 4929 3632 5023 morti”
3653 4931 3685 5023 ξ’

2144 5054 2234 5092 res
2258 5037 2318 5091 in
2355 5037 2740 5109 suspicionem
2766 5038 2944 5105 venit,
2978 5039 3048 5093 de
3084 5038 3352 5092 uxoribus
3390 5028 3442 5082 in
3469 5012 3684 5109 servnlerp

2144 5127 2385 5180 modum
2416 5097 2795 5198 quaestionem
2827 5097 3063 5182 habent.
3082 5128 3147 5180 Et
3174 5126 3217 5180 si
3244 5115 3578 5198 comperti"?
3603 5097 3684 5198 εἶθ

2143 5213 2264 5285 igni
2295 5217 2465 5285 atquc
2498 5215 2769 5269 omnibus
2799 5215 3105 5271 tormentis
3138 5208 3474 5270 excruciatas
3506 5180 3684 5292 inter?“

2144 5268 2321 5357 ciunt.
2350 5268 2574 5358 funera
2595 5268 2850 5376 suntpro
2865 5268 3338 5358 cultuGallorum
3361 5268 3685 5376 ωεεηίηοῗῗί

2143 5394 2500 5462 sumptuosa,
2533 5396 2590 5446 et
2619 5391 2818 5446 omnia
2850 5409 2977 5464 quia
3009 5392 3145 5446 vivis
3193 5386 3346 5445 cordi
3385 5377 3538 5467 ἷυίεῗῗ
3566 5359 3681 5467 ari)?

2145 5482 2391 5545 trantur,
2438 5479 2495 5533 in
2532 5479 2726 5550 ignem
2774 5479 3052 5546 inferunt,
3101 5479 3273 5533 etiam
3311 5458 3589 5526 animalia;
3616 5458 3680 5550 3:!

2143 5569 2311 5641 paulo
2341 5584 2513 5639 supra
2537 5569 2684 5622 hanc
2714 5568 3234 5632 memoriam,servi
3252 5555 3551 5641 etclienteﬁy
3567 5543 3679 5641 qt‘i’s

2144 5635 2214 5714 ab
2238 5656 2324 5711 his
2352 5635 2588 5712 dilectos
2607 5674 2728 5713 esse
2745 5658 3071 5724 constabat,
3091 5656 3259 5728 justis
3280 5639 3550 5708 funeribus
3575 5635 3679 5678 con-
