3862 6210
111 438 204 495 637

1188 437 1514 496 HISTORIA
1536 438 1992 497 FRANCORUM.
2030 470 2101 481 —
2131 439 2259 496 LIB.
2285 440 2330 496 I.

3312 444 3418 503 638

106 564 268 631 tectis,
297 580 415 620 una
443 565 882 622 cremabantur.
902 564 1039 632 Quae
1067 565 1322 623 civitates
1334 566 1699 622 commodius
1719 569 1776 628 Α
1801 567 2160 641 antepositis,
2184 584 2302 624 non
2327 566 2588 623 videatur
2618 565 2817 624 lectori
2842 580 3153 623 onerosum
3173 565 3420 622 duorum

104 668 244 708 suam
267 652 698 723 rempublicam
723 654 1127 710 administrare
1152 655 1573 722 existimantur,
1602 655 1702 710 ha-

106 744 225 797 bent
253 741 475 811 legibus
505 746 798 809 sanctum,
829 742 873 797 si
903 743 1030 815 quis
1059 742 1197 814 quid
1235 743 1306 797 de
1345 741 1638 814 republica
1667 758 1703 797 a

106 828 335 883 ﬁnitimis
368 845 621 885 rumore
646 833 745 885 aut
774 831 931 886 fama
956 830 1258 903 acceperit,
1291 829 1373 884 uti
1399 830 1472 884 ad
1514 829 1700 901 magi-

106 920 319 973 stratum
335 916 595 984 deferat,
624 935 762 974 neve
791 934 925 974 cum
959 936 1074 990 quo
1104 918 1214 973 alio
1262 918 1652 972 communicet
1682 935 1697 986 ;

105 1008 383 1079 quodsepe
402 1008 684 1063 homines
698 1008 1037 1064 temerarios
1054 1006 1540 1080 atqueimpeditos
1551 1007 1706 1062 falsis

106 1095 723 1166 rumoribus:terreri,et
736 1098 811 1151 ad
828 1098 1049 1151 facinus
1061 1096 1365 1167 impelli,et
1382 1096 1452 1151 de
1466 1095 1706 1150 summis

104 1186 250 1239 rebus
280 1184 598 1239 consilium
632 1201 837 1257 capere
875 1185 1176 1256 cognitum
1212 1187 1315 1239 est.
1349 1184 1707 1255 Magistratus

105 1289 209 1344 quae
235 1271 348 1326 visa
365 1275 507 1327 sunt
533 1274 850 1339 occultant,
878 1289 1121 1345 quaeque
1134 1288 1257 1326 esse
1270 1288 1336 1326 ex
1355 1288 1457 1326 usu
1478 1272 1704 1343 judica-

104 1361 262 1415 verint
290 1361 668 1417 multitudini
696 1362 973 1433 produnt.
1004 1364 1084 1417 De
1111 1360 1408 1433 republica
1447 1360 1554 1415 nisi
1605 1376 1709 1433 per

108 1449 389 1506 concilium
421 1450 594 1522 loqui
628 1467 746 1505 non
779 1451 1135 1506 conceditur.

460 1539 553 1594 De
592 1539 711 1593 aliis
744 1538 1022 1593 Gallorum
1051 1542 1325 1594 institutis.

164 1627 285 1683 VIII.
319 1629 493 1693 Item,
527 1627 693 1682 idem
724 1628 844 1698 ipse
874 1628 1060 1683 alioin
1082 1627 1440 1699 Iocoinquit:
1461 1627 1555 1680 Est
1581 1626 1709 1692 hoc,

106 1715 338 1785 inquam,
364 1715 585 1770 Galicse
626 1715 1072 1782 consuetudinis,
1087 1716 1169 1771 uti
1185 1718 1243 1770 et
1263 1715 1507 1770 viatores
1525 1712 1704 1768 etiam

102 1802 283 1858 invitos
311 1803 643 1859 consistere
665 1806 896 1875 cogant,
915 1804 1119 1876 etquid
1140 1804 1381 1876 quisque
1396 1818 1597 1857 eorum
1629 1800 1700 1855 de

1798 656 2249 712 clarissimorum
2276 657 2543 729 exempla
2563 657 2905 711 subnectere
2935 654 3216 722 virorum,
3237 654 3421 709 Orosii

1801 748 1973 816 atque
1991 743 2344 812 Sallustii,de
2362 745 2571 799 virtute
2586 746 2812 816 prolata
2827 741 3423 807 Gallorum.0uamvis

1801 831 1957 886 enim
1980 831 2039 886 id
2069 832 2366 903 praefactio
2396 849 2512 888 non
2543 831 2917 905 spoponderit
2944 849 3004 887 se
3035 836 3315 897 acturam,
3334 834 3422 886 ta-

1802 935 1937 974 men
1951 936 2270 991 congruum
2283 921 2631 976 aestimatum
2647 925 2733 976 est
2749 922 2995 977 duorum
3011 924 3110 976 aut
3120 920 3297 975 trium
3310 923 3423 976 tes-

1802 1008 2569 1077 timoniainserere,ut,dum
2592 1026 2794 1065 eorum
2818 1010 2994 1064 virtus
3013 1025 3229 1081 magna
3249 1007 3424 1064 fuisse

1804 1097 2061 1164 docetur,
2098 1098 2286 1169 major
2332 1098 2609 1153 fortitudo
2642 1100 2993 1154 Francorum
3020 1099 3118 1171 qui
3149 1114 3249 1154 eos
3273 1098 3422 1153 vice-

1803 1186 2089 1252 runt,fore
2114 1186 2459 1241 declaretur.
2504 1186 2599 1241 Ait
2629 1187 2878 1260 denique
2909 1187 3139 1243 Orosius
3164 1203 3178 1242 :
3214 1210 3242 1236 «
3269 1187 3421 1252 Quo-

1805 1273 2180 1346 tiescumque,
2210 1275 2496 1347 inquiens,
2523 1275 2663 1330 Galli
2711 1272 3048 1333 exarserunt
3078 1280 3282 1331 contra
3309 1277 3421 1331 Ro-

1809 1377 2033 1425 manos,
2063 1362 2278 1418 scilicet
2304 1363 2440 1418 totis
2479 1364 2684 1437 opibus
2713 1364 2845 1431 suis,
2878 1364 2958 1419 ita
2995 1364 3173 1419 Soma
3213 1363 3424 1419 detrita

1809 1452 1895 1505 est
1938 1454 2003 1506 ut
2031 1451 2136 1506 sub
2188 1452 2457 1522 praesenti
2488 1468 2641 1507 nunc
2686 1452 3060 1509 concursione
3104 1453 3422 1509 Gothorum

1811 1539 1998 1609 magis
2014 1539 2222 1595 debeat
2245 1540 2578 1596 meminisse
2589 1542 2901 1597 Gallorum.
2916 1562 2944 1591 »
2969 1541 3102 1596 Ideo
3124 1558 3259 1597 vero
3282 1557 3426 1613 prte-

1811 1630 2034 1682 sentem
2081 1628 2220 1682 dicit
2264 1629 2700 1685 concursionem
2746 1631 3085 1697 Gothorum,
3119 1630 3247 1701 quia
3303 1630 3426 1701 ejus

1810 1714 2170 1785 temporibus
2197 1716 2363 1771 Gotbi
2387 1717 2642 1787 primum
2672 1719 2917 1773 Romam
2944 1721 3224 1791 ceperunt
3251 1734 3426 1790 ;quos

1810 1805 2011 1873 postea
2030 1802 2230 1857 Franci
2245 1804 2523 1872 vicerunt,
2549 1808 2609 1860 ut
2630 1805 2688 1860 in
2704 1806 3076 1878 sequentibus
3110 1806 3426 1861 declarabi-

107 1907 421 1964 quacunque
452 1908 519 1946 re
553 1892 809 1947 audierit
833 1895 931 1947 aut
953 1892 1290 1963 cognoverit
1315 1892 1579 1963 quierant
1610 1905 1623 1943 :
1657 1890 1715 1943 et
1739 1888 1790 1947 B
1811 1890 2229 1946 tur.SalIustius
2253 1895 2448 1947 autem
2468 1892 2548 1947 ita
2568 1892 2765 1948 scribit
2788 1910 2801 1947 :
2830 1912 2861 1947 α
2883 1895 2991 1948 Per
3015 1893 3170 1948 idem
3196 1896 3427 1965 tempus

106 1985 428 2036 mercatores
440 1981 503 2037 in
519 1980 757 2053 oppidis
771 1982 971 2051 vulgus
987 1978 1713 2051 circumsistat,quibusque

108 2084 161 2122 ex
182 2069 507 2141 regionibus
539 2069 803 2135 veniant,
821 2086 1079 2141 quasque
1112 2068 1191 2123 ibi
1222 2085 1314 2122 res
1334 2064 1714 2137 cognoverint

107 2158 456 2227 pronuntiare
499 2160 745 2228 cogant.
780 2158 872 2211 llis
901 2158 1072 2211 rebus
1106 2160 1275 2227 atque
1322 2153 1713 2209 auditionibus

107 2246 348 2314 permoti,
372 2246 447 2301 de
506 2246 763 2301 summis
818 2262 968 2316 saepe
1015 2245 1188 2299 rebus
1222 2243 1458 2299 consilia
1486 2241 1710 2308 ineunt,

107 2348 321 2403 quorum
354 2351 455 2389 eos
486 2351 520 2388 e
565 2333 814 2404 vestigio
849 2333 1130 2404 paznitere
1170 2348 1399 2387 necesse
1432 2332 1537 2395 est,
1579 2343 1712 2381 cum

106 2418 304 2475 incertis
326 2423 599 2477 motibus
619 2421 888 2487 serviant,
914 2426 972 2475 et
989 2422 1248 2493 plerique
1260 2421 1333 2475 ad
1353 2420 1712 2473 voluntatem

110 2524 283 2563 eorum
299 2510 435 2566 ﬁcta
457 2509 881 2582 respondeant.
898 2510 992 2563 llis
1014 2509 1086 2564 de
1099 2508 1247 2564 libro
1264 2509 1289 2563 .I
1298 2507 1394 2562 ulii
1414 2508 1712 2563 sententiis

1812 1978 1966 2034 haud
1982 1978 2223 2033 dubium
2236 1979 2555 2051 quin,quan
2564 1980 2636 2035 do
2652 1981 2866 2035 bellum
2880 1982 3425 2051 contraJugurtham

1814 2083 1847 2120 a
1894 2066 2170 2121 Romanis
2228 2068 2557 2137 gerebatur,
2587 2085 2621 2122 a
2675 2068 2911 2122 ducibus
2950 2068 3181 2125 nostris.
3213 2067 3425 2133 Quinto

1815 2155 2083 2225 Scipione
2114 2157 2173 2209 et
2202 2156 2474 2210 Memmio
2499 2156 2724 2222 Manlio,
2759 2157 3027 2211 adversus
3053 2157 3240 2212 Gallos
3274 2158 3427 2213 male

1815 2246 2136 2314 pugnatum
2150 2246 2254 2298 est.
2272 2243 2395 2306 Quo
2419 2247 2577 2298 metu
2597 2243 2787 2298 omnis
2802 2244 3427 2301 Italia'contremuerat.

1814 2330 2013 2401 Illique
2037 2333 2096 2385 et
2120 2348 2297 2403 usque
2315 2332 2386 2386 ad
2419 2334 2677 2387 nostram
2704 2332 3051 2387 memoriam
3074 2333 3321 2388 Romani
3349 2335 3426 2389 sic

1814 2419 2091 2485 habuere,
2123 2420 2235 2475 alia
2268 2420 2466 2475 omnia
2513 2419 2707 2475 virtuti
2748 2438 2863 2476 sua:
2894 2437 3080 2492 prona
3108 2438 3262 2491 esse;
3290 2440 3425 2479 eum

1817 2508 1987 2564 Gallis
2015 2525 2121 2580 pro
2147 2510 2349 2576 salute,
2382 2527 2500 2565 non
2533 2526 2638 2582 pro
2670 2510 2857 2581 gloria
2892 2511 3121 2566 certari.
3157 2533 3185 2560 ιι

456 2715 890 2853 INCIPIT
972 2712 1598 2851 PROOEMIUM
1676 2714 2225 2851 HISTOIR/E
2306 2715 3019 2854 FRANGORUM.

168 2949 418 3021 Regnum
439 2948 1357 3020 Francorum,antiquaTrojanm
1377 2948 1567 3020 gentis
1583 2964 1716 3019 pro-
1741 2952 1787 3010 C
1815 2965 1877 3003 re
1911 2948 2267 3005 daamonum.
2290 2950 2704 3006 NamCreatori
2726 2951 2914 3023 potius
2944 2967 3116 3024 quam
3149 2955 3428 3008 creatura:

112 3037 246 3108 sapia
264 3039 807 3103 nobilitatum,cum
826 3036 1081 3091 virorum
1095 3036 1302 3091 ferocis
1317 3036 1575 3108 corporis
1590 3036 1714 3091 ani-

114 3125 280 3196 mique
308 3128 550 3193 virtute,
587 3129 712 3180 tum
736 3124 985 3180 maxime
1001 3141 1206 3196 regum
1239 3125 1718 3181 excellentissima

115 3228 313 3285 semper
340 3216 605 3287 viguisse
634 3213 916 3284 potentia,
942 3214 1066 3268 luce
1088 3212 1293 3267 clarius
1318 3216 1560 3267 constat.
1577 3213 1715 3277 Quae

115 3318 201 3372 pro
220 3309 369 3360 certo
402 3304 599 3367 natio,
622 3302 758 3356 licet
786 3318 855 3356 eo
888 3318 1000 3373 quo
1029 3305 1294 3356 censetur
1311 3301 1547 3355 nomine
1577 3318 1718 3373 pra:-

113 3391 248 3447 ferox
275 3409 394 3449 esse
428 3394 715 3448 noscatur
747 3407 761 3457 ;
793 3390 1251 3445 mansuetudinis
1270 3392 1470 3444 tamen
1498 3390 1719 3460 ejusin-

116 3478 278 3548 signia
294 3481 437 3536 adeo
464 3481 728 3543 elucent,
751 3481 811 3532 ut
831 3477 1137 3532 rebellium
1154 3479 1301 3531 colla
1321 3476 1574 3531 hostium
1602 3493 1718 3531 non

113 3566 211 3620 tam
225 3567 431 3624 vindici
444 3568 633 3623 ferire
652 3582 928 3620 mucrone
948 3582 1124 3636 quam
1157 3565 1262 3620 sibi
1284 3564 1566 3635 subjicere
1600 3580 1720 3619 ma-

113 3653 275 3710 luerit.
305 3658 550 3722 Verum,
586 3658 651 3708 ut
682 3653 1104 3719 diximus,cum
1123 3670 1372 3724 regnum
1392 3653 1723 3723 praecellen-

113 3741 304 3800 tissima
330 3744 612 3801 ﬂoruerit
637 3742 981 3797 auctoritate
1011 3742 1382 3813 vitorumque
1415 3742 1725 3811 praevalida

113 3831 613 3897 animositate,non
630 3835 745 3884 tam
764 3830 1252 3901 ﬁniumampliare
1265 3830 1448 3899 spatia
1464 3846 1723 3891 suorum,

114 3934 263 3988 quam
277 3939 338 3977 ex
348 3928 587 3977 trarum
603 3918 1020 3989 sibiacquirere
1033 3917 1721 3972 studuitdominationem

113 4008 653 4075 gentium.Vividam
671 4022 923 4077 namque
941 4006 1091 4060 bello
1107 4005 1366 4060 dextram
1385 4005 1720 4077 praeferens,

116 4097 162 4146 et
186 4112 409 4167 parcere
454 4098 637 4152 norat
680 4093 970 4164 subjectis,
1012 4096 1071 4148 et
1101 4093 1388 4148 debellare
1418 4093 1716 4166 superbos.

117 4180 234 4244 Quae
262 4204 378 4243 non
421 4184 735 4243 immerito
758 4182 998 4237 domina
1012 4182 1322 4236 multarum
1349 4182 1525 4237 evasit
1549 4181 1733 4237 natio-

1814 3037 1981 3092 subdi
2008 3038 2216 3092 rectius
2242 3038 2478 3105 ducens,
2496 3038 2642 3110 ipsa,
2661 3042 2723 3094 ut
2750 3039 2829 3094 ita
2858 3039 3073 3095 dictum
3098 3040 3190 3107 sit,
3208 3041 3294 3095 sui
3311 3041 3431 3113 pri-

1818 3126 2047 3181 mordia
2081 3126 2248 3197 regni
2279 3126 2503 3182 Christo
2535 3127 2764 3198 auspice
2793 3132 3000 3200 ccepta,
3032 3129 3207 3184 cultui
3256 3128 3431 3202 ipsius

1817 3213 2082 3268 dedicare
2114 3213 2337 3269 maluit.
2358 3214 2497 3268 Hinc
2514 3216 2587 3269 ad
2619 3215 2826 3270 altiora
2845 3233 2902 3271 se
2922 3217 3227 3289 subrigens
3239 3218 3430 3273 catho-

1818 3301 1940 3355 licae
1966 3301 2097 3356 ﬁdei
2131 3316 2357 3367 norma,
2399 3301 2627 3357 ardenti
2682 3319 2782 3357 usa
2837 3303 3145 3371 desiderio,
3177 3321 3250 3360 ea
3297 3322 3430 3361 cum

1820 3388 1985 3459 regni
2002 3388 2266 3443 terminis
2288 3391 2350 3442 ut
2362 3389 3001 3455 dilataretur,ardenter
3015 3392 3431 3449 efﬁcit.Rerum

1819 3492 1955 3531 vero
1986 3475 2372 3531 secundarum
2411 3493 2678 3548 processu
2705 3476 2949 3531 excitata
2994 3479 3276 3549 impetum
3312 3498 3430 3535 non

1822 3565 2158 3621 refrenabat
2180 3580 2374 3626 suum,
2394 3564 2493 3618 sed
2516 3563 2835 3634 adjungere
2862 3564 3139 3619 ﬁnitimos
3163 3567 3311 3621 bello
3335 3584 3429 3622 co-

1823 3657 1978 3709 actos
1998 3652 2445 3723 haudquaquam
2502 3650 2981 3706 dissimulandum
3020 3651 3430 3721 arbitrabatur,

1825 3742 2009 3796 donec
2042 3741 2506 3795 Alamannorum
2542 3756 2708 3811 gens,
2764 3738 3180 3794 dominationis
3224 3741 3433 3813 jugum

1824 3829 1976 3884 ferre
2012 3829 2357 3895 detrectans,
2386 3828 2603 3882 bellum
2634 3826 2893 3881 immane
2941 3826 3223 3882 excitavit.
3269 3828 3433 3893 Quod

1826 3916 2061 3989 quidem
2085 3934 2183 3971 rex
2205 3915 2468 3988 inclytus,
2501 3915 2836 3981 Clodoveus,
2856 3915 2953 3986 qui
2975 3915 3207 3987 quintus
3226 3934 3434 3988 regum

1827 4005 2004 4077 ipsius
2032 4004 2221 4076 gentis
2239 4021 2485 4076 regnum
2506 4004 2760 4071 tenebat,
2783 4005 3023 4059 solerter
3047 4004 3120 4059 ad
3135 4004 3434 4062 victoriam

1830 4111 2009 4165 usque
2060 4092 2345 4165 perduxit.
2374 4093 2488 4147 Sed
2550 4093 2671 4147 hmc
2725 4091 2961 4163 proprio
3006 4092 3231 4165 digesta
3281 4095 3432 4151 refe-

1830 4186 2031 4238 rentur
2060 4181 2119 4236 in
2147 4182 2294 4237 loco.
2326 4181 2487 4236 Nunc
2514 4179 2773 4237 Historiae
2804 4180 2947 4237 ordo
2981 4185 3220 4239 texatur.

119 4276 401 4342 num,dum
435 4291 565 4332 non
580 4272 678 4328 diu
701 4287 864 4342 passa
883 4273 968 4325 est
986 4273 1171 4325 semet
1188 4270 1525 4326 idololatriae.
1560 4268 1733 4325 servi-
1755 4269 1809 4327 D

1456 4388 1696 4461 Ezplicit
1722 4389 2073 4445 Prooemium.

667 4581 1358 4723 INCIPIT
1444 4580 2012 4721 LIBER
2106 4577 2856 4720 PRIMUS.

643 4808 865 4862 CAPUT
898 4808 1181 4861 PRIMUM.

182 4909 430 4981 Degcslis
480 4913 842 4980 Francorum,
870 4919 921 4967 el
962 4915 1160 4984 primo,
1189 4914 1253 4968 de
1295 4913 1651 4985 Trojanorum

748 4986 1084 5055 dispersione.

186 5070 306 5126 Post
330 5074 697 5143 triumphum
729 5074 980 5128 victoria:
1008 5089 1180 5144 quam
1205 5073 1382 5128 Graeci
1409 5074 1480 5128 de
1505 5074 1725 5129 excidio

127 5167 348 5226 egerunt
368 5163 581 5233 Trojm,
599 5163 763 5216 multi
790 5161 996 5217 civium
1024 5178 1235 5216 eversa":
1259 5162 1433 5228 urbis,
1457 5163 1555 5234 qui
1582 5163 1727 5217 effu-

128 5259 250 5311 gere
273 5250 495 5305 cladem
525 5251 765 5318 potuere
793 5248 1430 5320 necis,quaquaversum
1463 5253 1733 5321 poterant

128 5332 275 5388 sedes
297 5336 397 5391 sibi
430 5351 695 5409 quaerere
742 5337 1152 5406 procurabant.
1188 5337 1399 5391 Eorum
1453 5338 1713 5409 quidam,

132 5419 369 5480 Antenor
388 5423 656 5490 nomine,
686 5442 803 5479 non
836 5425 1049 5479 inﬂnus
1078 5442 1314 5497 genere,
1335 5426 1607 5496 abjuncta
1624 5425 1729 5481 sibi

133 5508 398 5569 sociorum
428 5528 739 5567 numerosa
753 5512 1145 5579 multitudine,
1166 5514 1400 5568 navibus
1422 5515 1602 5568 altum
1630 5530 1728 5584 pe-

138 5592 216 5648 tiit
242 5614 413 5657 mare.
446 5600 706 5655 Tandem
734 5605 864 5672 post
891 5617 1138 5673 magnos
1188 5602 1376 5674 pelagi
1431 5600 1732 5672 variosque

141 5682 346 5743 labores
409 5687 622 5745 Tanais
677 5688 918 5759 ingressi
959 5689 1103 5747 ostia
1141 5688 1414 5758 tluminis,
1459 5688 1733 5746 Meotides

1818 4811 2247 4863 transmeantes
2276 4806 2535 4879 paludes,
2569 4806 2627 4860 in
2659 4805 2869 4861 finibus
2890 4806 3325 4862 Pannoniorum
3343 4820 3436 4858 ca-

1820 4896 2143 4951 strametati
2174 4899 2327 4950 sunt.
2361 4894 2665 4949 Arridente
2684 4897 2880 4948 autem
2898 4895 3247 4950 eislocorum
3266 4908 3440 4948 amca-

1825 4984 2345 5051 nitate,stationem
2366 4983 2505 5037 inibi
2526 4980 2948 5035 constituerunt
2967 4981 3440 5048 suam,aadiflcata

1826 5072 2081 5139 civitate,
2108 5088 2282 5144 quam
2309 5068 2688 5125 Sicambriam
2719 5073 3084 5123 vocaverunt.
3124 5070 3260 5123 Post
3289 5069 3437 5124 mul-

1827 5166 2022 5218 torum
2047 5177 2182 5215 vero
2202 5159 2848 5228 curriculatemporum,
2870 5155 3437 5212 contraValentinia-

1831 5266 1995 5316 num,
2030 5250 2127 5321 qui
2181 5246 2426 5303 Romani
2458 5244 2690 5299 tenebat
2744 5242 2975 5314 imperii
3027 5241 3437 5313 principatum,

1828 5340 2145 5392 Alanorum
2167 5351 2310 5407 gens
2340 5336 2651 5388 contumax
2682 5330 2978 5385 rebellavit
3003 5328 3243 5384 audacia
3272 5331 3441 5399 perfl-

1832 5426 2063 5481 dorum.
2096 5424 2249 5488 Quos
2280 5421 2372 5475 ille
2404 5419 2600 5492 praelio
2626 5422 2943 5491 superatos,
2964 5415 3223 5474 Meotidis
3251 5416 3442 5490 coegit

1830 5515 2096 5583 expetere
2118 5508 2356 5565 latibula
2370 5506 2753 5580 paludis.llluc
2770 5523 2997 5580 quoque
3014 5522 3112 5561 eos
3122 5521 3254 5561 cum
3278 5523 3439 5562 exer-

1830 5601 1974 5655 citus
1990 5596 2357 5653 multitudine
2386 5596 2692 5665 insecutus,
2721 5596 2861 5652 dum
2887 5595 2997 5651 situ
3017 5598 3076 5651 et
3105 5593 3440 5653 difﬁcultate

1830 5692 2110 5755 locorum,
2138 5684 2448 5760 quominus
2468 5684 2550 5742 eis
2572 5701 2778 5744 nocere
2800 5687 3012 5758 posset,
3036 5684 3439 5757 impediretur,
