3862 6210
429 423 534 480 639
1189 428 1194 434 ’
1519 412 1786 471 AIMOINI
1815 411 2125 469 MONACHI
2155 412 2648 470 FLORIACENSIS
3625 425 3714 480 6m

427 543 709 616 Trojauos
743 539 1126 598 Sicambriam
1159 539 1483 596 habitentes
1507 539 1565 596 in
1595 539 1865 595 auxilium
1905 556 2039 594 evo-
2065 542 2120 600 Α
2143 555 2299 595 rasso
2313 541 2416 595 sibi
2441 540 2685 596 visisunt
2713 543 3084 598 Postmodum
3111 545 3332 610 tamen,
3353 559 3483 598 cum
3499 547 3720 618 majores

428 637 540 689 cat.
574 633 686 687 Hos
733 630 998 686 hortatur
1039 632 1348 702 monetque
1381 633 1442 684 ut
1471 627 1583 684 suis
1629 629 2034 684 tantummodo
2135 629 2338 699 copim,
2365 629 2579 699 junctis
2607 629 2712 684 sibi
2740 631 2994 686 Heraclio
3026 647 3092 686 ac
3109 631 3438 696 Joviniano,
3472 634 3720 692 Romana;

429 721 582 778 viam
615 719 894 792 pandant,
924 735 1026 790 per
1053 735 1227 790 quam
1257 735 1486 773 securos
1519 719 1710 773 hostes
1741 721 1796 772 et
1814 717 1892 771 nil
1925 719 2035 772 tale
2137 715 2357 770 militize
2371 717 2744 788 principibus,
2765 717 3186 786 adscivissent;
3209 720 3514 776 commissa
3529 738 3723 797 pugna,

430 808 1043 879 verentes-invadendo
1069 807 1420 878 opprimant.
1445 807 1530 862 llli
1551 824 1667 862 non
1695 807 1753 862 id
1775 809 1960 862 solum
1978 823 2037 860 se
2139 808 2364 861 tantam
2394 823 2459 860 ex
2493 807 2768 861 Romanis
2792 807 2988 861 Franci
3014 810 3293 880 stragem,
3326 808 3534 878 fugatis
3581 812 3727 866 Hera-

431 900 704 964 facturos,
745 913 946 952 verum
976 913 1035 951 se
1073 897 1284 950 Alanos
1315 896 1446 951 hinc
1493 898 1829 968 expulsuros
1865 913 2037 967 spon-
2140 895 2248 949 clio
2299 912 2364 950 ac
2415 894 2738 960 Joviniauo,
2772 896 3100 962 ediderunt,
3150 899 3218 950 ut
3270 896 3486 952 cunctis
3517 897 3728 955 circuitu

434 987 594 1043 dent.
614 988 938 1056 imperator
961 984 1241 1040 decennio
1257 985 1337 1040 eis
1364 985 1602 1052 tributa,
1621 987 1664 1040 si
1687 985 1744 1040 id
1765 986 2038 1052 efﬁciant,
2145 983 2477 1039 nationibus
2505 985 2627 1039 haec
2657 985 3023 1040 audientibus
3051 987 3344 1040 terrorem
3367 1002 3481 1040 suae
3535 987 3728 1043 virtutis

433 1075 714 1146 indulget.
745 1073 976 1144 Trojani
1008 1073 1216 1128 ﬁducia
1232 1075 1472 1129 animati
1489 1075 1644 1146 quod
1661 1075 1852 1130 forent
1877 1074 2043 1146 gnari
2144 1071 2490 1126 incuterent.
2520 1074 2630 1127 Nec
2651 1073 2761 1128 fuit
2791 1073 2848 1128 in
2886 1073 3173 1145 reliquum
3197 1089 3344 1144 gens
3373 1089 3498 1146 quae
3516 1073 3731 1131 Francos

431 1162 1288 1230 locorum,simuletmunerum
1309 1163 1692 1234 promissione
1708 1164 2046 1230 allecti,AIa-
2137 1160 2270 1230 jure
2299 1162 2431 1214 belli
2460 1162 2564 1216 sub
2585 1162 2732 1232 jugo
2758 1163 3048 1234 redigeret
3074 1161 3299 1216 tributi.

434 1253 521 1308 nis
538 1255 797 1308 locorum
821 1250 1093 1306 ﬁrmitate
1109 1251 1418 1307 ﬁdentibus
1438 1253 1827 1326 eximproviso
1847 1270 2044 1324 super-
2219 1250 2369 1304 Sane
2398 1251 2714 1322 Arbogates
2745 1250 3004 1321 ejusdem
3055 1249 3248 1322 gentis
3288 1266 3490 1305 omnes
3534 1251 3602 1306 ad
3638 1252 3729 1306 Ro-

435 1341 699 1406 veniunt,
731 1339 962 1395 caedunt
989 1343 1479 1414 prosternuntque
1507 1344 1718 1397 multos
1750 1345 2042 1408 mortales,
2147 1354 2354 1392 manus
2381 1356 2440 1394 se
2471 1341 2735 1406 contulit,
2768 1343 2826 1393 et
2855 1339 3032 1393 victus
3063 1340 3217 1393 bello
3246 1355 3280 1392 a
3319 1338 3542 1392 Francis
3566 1339 3728 1410 primo

437 1433 791 1500 cazterosque
819 1428 877 1482 in
908 1428 1112 1500 fugam
1165 1431 1323 1484 actos
1375 1447 1410 1484 a
1457 1431 1664 1500 palude
1715 1432 2043 1503 pertubant.
2147 1442 2455 1498 congressu
2486 1428 2728 1498 aufugit.
2765 1427 3141 1482 Postmodum
3173 1430 3374 1481 tamen
3399 1427 3538 1481 inita
3566 1427 3728 1482 denuo

439 1519 768 1590 Imperator
801 1517 1074 1572 virtutem
1105 1519 1294 1589 gentis
1324 1519 1738 1592 audaciamque
1785 1520 2044 1586 miratus,
2149 1532 2346 1587 pugna
2377 1533 2493 1570 non
2527 1532 2764 1586 parvam
2790 1515 3226 1569 multitudinem
3251 1531 3428 1569 manu
3461 1515 3726 1580 fudit,cum

441 1607 594 1677 quod
627 1607 771 1672 loca,
797 1623 922 1676 quae
955 1605 1128 1660 totius
1154 1606 1306 1660 orbis
1335 1607 1574 1662 victores
1605 1607 1848 1662 Romani
1877 1624 2048 1680 expa-
2149 1605 2388 1659 residuis
2407 1620 2541 1658 vero
2575 1620 2776 1674 pacem
2801 1604 3049 1658 ﬁrmavit
3079 1619 3092 1658 :
3126 1603 3212 1658 uti
3231 1603 3290 1658 in
3318 1603 3432 1658 vita
3461 1604 3604 1660 beati
3622 1605 3729 1660 Am-

394 1735 404 1756 ,
442 1695 675 1761 vissent,
709 1710 828 1750 non
859 1696 1047 1749 solum
1085 1694 1326 1757 intrare,
1357 1712 1557 1750 verum
1597 1699 1653 1750 et
1697 1695 2048 1750 immanissi-
2149 1694 2324 1748 brosii
2345 1693 2570 1765 plenius
2595 1693 2838 1747 inveniri
2871 1695 3040 1748 valet.

443 1799 571 1838 mos
597 1783 790 1838 hostes
816 1783 1098 1854 expellere
1111 1799 1230 1838 non
1255 1783 1630 1850 dubitassent,
1655 1784 1833 1838 Attica
1853 1783 2052 1856 lingua
2219 1782 2555 1837 Treviorum
2588 1784 2793 1837 urbem
2824 1782 3048 1851 Franci,
3080 1782 3339 1838 factione
3384 1782 3532 1837 Lucii
3571 1797 3728 1836 consl-

446 1872 715 1937 Francos,
746 1871 802 1926 id
831 1874 916 1926 est
938 1870 1178 1934 feroces,
1214 1872 1584 1943 nuncupavit.
2079 1856 2130 1918 Β
2155 1873 2310 1939 laris,
2366 1874 2574 1928 eodem
2623 1875 2885 1944 tempore
2931 1875 3330 1944 pervaserunt.
3365 1871 3470 1936 Qui
3499 1871 3725 1926 videlicet

1091 1960 1313 2015 CAPUT
1345 1963 1412 2018 ll.
2157 1961 2353 2016 Lucius
2373 1961 2770 2032 indignatione
2791 1964 3138 2028 commotus,
3155 1976 3224 2014 eo
3237 1960 3396 2032 quod
3409 1958 3729 2030 cognovisset

622 2049 702 2102 De
730 2047 1074 2103 Francorum
1103 2049 1455 2120 appellatione
1484 2049 1652 2104 altera
1683 2051 1878 2120 opinio.
2155 2051 2228 2106 ab
2256 2049 2442 2116 Avito,
2465 2049 2774 2104 Galliarum
2798 2049 3074 2118 Augusto,
3107 2064 3348 2103 uxorem
3376 2063 3533 2101 suam
3562 2049 3726 2118 stupro

517 2135 763 2202 Quidam
796 2153 930 2192 vero
960 2140 1222 2192 auctores
1239 2136 1666 2209 referuntquod
1685 2155 1718 2193 a
1738 2137 2054 2193 Francione
2155 2140 2527 2204 maculatam,
2561 2140 2730 2208 atque
2769 2127 3086 2190 cavillando
3115 2135 3221 2190 sibi
3241 2135 3491 2190 audisset
3511 2151 3632 2188 eum
3661 2134 3728 2187 di-

445 2243 584 2298 rege
611 2225 790 2280 vocali
820 2228 952 2280 sunt
999 2226 1221 2291 Franci,
1260 2225 1516 2280 dicentes
1564 2227 1718 2297 quod
1751 2227 1990 2297 digressi
2023 2244 2056 2282 a
2155 2230 2383 2282 centem
2409 2225 2562 2298 quod
2593 2225 2804 2278 calidas
2830 2223 3066 2296 quidem
3087 2224 3335 2279 haberet
3365 2225 3622 2290 thermas,
3651 2221 3727 2276 sed

445 2315 616 2386 Troja
667 2331 868 2385 regem
913 2313 1044 2380 sibi,
1079 2315 1311 2385 Frigam
1339 2314 1597 2382 nomine,
1631 2315 2052 2370 constituerint.
2157 2317 2278 2389 ipse
2303 2314 2514 2386 frigido
2549 2315 2854 2378 lavaretur,
2887 2312 2996 2366 ista
3018 2313 3364 2384 pepetravit.

451 2403 566 2458 Sub
599 2420 732 2475 quo,
762 2402 1048 2474 inquiunt,
1079 2402 1160 2456 eis
1184 2403 1376 2457 Asiam
1404 2403 1868 2474 pervagantibus,
1901 2421 2056 2474 quas-
2797 2403 3019 2457 CAPUT
3041 2403 3125 2458 ιν.

453 2491 587 2545 dam
621 2508 687 2545 ex
712 2491 849 2561 ipsis
873 2507 1006 2562 pars
1031 2490 1184 2544 inter
1208 2492 1542 2546 Macedones
1583 2496 1796 2546 sortem
1843 2492 2060 2547 habita-
2338 2495 2421 2550 De
2451 2493 2858 2560 Pharamundo,
2872 2494 3052 2564 primo
3083 2491 3427 2548 Francorum
3456 2508 3581 2561 rege.

452 2578 630 2633 tionis
677 2578 918 2648 accepit.
945 2578 1202 2642 Quorum
1252 2579 1464 2634 viribus
1515 2579 1664 2633 aucti
1705 2581 2058 2649 Macedones,
2231 2585 2448 2654 Regem
2480 2598 2636 2647 vero,
2665 2585 3004 2636 caeterarum
3035 2597 3204 2637 more
3227 2576 3728 2646 nationum,Franci

455 2667 788 2738 quantasub
806 2667 1070 2738 Philippo
1097 2671 1154 2722 et
1171 2669 1494 2724 Alexandro
1519 2669 1746 2739 regibus
1763 2670 1912 2724 bella
1941 2687 2063 2742 ges-
2163 2673 2269 2728 sibi
2297 2673 2573 2742 eligentes
2625 2669 3122 2737 Pharamundum,
3154 2667 3516 2724 Marcllomiri
3557 2665 3726 2729 ﬁlium,

455 2759 945 2828 seruntprospera
959 2757 1323 2829 perspicuum
1353 2758 1616 2813 habetur.
1645 2760 1821 2814 Porro
1844 2760 2064 2831 reliqua
2164 2761 2304 2817 solio
2342 2761 2657 2815 sublimant
2693 2757 2876 2830 regio.
2907 2759 3005 2812 Cui
3059 2759 3211 2814 ﬁlius
3258 2756 3517 2812 successit
3565 2752 3727 2810 Clodio

457 2842 646 2915 portio
677 2859 809 2898 cum
840 2845 1114 2917 praefacto
1133 2845 1393 2917 principe
1424 2846 1664 2919 Europa:
1689 2851 1882 2918 partes
1899 2847 2060 2916 adiit,
2165 2849 2432 2906 Crinitus.
2462 2851 2560 2903 lllo
2583 2847 2642 2901 in
2685 2850 2966 2918 tempore,
3006 2847 3358 2902 Francorum
3399 2861 3552 2916 reges
3590 2839 3728 2896 crinit

457 2936 515 2988 et
543 2931 696 2986 inter
726 2933 1020 2988 Oceanum
1065 2937 1123 2990 et
1164 2935 1464 2990 Thraciam
1495 2953 1667 3007 super
1700 2938 1898 2994 littora
1953 2940 2062 2993 Da-
2167 2938 2543 2992 habebantur.
2572 2934 2868 2989 Finitimos
2888 2929 3726 3006 itaquebellolacessendo,Tho-

459 3021 620 3076 nubii
649 3022 926 3077 consedit.
962 3021 1102 3088 Quae
1132 3023 1353 3079 duobus
1381 3042 1414 3080 a
1445 3041 1502 3079 se
1530 3026 1721 3080 electis
1747 3027 2064 3098 regibus,in
2169 3026 2492 3098 ringorum,
2515 3025 2612 3095 qui
2635 3023 3003 3076 Germaniam
3035 3023 3317 3088 incolunt,
3350 3021 3490 3075 ﬁnes
3517 3019 3726 3090 depopu-

460 3109 704 3202 duarum
740 3127 800 3164 se
825 3111 1012 3166 divisit
1041 3111 1279 3168 nomina
1292 3113 1574 3184 gentium.
1599 3117 1666 3168 Et
1691 3133 1805 3169 una
1831 3115 2066 3187 quidem
2095 3143 2142 3202 α
2168 3113 2680 3179 lantes,castellum
2715 3111 3010 3182 quoddam
3041 3110 3391 3181 Disbargum
3415 3107 3632 3202 nomine
3653 3119 3724 3200 oc:

462 3197 620 3253 natio
666 3199 1038 3268 Torchorum,
1095 3218 1129 3255 a
1163 3202 1445 3258 Torchoto
1504 3220 1639 3274 rege
1673 3222 1686 3272 ;
1722 3203 1833 3258 alia
1878 3220 2012 3258 vero
2035 3221 2068 3258 a
2099 3190 2142 3202 “
2166 3203 2401 3274 ἐυρειηι,
2425 3201 2616 3272 inquo
2639 3216 2735 3254 rex
2759 3199 2956 3254 Clodio
2971 3200 3166 3254 sedem
3195 3200 3280 3256 sui
3303 3190 3726 3263 constituitregni

464 3287 800 3352 Fraucione,
854 3288 1205 3345 Francorum
1243 3291 1454 3363 adepta
1505 3308 1720 3346 nomen
1785 3295 1888 3359 est,
1940 3309 2068 3364 qua:
2816 3288 3040 3343 CAPUT
3067 3289 3130 3342 V.

461 3377 692 3444 Alanos,
726 3379 788 3432 ut
833 3377 1100 3446 diximus,
1135 3396 1168 3434 a
1194 3380 1452 3436 Meotidis
1483 3381 1698 3452 expulit
1725 3381 2030 3452 palulibus.
2170 3379 2500 3435 DeRomam‘
2510 3378 2719 3450 imperii
2745 3377 2972 3445 excidio,
2999 3383 3047 3431 et
3069 3375 3409 3432 Francorum
3455 3373 3726 3430 incremento

1101 3469 1324 3524 CAPUT
1345 3471 1434 3525 111.
2695 3466 2790 3519 sub
2817 3464 3073 3520 Clodione
3100 3482 3243 3534 rege.

445 3551 548 3608 -De
576 3553 935 3624 Francorum,
969 3563 1254 3629 antequam
1268 3560 1324 3612 in
1349 3557 1585 3612 Galliam
1615 3561 1872 3624 venerint,
1895 3559 2070 3628 gestis.
2247 3560 2324 3612 Eo
2357 3558 2416 3611 in
2446 3556 3014 3627 tempore,Romano
3041 3555 3292 3626 imperio
3321 3571 3354 3608 a
3381 3554 3556 3608 ferrea
3581 3544 3724 3602 ﬁrmi-

539 3643 830 3700 Decennio
861 3659 998 3700 sane
1029 3648 1248 3713 exacto,
1281 3645 1439 3700 misit
1471 3646 1790 3716 imperator
1811 3646 1906 3718 qui
1937 3663 2073 3700 cou-
2174 3650 2292 3704 tate
2319 3647 2379 3701 in
2411 3647 2720 3700 testaceam
2753 3644 3052 3700 decidente
3093 3643 3486 3716 fragilitatem,
3515 3641 3724 3707 Burgun-

465 3733 626 3786 sueta
650 3733 720 3787 de
767 3737 942 3804 gente
988 3735 1340 3790 Francorum
1381 3734 1678 3806 exigerent
1720 3733 1954 3789 tributa.
1993 3734 2075 3789 Illi
2177 3736 2377 3791 diones
2403 3735 2866 3806 Lugdunensem,
2895 3732 3061 3788 Gothi
3089 3731 3491 3805 Aquitanicam
3518 3736 3728 3800 pervase‘

468 3821 653 3890 pretio
681 3822 766 3876 sui
806 3823 1104 3894 sanguinis
1133 3839 1191 3877 se
1223 3839 1290 3877 eo
1327 3824 1540 3877 levatos
1579 3823 1852 3890 fatentur,
1903 3839 2076 3895 seque
2177 3827 2310 3880 rant
2339 3823 2718 3896 provinciam,
2747 3838 2927 3893 eaque
2950 3825 3174 3876 tantum
3202 3817 3625 3894 parsGalliarum
3649 3810 3728 3896 RQ-

467 3909 708 3981 vectiga]
741 3927 858 3966 non
890 3911 1198 3972 soluturos,
1227 3926 1331 3982 pro
1362 3926 1476 3982 quo
1499 3909 1852 3966 remittendo
1875 3894 2078 3967 mortis
2178 3894 2368 3967 manae
2399 3913 2630 3966 suberat
2660 3910 2884 3978 ditioni,
2905 3927 3080 3982 quam
3094 3894 3727 3964 Rheniﬂuentaacamnis

467 3997 1044 4070 discrimenperpessi
1061 3999 1272 4054 forent.
1301 3998 2078 4069 HisindiguatusCeesarsuo-
2179 4001 2392 4073 Ligeris
2423 4000 2815 4054 determinant
2871 4000 2982 4053 Rex
3013 4002 3209 4054 autem
3270 3995 3460 4053 Clodio
3506 3987 3727 4060 angules

466 4102 600 4140 rum
629 4087 861 4141 instruit
885 4085 1087 4153 aciem,
1117 4103 1244 4158 quae
1270 4089 1329 4142 et
1371 4087 1581 4142 viribus
1617 4089 1770 4144 foret
1803 4091 2074 4154 exercita,
2164 4089 2342 4162 .rcgni
2363 4089 2506 4143 ﬁnes
2527 4089 2766 4143 dilatare
2785 4088 3480 4160 cupiens,exploratoresa
3499 4078 3724 4142 Disbargo

471 4177 530 4228 et
559 4177 734 4227 tantm
759 4173 920 4243 genti
951 4174 1180 4228 obviam
1216 4175 1298 4230 ire
1330 4179 1550 4248 parata.
1584 4178 1696 4232 Nec
1720 4178 1951 4246 morati,
1974 4179 2075 4233 ob-
2178 4182 2336 4233 trans
2365 4179 2632 4232 Rhenum
2663 4176 2877 4247 dirigit,
2910 4179 2968 4230 ct
2996 4175 3116 4248 ipse
3148 4193 3281 4230 cum
3311 4169 3545 4228 exercitu
3571 4163 3722 4220 subse-

469 4261 623 4315 viam
649 4263 790 4315 eunt
807 4262 1009 4317 Franci
1043 4263 1334 4318 Romanis.
1365 4267 1566 4338 Pugna
1588 4265 1645 4321 in
1669 4267 1955 4330 manibus,
1972 4284 2078 4322 nec
2177 4269 2337 4322 cutus
2356 4267 2730 4320 Cameracum
2748 4266 2952 4319 urbem
2975 4263 3254 4332 obtinuit;
3288 4269 3627 4334 quoscunque
3645 4249 3724 4302 Βο-

472 4349 1004 4421 comperendinata,
1025 4352 1287 4424 quamvis
1303 4353 1400 4408 uni
1419 4355 1578 4426 genti
1603 4355 1871 4410 adversus
1887 4357 2078 4426 plures
2178 4371 2489 4412 manorum
2515 4353 2710 4408 obvios
2739 4353 2962 4422 habuit,
2992 4353 3116 4408 neci
3139 4351 3389 4408 tradidit.

471 4439 674 4509 gentes
700 4438 896 4510 prazlio
909 4439 1321 4497 decertandum
1334 4443 1502 4498 foret.
1529 4444 1732 4498 Franci
1751 4461 1887 4499 sane
1900 4445 2078 4499 robur
2099 4433 2151 4491 D
2805 4443 3027 4496 CAPUT
3050 4441 3136 4495 Vl.

474 4525 718 4582 aliarum
749 4527 1051 4584 nationum
1082 4530 1358 4586 Romanis
1387 4531 1638 4589 subsidio
1678 4533 1897 4587 venisse
1939 4548 2076 4587 con-
2735 4531 2818 4586 De
2835 4530 3082 4586 Meroveo
3113 4548 3252 4602 rege.

473 4614 692 4686 spicati,
722 4616 1044 4674 cedendum
1066 4618 1172 4674 sibi
1203 4621 1326 4674 loco
1366 4619 1558 4676 utilius
1586 4621 1958 4688 aestimantes,
1994 4620 2079 4678 Si-
2245 4620 2811 4686 Posthzec,Clodione
2825 4636 2961 4692 rege
2991 4621 3106 4674 vita
3119 4611 3722 4696 decendente,1llel‘0"{‘fs

473 4705 792 4761 cambriam
824 4707 1036 4778 egressi
1064 4709 1218 4778 ripas
1245 4708 1429 4763 Rheni
1477 4707 1734 4764 ﬂuminis
1777 4725 2083 4780 occupave-
2183 4712 2306 4782 ejus
2335 4711 2522 4765 afﬁnis
2551 4710 2716 4780 regni
2747 4710 3096 4764 Francorum
3113 4704 3493 4782 gubernacula
3509 4689 3718 4782 suscepit.

474 4799 612 4850 runt
637 4811 649 4864 ;
687 4796 857 4852 duces
895 4799 1089 4852 autem
1112 4797 1220 4852 sibi
1248 4797 1721 4869 Marchomirum,
1753 4799 2083 4853 Sunnorem
2187 4799 2468 4870 Regnavit
2498 4803 2691 4853 autem
2727 4797 2922 4852 Clodio
2950 4814 3054 4868 per
3083 4801 3150 4852 20
3177 4809 3456 4852 annorum
3480 4778 3720 4870 curricula.

473 4888 531 4939 et
559 4885 992 4952 Genebaudum,
1018 4889 1146 4959 post
1169 4887 1339 4940 funus
1372 4887 1684 4942 memorati
1716 4887 1868 4958 regis
1917 4889 2087 4941 Fran-
2187 4868 2312 4953 Qua
2339 4889 2682 4959 tempestate
2712 4886 2887 4940 etiam
2920 4886 3104 4940 Hunni
3135 4887 3396 4940 Rhenum
3425 4868 3724 4959 transeunt?5

473 4973 654 5029 cionis
674 4975 976 5048 eligentes,
1004 4975 1258 5048 plurima
1282 4975 1703 5031 Germanorum
1725 4975 1936 5047 oppida
1964 4992 2088 5048 per—
2185 4977 2344 5034 Metis
2419 4975 2710 5030 civitatem
2768 4977 3164 5042 concremant,
3201 4970 3436 5029 Treviris
3477 4953 3720 5048 dit'ipillﬂf:

476 5079 690 5118 vasere.
727 5062 986 5128 Quorum
1017 5063 1254 5136 quidem
1286 5081 1580 5131 numerus,
1623 5081 1751 5118 cum
1787 5065 1974 5136 primo
2001 5063 2085 5118 di-
2183 5067 2518 5138 Tungrense
2532 5065 2831 5120 devastant
2855 5064 3325 5118 territorium.lta
3345 5074 3442 5131 per
3461 5038 3722 5142 mentiar

477 5151 785 5222 gressionis
814 5169 929 5206 suae
961 5152 1033 5207 ab
1061 5152 1192 5207 Asia
1242 5155 1508 5224 tempore
1543 5152 1630 5207 vix
1671 5153 1744 5207 ad
1783 5151 2086 5207 duodecim
2187 5136 2782 5210 liam‘suzvabcllorum
2814 5136 3721 5224 exardescebantincendia.Ubiquc

478 5221 661 5296 millia
685 5245 1046 5296 armatorum
1086 5221 1491 5310 azstimaretur,
1523 5242 1582 5296 in
1619 5243 1849 5296 tantam
1878 5241 2090 5296 coaluit
2187 5247 2390 5310 luctus,
2423 5243 2634 5315 ubique
2658 5243 2843 5310 dolor,
2873 5246 2930 5296 et.
2955 5241 3204 5313 plurima
3231 5221 3722 5317 mortisimagp:.A“j

441 5327 919 5398 'nuinerositam,
976 5334 1036 5385 ut
1079 5329 1214 5402 ipsis
1260 5329 1438 5386 etiam
1491 5331 1810 5398 Germanis,
1845 5329 2090 5402 proceri-
2189 5331 2573 5387 relianensem
2629 5346 2858 5402 quoque
2911 5328 3186 5385 adeuntes
3243 5327 3438 5382 urbem
3484 5307 3719 5402 obsidione

474 5420 594 5472 tate
614 5417 892 5473 etvirtute
907 5396 1220 5488 corporum
1235 5419 1769 5490 praeminentibus,
1789 5396 2088 5475 formidini
2190 5420 2483 5487 claudunt,
2529 5423 2588 5475 et
2618 5396 2690 5474 ne
2717 5396 2842 5490 quis
2871 5421 2991 5473 tute
3021 5417 3365 5490 egrediatur,
3395 5403 3558 5482 portis
3579 5396 3719 5490 custof

481 5509 647 5560 esset.
683 5506 836 5570 Quos
879 5487 1144 5578 tempore
1164 5487 1467 5562 Theodosii
1501 5509 1754 5564 Nannius
1787 5511 1843 5562 et
1873 5507 2092 5572 Quinti-
2191 5508 2532 5576 diavallatis,
2559 5487 2814 5562 studioso
2836 5487 3139 5562 conamine
3159 5501 3468 5578 provident.
3495 5489 3607 5578 Erat
3622 5487 3720 5578 tunc

483 5609 608 5660 nus,
641 5594 905 5666 magistri
934 5595 1206 5663 militum,
1240 5597 1476 5650 collecto
1505 5597 1754 5652 exercitu
1781 5596 2092 5652 Germania
2190 5596 2476 5669 temporis
2497 5596 2757 5668 ejusdem
2790 5595 3030 5650 civitatis
3053 5575 3278 5668 praesul,
3310 5588 3500 5644 virtute
3523 5575 3717 5669 admit?"

483 5681 696 5751 pellere
727 5664 916 5738 moliti
954 5685 1106 5739 sunt.
1138 5681 1290 5746 Quos
1319 5683 1510 5754 prima
1525 5684 1760 5754 quidem
1791 5685 1910 5742 acie
1932 5703 2096 5758 supe-
2194 5664 2340 5752 bilis,
2372 5664 2646 5741 Anianus.
2681 5685 2852 5757 Cujus
2881 5664 3100 5741 meritis
3128 5687 3186 5740 et
3214 5664 3717 5739 oratiouibusimma'
