3862 6210
176 427 267 481 641

1280 430 1595 487 HISTORIA
1632 431 2069 491 FRANCOBUM.
2096 467 2158 478 —
2195 437 2323 495 LIB.
2360 440 2396 497 1.

3388 457 3490 512 842

186 546 1788 624 nissimasHunnorumphalangesomnipotcntiaChristi
1808 560 1861 617 Α
1887 556 2183 614 Cbiderico
2215 568 2584 632 cognoverat,
2619 564 3345 643 criminibusinsimulatos,
3365 577 3490 647 Egi-

183 636 253 688 ita
272 637 554 706 protrivit,
590 642 657 692 ut
686 641 897 711 quibus
947 640 1177 711 profugi
1232 641 1493 696 babitent
1522 642 1579 696 in
1620 643 1786 696 terris
1868 647 1964 703 dio
1990 648 2163 702 mittit
2194 653 3204 729 puniendos.llle,utreosimperialis
3222 636 3490 734 majesta-

180 724 459 796 hucusque
491 725 567 779 sit
590 726 983 797 incognitum.

739 818 964 871 CAPUT
994 818 1104 872 VII.

670 904 757 959 De
782 904 1081 964 Clu'lderico
1110 926 1245 976 rege.

239 992 499 1047 Meroveo
532 998 733 1049 autem
766 1012 901 1065 rege
933 996 1287 1051 Francorum
1315 996 1421 1049 hac
1448 996 1571 1048 luce
1593 1011 1774 1061 casso,

176 1082 519 1136 Childericus
549 1083 702 1137 ﬁlius
726 1086 850 1155 ejus
869 1086 1009 1139 solio
1040 1085 1383 1139 sublimatur
1412 1084 1776 1153 regio.tlujus

172 1171 325 1239 regni
346 1171 672 1242 primordia
684 1174 1001 1245 quibusque
1033 1174 1198 1228 bonis
1229 1174 1569 1228 detestanda
1588 1174 1769 1227 fuere.

171 1259 259 1313 Hic
278 1277 536 1331 namque
553 1277 658 1315 con
670 1266 755 1315 tra
768 1262 1011 1316 Francos
1022 1263 1275 1332 primum
1289 1262 1554 1333 nequiter
1571 1279 1769 1332 agens,

167 1363 293 1401 cum
324 1348 475 1402 filias
490 1349 774 1403 nobilium
797 1350 1013 1405 incesto
1039 1352 1438 1405 contaminare
1462 1367 1577 1405 non
1594 1350 1768 1404 desis-

166 1441 327 1504 teret,
358 1454 547 1507 regno
575 1438 818 1507 ejicitur.
850 1438 955 1502 Qui
994 1441 1275 1510 expulsus,
1309 1455 1507 1509 regem
1525 1439 1767 1493 Therin-

161 1541 394 1594 gorum,
438 1525 723 1580 Bissinum
737 1526 994 1593 nomine,
1010 1528 1264 1597 expetiit,
1281 1530 1465 1581 tutam
1487 1526 1594 1581 sibi
1616 1527 1768 1598 apud

160 1630 291 1667 eum
318 1614 606 1667 latebram
620 1614 744 1669 fore
774 1618 1098 1668 autumans.
1116 1616 1223 1669 Nec
1237 1632 1335 1686 spe
1352 1632 1453 1669 sua
1465 1615 1767 1668 frustratus

158 1702 653 1767 est.Nam,cuncto
685 1703 864 1757 exsilii
890 1704 974 1757 sui
1006 1708 1269 1775 tempore
1300 1718 1430 1757 cum
1456 1720 1591 1773 rege
1627 1720 1762 1757 con-

155 1793 415 1845 versatus
432 1791 873 1862 honorificoque
905 1792 1056 1865 apud
1084 1809 1217 1846 eum
1250 1793 1373 1846 loco
1399 1792 1624 1846 habitus
1655 1796 1761 1846 est.

1883 735 2175 805 tis,g|adio
2232 739 2419 809 puniri
2440 741 2750 810 jussit.llac
2782 746 2932 815 regis
2962 747 3328 804 immanitate
3357 768 3487 822 per-

1884 826 2024 880 moti
2045 826 2675 892 Franci,Winomadum
2699 834 2769 887 ab
2784 834 2889 889 hoc
2910 836 3147 890 consilio
3162 836 3487 895 immunem

1880 913 2249 979 a‘stimantes,
2280 918 2575 986 querelam
2598 919 2649 973 ei
2673 938 2833 976 suam
2858 923 3230 992 depromunt.
3248 927 3343 981 llle
3377 929 3489 982 mi-

1877 1001 1991 1054 rari
2021 1019 2078 1055 se
2103 1002 2238 1056 dicit
2267 1004 2483 1059 variam
2501 1023 2704 1062 eorum
2721 1011 3161 1066 mutabilitatem
3178 1016 3487 1084 mentium,

1877 1092 1938 1141 ut
1984 1090 2105 1159 ejus
2141 1108 2291 1144 nunc
2334 1094 2668 1150 crudelitate
2714 1103 3049 1168 querantur,
3101 1117 3276 1172 quem
3324 1106 3486 1158 tanto

1874 1181 2008 1231 ante
2035 1180 2324 1248 prmconio
2349 1181 2589 1252 dignum
2606 1185 3033 1255 judicavissent.
3060 1187 3357 1262 Simulque
3380 1193 3488 1247 hac

1873 1284 1968 1318 eos
1993 1267 2253 1322 oratione
2270 1271 2555 1325 convenit.
2592 1295 2617 1319 ‹‹
2652 1274 3031 1346 Quze,inquit,
3062 1277 3357 1334 dementia
3386 1298 3482 1336 ve-

1871 1355 2001 1407 stris
2033 1356 2252 1410 vesanis
2290 1358 2499 1413 insedit
2529 1361 2758 1429 animis,
2792 1367 3121 1436 ut,expulso
3139 1366 3483 1435 cive,domi-

1871 1442 2029 1496 natui
2062 1461 2159 1498 vos
2190 1447 2422 1516 superbi
2454 1449 2773 1505 subderetis
2822 1452 3091 1508 adxenm?
3121 1454 3236 1510 Sed
3274 1457 3485 1513 dicturi

1870 1530 2291 1588 estisinfretam
2336 1536 2459 1605 ejus
2498 1538 2784 1594 luxuriam
2845 1541 3006 1595 vobis
3039 1543 3245 1612 pudori
3274 1544 3471 1602 fuisse.

1868 1618 1939 1671 Ut
1970 1619 2107 1688 quid
2137 1637 2277 1691 ergo
2307 1622 2377 1676 de
2400 1624 2807 1694 huiusferitate
2839 1631 3361 1704 cousamini,quem
3400 1635 3480 1690 illi

1867 1706 2295 1776 praeferendum
2319 1712 2727 1768 mstimavistis‘?
2745 1715 3045 1786 Sprevistis
3068 1735 3269 1790 regem
3293 1726 3480 1777 vestra

1866 1792 1937 1846 de
1969 1798 2142 1863 gente
2174 1800 2460 1863 creatum,
2483 1800 2579 1869 qui
2601 1800 2887 1872 benignus
2909 1808 3136 1867 natura.
3168 1808 3479 1880 benignior

152 1878 289 1932 Erat
315 1880 369 1933 ei
400 1879 644 1951 quidam
668 1897 699 1934 e
727 1880 1076 1935 Francorum
1111 1880 1442 1951 proceribus
1472 1880 1766 1934 familiari-
1789 1866 1841 1925 Β
1866 1880 2041 1935 etiam
2073 1881 2289 1937 abolita
2322 1866 2519 1955 potuit
2531 1904 2651 1941 esse
2670 1866 2980 1958 lascivia,et
3001 1894 3256 1963 elegistis
3281 1866 3475 1967 Gran-

148 1967 287 2020 tatis
314 1968 548 2023 vinculo
569 1968 890 2038 colligatus,
920 1969 1156 2024 nomine
1181 1969 1571 2023 Winomadus.
1594 1970 1765 2039 Cujus

148 2057 244 2110 ille
274 2058 483 2112 omnia
512 2060 723 2129 agebat
747 2058 1004 2125 consilio,
1033 2059 1171 2113 dum
1203 2060 1386 2114 adhuc
1418 2059 1583 2127 regni
1612 2059 1759 2129 poti-

147 2150 311 2200 retur
339 2150 590 2218 sceptro.
649 2148 808 2202 Hunc
860 2164 999 2218 ergo
1031 2164 1294 2215 evocans,
1328 2148 1760 2202 animositatem

146 2236 507 2289 Francorum
536 2251 658 2290 sese
688 2251 869 2307 regno
900 2237 1115 2306 pellere
1139 2236 1534 2291 minitantium
1568 2236 1757 2304 edicit;

144 2323 285 2392 quid
314 2324 470 2377 facto
503 2340 645 2394 opus
680 2324 752 2378 sit
775 2323 1039 2378 consulit.
1069 2326 1145 2378 lle
1172 2324 1274 2379 ira:
1314 2341 1516 2378 eorum
1549 2324 1757 2379 ceden-

144 2410 289 2465 dum
340 2413 567 2478 suadet,
604 2430 698 2479 ne,
732 2412 775 2465 si
802 2413 1189 2484 permandum
1221 2418 1472 2484 putaret,
1520 2418 1761 2484 augeret

144 2500 341 2569 potius
372 2501 568 2555 odium
591 2518 766 2572 quam
785 2501 1153 2568 diminueret,
1172 2502 1410 2556 humani
1430 2502 1624 2556 dicens
1641 2518 1759 2556 esse

148 2590 617 2661 moremingenii
643 2591 965 2661 praesentiae
983 2591 1219 2662 alicujus
1252 2590 1527 2657 invidere,
1562 2592 1762 2645 absen-

148 2677 245 2731 tiae
273 2678 548 2750 compati.
576 2678 646 2732 Se
672 2679 929 2746 interim,
955 2680 1095 2734 dum
1128 2678 1222 2733 ille
1248 2696 1476 2751 quoque
1498 2681 1757 2734 locorum

148 2764 751 2833 immoratur,animos
772 2767 960 2838 gentis
981 2771 1443 2839 pertentaturum
1458 2770 1759 2840 pollicetur

150 2869 255 2921 per
266 2872 684 2926 suasurumque
701 2858 762 2909 ut
778 2872 907 2910 cum
923 2873 990 2911 eo
1005 2857 1064 2910 in
1080 2856 1325 2928 gratiam
1345 2857 1755 2912 redeant.Divi-

151 2941 407 3013 deusque
429 2960 692 3011 aureum,
715 2944 823 2999 sibi
840 2944 1096 2999 medium
1122 2946 1353 3012 retinet,
1381 2946 1755 3018 mediumque

150 3028 230 3082 illi
257 3033 481 3086 confert
510 3033 744 3087 dicens:
780 3056 807 3083 ‹‹
836 3031 1067 3104 Suscipe
1100 3034 1354 3088 mediam
1397 3034 1567 3103 hujus
1596 3035 1755 3089 aurei

1864 1971 2107 2033 num,ob
2139 1972 2245 2025 hoc
2267 1974 2352 2026 vel
2376 1974 2625 2028 maxime
2644 1977 3359 2053 pertimescendum,quod
3381 2002 3478 2055 ge-

1862 2074 1969 2110 nus
1995 2061 2232 2113 externa
2260 2060 2471 2116 habeat
2521 2063 2755 2117 natione
2808 2067 3138 2125 deductum.
3184 2071 3477 2126 Animalia

1861 2163 2021 2213 sane,
2040 2148 2263 2201 ratione
2278 2150 2641 2216 carentia,sui
2662 2152 2850 2221 potius
2866 2172 3040 2225 quam
3055 2158 3276 2211 externi
3294 2159 3475 2214 domi-

1862 2234 2022 2288 nium
2046 2239 2321 2307 expetunt
2353 2238 2597 2308 generis.
2642 2238 2789 2294 Solis
2814 2241 3048 2297 ciconiis
3099 2244 3272 2299 alieni
3300 2247 3472 2302 duces

1861 2324 2088 2392 placent
2119 2324 2439 2394 sanguinis,
2472 2343 2622 2397 quin,
2656 2329 2842 2383 ventri
2865 2330 3099 2398 deditae,
3133 2333 3380 2389 aliarum
3412 2353 3472 2390 se

1861 2414 2098 2465 tuentur
2127 2413 2379 2484 periculo
2403 2414 2614 2469 avium.
2657 2416 2861 2471 Verum
2902 2419 2943 2472 si
2977 2421 3227 2476 consiliis
3273 2423 3469 2478 decre-

1860 2498 2012 2551 vistis
2027 2515 2226 2569 parcre
2252 2502 2416 2568 meis,
2446 2503 2807 2558 redeundum
2830 2506 2887 2559 in
2911 2508 3159 2577 gratiam
3181 2517 3471 2580 censeo,et

1860 2588 2205 2657 placandum
2222 2590 2498 2659 principis
2515 2592 2777 2646 animum
2816 2594 3147 2665 expulsione
3161 2597 3466 2657 oifensum.

1859 2676 2078 2730 Durum
2092 2682 2245 2731 certe
2250 2678 2272 2748 j
2285 2678 2449 2732 udico
2464 2678 2630 2734 unius
2642 2698 2758 2734 non
2774 2698 2936 2752 posse
2952 2684 3467 2753 perpetiluxuriam

1858 2768 1917 2819 et
1931 2768 2221 2820 tantorum
2238 2768 2495 2837 perferre
2508 2769 2787 2824 nobilium
2802 2771 3188 2840 perditionem
3199 2774 3464 2831 civium.»

1858 2854 2050 2908 Hisilli
2075 2855 2316 2910 animati
2340 2856 2729 2923 verbis,simul
2761 2862 2819 2912 et
2854 2861 3152 2916 atrocitate
3171 2862 3304 2917 facti
3336 2881 3465 2935 per-

1859 2943 2001 2997 moti
2033 2960 2145 3013 quo
2172 2943 2454 3015 primores
2484 2946 2648 3015 regni
2674 2947 3009 3016 pessundari
3042 2949 3335 3018 videbant,
3359 2953 3468 3005 Wi-

1859 3031 2111 3085 nomado
2144 3032 2409 3087 dixerunt
2441 3049 2454 3086 :
2481 3053 2512 3085 α
2544 3034 2788 3089 Ρωῐιίῑθὶ
2810 3052 2915 3090 nos
2951 3036 3295 3107 injuriarum
3327 3054 3463 3109 pro-

150 3124 398 3187 partem,
438 3125 496 3175 et
537 3122 580 3175 si
613 3122 846 3193 quidem
878 3123 1125 3176 Francos
1144 3122 1247 3176 tibi
1296 3121 1599 3176 conciliare
1652 3139 1754 3194 po-
1783 3149 1830 3209 ο
1855 3120 1981 3190 prio
2014 3120 2135 3190 regi
2167 3120 2477 3187 illatarum,
2502 3139 2676 3193 quem
2705 3122 2883 3178 sicubi
2927 3126 3188 3195 gentium
3219 3127 3464 3184 inveniri

153 3209 340 3275 tuero,
380 3210 485 3264 hoc
517 3210 620 3263 tibi
644 3210 755 3264 erit
786 3211 1038 3281 signum,
1066 3210 1203 3264 dum
1239 3211 1386 3265 hanc
1409 3211 1508 3264 tibi
1540 3211 1751 3266 misero

150 3300 394 3364 partem,
425 3302 482 3352 et
506 3298 816 3353 convenire
853 3298 962 3352 sibi
992 3302 1259 3370 utrasque
1289 3298 1597 3369 contigerit
1628 3299 1750 3353 ani-

150 3385 472 3441 madvertas
497 3388 1007 3459 oportebiteodem
1039 3388 1212 3441 modo
1236 3386 1637 3442 convenientia
1653 3405 1751 3459 po-

149 3472 263 3541 puli
282 3475 469 3529 studia
491 3476 594 3530 tibi
616 3491 961 3547 congruere.
977 3476 1244 3531 Reditum
1259 3492 1398 3547 ergo
1414 3476 1487 3529 ad
1500 3477 1747 3545 patriam

149 3563 485 3618 accelerabis
516 3567 702 3631 tuam,
735 3569 799 3618 ut
842 3581 1110 3636 regnum,
1145 3582 1256 3636 quo
1301 3581 1452 3620 nunc
1484 3564 1743 3635 privaris,

148 3652 397 3722 recipias.
433 3675 461 3701 »
492 3656 629 3709 Post
657 3654 780 3707 haec
811 3655 983 3709 verba
1000 3654 1349 3709 Childericus
1368 3655 1741 3724 Thoringam,

148 3743 205 3792 ut
234 3744 591 3811 prmlibatum
611 3731 1111 3813 est,petiit.Franci
1128 3759 1258 3797 vero
1273 3743 1649 3797 immemores
1663 3743 1745 3796 in-

139 3827 414 3897 juriarum
444 3849 586 3904 quas
608 3831 884 3886 Romanis
908 3833 1242 3897 intulerant,
1275 3831 1539 3903 Egidium
1570 3832 1744 3904 patri-

146 3917 312 3987 cium,
332 3921 425 3992 qui
450 3937 485 3975 a
534 3920 814 3975 Romanis
839 3920 1069 3974 tuenda“:
1098 3919 1290 3974 Galliaa
1320 3937 1520 3974 curam
1551 3936 1737 3974 susce-

145 4010 321 4075 perat,
347 4024 547 4080 regem
579 4007 687 4062 sibi
720 4011 997 4062 statuunt.
1033 4007 1193 4062 Caeca
1240 4024 1406 4062 mens
1430 4008 1735 4063 hominum

146 4108 269 4149 eum
293 4096 397 4151 sibi
416 4101 622 4168 putare
640 4097 958 4163 consulere,
978 4096 1065 4150 cui
1084 4096 1203 4167 ipse
1228 4098 1508 4151 malanon
1528 4096 1737 4151 desinit

144 4178 422 4255 irrogare!
484 4185 632 4239 Nam
666 4200 779 4255 quo
808 4187 975 4255 pacto
1006 4184 1053 4238 is
1082 4185 1230 4239 bene
1273 4185 1386 4238 illis
1409 4186 1736 4241 consultum

146 4272 839 4344 vellet,cujusagrosigne,
857 4273 1134 4344 populum
1154 4273 1545 4343 gladio,urbes
1562 4277 1739 4328 vasta-

150 4356 293 4414 tione
312 4358 737 4431 protriverunt?
790 4360 1162 4414 Winomadus
1188 4377 1326 4415 sane
1373 4364 1599 4415 versuta
1626 4365 1740 4417 cal-

1854 3225 2016 3279 posSe
2037 3210 2856 3281 sciremus,suppliceslegatos
2874 3212 3240 3269 mitteremus
3261 3232 3462 3272 exora-

1850 3298 1974 3349 tum
2008 3300 2069 3350 ut
2111 3314 2275 3350 suum
2308 3298 2523 3353 rediret
2551 3299 2624 3353 ad
2650 3316 2954 3370 regnum.»
2984 3302 3080 3356 llle
3112 3304 3459 3359 convenien-

1850 3384 1930 3438 tia
1961 3384 2082 3453 regi
2114 3385 2461 3438 Francorum
2505 3387 2921 3457 persentiscens
2961 3389 3170 3457 studia,
3226 3392 3459 3449 fidelem

1850 3488 1955 3544 per
1985 3488 2229 3543 puerum
2250 3472 2555 3526 dimidium
2588 3474 2639 3527 ei
2662 3474 2859 3544 dirigit
2879 3480 3307 3549 aureum,cujus
3331 3498 3463 3552 par-

1846 3563 1963 3614 tem
1988 3560 2242 3613 mediam
2259 3560 2495 3614 abeunti
2527 3561 2765 3614 dederat
2783 3562 3101 3632 insignum.
3127 3566 3457 3639 Legatoque

1845 3649 1968 3703 hzec
1988 3648 2066 3702 illi
2092 3648 2279 3702 dicere
2305 3647 2489 3717 jussit:
2512 3671 2537 3697 ‹‹
2566 3650 2871 3703 Revertere
2889 3650 3013 3719 jam
3038 3669 3213 3718 nunc,
3236 3656 3297 3707 ut
3314 3654 3460 3710 desi-

1844 3738 2077 3792 deratus
2098 3737 2387 3802 dominus,
2426 3752 2490 3789 ac
2514 3740 2576 3790 ut
2602 3736 2733 3790 felix
2753 3740 2915 3791 utere
2938 3754 3121 3810 regno
3150 3745 3306 3795 tuo.»
3325 3741 3450 3806 Qua

1844 3824 2490 3897 legationeChildericus
2508 3828 2745 3896 accepta
2762 3841 2937 3880 ovans
2952 3827 3201 3898 patriam
3222 3831 3456 3901 repetit,

1842 3918 1901 3970 et
1929 3932 1960 3968 e
1992 3914 2183 3970 medio
2212 3914 2432 3968 itineris
2462 3914 2755 3985 mittitqui
2777 3915 3119 3971 Winomado
3142 3916 3455 3975 adventum

1840 4004 2068 4059 nuntiet
2100 4021 2289 4071 suum,
2322 4006 2379 4057 et
2405 4003 2595 4058 edicat
2633 4006 2696 4056 ut
2724 4004 2831 4058 sibi
2858 4003 3128 4059 festinato
3161 4012 3459 4070 occurrat.

1839 4094 2003 4158 Quod
2024 4093 2117 4147 ille
2128 4092 2344 4163 junctis
2375 4091 2485 4147 sibi
2517 4093 2870 4147 Francorum
2897 4094 3234 4165 proceribus
3262 4100 3451 4152 matu-

1837 4186 1964 4237 rato
1990 4181 2285 4252 implevit:
2324 4184 2382 4234 et
2400 4181 2554 4253 apud
2577 4185 2849 4248 castrum,
2879 4181 2967 4236 cui
2986 4199 3199 4239 nomen
3218 4185 3458 4242 Barrum

1841 4273 1945 4333 est,
1970 4270 2021 4324 ei
2052 4268 2685 4341 occurrit.Praeceperat
2713 4286 2888 4342 porro
2907 4272 3178 4342 praefatus
3196 4273 3308 4327 dux
3329 4274 3460 4329 Bar-

1842 4360 2101 4415 rensibus
2118 4361 2180 4413 ut
2199 4374 2330 4412 eum
2344 4373 2572 4413 summo
2596 4358 2818 4414 honore
2833 4375 3030 4430 regem
3055 4361 3459 4420 advenientem

151 4446 259 4502 lens
286 4450 512 4515 astutia,
530 4454 591 4503 et
619 4448 693 4502 ad
715 4465 842 4520 quas
873 4449 1133 4503 animum
1154 4449 1485 4504 intenderat
1514 4451 1741 4506 efficere
1764 4462 1817 4522 ι)
1843 4450 2189 4519 exciperent.
2216 4447 2388 4517 Cujus
2418 4446 2523 4518 ipsi
2540 4451 2831 4519 praecepto
2855 4453 3148 4520 parentes,
3176 4451 3457 4507 honorifi-

151 4539 268 4593 satis
298 4538 690 4611 promptus,in
721 4538 878 4592 brevi
897 4538 1165 4592 amicitiae
1184 4539 1739 4610 Egidiiinhzesit.Cui

153 4623 250 4692 ille,
278 4626 796 4682 familiarissimum
841 4626 945 4681 sibi
978 4626 1271 4681 mstimans
1301 4627 1647 4696 amicorum,
1680 4647 1739 4685 se

155 4730 342 4788 suaque
382 4715 589 4771 omnia
618 4714 891 4769 credebat
942 4715 1195 4769 consilia.
1232 4716 1603 4771 Winomadus
1632 4718 1737 4773 ita-

157 4818 268 4872 que,
296 4804 740 4875 przesentisccns
782 4804 1133 4858 Francorum
1164 4804 1216 4858 ei
1245 4808 1567 4877 suspectam
1614 4808 1738 4862 fore

156 4895 472 4961 potentiam,
506 4893 804 4947 cumulare
831 4896 889 4947 et
905 4892 1022 4963 ipse
1041 4894 1246 4961 verbis,
1270 4894 1474 4965 quibus
1490 4900 1735 4966 poterat,

156 4978 353 5036 invidia;
384 4982 713 5035 simultates
758 4998 875 5036 non
925 4982 1200 5037 cessabat.
1235 4983 1450 5037 Suadet
1480 5001 1619 5055 ergo
1642 4987 1740 5040 tri-

156 5067 255 5124 buti
282 5087 462 5126 onere
493 5086 593 5125 eos
625 5069 875 5141 opprimi
905 5073 1195 5142 oportere.
1230 5071 1341 5126 Sed
1370 5075 1739 5145 perpendens

156 5157 239 5212 hac
260 5176 354 5214 eos
383 5158 601 5230 injuria
648 5173 766 5212 non
810 5159 959 5213 ﬂecti
993 5160 1155 5231 quin,
1188 5160 1245 5214 in
1296 5166 1574 5233 ceperant
1602 5164 1736 5220 odio

157 5247 1039 5319 Childericum,honoreEgidium
1058 5249 1299 5321 dignum
1326 5252 1736 5317 acclamarent,

156 5337 327 5407 Egidio
351 5338 429 5392 sic
451 5339 678 5392 locutus
694 5339 777 5390 est
798 5353 811 5391 :

213 5451 235 5475 ‹‹
258 5426 357 5494 lta,
390 5425 604 5497 inquit,
638 5424 989 5481 Francorum
1020 5426 1289 5498 frangere
1320 5429 1511 5501 quibis
1531 5433 1735 5484 contu-

156 5516 400 5581 maciam,
424 5514 472 5570 si
505 5513 742 5583 aliquod
766 5514 1090 5584 potentium
1121 5515 1309 5586 gladio
1334 5516 1669 5588 peremeris.
1708 5537 1735 5564 ››

156 5603 431 5677 Egidiusid
456 5601 545 5656 illi
569 5602 881 5658 committit
895 5603 1133 5675 negotii.
1150 5604 1523 5660 Winomadus
1546 5620 1753 5675 oppor.

154 5700 330 5752 tunam
363 5695 574 5749 nactus
612 5692 994 5757 occasionem,
1034 5709 1177 5766 quos
1203 5693 1529 5749 infestiores
1558 5692 1732 5749 fuisse

1843 4537 2169 4593 centissimc
2183 4552 2317 4589 eum
2338 4535 2564 4590 obviam
2583 4536 2871 4607 progressi
2889 4538 3459 4609 susceperunt.Quod

1841 4642 1939 4681 rex
1952 4642 2056 4697 pro
2070 4624 2265 4680 omine
2280 4624 2939 4698 accepit,gratanterque
2958 4643 3162 4703 eorum
3181 4628 3456 4700 obsequio

1840 4731 1992 4779 usus,
2026 4712 2489 4783 tributum,quod
2509 4712 2674 4783 regni
2701 4713 2749 4784 ej
2761 4731 2823 4768 us
2845 4710 3257 4786 dependebant
3276 4720 3456 4789 parti-

1839 4803 1967 4870 bus,
1998 4801 2341 4856 liberalitate
2366 4801 2602 4856 indulsit
2630 4802 2811 4873 regia.
2844 4804 3063 4859 Junctis
3101 4803 3295 4876 itaque
3325 4821 3457 4860 cum

1840 4890 2181 4946 Winomado
2230 4889 2462 4957 viribus,
2510 4890 2867 4946 Childericus
2915 4892 3049 4947 inde
3100 4910 3457 4965 progressus,

1842 4979 2106 5052 Egidium
2140 4978 2258 5033 acie
2276 4981 2610 5049 superatum
2644 4995 2826 5048 regno
2847 4980 3126 5036 decedere
3154 4982 3458 5054 compulit.

1841 5069 1945 5133 Qui
1968 5069 2232 5139 expulsus
2248 5066 2615 5122 Suessionem
2663 5065 2952 5122 civitatem
2994 5069 3178 5139 petiit,
3214 5070 3461 5143 reliquo-

1840 5175 1951 5231 que
1977 5158 2169 5230 quoad
2195 5155 2328 5209 vixit
2351 5159 2616 5224 tempore
2656 5152 2799 5207 inibi
2858 5154 3081 5225 deguit.
3115 5158 3194 5211 Eo
3243 5159 3455 5216 audem

1837 5246 2108 5319 praesenti
2139 5244 2355 5299 lumine
2374 5241 2818 5311 casso,Siagrius
2847 5241 2995 5295 ﬁlius
3026 5243 3152 5312 ejus
3182 5247 3454 5305 eamdem

1839 5337 2042 5391 urbem
2074 5332 2439 5388 haereditario
2449 5332 2581 5401 jure
2612 5329 2890 5402 possedit.

1911 5422 2262 5477 Childericus
2313 5435 2470 5485 vero,
2532 5434 2662 5472 cum
2713 5421 2772 5472 et
2818 5434 2994 5473 manu
3049 5421 3352 5490 promptus
3400 5428 3458 5481 et

1840 5510 2089 5567 consiliis
2119 5511 2268 5562 esset
2300 5505 2591 5579 providus,
2623 5523 2753 5561 cum
2786 5506 3132 5578 Adovagrio,
3162 5508 3455 5569 Saxonum

1840 5596 2326 5671 rege,Aurelianis
2346 5612 2612 5667 pugnans
2632 5596 2813 5652 victor
2846 5596 3076 5652 exstitit.
3109 5598 3291 5663 Quem
3322 5603 3459 5677 fuga

1834 5694 2060 5763 lapsum
2085 5684 2383 5757 Adegavos
2423 5701 2600 5760 usque
2634 5701 3009 5760 persequens,
3035 5703 3167 5744 cum
3182 5706 3314 5748 eum
3338 5710 3457 5751 non
