3862 6210
425 469 536 523 643

432 591 760 666 reperisset,
791 583 976 655 ipsam
996 577 1197 632 urbem
1225 589 1570 644 oppugnaris
1590 570 1760 665 cepit.
1804 567 2045 666 Paulum
2067 555 2144 625 Α]

434 655 827 736 Romanarum
882 667 1154 724 comitem
1204 662 1454 731 partium
1491 657 1805 712 interemit.
1839 655 2045 724 Sicque

431 768 598 839 regni
630 761 908 818 terminos
931 755 1400 810 Aurelianensem
1425 765 1487 802 ac
1515 747 1751 801 demum
1782 743 2046 812 Andega-

434 832 668 912 veiisem
684 865 861 922 usque
888 846 1176 901 civitatem
1208 841 1448 894 dilatare
1471 835 1620 889 haud
1643 832 1900 903 segnitur
1920 846 2049 900 pro-

437 943 673 1004 curavit.

1041 1034 1262 1091 CAPUT
1282 1033 1421 1086 VIII.

435 1197 518 1252 De
548 1192 784 1254 Bminae,
813 1183 1206 1247 Thoringorum
1227 1173 1363 1244 tegis
1383 1169 1660 1236 uxori3,ad
1693 1166 2048 1222 Clu'hlcricum

1110 1266 1360 1318 transitu.

508 1387 714 1446 Basina
743 1383 937 1435 autem
963 1367 1629 1436 Bissini,Thoringorum
1679 1361 1853 1432 regis,
1887 1373 2052 1420 uxor,

437 1463 1174 1551 cognoscensChildericum
1189 1462 1496 1528 paternum
1511 1450 1794 1520 recepisse
1809 1463 2055 1517 regnum

439 1537 688 1630 adveum,
715 1556 893 1632 priori
916 1553 1138 1622 adjecto
1162 1548 1304 1611 viro,
1325 1546 1408 1598 ire
1425 1537 2058 1632 contendit.Diccbatur

432 1624 862 1717 habuisse,dum
877 1640 1026 1714 apud
1044 1636 1348 1710 praafatum
1372 1631 1654 1686 exsularet
1671 1642 1889 1717 regem.
1911 1624 2055 1717 Chil-

437 1711 661 1805 dericus
683 1711 844 1807 ergo,
878 1711 1017 1785 dum
1049 1727 1119 1779 ab
1151 1741 1220 1778 ea
1236 1722 1523 1792 quaereret
1555 1731 1669 1786 qua
1690 1714 1759 1767 de
1790 1729 1960 1766 causa
1981 1711 2054 1764 ad

439 1853 498 1891 se
521 1830 716 1887 venire
747 1805 1048 1888 tantopere
1071 1814 1340 1873 curasset,
1375 1808 1482 1860 hoc
1512 1805 1582 1858 ab
1615 1819 1684 1855 ea
1707 1815 2050 1870 responsum

439 1919 658 1990 accepit
682 1932 730 1969 :u
757 1911 897 1972 Tua,
925 1911 1133 1974 inquit,
1163 1911 1371 1951 Virtute
1393 1911 1451 1947 et
1483 1911 1766 1947 mooesua
1797 1911 2020 1957 cognita

440 1977 706 2081 expc-tere
737 2003 794 2053 te
824 1991 1068 2050 decrevi.
1109 1989 1252 2041 Nam
1283 1985 1328 2038 si
1357 1982 1545 2037 ultimi
1571 1981 1630 2034 in
1663 1979 1874 2031 ﬁnibus
1899 1977 2053 2030 orbis

437 2063 806 2156 teiitiliorem
850 2079 1108 2137 invenire
1141 2091 1234 2128 me
1278 2086 1597 2143 speraram,
1653 2067 1810 2120 nulla
1835 2063 2055 2118 itineris

437 2153 704 2246 molestia
725 2168 1042 2244 impedirer
1055 2165 1188 2236 quin
1227 2177 1359 2215 eum
1377 2158 1756 2230 properanter
1772 2153 2050 2206 adirem.»

441 2239 700 2340 Cumque
722 2261 793 2315 ab
813 2239 889 2311 ea
909 2270 1007 2308 rex
1037 2252 1160 2304 haec
1194 2246 1503 2316 accepisset
1518 2257 1830 2311 responsa,
1854 2239 2055 2292 imme-

595 2325 861 2411 amicitia:
889 2347 947 2397 et
969 2336 1386 2395 beneﬁciorum
1419 2332 1492 2384 ab
1515 2330 1638 2399 ejus
1661 2328 1781 2382 viro
1814 2327 1919 2380 sibi
1943 2325 2056 2379 col-

440 2413 712 2507 latorum,
735 2438 856 2507 ips‘o
893 2426 1218 2500 superstite,
1245 2423 1442 2490 utpote
1471 2433 1748 2488 paganus,
1784 2430 1914 2466 eam
1944 2413 2049 2466 sibi

440 2502 960 2596 inimatri—m-oniuin
986 2513 1240 2568 adscivit.
1265 2512 1412 2563 Dum
1435 2511 1630 2560 autem
1651 2507 1871 2558 secreta
1885 2502 2051 2571 juga-

439 2591 510 2683 li—s
537 2620 650 2677 tori
669 2597 1388 2682 supervenissentsilentia,
1425 2594 1632 2648 mulier
1646 2592 1830 2645 virum
1854 2591 2050 2643 admo-

440 2679 541 2772 ἦρι
571 2727 605 2763 a,
635 2679 836 2759 mutua
853 2709 985 2749 eum
1015 2689 1225 2743 debere
1247 2700 1445 2738 vacare
1462 2679 1890 2751 conjunctione,
1923 2679 2052 2732 hor-

437 2767 705 2866 taturque
729 2791 792 2843 ut
821 2787 955 2838 ante
986 2780 1136 2832 fores
1166 2773 1581 2866 palatii-exeat,
1614 2773 1670 2866 et
1696 2785 1823 2840 quae
1847 2767 2051 2866 viderit

564 2855 1229 2940 renuntiet.llle,monita
1249 2859 1503 2914 mulieris
1522 2857 1674 2911 haud
1688 2855 2050 2924 aspernanda

437 2944 765 3036 arbitratus,
811 2960 961 3016 dicto
993 2955 1175 3026 paret.
1219 2951 1304 3014 Et,
1337 2964 1466 3001 ecce
1497 2963 1612 3018 prie
1658 2944 1873 2998 foribus
1904 2944 2049 2997 aula:

431 3032 776 3138 ἕθεὶωνὶίὶθὶ
803 3057 1148 3117 magnarum
1178 3039 1394 3092 formas
1414 3035 1731 3090 bestiarum
1754 3033 1927 3086 veluti
1956 3032 2051 3085 de-

435 3120 1203 3212 uir‘ibulantiummardorum
1222 3126 1454 3190 scilicet,
1479 3120 2048 3191 unicornium,atque

1517 442 1781 499 AIMOINI
1809 437 2120 496 MONACHI
2152 437 2653 493 FLORIACENSIS

925 1867 1133 1974 inquit,
1163 1867 1371 1951 virtute
1393 1898 1451 1947 et
1483 1890 1766 1947 modestia
1797 1867 2048 1957 cognita,
2073 1867 2123 1924 Β

3652 435 3756 487 6H

2156 576 2218 612 us
2247 561 2407 630 regni
2440 560 2739 632 potientur
2767 556 3021 626 sceptris.
3049 557 3227 609 Porro
3256 554 3560 609 minorum
3595 555 3760 607 turba

2151 649 2488 704 animalium
2509 651 2690 703 semet
2712 645 2954 698 invicem
2982 643 3386 707 lacerantium,
3413 643 3668 715 populus
3682 646 3760 694 est

2149 737 2270 790 sine
2303 740 2510 793 timore
2535 736 2883 808 principum,
2905 732 3024 803 qui,
3048 731 3189 784 dum
3211 731 3372 801 regni
3404 729 3761 800 primoribus

2151 831 2352 882 mutuo
2384 845 2503 881 sese
2535 827 2664 881 odio
2697 821 3178 894 impugnantibus
3201 820 3542 889 obsequitur
3574 822 3762 872 atten-

2155 915 2286 978 tius,
2328 916 2495 969 variis
2546 930 2664 968 sese
2725 911 2984 980 implicat
3035 925 3340 961 causarum
3394 906 3763 970 tumultibus,

2152 1003 2408 1074 dumque
2436 1018 2700 1074 proceres
2721 998 3010 1053 alterutris
3038 1013 3160 1050 sese
3185 996 3508 1049 moliuntur
3538 993 3765 1065 privare

2152 1091 2490 1156 honoribus,
2522 1091 2631 1144 illis
2658 1087 2913 1158 ignobile
2946 1087 3147 1155 vulgus
3176 1084 3427 1138 favendo
3455 1085 3626 1153 patet
3646 1081 3765 1134 sine

2153 1196 2396 1233 numero
2427 1178 2694 1232 caedibus.
2723 1176 2859 1227 Haec
2893 1173 3055 1238 mihi,
3105 1173 3340 1226 domine
3378 1188 3499 1235 rex,
3536 1174 3657 1223 tua!
3687 1171 3759 1223 vi.

2155 1267 2330 1321 sionis
2373 1270 2456 1318 est
2481 1264 2760 1335 expositio
2794 1261 3120 1325 manifesta,
3155 1265 3212 1313 et
3241 1258 3419 1312 futuri
3453 1257 3764 1311 iudicatrix

2155 1360 2328 1409 certa.
2365 1357 2448 1408 Ita
2476 1351 2927 1422 rex,postposita
2957 1348 3187 1401 visionis
3219 1347 3470 1417 propriae
3493 1346 3758 1400 mordaci

2156 1461 2313 1504 cura,
2346 1457 2654 1496 numerosa
2709 1442 2964 1492 ventura:
3027 1453 3141 1490 sua:
3197 1435 3374 1506 prolis
3408 1435 3647 1489 laetatus
3684 1439 3762 1488 est

2158 1549 2216 1586 se
2248 1530 2542 1601 agnovisse
2573 1527 2841 1598 auspicia.

2784 1615 3006 1669 CAPUT
3039 1615 3120 1669 IX.

2344 1706 2425 1758 De
2449 1707 2694 1759 Antemiz‘
2721 1706 2962 1774 imperio,
2994 1711 3042 1755 et
3063 1702 3324 1772 prodigiis
3351 1700 3449 1754 sub
3478 1717 3568 1752 eo.

2226 1795 2302 1847 Ea
2329 1796 2668 1863 tempestate
2709 1791 2978 1845 Antemio
3025 1791 3352 1843 Romanum
3393 1787 3759 1858 gubernante

2154 1882 2484 1953 imperium,
2511 1882 2697 1934 Leone
2727 1875 3460 1948 Conslantinopolitanum,
3485 1875 3648 1944 apud
3667 1875 3762 1927 To-

2153 1970 2333 2023 losam
2360 1968 2553 2022 Galliae
2574 1969 2778 2021 urbem
2809 1983 2841 2020 e
2877 1965 3070 2018 medio
3109 1964 3231 2033 ejus
3254 1967 3377 2017 tota
3407 1962 3505 2016 die
3534 1962 3759 2032 sanguis

2155 2058 2476 2128 largissimo
2510 2057 2668 2110 lluxit
2693 2056 2832 2109 rivo.
2869 2054 3031 2118 Quod
3064 2052 3376 2123 prudentes
3404 2051 3628 2121 quique
3659 2052 3757 2102 Go-

2155 2147 2408 2211 thorum,
2441 2147 2537 2216 qui
2564 2145 2767 2198 eadem
2799 2143 3124 2213 regnabant
3144 2141 3200 2193 in
3225 2138 3759 2210 civitate,perditio-

2155 2252 2311 2298 nem,
2332 2235 2794 2303 Francorumque
2818 2232 3085 2284 dixerunt
3111 2227 3461 2300 portendere
3497 2226 3759 2281 domina-

2153 2323 2391 2378 tionem.
2421 2324 2515 2376 His
2544 2338 2771 2392 quoque
2822 2320 3022 2373 diebus
3077 2318 3356 2382 Odoacer,
3389 2315 3489 2386 qui
3545 2315 3756 2369 Herulis

2152 2413 2393 2482 altisque
2423 2410 2752 2464 nationibus
2774 2425 2901 2479 qua:
2930 2405 3177 2461 Danubii
3204 2405 3358 2474 ripas
3379 2403 3757 2456 incoluntim-

2151 2501 2459 2572 peritabat,
2482 2498 2717 2552 victoria
2739 2497 2938 2558 elatus,
2963 2510 3159 2564 quam,
3179 2492 3446 2546 Feletheo
3462 2492 3752 2562 Rugoruni

2151 2605 2286 2660 rege
2321 2589 2470 2642 bello
2499 2586 2742 2650 devicto,
2781 2585 3022 2652 adeptus
3057 2585 3204 2648 erat,
3235 2580 3461 2634 Italiam
3514 2597 3551 2633 a
3601 2589 3752 2650 parte

2152 2675 2588 2731 Pannoniorum
2611 2673 2880 2727 invadere
2896 2669 3479 2740 cogitabat.Cumque
3493 2668 3644 2722 fines
3661 2669 3754 2720 No-

2153 2763 2403 2818 ricorum
2441 2761 2862 2831 ingrederetur,
2895 2757 3247 2828 colloquium
3281 2756 3586 2825 cujusdam
3619 2754 3750 2808 servi

2153 2850 2528 2917 Dei,nomine
2552 2847 2806 2903 Severini
2829 2845 3016 2917 petiit,
3049 2845 3142 2915 qui
3170 2845 3258 2898 his
3289 2844 3346 2896 in
3381 2843 3524 2897 locis
3557 2859 3749 2897 mona-

2150 2941 2385 2994 sterium
2409 2939 2510 2992 sibi
2534 2937 3002 2992 construxerat.A
3019 2950 3131 3004 quo
3150 2933 3331 3003 petita
3348 2932 3747 2985 benedictione

2151 3032 2208 3082 et
2229 3029 2556 3099 impetrata,
2577 3026 2715 3079 dum
2732 3026 2972 3078 domum
2995 3021 3195 3092 egredi
3211 3022 3401 3086 vellet,
3418 3024 3479 3074 et
3503 3038 3566 3074 se
3596 3021 3667 3074 ad
3691 3020 3746 3074 li-

2152 3134 2287 3171 men
2310 3116 2459 3183 ostii,
2482 3131 2554 3167 ne
2567 3118 2738 3184 caput
2756 3109 3744 3175 oll‘enderet,inclinasset,eratenim

733 3197 1072 3284 Perterritus
1095 3216 1286 3286 itaque
1314 3213 1386 3266 ad
1419 3211 1729 3280 conjugem
1753 3211 2045 3278 properat,
2071 3225 2117 3281 ρ
2151 3210 2368 3260 statura
2400 3220 2692 3273 procerus,
2720 3203 2840 3255 haec
2874 3202 2947 3255 ab
2981 3199 3185 3254 eodem
3211 3198 3329 3251 viro
3361 3197 3465 3251 Dei
3493 3198 3702 3252 audivit
3730 3215 3741 3250 :

436 3299 564 3390 rem
592 3321 794 3380 ordine
817 3306 1124 3368 refert.llla
1148 3301 1438 3358 conﬁdere
1458 3315 1593 3352 eum
1625 3299 1873 3366 imperat
1909 3299 1966 3349 et
1992 3311 2055 3362 ut

439 3383 691 3476 secundo
724 3421 789 3462 ac
814 3397 988 3456 tertio
1019 3394 1078 3448 id
1098 3391 1270 3446 faciat
1301 3383 1832 3442 edicit.Revertenti
1859 3383 2052 3452 itaque

583 3489 1086 3572 apparentiterum
1109 3493 1376 3535 ursorum
1401 3477 1785 3544 luporumque
1817 3469 2056 3567 circun}-

435 3558 791 3654 cuisaiitium
820 3573 1126 3645 imagines.
1152 3566 1340 3622 Tertio
1355 3579 1583 3636 quoque
1610 3558 2054 3630 egressus,aspi-

435 3644 738 3742 canum
779 3644 992 3739 ﬁguras
1013 3659 1422 3724 minorumque
1450 3649 1786 3704 animalium
1818 3663 1876 3700 se
1917 3644 2058 3698 invi-

435 3734 988 3831 ;emilacerantium.
1040 3747 1288 3816 Stupens
1314 3740 1509 3812 igitur,
1537 3735 1770 3790 visionis
1798 3734 2054 3831 ignarus:

436 3817 936 3922 stratum—repetit,
964 3850 1194 3894 causam
1226 3826 1500 3922 prudenti
1513 3823 1748 3922 femina:
1771 3817 2058 3922 pondiottet

435 4043 697 4106 Namque
710 4041 828 4081 non
845 4035 902 4074 se
935 4032 1008 4069 an
1031 4032 1100 4064 ea
1115 4032 1326 4062 u-usu-a
1361 4032 1434 4055 au
1463 4032 1582 4053 μασι,
1609 4032 1672 4096 ,η’

589 4094 744 4174 certo
766 4105 999 4164 sciebat.
1024 4098 1122 4151 Illa
1150 4094 1305 4147 caste
1332 4106 1390 4143 se
1421 4103 1593 4158 agere
1624 4094 1808 4140 virum
1843 4102 1911 4140 ea
1945 4103 2050 4140 no-

439 4175 659 4282 etc-pra:
668 4198 887 4260 monet,
908 4189 1112 4246 cuncta
1131 4182 1456 4248 se,ventura
1472 4177 1617 4238 luce,
1632 4175 2049 4229 declaraturam

1429 4265 1441 4282 .
1580 4262 1747 4282 ουκ,
1782 4263 2040 4282 μυρίκη

437 4262 736 4376 poliicens.
770 4288 917 4340 Dum
961 4289 1101 4345 ergo
1139 4284 1314 4323 aurea
1350 4265 1548 4338 polum
1578 4262 1750 4317 facies
1781 4263 2050 4334 rutilique

824 4370 860 4376 ῃ
1009 4363 1024 4376 ’
1157 4359 1328 4376 ίίιλ-ηι
1392 4352 1564 4376 ---..-;ι
1595 4351 1803 4376 mnu.“
1829 4351 2016 4376 MM“:

436 4351 610 4462 jriibar
639 4376 771 4435 solis
810 4370 963 4426 diem
994 4359 1356 4422 decorarent,
1388 4352 1567 4424 surgit
1595 4351 2049 4414 mulier,mariti-

894 4456 908 4462 -
957 4451 1009 4462 ιο
1113 4448 1122 4457 ⁸
1160 4446 1170 4456 ο
1272 4461 1280 4462 κ
1323 4457 1648 4462 _,AA_.__A___A
1676 4439 2046 4462 1------JJZJ31

445 4439 556 4551 qiie
580 4468 846 4526 animum
879 4451 1052 4510 dubia
1077 4446 1290 4502 visione
1317 4457 1654 4513 suspensum
1676 4441 1781 4493 hac
1801 4439 2052 4494 reddidit

825 4547 854 4551 “⁴
1103 4535 1144 4551 "
1266 4531 1403 4551 ’νηη
1452 4529 1526 4551 -Αε
1561 4529 1646 4551 --τ-
1704 4528 1869 4551 λιι-Δ,-
1905 4529 2046 4551 ..ι-ιι-

445 4560 705 4622 oratione
725 4555 840 4607 leni

443 4616 627 4714 curas,
669 4645 727 4698 et
755 4651 881 4710 qua:
896 4631 1078 4687 dicam
1105 4623 1329 4678 intenta
1343 4617 1572 4690 percipe
1595 4616 2049 4670 mente.Etenim

577 4704 805 4791 tantum
828 4714 1197 4798 praesentium
1237 4713 1364 4764 acta
1379 4723 1575 4761 rerum
1597 4708 1878 4776 quantum
1907 4704 2054 4759 futu-

675 4822 760 4876 est
773 4793 1066 4872 ostensum
1091 4796 1459 4874 praesagium.
1476 4794 1587 4847 Nec
1611 4796 1666 4846 te
1698 4793 1916 4846 formas
1938 4793 2057 4848 ani-

442 4879 710 4979 idalium,
745 4904 826 4961 uti
857 4902 988 4955 ante
1014 4891 1191 4966 pedes
1216 4883 1402 4979 vidisti
1434 4881 1669 4979 positas,
1701 4879 1945 4951 dignum
1972 4885 2056 4934 est

441 4973 932 5085 perpendereﬁed
951 4981 1142 5057 potius
1166 4977 1224 5030 in
1245 4974 1334 5027 his
1364 4973 1726 5042 posterorum
1759 4985 1950 5024 mores
1999 4973 2056 5022 et

1119 5069 1160 5085 ηι
1179 5067 1222 5085 -ι
1243 5058 1550 5085 .._..-..:..:....
1581 5059 1778 5085 mnu..."
1803 5075 2052 5085 “nmmm

447 5058 614 5155 aetiis
635 5058 968 5145 nostrorum
1000 5067 1229 5142 opnrtet
1241 5058 1780 5133 prospicias.Nostro
1803 5075 2054 5129 namque

449 5147 780 5261 quiﬁprimis
809 5164 1006 5236 surget
1030 5177 1064 5213 a
1092 5152 1313 5211 semine
1345 5148 1560 5218 filiique
1592 5147 1918 5202 censebitur
1949 5164 2053 5201 no-

853 5258 862 5261 ’
1010 5249 1042 5261 ··
1159 5239 1348 5261 ιηριεμ
1408 5253 1572 5261 ..-υ-..ν-
1605 5235 1786 5261 ιηηκεη
1817 5236 1900 5261 -.ηι
1935 5235 2030 5261 ..κε

448 5235 631 5337 ὦῶ,
657 5258 896 5332 insignis
916 5235 1053 5306 ierit
1079 5239 1374 5317 potentiae,
1403 5253 1576 5310 quem
1604 5235 1788 5290 leonis
1817 5236 1903 5289 vel
1935 5235 2057 5289 uni-

664 5325 1008 5421 conspexisti
1028 5338 1085 5391 in
1111 5331 1382 5404 speciem.
1412 5329 1476 5381 In
1489 5326 1674 5397 figura
1691 5341 1829 5379 sane
1851 5325 1968 5396 lupi
1991 5342 2054 5379 ac

598 5414 901 5514 signantur
926 5427 1098 5501 ipsius
1127 5417 1362 5494 posteri,
1394 5415 1598 5469 viriute
1623 5414 1938 5484 prazvalidi,
1971 5431 2057 5467 νει-

449 5502 719 5615 piumque
745 5521 1001 5581 avidi.At
1015 5512 1194 5576 canis,
1220 5502 2056 5575 libidinisimpatiens,nullius-

765 5614 770 5615 ,
857 5611 870 5615 -
1168 5597 1178 5607 ⁸
1207 5614 1214 5615 ,
1238 5613 1254 5615 _
1294 5610 1394 5615 -..Α
1429 5607 1543 5615 --.ηρ
1577 5607 1687 5615 ...μι-
1721 5593 2032 5615 _......-.-I-_-

453 5593 566 5701 que
586 5593 828 5679 virtutis,
857 5611 1121 5664 humana
1138 5597 1260 5651 sine
1287 5610 1398 5667 Ope
1424 5607 1545 5646 esse
1577 5607 1693 5646 non
1721 5593 2053 5662 prmvalens,

906 5693 936 5701 --
969 5690 979 5700 -
1142 5683 1247 5701 2-.-
1291 5677 1612 5701 _-_:__n:_..:_
1635 5677 1689 5701 ε..
1723 5679 2026 5701 -,,,η,ιζ-ιᾲη

455 5677 660 5773 eorum
679 5677 948 5777 praesagit
967 5683 1258 5762 ignaviain
1283 5679 1382 5752 qui
1398 5677 1614 5735 ultimis
1635 5677 1694 5735 in
1721 5679 1941 5735 sarculis
1955 5682 2056 5738 hu-

2157 3316 2185 3344 ‹‹
2217 3293 2390 3358 Vade,
2412 3292 2688 3352 Odoacer,
2708 3289 2908 3342 vilibus
2931 3304 3081 3341 nunc
3101 3285 3490 3340 animantium
3515 3287 3743 3356 pellibus

2157 3379 2597 3447 indutus,ltalize
2623 3379 2892 3432 dominus
2909 3392 3038 3430 mox
3056 3375 3303 3429 futurus.
3335 3397 3362 3421 ››
3387 3374 3630 3438 Quaviri
3661 3374 3746 3428 Dei

2159 3469 2461 3541 prophetia
2490 3467 2583 3520 ille
2616 3466 2830 3532 audita,
2860 3464 3082 3517 Italiam
3109 3463 3421 3533 ingressus,
3442 3479 3561 3517 non
3582 3465 3638 3516 ut
3659 3462 3745 3515 de-

2158 3557 2300 3623 buit,
2324 3557 2422 3610 sed
2441 3559 2502 3609 ut
2523 3554 2719 3620 voluit,
2743 3553 2993 3606 czedibus
3025 3569 3088 3605 ac
3109 3550 3328 3620 rapinis
3348 3555 3561 3605 cuncta
3587 3554 3746 3603 vasta-

2155 3644 2530 3700 vit.Antemio
2552 3660 2684 3696 vero
2699 3643 3050 3712 imperatore
3069 3639 3271 3693 fraude
3291 3638 3549 3692 Ricimiri
3565 3637 3744 3709 generi

2158 3735 2242 3790 sui
2275 3735 2645 3802 interempto,
2670 3730 2803 3800 ipsis
2833 3729 3008 3782 etiam
3043 3728 3318 3782 Romana:
3341 3727 3502 3781 urbis
3521 3726 3744 3781 summis

2158 3824 2384 3880 arcibus
2403 3820 2660 3876 infestius
2685 3818 2955 3872 minitare
2987 3817 3174 3888 coepit.
3201 3816 3326 3879 Qua
3348 3815 3419 3869 de
3443 3833 3611 3870 causa
3646 3816 3742 3868 Bo-

2156 3913 2316 3968 mani
2340 3914 2398 3965 et
2419 3908 2668 3963 maxime
2690 3907 2854 3961 Gothi
2875 3908 3094 3977 legatos
3116 3904 3188 3958 ad
3204 3905 3464 3958 Leonem
3481 3905 3740 3960 Constan-

2152 3998 2600 4071 tinopolitanum
2625 3997 3037 4066 imperatorem
3060 3991 3318 4063 dirigunt
3331 3996 3566 4048 oratum
3579 3997 3637 4046 ut
3648 3990 3741 4045 sibi

2153 4089 2357 4160 aliquis
2385 4087 2711 4139 mitteretur
2738 4082 3087 4155 principum,
3117 4097 3221 4150 per
3270 4080 3432 4151 cujus
3487 4081 3738 4136 auxilium

2151 4177 2434 4247 impetum
2461 4172 2868 4244 propulsarent
2897 4168 3173 4224 hostium.

2791 4257 3015 4312 CAPUT
3052 4257 3111 4311 X.

2603 4349 2682 4402 De
2713 4347 3024 4402 Theoderici
3060 4349 3300 4416 imperio.

2224 4443 2358 4496 Erat
2383 4443 2577 4493 autem
2599 4438 2834 4508 quidam
2859 4436 3010 4490 inter
3027 4436 3312 4505 primores
3333 4435 3640 4506 imperialis
3655 4451 3736 4488 au-

844 4549 968 4600 tum
1003 4557 1015 4594 :
1045 4560 1072 4588 ‹‹
1103 4535 1231 4601 Has,
1265 4531 1428 4598 inuit,
1451 4529 1532 4583 mi
1561 4529 1666 4594 vir,
1699 4528 1872 4582 corde
1903 4529 2050 4598 pelle
2075 4506 2129 4564 Β
2151 4533 2241 4598 Iw,
2272 4527 2658 4583 Theodericus
2689 4525 2947 4591 nomine,
2980 4523 3063 4577 vir
3093 4528 3364 4594 spectata:
3415 4525 3733 4595 prudentiae,

2153 4621 2313 4691 cujus
2343 4621 2506 4688 pater
2531 4615 2882 4678 Theodorus,
2914 4612 3244 4667 Macedonia
3285 4615 3540 4682 genitus,
3570 4613 3738 4681 cujus-

2157 4710 2292 4764 dam
2326 4705 2490 4759 ldatii
2520 4702 2740 4775 patricii
2784 4703 2922 4755 dum
2961 4705 3108 4754 esset
3137 4701 3414 4769 famulus,
3445 4700 3733 4773 quamdam

2157 4810 2490 4852 conservam
2518 4809 2700 4856 suam,
2725 4790 2962 4844 nomine
2996 4788 3221 4851 Liliam,
3251 4805 3451 4843 amare
3483 4789 3641 4860 cozpit
3664 4804 3735 4840 ar-

2157 4883 2396 4940 dentius.
2411 4880 2574 4944 Quod
2587 4895 2902 4951 agnoscens
2918 4876 3345 4947 dominus,conj
3356 4879 3481 4948 ugis
3493 4875 3733 4948 Eugeniae

2156 4971 2392 5027 consilio
2413 4987 2562 5035 usus,
2585 4984 2714 5021 eam
2738 4966 2815 5020 illi
2836 4965 3072 5020 tradidit
3102 4981 3439 5036 coiijugem,
3464 4966 3634 5021 sciens
3654 4980 3733 5017 ea-

2159 5063 2291 5117 dem
2325 5059 2396 5113 de
2427 5060 2601 5130 gente
2620 5073 2741 5110 esse
2759 5057 3128 5127 prognatam.
3157 5052 3332 5123 Cujus
3355 5054 3608 5119 domina,
3627 5066 3733 5122 quae

2157 5169 2215 5207 se
2246 5151 2433 5205 fructu
2460 5147 2676 5201 ventris
2707 5144 2941 5198 dolebat
2966 5159 3086 5197 esse
3112 5141 3424 5214 privatam,
3445 5145 3564 5199 haec
3589 5142 3660 5196 illi
3687 5141 3734 5192 in

2159 5237 2447 5295 mandatis
2477 5235 2638 5290 dedit
2668 5237 2750 5299 ut,
2785 5231 2940 5303 quod
2968 5231 3159 5302 prima
3199 5234 3372 5285 nocte
3395 5232 3603 5303 jugalis
3641 5227 3732 5283 tori

2159 5328 2216 5382 in
2238 5326 2455 5382 somnis
2478 5324 2716 5389 videret,
2743 5321 2800 5374 id
2821 5321 2922 5374 sibi
2949 5319 3218 5374 nuntiare
3235 5323 3568 5376 curaret.Ea
3585 5319 3734 5392 igitur

2159 5420 2478 5486 nocte,qua
2499 5411 2752 5484 primum
2776 5427 2906 5463 cum
2925 5409 3045 5462 viro
3073 5413 3295 5463 secreta
3326 5411 3492 5482 petiit
3519 5405 3730 5464 cubiculi

2158 5505 2402 5570 silentia,
2431 5503 2584 5556 videt
2623 5499 2830 5554 mulier
2875 5498 2946 5552 ab
2991 5497 3266 5552 umbilico
3297 5499 3403 5554 sibi
3451 5497 3730 5570 procedere

2159 5595 2430 5650 arborem
2448 5607 2625 5663 usque
2644 5589 2716 5643 ad
2741 5590 2890 5643 tecta
2916 5587 3122 5641 domus
3153 5588 3729 5644 excrcscentem.1‘er-

2155 5698 2288 5739 rore
2313 5676 2544 5737 visionis
2563 5676 2964 5748 expergefacta
2983 5679 3182 5732 narrat
3207 5677 3329 5734 viro
3351 5677 3637 5747 visionem,
3667 5673 3726 5728 si-
