3862 6210
168 418 265 472 ’645

1239 413 1559 473 HISTORIA
1589 413 2030 477 FRANCORUM.
2066 450 2138 464 —
2165 417 2361 479 LIB.I.

3344 430 3456 488 006

178 538 282 592 mul
309 539 362 591 et
383 535 988 610 deminaejussienem.
1012 540 1107 593 Ille
1147 537 1567 602 mirarivisum,
1591 539 1834 604 domi-A
1855 543 2113 614 quamvis
2144 544 2218 599 sit
2248 544 2534 599 bellorum
2565 543 2871 600 sublimata
2894 543 3352 620 triumphis,plus
3365 553 3450 606 ta-

173 643 371 697 mequae
391 626 564 698 coepit
582 627 812 681 laudare
832 631 1203 698 prmceptum.
1221 628 1334 682 Sed
1357 628 1569 684 timens
1593 629 1751 701 pueri

171 714 442 769 interitum
458 718 688 770 mutare
696 715 862 784 jussit
874 717 1166 772 somnium
1182 719 1407 789 taleque
1424 718 1754 773 deditman-

170 804 372 857 datum:
409 825 434 855 ι
458 805 636 871 Dum,
669 804 872 876 inquit,
908 810 1043 860 ante
1074 806 1327 861 domina:
1362 807 1585 861 veneris
1614 823 1750 862 con-

167 896 398 963 spectum
419 893 656 962 etjussa
683 893 856 948 fueris
886 895 1140 964 pandere
1162 895 1475 961 somnium,
1498 895 1650 950 dices
1671 895 1751 949 vi-

167 980 292 1035 disse
321 985 372 1034 te
412 996 633 1051 equum
675 986 732 1036 et
769 999 1001 1053 equam,
1033 983 1448 1054 pulcherrimos
1488 985 1751 1038 omnium

167 1070 893 1143 obambulantesaliumque
911 1073 1210 1143 parvulum
1230 1090 1380 1144 pone
1401 1090 1500 1128 eos
1514 1090 1752 1145 sequen-

167 1161 285 1212 tem.
317 1180 343 1206 n
378 1160 598 1213 Parens
636 1158 733 1213 illa
763 1160 948 1214 verbis
982 1160 1084 1214 viri
1122 1161 1300 1215 refert
1339 1161 1590 1216 dominis
1634 1161 1747 1216 ficti

165 1247 313 1301 verba
329 1247 564 1302 somnii.
582 1248 955 1303 Gratulantur
976 1249 1054 1303 illi
1079 1265 1180 1320 pro
1203 1249 1456 1320 auspicio
1481 1250 1751 1304 nascituri

164 1335 321 1405 pueri,
339 1336 590 1389 famulos
617 1336 882 1391 libertate
900 1337 1140 1404 donant,
1166 1341 1480 1410 natumque
1503 1354 1746 1408 puerum

163 1423 251 1477 sibi
269 1424 544 1495 adoptant
565 1423 626 1477 in
651 1424 857 1479 filium.
881 1427 1011 1480 Post
1028 1427 1168 1492 haec,
1194 1426 1372 1481 Idatie
1389 1429 1447 1481 et
1467 1426 1588 1496 ejus
1610 1443 1748 1480 cen-

157 1513 276 1584 juge
303 1512 409 1567 vita
456 1513 892 1581 decedentibus,
928 1515 1089 1586 jussu
1139 1515 1342 1570 Leonis
1383 1515 1749 1586 imperatoris

160 1601 514 1655 Theodericus
544 1602 749 1656 castris
779 1602 1174 1674 imperialibus
1215 1604 1381 1658 miles
1407 1607 1491 1658 est
1523 1605 1749 1660 ascitus.

163 1688 268 1756 Qui,
294 1706 416 1744 cum
440 1691 670 1745 caeteris
694 1691 1039 1762 proceritate
1059 1692 1474 1761 corperisesset
1491 1693 1751 1747 eminen-

160 1777 616 1842 tior,fortitudine
634 1795 862 1851 quoque
877 1780 1275 1834 membrorum
1293 1780 1612 1853 virtuteque
1625 1781 1750 1836 ani-

1855 647 1988 685 men
2017 632 2238 686 decoris
2261 632 2508 686 emeruit
2543 631 2860 704 insignibus
2889 634 3131 707 integrae
3162 637 3294 691 fidei
3328 655 3450 694 ma-

1857 719 2195 792 gnificazque
2234 721 2479 792 pietatis.
2513 722 2750 792 Majeres
2789 723 2999 796 quippe
3039 725 3216 780 nostri
3239 727 3364 797 plus
3393 744 3452 781 se

1856 809 2194 863 alterutrum
2230 809 2441 880 pietate
2473 826 2648 881 quam
2672 811 2864 866 hostes
2897 814 3198 867 certabant
3226 812 3452 870 vincere

1856 895 2056 950 bellico
2083 898 2234 967 jure.
2266 899 2806 954 Praestantissimum
2832 901 3064 972 quidem
3097 901 3251 973 quod
3268 903 3454 957 fertur

1853 982 2042 1053 Scipio
2065 985 2134 1038 de
2149 985 2496 1056 Carthagine
2513 986 2927 1059 triumphasse;
2952 990 3330 1060 praestabilius
3367 1009 3455 1045 ve-

1851 1086 1916 1125 ro
1939 1072 2094 1142 quod
2126 1072 2335 1127 dicitur
2363 1073 2911 1130 infcstissimihestis
2925 1078 3204 1149 exsequiis
3235 1095 3450 1133 nonse-

1853 1159 1972 1212 lum
2015 1159 2361 1226 interfuisse,
2402 1179 2600 1216 verum
2635 1167 2692 1216 et
2742 1163 2911 1217 funus
2950 1164 3138 1236 ipsum
3185 1167 3454 1237 subjectis

1852 1247 2064 1302 vexisse
2091 1249 2365 1304 humeris.
2400 1251 2709 1306 Laudabile
2736 1269 2965 1324 quoque
2997 1254 3337 1326 Pompeium
3355 1256 3451 1310 Mi-

1852 1334 2075 1388 tridatis
2115 1336 2331 1390 delesse
2378 1337 2569 1410 cepias
2616 1338 2917 1412 ipsumque
2963 1342 3034 1396 ad
3081 1345 3331 1396 mortem
3363 1359 3452 1399 co-

1852 1423 2034 1492 egisse
2054 1442 2067 1492 ;
2102 1425 2444 1481 laudabilius
2457 1427 2634 1481 etiam
2652 1428 2962 1498 Tigranem
2979 1447 3097 1484 sese
3113 1430 3449 1501 dedentem,

1852 1515 2020 1566 terrae
2042 1530 2152 1584 que
2173 1517 2307 1568 ante
2337 1514 2510 1584 pedes
2528 1518 2881 1585 prostratum
2902 1533 2968 1571 ac
3001 1517 3270 1574 diadema
3286 1537 3452 1575 suum

1852 1613 2023 1668 super
2042 1617 2232 1670 genua
2245 1601 2367 1671 ejus
2386 1604 2702 1673 ponentem
2724 1620 2845 1658 non
2873 1605 3060 1659 solum
3075 1606 3347 1676 elevasse,
3365 1625 3453 1662 ve-

1851 1702 1980 1740 rum
2009 1689 2184 1741 etiam
2213 1705 2490 1744 coronam
2517 1691 2639 1760 ejus
2663 1691 2833 1761 capiti
2861 1691 3450 1768 impesuisse,sibique

1852 1775 2161 1829 consedere
2186 1777 2404 1831 fecisse.
2440 1777 2588 1840 Quid
2616 1779 2943 1834 mirabilem
2968 1781 3167 1852 Reguli
3200 1785 3449 1838 consulis

161 1865 227 1919 mi
242 1869 355 1920 erat
375 1867 769 1937 praestantior.
791 1867 1421 1940 Undeipsiimperatori
1438 1869 1746 1942 multisque
1777 1860 1829 1919 B
1851 1862 2100 1916 referam
2132 1863 2330 1929 fidem,
2364 1864 2460 1935 qui
2481 1866 2682 1919 maluit
2699 1866 3228 1924 interinimicorum
3245 1888 3452 1926 manus

158 1955 485 2009 senatoribus
497 1957 715 2009 charus
727 1955 1441 2012 habebatur.Venientibus
1453 1958 1646 2029 itaque
1661 1976 1749 2012 su-

158 2044 398 2113 pradictis
419 2046 827 2100 Romanorum
848 2045 1281 2117 Gothorumque
1305 2046 1507 2116 legatis
1536 2051 1592 2100 et
1619 2064 1748 2117 pro-

159 2135 265 2202 pter
277 2149 396 2203 quze
409 2136 700 2188 venerant
719 2133 820 2187 inti
831 2133 1136 2204 mantibus,
1154 2134 1472 2205 imperator
1485 2135 1742 2190 Theode-

157 2219 334 2287 ricum,
352 2221 700 2291 patriciatus
724 2221 944 2276 honore
966 2221 1324 2292 insignitum,
1350 2223 1422 2276 ad
1444 2226 1636 2293 partes
1659 2224 1744 2277 di-

163 2308 284 2361 rexit
307 2309 476 2363 Italiaa
507 2309 780 2364 tuendas.
815 2309 942 2378 Qui,
975 2314 1170 2364 evectu
1202 2311 1386 2365 navali
1411 2313 1742 2384 Hesperiam

162 2395 438 2466 ingressus,
466 2414 613 2452 cum
645 2398 902 2452 Odoacro
935 2414 1000 2451 ac
1025 2398 1246 2453 Herulis
1276 2399 1444 2453 variis
1473 2401 1739 2455 successi-

161 2482 248 2538 bus
266 2485 406 2540 bella
429 2488 635 2558 gessit.
669 2487 926 2551 Quadam
950 2490 1147 2542 autem
1169 2487 1288 2542 vice
1309 2488 1458 2542 bello
1491 2489 1743 2544 devictus

163 2570 461 2628 Ravennam
493 2575 734 2647 fugiens
769 2579 965 2648 petere
1003 2579 1088 2631 est
1131 2579 1379 2631 coactus.
1419 2577 1518 2631 Cui
1553 2581 1742 2632 mater

163 2657 279 2715 Lilia
293 2661 512 2717 obviam
533 2663 730 2731 venit;
764 2668 890 2718 erat
917 2667 978 2718 ut
999 2664 1056 2718 in
1084 2665 1298 2718 bellum
1330 2665 1548 2720 redeat.
1591 2666 1739 2720 Cun-

161 2749 698 2805 ctantitaliterinfit:
736 2774 763 2801 «
791 2751 920 2806 Mihi
945 2753 1134 2819 crede,
1167 2751 1267 2820 fili,
1300 2770 1414 2808 non
1459 2757 1545 2807 est
1574 2757 1740 2824 tugu-

163 2834 308 2905 rium,
338 2855 449 2910 quo
488 2839 731 2910 fugiens
764 2842 820 2894 te
841 2840 1096 2912 recipere
1130 2840 1333 2911 possis,
1367 2840 1471 2895 nisi
1502 2843 1742 2897 allevem

161 2930 366 2992 vestem,
385 2932 441 2982 et
460 2944 626 2994 eam,
660 2945 726 2982 ex
751 2945 865 3000 qua
895 2928 1148 2999 primam
1177 2929 1332 2983 fusus
1362 2946 1422 2983 es
1453 2929 1510 2984 in
1531 2931 1738 3000 lucem,

161 3009 467 3083 ingrediaris
497 3017 771 3072 domum.
801 3037 830 3066 »

218 3100 412 3164 Quibus
454 3105 654 3160 verbis
702 3105 958 3160 irritatus
1000 3106 1244 3177 juvenis,
1282 3107 1617 3179 pudoreque
1650 3107 1737 3162 in-
1767 3133 1817 3194 α

160 3187 479 3261 ﬂammatus,
504 3194 756 3248 collecta
773 3210 1030 3262 suorum,
1054 3212 1196 3266 quos
1213 3196 1283 3250 ad
1302 3213 1556 3268 prmsens
1573 3212 1736 3268 repe-

158 3277 236 3342 rit,
257 3295 436 3349 parva,
457 3281 726 3354 quidem,
747 3283 846 3337 sed
867 3284 1102 3338 robusta
1125 3301 1322 3349 manu,
1349 3301 1520 3354 super
1548 3285 1738 3338 hostes

157 3361 314 3433 irruit,
341 3371 433 3440 qui
461 3370 686 3426 securri
716 3371 970 3426 victorias
1000 3374 1118 3426 late
1163 3371 1349 3427 diffusi
1373 3372 1647 3442 jacebant
1679 3371 1737 3425 in

158 3466 353 3526 campo.
380 3459 491 3513 Hos
521 3475 672 3528 ergo
703 3458 1076 3513 circumfusos
1100 3459 1304 3514 sternit
1327 3461 1624 3531 fugatque,
1657 3459 1741 3530 ip-

159 3555 368 3614 sumque
393 3546 730 3601 Odoacrum
747 3548 920 3617 capit.
950 3547 1132 3611 Quem
1157 3565 1273 3603 non
1295 3550 1474 3603 multo
1498 3551 1626 3619 post
1644 3565 1737 3604 ec-

159 3627 273 3684 cidit
294 3649 653 3706 omnemque
676 3635 894 3689 Italiam
924 3653 958 3690 a
977 3636 1374 3692 dominatione
1397 3637 1738 3691 Herulerum

159 3719 354 3790 eripuit.
377 3724 486 3780 Sed
505 3725 668 3779 hunc
687 3724 808 3795 ejus
829 3741 1168 3797 prosperum
1200 3743 1519 3780 successum
1549 3725 1743 3780 invida

159 3812 371 3866 mutavit
384 3813 644 3868 fortuna.
669 3813 810 3867 Nam
830 3813 972 3867 sicut
993 3814 1114 3868 fieri
1139 3815 1346 3869 assolet
1368 3817 1430 3868 ut
1445 3815 1612 3869 bonis
1629 3815 1739 3868 vir-

158 3899 271 3954 tutis
285 3908 668 3974 augmentum
692 3903 844 3974 apud
866 3902 941 3957 im
950 3903 1161 3972 probes
1178 3903 1403 3959 invidiae
1417 3903 1512 3960 det
1525 3905 1736 3973 locum,

158 3987 367 4058 quidam
383 3993 453 4048 de
471 3991 840 4048 senatoribus
857 3993 1008 4064 apud
1027 3993 1230 4048 urbem
1243 3992 1464 4063 regiam
1487 4010 1740 4049 comma-

157 4080 336 4133 nentes
394 4080 666 4135 secundis
714 4080 1049 4135 Theoderici
1104 4080 1439 4136 invidebant
1497 4083 1736 4138 aclibus.

158 4161 492 4239 Quapropter
506 4170 791 4240 derogare
811 4171 962 4242 apud
977 4170 1389 4242 imperatorem
1402 4171 1570 4226 rebus
1584 4173 1654 4226 ab
1669 4189 1737 4227 eo

158 4253 350 4323 optime
365 4258 542 4328 gestis
559 4257 750 4312 conati
763 4262 921 4326 sunt;
949 4259 1339 4330 adeuntesque
1358 4261 1610 4314 Leonem
1629 4261 1738 4315 im-

158 4346 458 4408 peraterem
482 4348 610 4417 ejus
631 4346 1141 4402 clementissimum
1166 4347 1427 4402 animum
1453 4365 1516 4402 ex
1539 4366 1640 4402 sua
1655 4351 1737 4403 le-

158 4428 306 4486 vitate
343 4435 483 4490 alios
534 4435 965 4490 existimantem
1023 4437 1096 4489 ab
1155 4452 1353 4490 amere
1400 4436 1738 4491 Theoderici

159 4523 386 4575 avertere
416 4524 768 4594 gestiebant,
795 4523 1195 4596 contingentes
1239 4526 1381 4578 velle
1424 4525 1738 4580 Theoderi-

159 4616 269 4660 cum
297 4609 580 4682 Hesperiae
601 4611 856 4682 arripere
874 4629 1140 4682 regnum.
1164 4613 1258 4666 His
1283 4612 1602 4684 imperator
1623 4631 1742 4669 cre—

161 4690 306 4750 dulus
333 4699 518 4754 verbis
554 4716 688 4754 eum
725 4700 796 4754 ab
830 4699 990 4754 Italia
1021 4700 1331 4757 accersivit.
1368 4701 1539 4771 Cujus
1562 4703 1740 4758 Theo-

161 4778 361 4839 doricus
380 4804 591 4858 parens
619 4788 918 4859 praeceptis
948 4805 1078 4843 eum
1108 4789 1392 4843 nobilibus
1421 4790 1737 4846 Gothorum

161 4867 203 4920 ei
231 4870 779 4946 Constantinopolim
807 4876 1073 4930 occurrit.
1098 4878 1430 4932 Delatorum
1452 4894 1587 4933 vero
1610 4895 1735 4934 ver-

160 4957 288 5014 sutia
312 4963 577 5032 princeps
598 4963 868 5035 deceptus
889 4969 1255 5036 segregatum
1286 4983 1318 5020 a
1340 4966 1454 5020 suis
1474 4967 1735 5023 Theodo-

160 5044 321 5103 ricum
335 5050 656 5107 interficere
671 5053 1099 5124 cegitabat.Sed
1112 5055 1279 5125 hujus
1293 5055 1737 5113 machinationis

161 5133 357 5192 technis
386 5141 640 5196 obviabit
670 5143 1038 5210 Ptolemaeus,
1073 5142 1159 5198 vir
1190 5144 1463 5199 senatorii
1496 5145 1734 5217 ordinis,

160 5227 407 5290 providus
435 5231 706 5285 consiliis.
737 5231 841 5295 Qui
872 5231 1182 5287 fidissimus
1211 5231 1532 5288 amicorum
1553 5235 1736 5289 Theo-

160 5305 318 5367 derici
339 5316 474 5372 dum
505 5321 672 5386 esset,
696 5322 754 5373 et
787 5319 860 5374 ab
886 5320 1275 5376 adolescentia
1306 5322 1437 5392 jure
1469 5321 1738 5376 amicitia:

161 5394 464 5472 faderatus,
483 5407 640 5460 nulla
658 5411 884 5478 poterat
896 5409 954 5463 in
968 5408 1018 5479 ej
1028 5426 1092 5464 us
1105 5408 1304 5462 odium
1321 5407 1630 5462 calliditate
1645 5407 1739 5461 de-

161 5484 313 5544 ﬂecti.
353 5493 446 5548 Hic
485 5513 649 5566 ergo,
690 5497 929 5552 subdola
959 5498 1418 5553 adversariorum
1452 5497 1735 5568 persenti-

162 5583 706 5660 scenscensilia,adiit
716 5586 1280 5660 principem,talique
1293 5588 1446 5660 apud
1461 5602 1595 5641 eum
1612 5602 1738 5640 ora-

162 5659 301 5722 tione
328 5685 456 5728 usus
482 5677 596 5731 est:
628 5695 656 5726 ‹‹
685 5659 957 5744 Romani,
988 5675 1195 5752 inquit,
1236 5659 1422 5750 gloria
1453 5673 1734 5738 neminis,

1848 1950 2122 2005 inauditis
2148 1952 2337 2022 perire
2368 1952 2658 2024 suppliciis
2691 1971 2865 2025 quam
2886 1955 3048 2026 jurisj
3062 1958 3265 2011 urandi
3301 1959 3455 2012 fran-

1849 2038 2038 2108 gendo
2061 2039 2237 2094 fidem
2260 2041 2460 2094 Romae
2483 2042 2912 2096 amantissimus
2927 2043 3110 2097 vivere
3132 2043 3265 2098 civis
3281 2045 3309 2100 ?
3325 2047 3452 2102 Men

1848 2141 1986 2196 ergo
2018 2127 2308 2198 suscipias,
2361 2129 2819 2183 clementissime
2867 2129 3204 2201 imperator,
3252 2149 3454 2190 eorum

1847 2215 2020 2268 verba
2046 2215 2143 2286 qui
2175 2217 2345 2270 decus
2377 2216 2616 2288 imperii
2639 2217 2722 2270 tui
2750 2217 3006 2287 perfidia:
3037 2219 3234 2273 velunt
3263 2219 3451 2293 inqui-

1847 2317 1986 2356 nare
2017 2305 2262 2361 macula.
2298 2303 2450 2368 Quid
2479 2304 2638 2359 enim
2670 2307 2791 2360 toto
2821 2305 3043 2360 dicetur
3085 2307 3143 2360 in
3190 2309 3350 2375 orbe,
3406 2311 3452 2365 si

1847 2392 2384 2463 praestantissimum
2413 2393 2620 2446 ducem
2640 2395 2756 2447 tam
2777 2392 3180 2449 infandissima
3193 2411 3455 2466 pereme-

1844 2480 1923 2534 ris
1952 2484 2138 2535 morte
2169 2481 2196 2535 ?
2226 2480 2339 2535 Sed
2367 2482 2593 2551 placeat
2631 2480 2740 2534 tibi
2784 2481 3086 2537 consilium
3117 2499 3335 2552 meum,
3370 2489 3450 2553 et,

1845 2567 1983 2622 dum
2035 2569 2313 2640 palatium
2361 2568 2664 2623 intraverit
2711 2569 3121 2636 Theodericus,
3169 2571 3447 2628 custodite

1844 2656 2206 2726 mancipetur
2233 2657 2473 2710 vinctus.
2514 2659 2647 2712 Post
2676 2657 2797 2712 haec
2831 2657 3136 2712 mittantur
3167 2675 3235 2713 ex
3274 2676 3442 2715 sena-

1845 2744 2063 2798 toribus
2092 2744 2289 2816 aliqui,
2317 2746 2415 2816 qui
2454 2746 2562 2800 hoc
2590 2763 2623 2801 a
2645 2749 2744 2799 tua
2762 2746 2977 2816 pietate
3009 2763 3349 2818 responsum
3365 2766 3449 2804 re-

1843 2831 2035 2886 ferant
2063 2833 2258 2887 Gothis
2287 2850 2299 2887 :
2341 2856 2368 2883 ‹‹
2395 2835 2540 2900 Νοη,
2594 2833 2878 2905 inquiant,
2919 2835 3243 2890 dimittetur
3265 2837 3448 2891 Theo-

1845 2921 2091 2988 dericus,
2126 2921 2232 2976 nisi
2272 2938 2331 2976 se
2379 2923 2717 2994 purgaverit
2755 2922 2991 2992 objectis
3030 2923 3386 2979 criminibus.
3423 2948 3452 2975 »

1916 3011 2129 3064 Placuit
2153 3027 2341 3064 sermo
2370 3011 2617 3081 principi
2662 3015 2984 3082 cuncteque
3011 3011 3254 3068 senatui.
3287 3013 3452 3068 Mitti-

1843 3100 1936 3152 tur
1966 3099 2313 3153 Ptelemazus
2364 3115 2495 3152 cum
2525 3098 2647 3152 aliis
2677 3097 2899 3170 legatis,
2930 3100 3050 3153 hazc
3083 3099 3449 3156 nuntiaturus

1840 3186 2056 3242 Gothis.
2087 3186 2452 3240 Praamiserat
2477 3203 2613 3240 sane
2627 3203 2869 3257 puerum
2891 3187 2997 3241 hoc
3024 3188 3445 3243 illisiutimatu-

1841 3278 2061 3342 rum,ut
2075 3291 2208 3328 eum
2225 3290 2356 3328 cum
2369 3275 2586 3329 caeteris
2600 3274 2930 3328 venientem
2948 3283 3222 3346 caperent
3243 3281 3299 3330 et
3317 3277 3440 3332 haec

1841 3364 2178 3434 imperatori
2199 3363 2573 3417 mandarent:
2599 3385 2624 3411 «
2652 3363 2775 3416 Non
2799 3362 3171 3418 remittentur
3211 3368 3446 3419 senato-

1841 3467 1954 3518 res,
1979 3450 2083 3504 nisi
2103 3449 2407 3504 dominum
2425 3466 2590 3503 suum
2609 3449 3265 3518 receperintGethorum
3285 3453 3448 3507 nebi-

1842 3540 1979 3594 les.»
2001 3539 2082 3592 Illi
2101 3536 2336 3592 monitis
2353 3536 2460 3590 sibi
2482 3536 2791 3590 utilissimis
2805 3537 3445 3603 ebsecundant,circum

1842 3632 2044 3683 ventes
2073 3629 2365 3682 senatores
2383 3626 2439 3679 in
2459 3624 2685 3678 vincula
2705 3624 3036 3694 conjiciunt.
3064 3626 3185 3689 Qua
3201 3643 3263 3680 re
3281 3642 3444 3682 com-

1842 3721 2028 3788 perta,
2053 3717 2240 3771 Cmsar
2255 3714 2543 3769 feritatem
2557 3713 2744 3784 gentis
2758 3713 3065 3780 veritus,ne
3087 3713 3224 3786 quid
3237 3713 3297 3767 iu
3314 3732 3447 3771 suos

1843 3806 2074 3861 crudele
2101 3806 2344 3876 agerent
2367 3803 2630 3858 consulte
2649 3802 3445 3873 praacavit,etTheedericum

1841 3895 2059 3949 salvum
2090 3893 2284 3948 Gothis
2321 3891 2593 3946 reddidit.
2614 3893 2697 3944 Ita
2728 3889 2966 3962 provide
3001 3890 3170 3944 amici
3206 3891 3442 3948 consilio

1841 3984 1914 4039 ad
1945 3999 2199 4054 praesens
2231 3981 2302 4036 de
2326 3979 2532 4036 mortis
2559 3980 2832 4034 liberatus
2859 3980 2945 4032 est
2982 3978 3259 4050 periculo.
3293 3981 3444 4036 Dum

1839 4088 1974 4127 vero
2009 4073 2254 4126 Romam
2285 4085 2548 4124 reversus
2579 4071 2747 4135 esset,
2780 4067 2970 4123 varies
3017 4085 3150 4122 eum
3203 4069 3448 4140 contigit

1838 4162 2125 4218 bellorum
2156 4159 2369 4214 habere
2395 4174 2700 4212 successus.
2740 4157 2882 4211 Nam
2934 4160 2992 4211 et
3038 4158 3245 4212 Avares
3293 4174 3446 4230 saepe

1841 4249 1992 4304 bello
2021 4247 2249 4314 devicit,
2282 4247 2573 4316 victusque
2601 4245 2672 4300 ab
2703 4244 2786 4298 eis
2815 4247 2919 4299 est.
2955 4243 3218 4308 Quodam
3251 4249 3446 4301 autem

1843 4337 1958 4402 die,
1990 4335 2348 4406 supradictos
2371 4335 2564 4388 hostes
2596 4333 2796 4405 praelio
2819 4336 3118 4404 superatos
3140 4333 3450 4403 fugientes-

1757 4407 1816 4468 Ῑ)
1843 4442 1953 4498 que
1978 4424 2112 4479 totis
2137 4423 2363 4477 caedens
2392 4421 2510 4488 viis,
2527 4421 2684 4475 haud
2704 4422 2904 4492 procul
2927 4421 2997 4474 ab
3016 4437 3210 4487 amne,
3230 4423 3320 4476 cui
3353 4422 3449 4476 Hi-

1841 4517 1959 4567 ster
1990 4528 2207 4566 nomen
2225 4515 2330 4577 est,
2349 4513 2534 4565 castra
2549 4510 2878 4578 constituit;
2903 4512 2962 4564 et
2984 4509 3178 4580 paucis
3206 4524 3446 4566 suorum

1842 4601 2144 4674 assumptis
2172 4601 2548 4673 ,speculatum
2577 4599 2768 4654 hostes
2800 4598 3095 4670 processit,
3129 4614 3279 4664 cum,
3314 4614 3444 4653 ecce

1842 4692 2076 4765 quidam
2095 4693 2262 4758 Avar,
2284 4692 2488 4746 Xerxes
2501 4689 2759 4756 nomine,
2776 4686 2980 4742 itidem
2999 4687 3249 4742 tentoria
3268 4687 3448 4744 Theo-

1840 4782 2019 4837 derici
2031 4782 2424 4854 exploraturus
2434 4777 2739 4850 singularis
2755 4775 3448 4839 adveniebat.QuemThe—

1839 4871 2066 4926 doricus
2085 4871 2271 4926 solum
2301 4870 2614 4924 adventare
2639 4863 3022 4934 conspicatus,
3043 4866 3158 4916 tres
3179 4879 3208 4916 e
3230 4863 3344 4917 suis
3365 4864 3446 4918 di-

1837 4960 1974 5032 rigit
2000 4960 2097 5032 qui
2119 4977 2251 5015 eum
2274 4964 2507 5031 captum
2533 4955 2687 5012 ocius
2712 4951 2817 5006 sibi
2847 4950 3446 5022 prmsentarentQues

1836 5051 1984 5104 Avar
2009 5051 2235 5115 Xerxes,
2269 5048 2469 5119 fugam
2500 5039 3099 5116 fingens,singulatim
3126 5037 3441 5093 interemit.

1835 5137 1992 5194 Alios
2010 5153 2238 5209 quoque
2251 5139 2367 5189 tres
2384 5135 2506 5206 pari
2524 5133 2696 5188 modo
2710 5129 2836 5186 neci
2853 5126 3108 5183 tradidit.
3123 5126 3279 5180 Tunc
3288 5127 3443 5182 Theo

1840 5228 2086 5292 doricus,
2121 5223 2288 5279 sociis
2325 5220 2862 5286 reformidantibus,
2896 5232 3031 5271 eum
3057 5214 3394 5287 aggreditur
3425 5233 3440 5284 ;

1839 5331 1970 5370 cum
1992 5329 2104 5385 quo
2127 5311 2224 5367 diu
2242 5311 2601 5379 multumque
2625 5308 2946 5374 decertans,
2980 5305 3219 5359 tandem
3239 5304 3443 5359 Xerxes

1839 5402 2074 5459 brachio
2106 5399 2436 5454 vulneratus
2467 5413 2500 5448 a
2527 5395 2886 5449 Theoderico
2918 5393 3162 5466 capitur,
3187 5394 3358 5464 atque
3381 5391 3443 5448 in

1837 5491 2036 5548 castris
2064 5488 2379 5543 Gothorum
2409 5483 2628 5537 vinctus
2658 5482 2946 5537 statuitur.
2981 5483 3152 5553 Cujus
3169 5481 3442 5537 virtutem

1837 5577 2199 5650 supradictus
2223 5573 2491 5646 princeps
2518 5569 2856 5634 admiratus,
2874 5569 3131 5638 primum
3147 5569 3444 5626 blanditiis

1837 5667 2046 5728 dehinc
2061 5657 2795 5734 minis,adcebabitandum
2806 5654 3132 5729 sibicogere
3149 5658 3445 5720 nitebatur
