3862 6210
414 409 516 465 647

1317 407 1587 464 ΑΙΜΟΙΝΙ
1613 408 1928 464 MONACHI
1955 408 2449 466 FLORIACENSIS

3577 421 3662 476 648

412 528 525 584 Sed
554 530 692 585 dum
735 544 870 582 eum
901 544 1006 582 nec
1052 529 1270 582 terrore
1297 529 1546 593 concuti,
1580 544 1682 582 nec
1714 528 2007 598 promissis
2027 536 2083 592 Α
2109 528 2305 584 dolum
2327 529 3012 603 persentiscensfortique
3031 534 3326 588 conamine
3346 539 3503 606 caput
3523 553 3658 592 excu-

409 619 561 673 tlecti
583 634 748 690 posse
771 617 1170 688 conspexisset,
1199 616 1395 670 multis
1414 616 1916 686 affectuminjuriis
1933 616 2005 670 ad

407 707 658 782 patriam
687 706 877 762 redire
921 705 1182 778 permisit
1217 704 1446 760 invitus.
1491 706 1589 758 Ille
1619 720 1776 766 vero,
1805 707 2004 759 natatu

403 798 624 853 ﬂumen
643 797 892 851 Histrum
911 795 1380 866 ingressus,retro
1403 793 1710 865 respiciens
1733 794 1805 847 ad
1821 794 2004 848 Theo-

407 886 667 942 dericum
696 885 886 939 taliter
914 883 1042 938 infit
1071 901 1082 938 :
1120 906 1147 932 «
1167 884 1306 948 Tua,
1338 883 1546 954 inquit,
1581 886 1782 936 exutus
1823 882 2007 936 domi-

405 974 639 1030 natione
663 989 922 1044 meaeque
951 971 1208 1026 redditus
1235 971 1508 1037 libertati,
1541 971 1614 1024 ad
1635 973 1691 1024 te
1721 987 1870 1024 nunc
1878 970 2003 1039 jam

406 1079 602 1118 meum
627 1064 883 1116 revertar
903 1059 1228 1126 dominum,
1249 1058 1526 1130 pollicens
1540 1075 1632 1113 me
1657 1057 2000 1112 tibilidelem

401 1151 526 1206 fore
551 1151 854 1205 famulum.
884 1171 910 1197 ››
945 1149 1037 1203 His
1067 1147 1252 1214 dictis,
1285 1149 1471 1218 ripam
1496 1163 1671 1220 quam
1688 1146 2006 1218 reliquerat

405 1238 636 1311 repetiit
655 1241 714 1292 et
741 1237 945 1292 ditioni
975 1254 1032 1290 se
1061 1236 1400 1291 Theodorici
1429 1235 1744 1292 commisit.

475 1327 568 1381 His
597 1326 885 1398 prosperis
915 1325 1263 1379 successibus
1276 1324 1416 1378 dum
1437 1324 1494 1378 in
1519 1324 1681 1379 Italia
1699 1323 2004 1395 saepefatus

403 1417 647 1489 polleret
669 1413 958 1484 patriams,
981 1412 1480 1482 Constantinopoli
1501 1413 1654 1482 apud
1687 1412 2003 1483 imperato-

401 1521 530 1560 rem
556 1502 759 1558 invidis
771 1501 1202 1556 detrahentium
1223 1501 1586 1555 lacerabatur
1601 1499 1996 1554 relationibus.

404 1593 809 1665 Improborum
835 1589 1050 1646 etenim
1067 1593 1292 1644 mentes
1316 1589 1642 1656 hominum,
1659 1589 1906 1642 aliorum
1922 1588 2002 1642 in-

403 1680 724 1736 commodis
753 1695 854 1733 sua
883 1679 1138 1734 volentes
1158 1681 1539 1749 augmentare
1559 1677 2000 1743 commoda,bo-

404 1786 615 1826 norum
644 1768 945 1824 benefacta
987 1767 1238 1821 virorum
1283 1765 1634 1820 contrariam
1679 1765 2000 1820 moliuntur

2109 618 2276 684 tiens,
2313 618 2537 672 amissis
2557 619 2828 673 cornibus
2843 619 3048 675 silvum
3068 621 3228 692 petiit
3249 623 3521 695 profugus.
3541 627 3662 680 indi-

2105 707 2644 778 gnatusimperator
2656 712 3063 780 contemptum
3075 710 3178 778 sui;
3197 711 3548 783 etimpatiens
3564 715 3662 794 irae,

2105 795 2288 849 multa
2299 796 2644 850 furibundus
2659 813 2822 852 cervo
2839 798 3662 872 interminatur.Conqueruntur

2105 883 2255 938 inter
2285 901 2344 938 se
2373 885 2511 939 ferae
2535 901 2640 956 pro
2667 885 2942 957 principis
2963 886 3192 958 injuria,
3215 905 3315 943 nec
3339 893 3515 944 tamen
3533 890 3662 945 inve-

2107 973 2264 1026 nitur
2288 973 2403 1028 ulla
2425 990 2552 1044 quae
2583 990 2817 1028 cervum
2855 975 3124 1048 persequi
3155 977 3360 1032 audeat
3389 978 3522 1032 hanc
3558 995 3665 1034 con.

2105 1061 2408 1115 tumeliam
2431 1061 2814 1118 vindicatura.
2850 1063 2954 1127 Qui
2977 1065 3082 1118 etsi
3104 1064 3384 1120 videretur
3407 1082 3517 1121 esse
3539 1067 3662 1122 iner-

2106 1149 2234 1216 mis,
2293 1149 2511 1220 pernici
2554 1153 2754 1206 tamen
2798 1168 2967 1206 cursu
3014 1152 3338 1208 transiliens
3372 1154 3520 1208 ardui
3551 1155 3662 1226 juga

2106 1238 2342 1299 montis,
2358 1239 2625 1293 evaderet
2638 1239 2761 1294 sine
2783 1241 2892 1295 ben
2902 1241 3064 1295 eﬁcio
3082 1241 3282 1296 noctis.
3308 1242 3433 1296 Erat
3447 1242 3664 1297 intereas

2103 1326 2322 1395 vulpes,
2355 1327 2576 1381 artibus
2607 1329 2821 1382 callens
2851 1327 3181 1399 ingeniosis.
3203 1329 3353 1384 Hanc
3377 1331 3665 1397 mittunt,ut

2104 1429 2334 1468 cervum
2349 1415 2551 1469 callide
2570 1416 2875 1470 conveniat
2895 1419 2955 1470 et
2970 1417 3045 1472 ad
3066 1418 3292 1472 leonem
3313 1417 3488 1472 redire
3502 1417 3660 1474 faciat.

2104 1501 2308 1556 Obtem
2318 1507 2486 1572 perat
2510 1504 2609 1558 illa
2617 1504 2808 1574 jussis,
2828 1521 3062 1559 cervum
3095 1505 3215 1560 adit
3245 1505 3478 1578 dicitque
3499 1521 3551 1559 se
3565 1507 3663 1576 ejus

2105 1580 2288 1635 dolori
2315 1583 2565 1654 compati
2589 1601 2602 1651 ;
2637 1587 2695 1636 et
2713 1585 2868 1655 quod
2897 1585 3020 1640 sine
3053 1601 3224 1640 causa
3243 1585 3371 1640 talia
3391 1601 3566 1654 passus
3588 1587 3662 1651 sit,

2101 1666 2208 1721 sibi
2239 1667 2518 1738 injustum
2549 1669 2750 1724 videri.
2783 1671 2884 1727 Ille
2915 1675 3154 1726 econtra
3181 1671 3362 1726 multa
3388 1670 3442 1725 in
3469 1672 3660 1726 leonem

2100 1771 2420 1825 congerens
2459 1758 2790 1826 maledicta,
2845 1776 2927 1826 se,
2971 1759 3112 1814 dum
3160 1759 3498 1832 obsequitur,
3538 1759 3661 1813 male

401 1862 625 1913 vertere
654 1858 712 1912 in
735 1859 980 1928 partem.
1017 1854 1272 1925 Denique
1301 1853 1639 1924 imperator,
1672 1853 1997 1908 delatorum
2020 1846 2072 1908 Β
2098 1847 2406 1900 multatum
2437 1847 2826 1918 conqueritur.
2877 1848 2978 1904 Cui
2999 1849 3221 1920 vulpes:
3252 1848 3570 1916 Videndum,
3591 1847 3660 1902 in-

402 1945 639 2001 versutis
663 1944 722 1998 in
749 1959 1006 1998 errorem
1039 1942 1300 1996 inductus
1339 1941 1881 2010 insimulationibus,
1910 1943 2000 1998 fu-

400 2050 648 2105 rensque
679 2032 875 2086 animo
897 2031 1052 2102 quod
1088 2030 1474 2086 Theodericus
1505 2031 1806 2086 insidiator
1832 2033 1998 2102 regni

400 2139 521 2177 esse
547 2119 1216 2187 ferebatur,eumiterum
1242 2119 1315 2174 ad
1337 2137 1396 2174 se
1416 2119 1612 2174 venire
1639 2121 2003 2187 mandat,ha-

399 2209 634 2282 bitoque
656 2225 788 2263 cum
814 2207 1176 2264 senatoribus
1204 2209 1545 2278 mortisejus
1561 2209 2000 2280 tractatu,juris-

391 2299 626 2370 jurandi
655 2298 765 2352 [ide
791 2313 890 2352 eos
915 2296 1136 2367 obligat
1160 2313 1232 2350 ne
1255 2297 1382 2368 quis
1413 2297 1607 2350 arcani
1629 2297 1714 2351 sui
1743 2298 2003 2367 proditor

397 2385 1008 2442 existat.Theodoricus
1038 2387 1256 2450 autem,
1282 2385 1569 2455 legatione
1610 2384 1882 2454 principis
1909 2403 2000 2439 ac-

397 2479 620 2548 cepta,e
641 2472 876 2544 vestigio
897 2473 970 2526 ad
1003 2473 1382 2526 Ptolomzeum
1409 2473 1593 2544 (cujus
1609 2489 1781 2543 supra
1796 2474 2000 2528 memi-

399 2561 613 2632 nimus)
643 2562 820 2615 mittit
853 2576 1120 2631 puerum,
1147 2564 1208 2614 ut
1233 2560 1338 2614 sibi
1359 2561 1664 2616 remandet
1689 2565 1886 2616 utrum
1910 2580 2002 2618 ex-

398 2650 594 2722 pediat
623 2648 989 2718 imperatoris
1025 2647 1225 2701 audire
1273 2652 1646 2719 praeceptum.
1695 2651 1813 2717 Ille,
1861 2651 2002 2705 dum

398 2739 633 2794 simulat
659 2753 718 2791 se
749 2737 890 2790 velle
911 2751 1252 2806 responsum
1279 2752 1396 2790 non
1418 2737 1684 2801 reddere,
1717 2739 1880 2808 pueri
1905 2739 2002 2810 qui

399 2827 604 2880 missus
624 2825 812 2880 fuerat
831 2823 1106 2878 instantia
1119 2824 1436 2895 veterisque
1463 2825 1565 2878 viri
1581 2826 1832 2881 devictus
1851 2827 2002 2881 ami-

397 2915 552 2982 citia,
581 2914 818 2968 tandem
847 2911 1185 2967 Theoderici
1217 2913 1404 2982 legato
1425 2915 1562 2968 talia
1576 2915 1995 2988 datpraecepta:

403 3026 430 3054 α
463 3002 772 3068 Hodierna,
801 3001 1010 3073 inquit,
1039 3000 1130 3054 die
1169 3002 1431 3056 natalitio
1479 3003 1847 3074 imperatoris
1878 3005 1996 3059 exi-

398 3091 871 3162 stentenobisque
884 3090 1242 3144 senatoribus
1264 3107 1396 3144 cum
1417 3107 1485 3145 eo
1503 3093 1717 3163 pariter
1738 3093 1986 3148 discum-

401 3179 686 3246 bentibus,
719 3181 781 3232 tu
810 3177 930 3232 vice
978 3177 1346 3249 obsequentis
1397 3179 1600 3234 famuli
1640 3197 1793 3252 pone
1838 3184 1998 3236 stans

399 3285 532 3324 meo
563 3266 1080 3333 adhaerebislateri,
1104 3270 1182 3333 et,
1198 3266 1348 3321 inter
1367 3268 1718 3322 convivandu
1731 3286 1786 3323 m
1801 3269 1871 3324 de
1885 3287 2000 3342 qua

398 3375 462 3414 re
493 3357 637 3413 mihi
664 3357 767 3412 fiet
791 3372 980 3412 sermo
1011 3356 1083 3410 ad
1111 3360 1406 3412 senatores
1437 3359 1520 3412 vel
1555 3359 1992 3430 principem,in-

397 3449 559 3502 tenta
583 3445 807 3501 curabis
842 3461 979 3500 aure
1023 3445 1320 3517 percipere
1350 3445 1516 3516 eique
1547 3463 1581 3500 a
1609 3463 1722 3518 quo
1751 3447 2000 3504 directus

397 3549 456 3590 es
496 3533 784 3590 nuntiare.
806 3555 842 3602 ε)
879 3535 1048 3589 Paret
1077 3534 1172 3588 ille
1205 3533 1482 3589 mandato
1510 3551 1574 3589 ac
1605 3535 1834 3591 sedulus
1861 3538 2000 3592 Pto-

394 3625 585 3680 lomaei
616 3623 845 3679 auditor
880 3623 946 3678 ﬁt
972 3623 1032 3676 in
1057 3623 1341 3677 convivio.
1364 3623 1520 3677 Tunc
1546 3623 1700 3677 inter
1727 3625 1925 3695 epulas
1941 3628 2000 3679 et

395 3713 619 3786 pocula,
647 3728 781 3767 cum
827 3727 1134 3782 procerum
1185 3727 1348 3766 mero
1398 3710 1770 3766 incaluissent
1799 3713 1997 3778 corda,

392 3801 492 3857 tali
524 3818 620 3857 eos
673 3801 1020 3856 Plolomaaus
1049 3803 1136 3854 est
1163 3799 1426 3854 hortatus
1453 3797 1727 3854 affamine
1761 3817 1774 3854 :
1810 3823 1839 3850 «
1875 3801 1997 3870 Hic,

393 3889 680 3962 inquiens,
712 3889 852 3957 dies,
884 3905 1018 3942 cum
1047 3888 1118 3941 sit
1147 3886 1469 3958 magniﬁcis
1499 3888 1661 3942 laetus
1691 3889 1894 3960 epulis,
1910 3891 2001 3962 ju-

392 3980 614 4035 cundus
637 3981 866 4050 oportet
895 3977 996 4030 ﬁat
1025 3976 1458 4031 delectabilibus
1487 3976 1714 4033 fabulis.
1747 3979 2000 4038 Satisfiat

392 4084 532 4139 ergo
562 4083 764 4122 eorum
795 4065 1074 4118 voluntati
1103 4063 1201 4135 qui
1229 4063 1317 4118 his
1355 4063 1714 4122 delectantur
1753 4069 1993 4140 perfrui,

391 4152 866 4228 quandoquidem
892 4151 1049 4206 auxit
1069 4151 1273 4206 talium
1313 4152 1648 4208 aviditatem
1672 4156 1996 4212 exuberans

393 4241 689 4315 opulentia
705 4239 842 4294 vini.
871 4261 899 4288 »
931 4239 1211 4294 Omnibus
1239 4257 1378 4313 ergo
1412 4242 1521 4296 hoc
1553 4259 1824 4300 sermone
1874 4263 1992 4301 sus~

389 4331 602 4406 pensis,
631 4331 756 4386 hinc
786 4329 881 4385 ille
909 4329 1101 4384 dicere
1127 4332 1212 4384 est
1242 4347 1406 4386 orsus
1443 4348 1457 4386 :

461 4440 496 4475 ς
521 4421 620 4488 Eo,
637 4417 844 4492 inquit,
871 4417 931 4472 in
957 4421 1240 4492 tempore,
1257 4436 1370 4492 quo
1389 4421 1660 4477 humanae
1678 4423 1845 4494 copia
1867 4425 1990 4479 elo-

389 4509 641 4584 quentiae
667 4507 883 4563 cunctis
909 4507 1098 4563 inerat
1134 4507 1530 4565 animantibus
1561 4513 1754 4580 terrae,
1787 4513 1990 4568 bestiae

387 4601 564 4655 saltus
588 4597 649 4652 in
675 4613 858 4652 unum
885 4597 1074 4652 coiere
1105 4612 1452 4653 consensum
1481 4602 1541 4653 ut
1565 4599 1672 4654 sibi
1703 4601 1991 4672 eligerent

387 4688 825 4760 regem,et,qute
871 4685 1179 4741 hominum
1214 4685 1588 4741 fastidiebant
1636 4687 1987 4758 dominium,

385 4775 766 4834 haberentsui
781 4774 1010 4848 generis
1035 4773 1448 4845 imperatorem
1461 4776 1731 4830 electum.
1748 4777 1843 4832 His
1865 4795 1986 4834 esse

387 4872 588 4924 mutuo
615 4865 982 4922 cohortantes
1007 4862 1214 4930 verbis,
1247 4863 1591 4919 adoriuntur
1613 4867 1844 4922 leonem
1882 4883 1987 4923 ro-

384 4961 638 5030 gantque
667 4957 732 5010 ut
767 4969 968 5009 earum
995 4969 1114 5008 non
1145 4953 1362 5008 abnuat
1389 4955 1988 5013 voluntatem.Dicunt

382 5064 442 5102 se
470 5047 612 5102 velle
643 5061 778 5100 eum
801 5043 1016 5098 habere
1044 5042 1393 5114 principem,
1421 5059 1600 5116 quem
1627 5045 1844 5102 scirent
1864 5063 1985 5104 esse

384 5134 622 5190 consilio
640 5132 932 5204 prudenti.
957 5129 1204 5202 Suscipit
1222 5131 1320 5201 jus
1339 5131 1759 5188 dominationis
1783 5135 1896 5203 leo,
1929 5139 1987 5191 et

381 5225 454 5282 ab
474 5221 751 5280 universis
761 5219 896 5275 feris
919 5218 1063 5274 solio
1075 5219 1420 5275 sublimatur
1431 5221 1985 5291 regio.Conveniunt

379 5312 714 5385 frequentes
733 5309 953 5364 adeum
970 5307 1337 5364 salutandum
1365 5312 1424 5364 et
1442 5309 1692 5364 adorant
1712 5313 1774 5364 ut
1794 5311 1982 5368 domi-

382 5417 548 5456 num.
577 5403 735 5454 Inter
762 5401 998 5453 caeteras
1043 5397 1220 5468 igitur
1267 5397 1498 5452 advenit
1547 5415 1764 5466 cervus,
1791 5399 1983 5458 forma

381 5489 640 5560 corporis
659 5487 924 5559 egregius
938 5487 1293 5560 ramosisque
1310 5489 1532 5559 pollens
1552 5489 1836 5544 cornibus.
1849 5492 1980 5562 Qui,

381 5579 524 5634 dum
559 5577 840 5634 submissa
892 5574 1110 5629 cervice
1157 5576 1488 5646 procideret
1539 5577 1904 5645 adoraturus,
1949 5601 1984 5640 a

376 5666 546 5724 leone
575 5665 850 5738 arripitur
877 5663 1114 5736 epulum
1153 5663 1202 5718 ei
1231 5681 1371 5722 mox
1413 5667 1659 5723 futurus.
1689 5667 1804 5726 Sed
1833 5670 1976 5746 ipse,

2018 3127 2064 3192 C

2013 4387 2067 4446 D

2101 1931 2245 2002 quit,
2278 1936 2366 1987 est
2399 1951 2471 1987 ne
2491 1936 2648 2005 quod
2671 1940 2731 1990 tu
2753 1936 2977 2007 injuria:
2996 1935 3257 2007 deputas,
3279 1937 3370 1991 ille
3387 1935 3578 1990 amoris
3595 1935 3658 1988 tui

2103 2037 2270 2075 causa
2295 2021 2494 2076 fecisse
2516 2039 2644 2077 com
2651 2025 2947 2094 probetur.
2971 2025 3114 2079 Nam
3136 2025 3274 2079 dum
3289 2027 3363 2092 te,
3377 2027 3436 2078 ut
3453 2023 3659 2088 aestimo,

2101 2109 2208 2164 sibi
2239 2111 2556 2181 supplicem
2595 2113 2668 2166 ad
2708 2130 2876 2168 suum
2913 2115 3138 2168 elevare
3173 2116 3290 2168 vult
3317 2113 3569 2178 osculum,
3595 2115 3658 2175 tu,

2101 2198 2251 2252 forte
2279 2203 2488 2269 putans
2518 2217 2797 2270 morsum,
2831 2203 2953 2273 ejus
2983 2203 3281 2258 declinasti
3311 2204 3657 2272 conspectum.

2101 2289 2174 2340 At
2200 2287 2319 2357 ipse
2342 2305 2494 2342 nunc
2525 2293 2580 2343 te
2603 2290 2902 2347 absentem
2935 2308 3054 2346 esse
3079 2292 3256 2359 dolet,
3287 2291 3356 2346 de
3382 2293 3436 2344 te
3463 2289 3660 2344 absente

2103 2392 2438 2431 sermonem
2461 2377 2662 2448 agitat,
2696 2379 2750 2433 in
2779 2383 2833 2433 te
2861 2380 2981 2434 solo
3009 2380 3134 2450 ejus
3162 2379 3400 2434 intentio
3425 2378 3661 2431 moratur.

2105 2463 2251 2526 Qnid
2278 2465 2481 2536 plura?
2497 2466 2699 2521 suadet
2725 2483 2889 2522 cervo
2909 2471 2972 2522 ut
2995 2469 3226 2522 leonem
3248 2467 3480 2522 adeatac
3497 2465 3602 2534 ejus
3619 2478 3662 2514 se

2103 2551 2309 2606 ditioni
2337 2554 2662 2610 commitat.
2698 2555 2803 2618 Qui
2842 2555 3002 2623 dum,
3036 2559 3100 2610 ut
3131 2561 3283 2622 ante,
3311 2553 3563 2610 inclinato
3589 2566 3661 2604 ca-

2101 2639 2218 2710 pite
2239 2657 2440 2712 regem
2455 2642 2800 2698 adoraturus
2821 2643 3058 2710 veniret,
3085 2645 3299 2700 cervice
3315 2647 3474 2698 tenus
3491 2637 3662 2708 ungui-

2100 2727 2206 2783 bus
2235 2729 2444 2784 inllixis
2481 2748 2516 2786 a
2553 2733 2720 2786 leone
2753 2731 3028 2802 arripitur
3056 2737 3117 2787 et
3147 2751 3182 2788 a
3208 2727 3663 2788 circumstantibus

2101 2817 2238 2873 feris
2267 2821 2390 2875 sine
2423 2837 2588 2876 mora
2617 2821 2978 2894 discerpitur.
3000 2823 3209 2893 Vulpes
3230 2835 3404 2892 prope
3417 2821 3558 2872 stans
3573 2813 3663 2867 fur-

2101 2909 2207 2962 tim
2239 2925 2338 2963 cor
2357 2910 2480 2980 ejus
2501 2912 2686 2966 aufert
2707 2918 2765 2968 et
2784 2913 3040 2968 devorat.
3066 2912 3180 2967 Cor
3208 2909 3354 2966 cervi
3371 2920 3607 2980 quaerens
3618 2904 3661 2953 et

2099 3014 2216 3052 non
2249 2999 2546 3055 inveniens
2580 3003 2670 3056 leo
2715 3002 2914 3058 fremit
2942 3019 3139 3072 grave.
3171 2999 3526 3055 Tremefacla:
3551 2993 3661 3047 fere

2098 3087 2397 3158 inquirunt
2446 3091 2685 3144 sollicite
2737 3108 2866 3162 quas
2919 3106 3124 3145 earum
3171 3090 3303 3144 huic
3340 3087 3408 3141 sit
3455 3077 3661 3138 obnoxia

2098 3178 2298 3247 culpae.
2329 3177 2585 3248 Suspicio
2618 3183 2744 3234 erat
2762 3180 2991 3250 vulpem
3016 3179 3189 3250 hujus
3213 3191 3333 3232 esse
3355 3171 3482 3229 furti
3509 3181 3658 3245 ream,

2099 3267 2255 3338 quod
2278 3267 2553 3323 vidissent
2583 3285 2712 3323 eam
2741 3284 2910 3324 cervo
2937 3268 3256 3340 proximius
3286 3264 3659 3321 adhzerentem.

2100 3355 2374 3426 Inquisita
2400 3358 2595 3427 vulpes
2631 3361 2807 3428 negat
2831 3374 2893 3412 se
2919 3357 3215 3411 consciam
3245 3355 3408 3426 hujus
3427 3346 3658 3407 criminis.

2102 3444 2234 3510 Sed,
2263 3445 2403 3500 dum
2434 3445 2485 3500 ei
2527 3463 2644 3501 non
2683 3447 2954 3514 creditur,
3001 3446 3346 3501 cruciatibus
3392 3441 3593 3498 addicta
3614 3436 3660 3489 in

2099 3533 2224 3588 haec
2247 3535 2510 3605 prorupit
2538 3535 2737 3588 verba:
2771 3535 2886 3602 Vas,
2911 3535 3121 3606 inquit,
3146 3533 3293 3589 mihi
3313 3532 3541 3596 miseras,
3559 3539 3660 3598 qua!

2100 3623 2288 3676 tantas
2315 3639 2512 3693 poenas
2541 3622 2730 3694 patior
2755 3623 3018 3694 indigne!
3057 3624 3126 3678 Ut
3168 3622 3308 3694 quid
3346 3619 3494 3676 enim
3535 3633 3565 3670 a
3588 3627 3660 3668 me

2101 3711 2417 3782 exquiritur
2437 3712 2592 3782 quod
2613 3729 2745 3766 eum
2766 3713 3006 3768 minime
3023 3712 3294 3767 habuisse
3310 3712 3458 3766 certa
3476 3704 3661 3761 ratione

2100 3799 2502 3868 cognoscitur?
2530 3801 2756 3856 Etenim
2783 3801 2828 3855 si
2854 3817 2953 3856 cor
2967 3801 3288 3869 habuisset,
3318 3797 3556 3872 profecto
3575 3792 3661 3846 huc

2101 3902 2222 3942 non
2252 3888 2512 3944 redisset.
2545 3889 2762 3955 Primo,
2783 3889 3052 3944 cornibus
3065 3889 3274 3944 avulsis
3295 3883 3518 3942 inermis
3533 3878 3660 3935 aufu-

2099 3975 2212 4048 git;
2245 3976 2518 4048 secundo,
2550 3994 2667 4032 non
2689 3977 2974 4032 dubitavit
2991 3978 3186 4032 subire
3206 3975 3514 4048 periculum
3531 3982 3657 4025 rnor-

2097 4069 2188 4119 tis.
2217 4065 2548 4122 Nullatenus
2577 4083 2717 4139 ergo
2757 4083 2858 4122 cor
2895 4065 3098 4122 habuit
3134 4066 3236 4138 qui
3269 4064 3373 4120 sibi
3403 4057 3656 4116 consulere

2095 4154 2352 4211 nescivit.
2386 4157 2513 4211 Hinc
2546 4157 2876 4212 Ptolomeus
2902 4157 3125 4211 locutus
3144 4154 3436 4210 conticuit.
3463 4171 3488 4200 »
3517 4147 3656 4208 Puer:

2093 4243 2431 4300 Theodorici
2458 4246 2582 4301 haec
2609 4245 2832 4300 intente
2861 4234 3187 4300 auscultans
3217 4248 3275 4299 et
3295 4239 3474 4313 sagaci
3494 4234 3656 4291 animo

2094 4332 2245 4388 dicta
2264 4333 2610 4405 intelligens,
2629 4335 2702 4388 ad
2723 4334 3028 4389 dominum
3046 4350 3214 4388 suum
3231 4323 3654 4386 reversuscuncla

2091 4437 2196 4493 per
2217 4422 2484 4477 ordinem
2503 4423 2707 4493 pandit
2725 4427 2782 4476 et
2797 4423 3114 4478 cautiorem
3136 4423 3405 4477 adversus
3425 4416 3566 4472 dolos
3584 4409 3654 4462 in-

2090 4511 2422 4566 sidiantium
2442 4528 2561 4566 esse
2577 4512 2947 4582 praemonuit.
2961 4511 3349 4568 Theodoricus
3365 4509 3558 4577 itaque,
3573 4499 3655 4553 ἰηι-

2087 4600 2728 4672 peratorisjussionibus
2741 4601 2966 4672 spretis,
2981 4601 3188 4672 quibus
3210 4594 3656 4659 Constantinopw

2089 4690 2190 4744 lim
2218 4688 2379 4744 adire
2391 4689 2725 4761 jubebatur,
2745 4690 2806 4744 in
2831 4689 2994 4744 Italia
3018 4689 3250 4744 resedit.
3269 4684 3516 4756 Denique
3530 4676 3652 4750 post-

2085 4778 2328 4834 modum
2357 4777 2696 4846 Gothorum,
2719 4779 2817 4850 qui
2844 4778 3069 4834 Italiam
3100 4776 3443 4840 invaserant,
3473 4785 3560 4823 rex
3586 4765 3654 4818 est

2087 4865 2319 4922 eli‘ectus
2347 4871 2405 4920 et
2430 4867 2726 4922 Dominus.
2761 4867 2994 4939 Imperii
3014 4882 3144 4920 vero
3166 4863 3424 4936 partibus
3443 4858 3650 4931 quotam

2087 4954 2177 5010 nis
2205 4954 2469 5010 modium
2499 4959 2668 5011 terrae
2690 4956 3074 5029 dependebat.
3097 4953 3260 5008 Unde
3279 4951 3362 5007 rei
3391 4945 3654 5034 veritatem

2087 5043 2507 5116 ignorantibus,
2528 5045 2668 5099 dum
2688 5027 2950 5100 modium
2963 5060 3061 5098 rex
3081 5039 3459 5098 Theodoricus
3473 5027 3655 5122 aerarii?

2091 5131 2332 5205 publicis
2349 5133 2566 5188 solvere
2583 5133 2889 5201 diceretur,
2911 5149 3030 5188 non
3045 5131 3241 5187 addito
3258 5128 3654 5200 cujusquamrol

2092 5223 2390 5290 vocabulo,
2416 5227 2484 5278 ut
2503 5225 2664 5294 puta,
2686 5222 2804 5278 vini
2835 5226 2934 5278 aut
2958 5221 3092 5290 olei,
3123 5219 3384 5276 modium
3413 5219 3651 5272 nummo-

2093 5329 2226 5368 rum
2255 5312 2519 5368 conferre
2547 5312 2878 5384 putabatur.

2223 5444 2232 5451 .
2709 5403 2940 5458 CAPUT
2974 5403 3061 5458 XI.

2220 5494 2304 5550 De
2326 5493 2529 5548 duobus
2543 5495 2720 5564 pupis,
2752 5499 2800 5546 el
2821 5510 2977 5564 paena
3006 5473 3274 5565 aritipapa'
3299 5488 3537 5562 fautoris.

2087 5585 2164 5638 Eo
2217 5587 2502 5655 tempore,
2544 5583 2814 5638 defuncto
2862 5583 3160 5638 Anastasio
3205 5597 3356 5653 papa
3404 5580 3648 5634 Romano,

2081 5687 2188 5747 pro
2218 5671 2342 5746 ejus
2378 5687 2702 5729 successore
2731 5669 2886 5730 foeda
2915 5671 2974 5730 in
3004 5673 3158 5728 clero
3187 5670 3361 5726 simul
3385 5671 3440 5726 et
3467 5661 3656 5742 popqu
