3862 6210
150 430 255 492 εις)

1276 421 1603 484 HISTORIA
1616 424 2065 485 FRANCORUM.
2094 457 2163 470 —
2179 424 2309 485 LIB.
2341 429 2385 483 Ι.

3382 428 3488 485 850

157 558 284 612 erat
316 553 623 609 dissensio.
656 551 937 617 Quaedam
972 550 1192 607 etenim
1224 567 1357 622 pars
1382 549 1439 605 in
1472 565 1782 621 personam
1807 551 1864 612 Α
1887 548 2075 606 deerit
2100 548 2159 604 in
2190 550 2468 604 smculum
2490 548 2704 605 saeculi.
2736 548 2940 604 Fidelis
2984 547 3181 621 utique
3234 549 3382 604 Deus
3428 548 3488 604 in

153 641 461 711 cujusdam
498 639 798 695 Laurentii
828 656 1174 695 consensum
1206 638 1543 711 praebebat;
1595 637 1783 708 major

153 747 313 792 vero,
335 731 395 784 et
420 731 516 798 (ut
546 732 677 800 post
700 728 917 799 patuit)
946 727 1163 783 saniori
1195 726 1638 793 utcnsconsilie,
1658 743 1784 780 san-

156 818 491 873 ctissimum
532 815 641 870 sibi
671 818 928 886 elegerat
958 815 1394 887 Symmachum.
1430 814 1785 869 Ordinantur

153 922 296 977 ergo
318 921 441 960 una
465 904 562 958 die
579 903 785 970 ambo;
812 905 869 958 et
886 902 1269 975 Symmachus
1298 901 1534 974 quidem
1558 900 1617 956 in
1640 901 1785 956 basi-

152 995 265 1050 lica
307 991 829 1058 Constantiniana,
872 990 1213 1046 Laurentius
1260 1007 1393 1045 vero
1443 990 1501 1044 in
1546 988 1783 1044 ecclesia

156 1086 379 1138 sanctae
413 1080 628 1136 Marias.
652 1079 765 1135 Sed
786 1096 915 1134 cum
944 1083 1150 1135 neutra
1177 1094 1308 1151 pars
1340 1078 1503 1133 alteri
1529 1078 1779 1146 cederet,

153 1170 595 1226 constituerunt
625 1171 688 1222 ut
717 1168 783 1221 lis
812 1170 998 1237 coepta
1019 1166 1237 1238 judicio
1270 1182 1442 1237 supra
1472 1166 1783 1221 memorati

154 1259 314 1330 regis
342 1256 693 1312 Theoderici
738 1255 1023 1311 finiretur.
1062 1254 1168 1319 Qui
1212 1255 1501 1310 Ravennae
1543 1254 1780 1325 positus,

153 1348 300 1402 dum
337 1347 588 1417 Legatos
622 1344 913 1416 utriusque
953 1343 1136 1414 partis
1179 1342 1449 1410 audisset,
1480 1342 1732 1398 decrevit
1764 1358 1776 1395 :

154 1459 184 1487 α
220 1437 295 1491 Ut
325 1436 426 1507 qui
442 1434 604 1506 prior
627 1434 923 1489 ordinatus
946 1435 1113 1499 esset,
1131 1434 1229 1488 aut
1250 1449 1424 1505 quem
1438 1449 1627 1504 maior
1649 1448 1781 1505 pars

152 1524 296 1580 cieri
327 1523 508 1578 simul
539 1538 606 1576 ac
631 1521 829 1594 pepuli
860 1520 1145 1593 elegisset,
1178 1520 1237 1575 in
1291 1521 1425 1576 sede
1471 1520 1781 1592 apostolica

149 1612 473 1669 resideret.
509 1629 542 1663 ››
565 1610 727 1665 Unde
758 1610 1141 1681 Symmachus
1170 1608 1427 1680 pontifex
1447 1608 1629 1663 factus
1648 1625 1781 1665 cen-

148 1701 348 1756 stituit
376 1699 757 1754 Laurentium
785 1699 845 1752 in
877 1698 1161 1753 Nucerina
1191 1696 1415 1752 civitate
1445 1697 1780 1768 episcopum

146 1789 378 1844 intuitu
412 1786 846 1842 misericordiae.
882 1786 1010 1841 Haec
1038 1789 1236 1840 autem
1255 1784 1486 1856 plenius
1513 1785 1571 1839 in
1601 1786 1781 1840 Gestis

1888 638 2075 693 verbis
2099 638 2296 701 suis,et
2312 637 2609 693 sanctusin
2630 638 2900 693 omnibus
2911 637 3179 709 operibus
3191 637 3487 708 suis(Psal.

1886 744 2060 795 cxmv,
2090 732 2163 795 9),
2192 727 2422 782 fidelem
2457 727 2738 782 famulum
2760 727 2829 781 de
2852 725 3093 798 prmmie
3113 726 3253 797 justi
3281 726 3493 781 laberis

1888 815 2066 870 voluit
2088 833 2208 870 esse
2229 832 2514 871 securum.
2544 837 2572 864 »
2592 818 2816 870 Interea
2842 832 2939 870 rex
2959 815 3327 884 Childericus,
3350 816 3491 870 dum

1886 920 1991 974 per
2021 905 2088 959 24
2118 921 2405 960 annorum
2437 904 2719 960 curricula
2744 905 3096 959 Francorum
3128 908 3361 959 strenue
3384 921 3489 975 gu-

1886 993 2183 1048 bernasset
2204 1010 2475 1065 regnum,
2508 1011 2573 1048 ex
2600 994 2708 1048 hac
2729 994 2845 1048 vita
2864 994 3125 1049 decessit.
3146 993 3285 1048 Huic
3305 994 3490 1048 hmre-

1886 1081 2095 1137 ditarie
2118 1082 2251 1153 jure
2286 1082 2552 1137 successit
2576 1082 2936 1155 supradictus
2957 1083 3293 1149 Clodoveus,
3316 1082 3403 1137 vir
3430 1082 3488 1137 in

1884 1169 2055 1224 rebus
2078 1170 2293 1225 bellicis
2316 1175 2582 1226 strenuus
2600 1170 2855 1243 nullique
2885 1170 3145 1242 priorum
3164 1170 3371 1226 virtute
3402 1188 3489 1226 se-

1884 1258 2235 1313 cundus.Hic
2253 1259 2545 1330 Siagrium
2561 1259 2957 1315 Romanorum
2974 1259 3489 1332 patricium,Egidii

1883 1346 2088 1414 tilium,
2120 1364 2154 1401 a
2184 1345 2504 1402 Suessionis
2549 1347 2774 1403 civitate
2813 1348 3049 1420 expulit,
3082 1364 3330 1420 eamque
3373 1365 3490 1405 sua:

1885 1434 2091 1490 ditioni
2119 1435 2394 1491 subdidit.
2425 1436 2715 1491 Exercitus
2736 1453 2874 1492 sane
2905 1438 3257 1501 Francorum
3280 1438 3492 1492 multas

1881 1522 2189 1578 Galliarum
2209 1523 2472 1579 ecclesias
2490 1524 2790 1591 invadens,
2815 1526 3113 1580 thesauros
3134 1541 3336 1580 earum
3356 1523 3492 1580 diri-

1882 1611 2025 1683 puit.
2044 1612 2206 1667 Unde
2236 1611 2389 1667 inter
2417 1616 2623 1669 cmtera
2646 1613 2829 1686 spolia
2854 1613 2925 1668 de
2957 1613 3195 1668 ecclesia
3221 1612 3491 1669 Remensi

1884 1716 2121 1756 urceum
2151 1699 2282 1754 miri
2310 1701 2585 1771 ponderis
2613 1701 2784 1757 simul
2815 1704 2873 1756 et
2902 1701 3125 1758 decoris
3164 1704 3491 1774 aspertave-

1883 1791 2037 1842 runt.
2070 1789 2180 1843 Pro
2207 1804 2321 1860 quo
2344 1789 2546 1843 beatus
2575 1789 2889 1861 Remigius,
2924 1789 3099 1861 ipsius
3124 1790 3281 1846 urbis
3311 1790 3494 1863 penti-

146 1876 621 1943 Pontiﬁcalibus,
656 1875 752 1947 qui
782 1874 925 1930 scire
971 1874 1235 1941 voluerit,
1281 1874 1553 1931 inveniet.
1585 1876 1648 1928 In
1673 1875 1782 1929 hac
1808 1872 1861 1931 B
1880 1873 1994 1943 fex,
2017 1876 2274 1947 legatum
2298 1877 2371 1931 ad
2388 1875 2742 1932 Cledeveum
2760 1877 2991 1945 direxit,
3011 1879 3193 1933 multa
3211 1895 3379 1949 prece
3393 1878 3493 1933 de-

146 1983 293 2022 vero
331 1964 692 2020 dissensione
715 1964 799 2035 (ut
828 1964 1030 2017 beatus
1042 1962 1241 2018 scribit
1268 1978 1422 2035 papa
1449 1961 1779 2035 Gregorius)

144 2053 560 2111 sanctissimus
589 2050 939 2119 Paschasius,
989 2049 1247 2104 Ecclesiae
1279 2050 1557 2105 Romanae
1588 2049 1779 2105 diaco-

147 2160 285 2209 nus,
323 2141 591 2213 partibus
616 2139 757 2194 favit
776 2137 1090 2196 Laurentii.
1112 2137 1219 2201 Qui
1250 2138 1390 2192 dum
1413 2140 1783 2209 contemptor

147 2232 239 2286 sui
267 2236 451 2302 atque
471 2233 704 2284 amator
724 2231 872 2282 esset
887 2243 1207 2299 pauperum
1238 2226 1785 2298 Christi,eleemesy-

152 2334 494 2390 uarumque
544 2316 774 2371 sedulus
817 2315 1198 2388 dispensator,
1232 2330 1533 2386 nunquam
1580 2317 1783 2369 tamen

152 2407 317 2462 ﬂecti
344 2405 536 2479 potuit
559 2409 620 2458 ut
641 2404 991 2474 Symmacho
1017 2402 1500 2471 communicaret,
1523 2402 1687 2457 illum
1704 2402 1785 2457 di-

154 2495 372 2567 ligens,
386 2495 552 2548 illum
572 2508 807 2563 semper
832 2492 1349 2563 praeferens,quem
1370 2491 1782 2562 Ecclesiajuste

157 2583 575 2655 episcoporum
587 2582 808 2653 judicio
834 2580 940 2636 sibi
972 2596 1216 2653 prmesse
1238 2580 1656 2652 repudiaverat.
1686 2578 1784 2635 Hic

162 2688 312 2743 ergo
327 2670 684 2737 Paschasius,
702 2671 840 2726 dum
863 2673 978 2725 tem
987 2686 1127 2740 pore
1146 2668 1476 2740 Symmachi
1498 2667 1786 2741 pontificis

166 2760 492 2814 terminum
526 2758 695 2829 hujus
726 2761 872 2813 esset
901 2757 1134 2812 sortitus
1186 2757 1337 2825 vitae,
1370 2757 1442 2811 ad
1487 2756 1785 2812 ecclesiam

163 2851 253 2901 est
274 2847 500 2902 delatus
515 2845 826 2900 mandatus
846 2847 1173 2917 sepulturae.
1195 2844 1365 2915 Cujus
1384 2844 1782 2912 dalmaticam,

166 2951 300 3006 qua:
337 2951 508 3007 super
535 2935 819 2990 feretrum
850 2936 978 3004 ejus
1003 2933 1189 3004 posita
1219 2936 1510 3000 erat,cum
1542 2933 1782 3005 quidam

169 3022 567 3078 dxemeniacus
598 3022 901 3093 tetigisset,
952 3022 1149 3076 statim
1204 3021 1481 3076 liberatus
1517 3024 1619 3076 est.
1650 3022 1788 3077 Ger-

169 3126 349 3167 mano
377 3116 569 3167 autem
591 3112 867 3182 Capuane
902 3110 1171 3181 episcopo
1193 3110 1401 3164 medici
1430 3110 1788 3165 dictaverant

172 3204 234 3254 ut
259 3217 366 3271 pro
396 3201 795 3272 recuperanda
825 3201 1005 3254 salute
1049 3198 1305 3270 corporis
1359 3198 1417 3252 in
1465 3198 1786 3271 Angulanis

169 3288 410 3343 thermis
438 3288 615 3344 lavari
647 3286 959 3342 debuisset.
993 3287 1094 3341 Hic
1124 3287 1319 3358 itaque
1350 3287 1583 3343 easdem
1626 3287 1787 3343 ther-

175 3390 300 3429 mas
322 3376 611 3448 ingressus
631 3374 905 3430 eumdem
924 3374 1291 3429 Paschasium
1311 3374 1369 3429 in
1397 3374 1614 3430 eisdem
1638 3377 1786 3431 cale-

176 3463 333 3518 ribus
347 3469 592 3520 stantem
605 3468 665 3519 et
680 3463 787 3518 sibi
809 3463 1046 3535 obsequi
1064 3468 1331 3536 paratum
1349 3462 1786 3528 invenit.Quem

181 3567 309 3607 cum
355 3554 727 3609 tremefactus
773 3551 1093 3623 inquireret
1119 3575 1147 3603 ‹‹
1181 3552 1321 3625 quid
1356 3552 1435 3607 ibi
1466 3554 1661 3608 tantus
1701 3553 1789 3608 vir

180 3649 391 3716 ageret,
416 3668 442 3695 »
467 3647 578 3701 hoc
605 3644 679 3699 ab
700 3659 769 3699 eo
790 3658 1133 3713 responsum
1160 3642 1411 3713 accepit:
1438 3644 1588 3698 «Pro
1607 3643 1786 3711 nulla,

183 3732 383 3807 inquit,
415 3734 527 3790 alia
568 3750 634 3789 re
666 3733 724 3787 in
756 3732 843 3787 his
872 3749 997 3787 sum
1031 3732 1337 3803 deputatus
1365 3732 1652 3787 caloribus
1681 3730 1790 3787 nisi

184 3824 334 3894 quia,
363 3824 671 3880 Laurentio
702 3822 920 3890 favens,
946 3822 998 3877 ei
1031 3825 1233 3878 contra
1257 3822 1674 3894 Symmachum
1694 3838 1791 3876 ne-

185 3911 363 3982 quiter
389 3911 585 3985 agenti
617 3910 912 3967 consensi.
944 3912 1123 3965 Porro
1154 3910 1200 3964 si
1243 3926 1349 3985 pro
1395 3927 1489 3965 me
1539 3910 1789 3966 Domine

185 4014 371 4068 preces
398 4000 656 4073 dignaris
672 3999 939 4062 fundere,
976 3998 1036 4053 in
1067 3999 1175 4053 hoc
1205 4001 1262 4053 te
1293 3998 1624 4054 exauditum
1647 4000 1789 4056 scite

186 4103 298 4143 esse
345 4089 386 4143 si
434 4091 547 4145 huc
598 4089 831 4144 rediens
876 4104 969 4143 me
1003 4104 1119 4143 non
1152 4087 1398 4160 quiveris
1436 4087 1717 4146 invenire.
1760 4110 1788 4137 ››

192 4175 491 4251 Episcopus
542 4195 685 4233 sane
731 4178 804 4233 ad
855 4176 1157 4232 ecclesiam
1210 4192 1503 4248 regressus
1539 4177 1789 4232 hostiam

190 4281 284 4336 pro
315 4283 379 4323 eo
413 4268 732 4323 salutarem
782 4265 1025 4322 Domine
1058 4264 1288 4333 obtulit,
1321 4267 1380 4320 et
1418 4264 1491 4321 ad
1534 4266 1790 4322 thermas

193 4369 436 4413 reversus
464 4372 604 4412 eum
638 4354 884 4411 minime
916 4355 1157 4410 invenit.

801 4443 1032 4501 CAPUT
1060 4445 1171 4499 ΧΠ.

494 4532 579 4589 De
612 4531 864 4589 Clodovei
892 4534 1030 4604 regis
1060 4538 1183 4588 ortu
1210 4539 1260 4587 et
1289 4549 1468 4602 regno.

258 4626 423 4680 Porro
449 4622 829 4689 Childericus,
859 4638 959 4677 rex
986 4622 1362 4689 Francorum,
1395 4639 1462 4677 ex
1480 4636 1654 4693 supra
1675 4637 1794 4677 me-

202 4719 401 4769 morata
417 4729 597 4769 uxore
613 4728 716 4767 sua
731 4712 934 4766 habuit
946 4710 1404 4779 filium,nemine
1418 4711 1765 4767 Cledeveum
1776 4753 1788 4767 .

205 4798 310 4870 Qui,
335 4806 393 4857 ut
421 4805 596 4858 aetate
628 4800 689 4854 in
722 4800 863 4868 dies,
897 4800 975 4855 sic
1007 4804 1064 4854 et
1088 4816 1321 4855 morum
1344 4800 1642 4855 crescebat
1666 4817 1795 4873 pre-

207 4888 373 4947 bitate.
406 4892 524 4947 Hoc
557 4894 847 4960 tempore,
879 4889 1036 4944 fame
1060 4889 1249 4945 valida
1276 4892 1461 4945 totam
1490 4906 1638 4961 pene
1652 4891 1791 4945 Bur-

212 4980 452 5048 gundiam
480 4978 874 5052 opprimente,
904 4978 1142 5050 quidam
1162 4994 1228 5033 ex
1251 4978 1636 5047 senatoribus,
1660 4979 1790 5035 Edi-

213 5067 695 5137 ciusnominc,Dee
713 5071 771 5121 et
784 5066 1116 5123 hominibus
1134 5067 1789 5139 placcns,studuitagere

215 5172 311 5212 rem
331 5157 621 5229 placitam;
650 5155 836 5211 missis
851 5173 1103 5228 namque
1123 5157 1314 5228 pueris
1330 5157 1700 5228 congregavit
1716 5157 1790 5212 ad

218 5249 423 5318 quatuor
446 5244 633 5301 millia
660 5261 865 5301 eorum
889 5262 1035 5317 ques
1053 5244 1225 5300 famis
1244 5243 1440 5315 inopia
1455 5248 1790 5317 coangusta-

217 5333 307 5404 bat,
336 5336 431 5390 hos
458 5338 586 5389 toto
618 5333 894 5406 egestatis
922 5337 1190 5406 tempore
1234 5333 1486 5407 propriis
1536 5333 1678 5389 aluit
1724 5351 1789 5389 ac

219 5422 325 5479 fovit
350 5423 695 5495 sumptibus.
730 5421 991 5487 Quadam
1021 5423 1218 5495 itaque
1251 5422 1364 5491 die,
1415 5422 1467 5477 ei
1516 5425 1637 5477 tam
1689 5422 1787 5493 pio

221 5513 345 5587 operi
373 5512 658 5568 insistenti
691 5528 795 5567 vox
851 5512 1099 5585 desuper
1149 5512 1347 5569 audita
1394 5515 1498 5580 est,
1541 5511 1783 5567 dicens:

221 5626 242 5653 α
264 5604 385 5670 Quia
410 5602 621 5676 inquit,
640 5618 674 5658 e
706 5602 881 5670 Edici,
911 5602 1056 5658 mihi
1088 5602 1145 5657 in
1174 5603 1455 5658 membris
1486 5601 1632 5656 meis
1660 5616 1786 5656 esu-

215 5694 356 5751 rienti
381 5691 720 5750 alimoniam
750 5691 1059 5760 contulisti,
1091 5692 1300 5749 semini
1332 5695 1431 5749 tuo
1463 5689 1630 5766 panis
1657 5705 1779 5746 non

607 5791 845 5854 Panos.
876 5788 1131 5851 CXXXIX.

1882 1980 2123 2035 poscens
2144 1964 2285 2030 ut,si
2320 1980 2435 2019 non
2461 1964 2617 2020 aliud
2642 1964 2901 2035 recipere
2922 1968 3265 2032 mereretur,
3288 1966 3493 2020 saltem

1884 2067 2089 2106 urceus
2115 2052 2210 2106 ille
2240 2051 2347 2106 sibi
2377 2052 2739 2109 redderetur.
2757 2054 2913 2107 Tunc
2942 2069 3036 2108 rex
3068 2054 3259 2123 legato
3286 2068 3497 2123 prince-

1885 2141 1992 2212 pit,
2026 2140 2225 2195 dicens
2255 2157 2268 2196 :
2305 2163 2332 2191 «
2361 2140 2613 2213 Sequere
2658 2142 2867 2214 inquit,
2899 2159 2995 2197 me
3030 2158 3206 2213 usque
3240 2142 3493 2197 Suessio-

1887 2230 1993 2297 nis,
2018 2229 2095 2284 ibi
2126 2247 2255 2302 quae
2276 2234 2445 2301 capta
2475 2234 2611 2285 sunt
2636 2235 2790 2285 sorte
2811 2230 2984 2286 missa
3012 2230 3494 2285 dividentur.Etsi

1886 2317 2027 2372 mihi
2051 2334 2173 2373 sors
2194 2318 2351 2389 justa
2379 2335 2496 2385 vas,
2525 2335 2631 2391 pro
2663 2335 2777 2391 quo
2806 2336 2957 2387 eras,
2992 2317 3237 2386 dederit,
3258 2316 3317 2372 in
3351 2316 3493 2373 reci-

1885 2406 2099 2477 piendo
2120 2423 2187 2461 eo
2205 2408 2363 2461 nulla
2384 2406 2487 2461 tibi
2501 2407 2876 2478 generabitur
2892 2424 3077 2464 mera.
3105 2430 3133 2456 ››
3157 2410 3373 2464 Parens
3402 2406 3495 2461 ille

1887 2498 2178 2566 praecepto
2204 2494 2314 2549 iter
2334 2495 2488 2566 regis
2509 2513 2687 2568 usque
2705 2496 2778 2551 ad
2796 2496 3148 2552 destinatum
3167 2498 3501 2568 prosecutus

1887 2586 1972 2638 est
1996 2585 2206 2638 locum.
2244 2583 2368 2648 Quo
2397 2600 2526 2638 cum
2559 2584 2974 2655 pervenissent,
3006 2602 3071 2640 ex
3122 2584 3275 2657 regis
3310 2583 3498 2639 edicto

1886 2672 2138 2743 supellex
2154 2675 2359 2728 cuncta
2372 2671 2430 2727 in
2451 2673 2709 2728 medium
2729 2674 2989 2735 defertur
2999 2676 3154 2728 sorte
3168 2671 3497 2728 dividenda.

1888 2761 2066 2815 Porro
2098 2777 2197 2815 rex
2226 2762 2440 2816 veritus
2469 2779 2542 2818 ne
2575 2763 2745 2831 forte,
2778 2765 2931 2817 sorte
2960 2762 3154 2829 missa,
3197 2777 3400 2816 urceus
3426 2760 3500 2816 ad

1887 2848 2121 2905 alterius
2139 2849 2435 2905 deveniret
2447 2850 3129 2919 dominium,convocatis
3146 2849 3501 2922 principibus

1886 2938 1994 2993 hac
2040 2954 2137 2993 eos
2165 2938 2478 3010 alloquitur
2505 2940 2767 2995 oratione
2800 2959 2817 2994 :
2854 2961 2882 2991 «
2916 2940 3058 2994 Cum
3090 2937 3331 2994 rationis
3358 2936 3500 2993 ordo

1888 3030 2157 3098 exposcat
2185 3027 2509 3099 principem
2543 3028 2835 3100 imperare
2864 3028 3061 3100 potius
3090 3027 3333 3085 subditis
3363 3027 3502 3099 quid

1886 3114 2021 3170 velit
2042 3132 2214 3187 quam
2247 3132 2416 3186 prece
2444 3116 2775 3189 deposcere,
2804 3133 2913 3189 ego
2954 3120 3171 3184 tamen,
3203 3114 3501 3172 fortissimi

1886 3203 2331 3270 commilitones,
2354 3205 2507 3259 male
2531 3221 2661 3259 cum
2695 3206 2882 3277 gratia
2910 3222 3086 3277 quam
3113 3221 3244 3259 cum
3268 3203 3503 3259 austeri-

1888 3295 2006 3346 tate
2029 3292 2342 3363 quidquam
2363 3310 2396 3347 a
2418 3293 2577 3347 vobis
2596 3294 2847 3363 exigere.
2868 3294 3268 3366 Tyrannerum
3284 3293 3500 3365 quippe

1889 3382 1975 3434 est
1996 3379 2144 3434 levia
2160 3396 2402 3451 quaeque
2425 3396 2557 3435 cum
2588 3381 2639 3434 vi
2672 3385 2730 3435 et
2752 3381 2981 3436 feritate
3012 3380 3279 3453 subjectis
3296 3380 3499 3453 praeci-

1890 3483 2051 3539 pere,
2081 3467 2373 3522 honorum
2405 3484 2537 3523 vero
2569 3469 2898 3539 principum
2925 3469 2997 3523 ad
3021 3470 3218 3540 gravia
3237 3468 3415 3523 etiam
3434 3483 3500 3523 ac

1889 3554 2149 3610 difficilia
2179 3555 2482 3611 toleranda
2502 3558 2619 3611 sola
2643 3556 2878 3611 lenitate
2900 3556 3142 3611 invitare
3166 3556 3498 3610 verberum.

1890 3642 2051 3715 Regii
2070 3643 2266 3716 itaque
2291 3644 2544 3716 dignitas
2558 3643 2813 3700 nominis
2832 3643 2907 3716 pii
2926 3644 3101 3715 patris
3119 3643 3293 3699 debet
3312 3659 3503 3698 exem-

1890 3733 1988 3806 pla
2013 3733 2240 3800 sectari,
2273 3737 2336 3788 ut
2362 3734 2490 3806 plus
2521 3732 2859 3789 reverentite
2907 3731 3013 3786 sibi
3044 3748 3111 3786 ex
3139 3730 3499 3803 benignitate

1891 3837 2059 3893 quam
2088 3821 2314 3877 timeris
2345 3822 2540 3893 exigat
2569 3839 2634 3877 ex
2679 3820 3037 3878 crudelitate.
3066 3819 3293 3876 Rectius
3323 3818 3501 3891 igitur

1892 3910 2026 3965 duxi
2068 3911 2358 3965 mansueti
2398 3910 2581 3966 animi
2628 3909 3034 3966 benevolentia
3071 3909 3127 3964 id
3159 3924 3257 3964 vos
3289 3923 3499 3979 rogare

1891 3998 2045 4071 quod
2078 4014 2305 4070 possem
2331 3999 2490 4071 regia
2512 4017 2643 4055 usus
2673 3998 3015 4055 auctoritate
3045 3995 3383 4053 inconsultis
3403 4013 3497 4052 vo-

1889 4087 1977 4143 bis
2003 4087 2337 4158 praeripere.
2380 4089 2541 4143 Unde
2576 4092 2768 4143 oratos
2798 4104 2895 4142 vos
2916 4103 3121 4142 omnes
3146 4102 3267 4142 esse
3284 4085 3413 4141 volo
3435 4089 3498 4140 ut

1888 4192 1985 4231 vas
2007 4175 2158 4231 istud
2181 4182 2439 4242 (urceum
2456 4177 2884 4248 demonstrans)
2900 4179 3088 4231 vestra
3104 4173 3245 4231 mihi
3267 4173 3500 4230 munifi-

1888 4265 2079 4320 centia
2108 4268 2270 4320 extra
2299 4265 2470 4321 sortis
2508 4282 2655 4321 mea:
2694 4265 3026 4339 portionem
3054 4264 3497 4338 tribuat,deque

1888 4354 2375 4411 remunerationis
2422 4354 2662 4427 praemio
2712 4356 2902 4409 nullus
2945 4357 3198 4410 vestrum
3235 4353 3497 4425 ambigat

1809 4428 1863 4488 D
1889 4461 2025 4500 cum
2053 4461 2148 4499 me
2180 4444 2597 4499 retributorem
2623 4444 2923 4517 profitear,
2954 4444 3001 4499 si
3040 4444 3150 4499 hoc
3180 4459 3311 4498 cum
3339 4442 3499 4499 bona

1894 4533 2130 4607 quivere
2163 4532 2481 4606 impetrare
2511 4534 2719 4604 gratia.
2757 4551 2784 4587 ι

1961 4623 2048 4678 Ad
2068 4624 2190 4678 haec
2209 4621 2410 4677 Franci
2427 4622 2843 4694 respondentes
2855 4621 2979 4694 regi
3000 4622 3294 4678 dixerunt:
3314 4620 3493 4690 «Nos,

1893 4729 1926 4768 e
1950 4712 2159 4784 inclyte
2181 4728 2301 4780 rex,
2326 4715 2687 4767 sacramento
2711 4711 2849 4766 olim
2877 4711 2977 4766 tibi
3005 4712 3181 4767 fidem
3213 4709 3495 4783 promisse

1892 4801 2064 4857 recoli
2076 4804 2405 4873 mus,utque
2418 4804 2669 4857 mortem
2684 4817 2790 4872 pro
2808 4801 3063 4872 corporis
3074 4800 3155 4855 tui
3174 4800 3355 4854 salute
3368 4797 3497 4853 sub-

1892 4890 1977 4946 ire
2008 4890 2192 4962 parati
2216 4907 2469 4945 essemus
2495 4889 2753 4961 profiteri
2776 4906 2895 4944 non
2909 4887 3335 4944 erubuimus.Si
3352 4903 3493 4959 ergo

1891 4979 2069 5035 vitam
2101 4978 2309 5052 ipsam,
2342 4996 2469 5051 qum
2495 4977 2715 5033 cunctis
2744 4976 2972 5030 cliarier
3002 4981 3089 5031 est
3130 4976 3357 5048 opibus,
3387 4974 3494 5031 tibi

1889 5067 2313 5139 vovimus,quid
2333 5067 2520 5137 majus
2533 5065 2643 5121 erit
2662 5064 2816 5137 quod
2831 5063 2985 5134 juste
3005 5065 3321 5135 negemus?
3342 5064 3494 5119 Sane

1890 5173 1955 5212 ex
1974 5156 2062 5211 his
2083 5156 2277 5228 spoliis
2309 5171 2429 5209 non
2460 5157 2711 5225 partem,
2733 5151 2833 5206 sed
2860 5153 3046 5204 totum
3081 5156 3192 5205 tuae
3226 5152 3494 5223 potestati

1887 5245 2180 5314 cedimus;
2203 5248 2265 5298 ut
2286 5240 2656 5297 veluerisfac.
2677 5242 2789 5293 Aut
2817 5237 3002 5309 mergi
3023 5238 3360 5292 fluminibus
3396 5242 3496 5294 aut

1887 5333 2143 5389 ﬂammis
2168 5332 2374 5403 jubeas
2389 5328 2540 5383 tradi
2567 5327 2886 5392 veracibus,
2907 5325 2988 5380 nil
3014 5325 3087 5381 ad
3118 5340 3224 5379 nos
3246 5324 3491 5393 attinet;

1888 5425 2118 5478 tantum
2153 5422 2214 5474 ut
2244 5423 2342 5473 tuo
2369 5415 2609 5471 satisﬁat
2639 5413 2949 5471 desiderio.
2983 5436 3011 5463 »
3040 5414 3182 5469 Tam
3226 5412 3494 5469 devotam

1889 5510 2064 5565 totius
2094 5524 2234 5579 erga
2248 5523 2307 5560 se
2329 5504 2607 5560 exercitus
2628 5504 2984 5559 voluntatem
3008 5519 3148 5575 rege
3169 5501 3495 5558 admirante

1890 5601 2065 5669 atque
2113 5596 2409 5661 laudante,
2457 5609 2605 5648 unus
2642 5609 2709 5648 ex
2751 5592 3004 5661 Francis,
3030 5590 3260 5648 levitate
3317 5590 3497 5648 animi

1887 5688 2235 5756 commotus,
2270 5682 2462 5757 gladio
2510 5699 2751 5740 urceum
2791 5682 3141 5757 percutiens,
3174 5681 3248 5737 ad
3293 5696 3501 5756 regem

3181 5783 3244 5841 2t
