3862 6210
423 433 518 488 651

1524 425 1790 487 AIMOlNl
1809 422 2118 486 MONACHI
2143 423 2635 484 FLORIACENSIS

3627 435 3718 492 852

425 551 569 605 dixit
597 567 610 602 :
644 569 666 598 ι
701 549 804 615 Tu,
838 547 1124 619 inquiens,
1156 564 1274 617 rex,
1306 549 1442 603 hinc
1475 548 1617 604 nihil
1657 548 1896 622 accipies
1925 547 2033 604 nisi
2051 552 2103 613 Α
2125 545 2758 620 processerat,Domino
2779 549 2910 602 vota
2929 564 3162 604 suarum
3186 550 3445 607 solutura
3466 568 3716 624 precum.

424 638 582 710 quod
603 636 707 692 tibi
735 653 869 691 vera
884 652 1008 690 sors
1028 637 1254 692 auferre
1278 637 1676 708 permiserit.»
1701 637 2032 692 Mirantibus

423 725 664 792 caeteris,
695 727 979 797 simulque
1006 725 1304 780 audaciam
1351 726 1456 780 viri
1500 725 1908 793 incusantibus,
1936 743 2032 780 rex

421 819 665 870 moleste
691 814 748 868 id
769 831 828 868 se
854 814 1006 869 ferre
1024 814 1408 876 dissimulans,
1439 831 1535 869 vas
1556 831 1728 886 supra
1747 831 2033 870 memora-

425 910 549 961 tum
567 905 762 974 legato
781 903 1066 975 pontificis
1087 903 1354 960 reddidit.
1372 905 1616 960 Emenso
1633 903 1877 958 labentis
1893 903 2030 957 anni

424 994 658 1060 circulo,
683 991 836 1046 idem
867 992 1137 1064 princeps
1162 993 1474 1047 exercitum
1489 992 1730 1046 adunari
1759 991 2031 1063 praecepit

423 1083 483 1138 in
511 1099 720 1155 campo
753 1082 849 1154 qui
887 1082 1117 1137 Martius
1145 1083 1462 1149 dicebatur,
1495 1084 1764 1153 generale
1814 1098 2032 1154 propo-

422 1189 566 1226 nens
588 1171 840 1226 edictum
863 1171 1014 1225 utsic
1037 1171 1523 1226 adessentarmati
1555 1188 1618 1226 ac
1641 1170 1684 1226 si
1707 1174 1908 1226 contra
1922 1171 2025 1226 ho-

418 1264 530 1315 stes
557 1259 891 1331 pugnaturi.
912 1259 1177 1314 Procedit
1207 1277 1274 1314 eo
1305 1262 1434 1315 loco
1464 1276 1578 1332 quo
1599 1259 1825 1331 jussum
1843 1259 2029 1314 fuerat

421 1349 720 1412 exercitus,
753 1348 927 1420 gestis
947 1348 1168 1403 militiae.
1199 1349 1386 1402 clarus
1415 1365 1481 1402 ac
1510 1364 1805 1403 armorum
1839 1348 2028 1402 nitore

420 1439 776 1510 conspicuus.
786 1437 1155 1508 Progreditur
1165 1441 1224 1491 et
1239 1455 1337 1492 rex
1362 1437 1676 1492 Clodoveus
1697 1437 2026 1492 ordinatam

419 1542 655 1580 suorum
687 1525 870 1580 aciem
902 1525 1283 1597 inspecturus,
1311 1525 1662 1596 circuitoque
1681 1524 1913 1596 agmine
1933 1525 2028 1578 de-

417 1614 575 1668 venit
597 1613 668 1668 ad
684 1630 818 1668 eum
839 1613 934 1685 qui
957 1631 1195 1668 urceum
1217 1630 1318 1669 suo
1337 1616 1694 1686 percusserat
1723 1628 2020 1668 mucrone.

419 1701 604 1767 Quam
635 1703 874 1757 intuitus
898 1703 1090 1758 taliter
1117 1703 1427 1776 alloquitur
1455 1719 1468 1756 :
1507 1725 1534 1751 ‹‹
1567 1701 2026 1769 Universum,in-

419 1791 561 1864 quit,
590 1796 920 1862 perustrans
950 1792 1285 1857 exercitum,
1315 1794 1370 1845 te
1401 1790 1764 1859 ignaviorem
1787 1806 1905 1845 non
1931 1806 2022 1844 re-

2134 639 2269 693 Erat
2299 638 2512 711 quippe
2545 635 2663 692 dies
2683 637 3383 708 Dominica.Aureliauus,
3397 641 3550 698 inter
3573 648 3722 698 caete-

2132 744 2226 781 ros
2246 743 2528 798 pauperes
2545 741 2663 797 pra:
2687 726 2903 781 foribus
2919 730 3400 800 stans,egressum
3416 731 3469 801 ej
3478 749 3539 786 us
3558 747 3720 803 oppe-

2131 815 2410 870 riebatur.
2444 815 2693 886 Expletis
2740 815 3048 871 missarum
3091 818 3408 886 solemniis,
3443 821 3722 892 egreditur

2130 905 2342 974 puella,
2371 903 2568 974 egenis
2591 902 2675 973 (ut
2704 902 2756 958 ei
2788 918 2914 959 mos
2943 907 3086 974 erat)
3105 906 3538 979 eleemosynam
3566 909 3725 980 largi-

2130 993 2280 1046 tura.
2313 990 2548 1045 Accedit
2577 990 2941 1060 Aurelianus,
2969 997 3032 1047 ut
3071 993 3370 1050 mendicus
3397 996 3602 1069 stipem
3633 1013 3726 1068 po-

2129 1081 2460 1134 stulaturus.
2485 1078 2744 1151 Cumque
2761 1079 2861 1134 illa
2881 1097 3122 1136 aureum
3153 1081 3206 1138 ei
3235 1085 3582 1157 porrigeret,
3612 1085 3724 1157 ipse

2128 1168 2551 1240 apprehensam
2581 1183 2821 1223 manum
2853 1169 2997 1240 ejus,
3027 1171 3203 1242 pallio
3234 1189 3409 1244 super
3437 1174 3723 1230 brachium

2127 1257 2386 1324 reducto,
2417 1255 2636 1311 nudam
2670 1255 2756 1310 ori
2788 1273 2890 1312 suo
2922 1259 3278 1314 oseulaturus
3305 1261 3578 1318 admovit.
3610 1263 3722 1331 llla,

2127 1344 2348 1415 pudore
2360 1343 2599 1416 puellari
2619 1344 2832 1400 rubore
2852 1347 3105 1416 perfusa,
3133 1348 3376 1404 domum
3392 1352 3725 1422 repetitJttit-

2125 1431 2196 1485 tit
2245 1432 2518 1487 continuo
2570 1433 2847 1504 puellam,
2879 1451 3008 1506 qua:
3049 1435 3346 1492 inventum
3383 1442 3450 1493 ut
3499 1441 3724 1510 putabat

2124 1519 2459 1574 mendicum
2491 1519 2564 1574 ad
2594 1537 2653 1574 se
2685 1520 3012 1576 deduceret.
3039 1521 3222 1586 Quem
3253 1540 3453 1580 coram
3484 1527 3722 1598 positum

2123 1607 2321 1662 taliter
2351 1607 2658 1678 alloquitur
2684 1623 2698 1662 :
2727 1627 2758 1661 «ι
2790 1609 2936 1673 Quid
2966 1610 3094 1675 tibi,
3129 1628 3162 1667 ο
3201 1612 3402 1680 homo,
3435 1613 3640 1682 visum,
3673 1621 3725 1672 ut

2125 1696 2557 1767 eleemosynam
2571 1699 2906 1768 accepturus
2919 1715 3160 1754 manum
3182 1716 3378 1756 meam
3389 1705 3546 1758 veste
3563 1703 3725 1758 denu-

2127 1783 2270 1838 dans
2311 1784 2688 1839 osculareris?
2708 1805 2736 1833 »
2770 1784 2870 1840 Cui
2901 1785 3016 1854 ille,
3049 1787 3410 1860 interrogata
3439 1791 3722 1859 amittens,

416 1879 560 1950 peri,
585 1895 690 1934 nec
713 1879 1005 1933 inutiliora
1021 1882 1322 1951 gerentem
1357 1894 1522 1932 arma
1553 1878 1845 1948 conspexi.
1879 1877 2021 1931 Nam
2047 1858 2100 1918 Β
2127 1872 2239 1926 tale
2272 1871 2432 1926 dedit
2461 1889 2802 1944 responsum
2835 1890 2902 1928 τε
2930 1875 3207 1931 Dominus
3230 1893 3416 1946 meus,
3443 1895 3543 1933 rex
3559 1880 3719 1935 Fran.

417 1983 522 2021 nec
552 1967 716 2022 hasta
739 1971 838 2021 aut
868 1968 1096 2038 clypeus
1119 1984 1222 2022 nec
1245 1968 1411 2038 galea
1433 1969 1530 2022 aut
1551 1966 1773 2037 gladius
1791 1965 2026 2036 alicujus

414 2059 548 2108 sunt
585 2055 863 2114 utilitatis.
895 2075 926 2106 »
965 2057 1033 2109 Et
1063 2058 1297 2110 extensa
1327 2072 1506 2110 manu
1531 2053 1873 2108 franciscam
1905 2053 2024 2124 ejus

413 2145 584 2198 terra:
601 2143 961 2216 dejecit,quze
981 2144 1186 2215 spatha
1202 2143 1428 2198 dicitur.
1451 2142 1544 2198 Ad
1559 2158 1732 2214 quam
1751 2141 1863 2197 reci
1869 2140 2027 2214 pien-

415 2230 550 2286 dam
569 2249 700 2286 cum
725 2249 783 2286 se
807 2231 903 2286 ille
924 2230 1271 2297 inclinasset,
1286 2248 1384 2286 rex
1403 2247 1566 2284 suam
1585 2230 1794 2301 vagina
1815 2229 2027 2284 exemit

415 2319 652 2392 ejusque
673 2319 878 2374 cervici
900 2319 1086 2373 valido
1109 2318 1418 2373 conamine
1439 2317 1816 2385 illisit,dicens
1839 2335 1851 2371 :
1878 2339 1906 2366 «
1932 2316 2025 2371 Sic

414 2411 478 2462 tu
508 2407 827 2464 Suessionis
850 2408 908 2462 in
938 2424 1109 2462 urceo
1135 2408 1233 2462 illo
1264 2406 1406 2461 mihi
1429 2406 1634 2461 fecisti.
1668 2425 1699 2457 »
1727 2407 1804 2461 Eo
1833 2405 2023 2477 itaque

415 2499 785 2562 mortuo,rex
805 2511 1278 2566 unumquemque
1305 2494 1376 2547 ad
1405 2493 1639 2565 propria
1655 2493 1845 2548 redire
1875 2510 2022 2565 prae-

417 2584 589 2656 cepit.
623 2582 864 2638 Grandis
895 2586 1134 2654 propter
1158 2583 1268 2638 hoc
1321 2583 1536 2636 factum
1565 2582 1811 2636 Francos
1837 2585 2024 2636 terror

416 2671 642 2733 invasit,
676 2674 734 2724 et
755 2687 827 2725 ne
853 2670 980 2742 quis
1009 2670 1132 2740 ejus
1163 2670 1439 2724 voluntati
1471 2670 1528 2724 in
1551 2674 1845 2742 posterum
1882 2687 2024 2726 con-

415 2759 616 2814 trairet
645 2759 918 2816 coercuit.
952 2761 1143 2813 Inerat
1172 2758 1349 2812 vultui
1393 2759 1515 2828 ejus
1563 2757 1812 2830 gravitas
1854 2760 2023 2814 mista

416 2846 718 2913 alacritati,
753 2849 814 2901 ut
843 2849 901 2900 et
925 2846 1284 2917 jucunditate
1315 2851 1575 2916 aspectus
1600 2847 1879 2902 mulceret
1893 2863 2024 2919 pro-

416 2937 520 2992 bos
557 2939 615 2991 et
634 2934 936 2991 severitate
965 2937 1208 2990 terreret
1237 2935 1556 3007 improbos.

1014 3023 1238 3078 CAPUT
1291 3024 1424 3078 XIII.

781 3113 864 3166 De
893 3111 1144 3167 Clodovez'
1171 3115 1307 3182 regis
1327 3115 1654 3184 precatione.

491 3202 615 3266 Quo
643 3217 782 3272 ergo
811 3201 1016 3256 ordine
1037 3201 1109 3255 ad
1133 3201 1332 3256 matris
1355 3201 1613 3256 Ecclesia:
1640 3201 1830 3256 sinum
1849 3216 1912 3255 ac
1934 3215 2024 3254 ca-

421 3289 650 3346 tholica:
673 3289 1003 3360 pervenerit
1042 3289 1176 3344 ﬁdei
1207 3289 1490 3345 unitatem
1535 3289 1730 3361 paucis
1773 3288 2020 3344 edicam.

417 3379 588 3433 Duxit
605 3394 843 3432 uxorem
873 3395 938 3433 ex
969 3395 1184 3450 genere
1210 3377 2021 3450 Burgundionum,Clotildem

415 3467 676 3534 nomine,
706 3467 1085 3522 Christianam
1131 3467 1202 3522 ab
1245 3467 1383 3540 ipsis
1413 3467 1709 3522 cunabulis
1737 3465 2020 3521 infantiae.

415 3557 546 3612 Ilaec
575 3556 673 3610 tali
699 3555 966 3627 quaedam
998 3572 1062 3610 ex
1091 3572 1261 3610 causa
1283 3555 1356 3610 ad
1388 3555 1658 3610 notitiam
1677 3554 1851 3626 ipsius
1872 3555 2024 3626 regis

415 3643 693 3718 pervenit.
717 3643 944 3700 Miserat
962 3643 1119 3698 idem
1153 3643 1420 3714 princeps
1445 3643 1666 3713 legatos
1698 3641 1771 3696 ad
1795 3642 2022 3696 Gunde-

412 3733 646 3790 baldum
665 3748 866 3804 regem
884 3729 1657 3802 Burgundionum,ferendaa
1673 3729 1828 3800 pacis
1839 3730 2026 3801 gratia

371 3829 375 3832 ’
414 3821 521 3886 Qui
561 3821 700 3876 dum
731 3819 946 3892 palatio
979 3819 1391 3885 immorantur,
1427 3817 1728 3872 Clotildem
1771 3819 2024 3890 puellam

411 3909 789 3980 contemplati
815 3906 1118 3978 inquirunt
1145 3923 1270 3977 qum
1320 3905 1412 3959 sit.
1446 3905 1670 3960 Dictum
1703 3907 1783 3960 eis
1814 3909 1898 3961 est
1923 3924 2024 3962 ne-

411 4001 572 4070 ptem
613 3995 770 4066 regis
818 4011 960 4060 esse,
989 4011 1055 4047 ex
1095 3993 1274 4048 fratre
1323 3993 1709 4063 progenitam.
1747 3994 1904 4060 Qum,
1937 3995 2024 4050 in-

413 4085 640 4156 quiunt,
677 4081 1015 4152 parentibus
1044 4081 1248 4136 orbata
1273 4081 1419 4153 stipe
1452 4099 1606 4137 nunc
1641 4082 1810 4138 alitur
1839 4083 2024 4156 regia.

414 4168 676 4240 Regressi
695 4168 890 4240 itaque
911 4167 1084 4239 legati
1099 4169 1371 4223 nuntiant
1384 4170 1638 4240 perfecta
1650 4187 1771 4226 esse
1787 4187 1892 4242 pro
1905 4172 2027 4244 qui-

413 4259 520 4312 bus
543 4257 753 4310 ierant.
788 4278 816 4304 «
849 4257 1006 4310 Inter
1030 4259 1240 4311 cratera
1261 4257 1459 4312 dicunt
1478 4275 1536 4312 se
1551 4259 1752 4314 vidisse
1768 4261 2022 4330 puellam

2127 1976 2354 2027 eorum,
2371 1961 2566 2015 audita
2579 1961 2982 2032 generositatis
3003 1966 3113 2019 ture
3136 1966 3496 2032 excellentia,
3521 1967 3726 2022 deside-

2125 2051 2217 2102 rat
2245 2051 2300 2102 te
2326 2048 2540 2103 habere
2571 2049 2901 2122 conjugem.
2927 2052 3066 2107 Ecce
3097 2053 3345 2108 annulus
3363 2053 3508 2126 ejus,
3537 2059 3597 2110 et
3625 2072 3724 2111 cae-

2125 2138 2250 2190 tera
2281 2140 2628 2192 ornamenta
2657 2139 2962 2208 sponsalia.
2999 2159 3036 2202 »_
3057 2139 3377 2198 Conversus
3403 2146 3628 2213 autem,
3673 2150 3727 2200 ut

2125 2225 2413 2280 sacculum
2446 2241 2619 2294 quem
2645 2230 2774 2298 post
2803 2227 3015 2284 ostium
3063 2229 3414 2302 deposuerat
3457 2219 3724 2296 sumeret,

2126 2313 2418 2368 oblaturus
2448 2313 2498 2368 ei
2517 2330 2763 2369 munera
2783 2332 2912 2388 quae
2931 2317 3238 2386 detulerat,
3249 2318 3453 2376 furtim
3473 2321 3724 2378 ablatum

2125 2417 2247 2455 esse
2271 2401 2904 2474 persensit.Qutestione
2922 2405 3122 2460 habita
3146 2406 3441 2462 invenitur
3457 2412 3725 2478 sacculus,

2124 2488 2332 2562 recipit
2353 2507 2485 2545 eum
2499 2491 2564 2544 ut
2581 2490 2940 2562 peregrinus,
2963 2510 3208 2550 munera
3233 2497 3443 2567 puellas
3467 2497 3725 2568 oti‘ert,de

2124 2577 2340 2648 nuptiis
2358 2579 2482 2649 jam
2508 2595 2758 2634 securus.
2786 2580 2930 2635 Nam
2961 2581 3078 2648 illa,
3108 2583 3204 2638 ubi
3251 2583 3323 2638 de
3373 2585 3490 2639 tori
3536 2588 3727 2658 copula

2123 2665 2359 2733 audivit,
2392 2667 2583 2738 legato
2610 2667 2668 2722 in
2700 2668 2823 2722 hmc
2854 2669 3026 2724 verba
3057 2670 3360 2742 respondit
3392 2688 3454 2726 τι(
3481 2672 3608 2728 Non
3631 2677 3724 2741 est,

2123 2753 2332 2826 inquit,
2361 2754 2448 2808 fas
2463 2753 2800 2810 Christiana:
2825 2757 3054 2811 mulieri
3069 2774 3366 2830 paganum
3387 2760 3588 2816 sortiri
3615 2778 3725 2816 ma-

2121 2843 2319 2898 ritum.
2344 2842 2456 2898 Sed
2481 2843 2527 2897 si
2544 2844 2654 2898 hoc
2683 2849 3020 2901 cunctorum
3033 2846 3449 2918 praeordinavit
3473 2849 3726 2906 conditor

2123 2932 2293 2999 Deus,
2317 2935 2380 2986 ut
2399 2931 2492 2986 ille
2520 2948 2625 3004 per
2641 2949 2736 2988 me
2756 2933 3088 2989 Creatorem
3108 2939 3388 3007 agnoscat
3413 2954 3607 3006 suum,
3637 2954 3722 3010 pe-

2121 3019 2227 3074 tita
2247 3036 2366 3074 non
2395 3020 2608 3088 abnuo,
2643 3021 2906 3092 quinimo
2929 3022 3354 3094 omnipotentis
3381 3025 3491 3080 ﬁat
3509 3027 3726 3082 Domini

2043 3135 2092 3199 α
2117 3107 2319 3199 jussio.
2355 3128 2381 3158 ο
2417 3109 2518 3163 Illo
2546 3108 2772 3199 dicente
2800 3127 3000 3182 regem
3029 3111 3154 3182 ejus
3182 3111 3474 3170 desiderio
3493 3131 3598 3187 per
3619 3131 3728 3170 om-

2124 3196 2230 3251 nia
2259 3211 2556 3251 assensum
2585 3197 2988 3268 przrbiturum,
3022 3202 3193 3272 rogat
3227 3199 3328 3256 illa
3357 3205 3424 3256 ut
3453 3207 3726 3258 secretum

2129 3286 2283 3357 apud
2315 3301 2373 3339 se
2403 3285 2512 3340 hoc
2524 3285 2760 3340 verbum
2791 3289 3011 3355 teneat,
3031 3304 3106 3343 ne
3127 3292 3368 3360 patruus
3391 3291 3725 3364 aliquoillud

2124 3377 2292 3445 pacto
2325 3373 2721 3444 persentiscat.
2745 3373 3042 3438 Quiﬁdem
3073 3375 3218 3432 dans
3242 3394 3304 3432 se
3329 3377 3392 3432 id
3421 3380 3580 3434 nulla
3604 3396 3725 3452 pro-

2126 3461 2280 3515 ferre
2311 3461 2536 3516 ratione
2561 3461 2890 3533 regreditur
2919 3463 2992 3518 ad
3008 3480 3434 3537 regem,quem
3465 3483 3725 3540 prospero

2126 3549 2332 3604 nuntio
2363 3548 2616 3604 reddidit
2641 3551 2915 3606 alacrem.
2950 3553 3146 3607 Puella
3189 3569 3332 3609 sane
3378 3571 3541 3623 eum,
3567 3572 3724 3628 quem

2127 3637 2442 3692 Clodoveus
2453 3637 2710 3706 miserat,
2725 3640 3004 3695 annulum
3035 3641 3094 3696 in
3121 3642 3410 3699 thesauris
3430 3645 3620 3716 patrui
3646 3661 3726 3699 re-

2125 3725 2316 3798 posuit
2345 3726 2809 3784 custodiendum.

2733 3817 2958 3873 CAPUT
2999 3819 3129 3874 XIV.

2529 3904 2611 3960 De
2638 3903 2884 3962 Clotildz's
2909 3907 3332 3978 desponsationc.

2196 3993 2406 4047 lterato
2429 3993 2747 4049 Clodoveus
2761 3994 3034 4051 eumdem
3045 3997 3318 4052 Aurelian
3327 4015 3427 4054 um
3441 3999 3513 4054 ad
3539 4014 3720 4071 regem

2128 4081 2325 4154 dirigit
2353 4081 2817 4151 Gundebaldum,
2855 4088 2918 4140 ut
2941 4102 3216 4158 sponsam
3247 4088 3518 4160 requirat
3547 4103 3718 4152 suam,

2128 4169 2372 4240 nuptiali
2397 4170 2613 4226 {cedere
2631 4170 2738 4226 sibi
2755 4174 3517 4249 copulandam.Qui,regem
3539 4175 3720 4232 adiens

2124 4258 2623 4330 Burgundionum,
2636 4260 2913 4317 mandata
2931 4263 2982 4318 ei
2995 4262 3290 4334 depromit
3309 4265 3468 4338 regis
3493 4266 3718 4320 Franco-

415 4345 561 4400 adeo
583 4344 774 4399 forma
801 4347 1103 4398 venustam
1139 4347 1203 4398 ut
1230 4345 1464 4400 cuilibet
1485 4346 2021 4419 potentissimoregi
2046 4416 2087 4426 _
2123 4363 2276 4402 rum.
2301 4349 2398 4404 ll'le
2429 4366 2486 4403 se
2521 4350 2738 4405 nescire
2757 4349 2972 4406 fatetur
2991 4368 3120 4424 quae
3146 4353 3196 4423 ej
3208 4370 3274 4408 us
3295 4353 3368 4408 sit
3393 4366 3719 4426 sponsa,nec

414 4431 622 4506 nuptui
653 4431 803 4486 tradi
833 4435 1042 4503 posset.
1065 4416 1566 4506 Quam,inquiunt,
1589 4435 1752 4506 regia
1778 4416 2021 4490 manan-
2043 4416 2098 4476 Ῑ)
2125 4453 2183 4490 se
2206 4437 2320 4491 ulla
2343 4454 2508 4509 posse
2529 4437 2666 4492 dare
2681 4454 2980 4510 responsa.
3006 4416 3718 4514 c8edtibi,inquit,caven-

413 4526 536 4576 tem
570 4538 602 4574 a
632 4519 828 4591 stirpe,
861 4523 1024 4592 patre
1069 4513 1194 4592 ejus
1220 4522 1327 4577 hac
1356 4523 1472 4576 vita
1500 4527 1754 4590 carente,
1788 4528 2023 4596 patruus

415 4610 488 4664 ab
519 4609 754 4663 ineunte
778 4608 961 4664 nutrit
989 4612 1179 4664 astate.
1211 4631 1240 4658 »
1272 4611 1386 4665 Hoc
1425 4611 1646 4679 audito,
1685 4629 1782 4666 rex
1815 4611 2020 4667 Clodo-

413 4715 549 4754 veus
572 4713 763 4753 amore
793 4697 1016 4770 capitur
1044 4699 1271 4771 puellae,
1295 4715 1534 4770 sperans
1557 4716 1616 4754 se
1644 4716 1710 4753 ex
1733 4700 1837 4754 hac
1864 4717 2022 4755 occa-

413 4787 574 4843 sione
617 4803 864 4858 regnum
915 4787 1261 4858 Burgundios
1295 4787 1550 4859 arripere
1589 4803 1775 4858 posse.
1816 4787 2022 4858 Dirigit

411 4894 444 4932 e
473 4875 709 4946 vestigio
739 4874 1055 4946 quemdam
1081 4874 1188 4929 sibi
1214 4873 1751 4938 familiarissimum,
1781 4877 2019 4930 nomine

409 4962 916 5035 Aurelianum,qui
935 4979 1180 5016 munera
1196 4963 1402 5034 puellas
1415 4979 1447 5016 a
1465 4979 1523 5016 se
1537 4962 1709 5018 missa
1719 4963 2018 5035 perferens

409 5051 662 5124 speciem
691 5051 812 5122 ejus
828 5050 1164 5122 diligentius
1193 5051 1708 5120 contemplaretur.
1737 5050 1875 5105 Huic
1905 5051 2018 5105 im-

409 5143 576 5212 perat
605 5143 666 5194 ut
684 5140 938 5211 puellam
957 5139 1148 5205 adeat,
1164 5139 1234 5193 de
1259 5138 1475 5210 nuptiis
1495 5139 1848 5194 voluntatem
1868 5139 2020 5210 regis

409 5228 646 5296 ediscat,
679 5229 737 5280 et
768 5226 907 5298 quid
952 5225 1131 5280 animi
1179 5225 1276 5280 illa
1325 5241 1496 5296 super
1537 5227 1644 5280 hac
1697 5243 1760 5282 re
1809 5227 2020 5282 habeat

409 5317 706 5387 agnoscat.
731 5315 853 5380 Ille,
874 5317 1166 5384 praecepto
1192 5329 1424 5384 parens,
1450 5315 1794 5384 Burgundias
1827 5318 2018 5386 partes

405 5402 755 5473 ingreditur.
788 5401 1008 5455 Palatio
1057 5401 1530 5473 appropinquans
1559 5401 1740 5456 socios
1777 5403 1928 5457 Silvis
1957 5421 2016 5458 se

405 5489 620 5543 abdere
639 5488 825 5558 jussit.
861 5489 983 5557 Ipse
1023 5488 1226 5543 habitu
1269 5489 1521 5543 mendici
1553 5489 2016 5546 circumamictus

404 5575 478 5629 ad
499 5575 692 5628 aulam
723 5575 1016 5645 properat,
1036 5577 1094 5628 et
1119 5578 1181 5628 ut
1207 5575 1412 5631 futurae
1429 5575 1533 5630 sibi
1560 5577 1813 5631 domina:
1835 5579 2010 5633 collo-

403 5660 502 5736 qui
534 5659 714 5734 possit
740 5660 1026 5732 explorat.
1062 5661 1221 5716 Tunc
1270 5662 1422 5716 forte
1462 5663 1563 5720 illa
1604 5665 1680 5722 ad
1712 5665 2010 5726 ecclesiam

2123 4524 2262 4578 dum
2294 4541 2368 4579 ne
2395 4525 2624 4598 publica
2645 4526 2880 4582 affectus
2899 4529 3255 4584 contumelia
3286 4547 3353 4584 ex
3375 4531 3484 4586 hac
3507 4525 3719 4603 pelleris

2122 4613 2271 4680 aula,
2295 4611 2392 4684 qui
2423 4616 2619 4668 nostra
2643 4613 2923 4670 advenisti
2954 4617 3322 4688 exploratum
3351 4635 3555 4690 regna.
3584 4613 3716 4670 sCui

2119 4701 2341 4770 legatus
2359 4719 2372 4756 :
2394 4723 2422 4751 «
2443 4703 2597 4770 Haec,
2621 4702 2882 4776 inquam,
2899 4705 3141 4760 mandat
3163 4706 3440 4762 dominus
3461 4711 3612 4772 tuus,
3633 4717 3717 4758 rex

2121 4792 2318 4844 noster
2347 4791 2662 4846 Clodoveus
2692 4809 2706 4847 :
2739 4815 2768 4843 «
2799 4793 2858 4848 Si
2888 4795 2970 4848 vis
3001 4794 3146 4850 mihi
3186 4795 3498 4852 Clotildem
3538 4807 3713 4851 meam

2119 4877 2363 4934 reddere
2383 4895 2678 4948 sponsam,
2695 4881 2884 4936 locum
2909 4882 3152 4955 designa
3171 4901 3289 4956 quo
3317 4902 3448 4940 eam
3471 4885 3718 4955 receptu-

2118 4981 2216 5019 rus
2247 4965 2608 5022 adveniam.»
2630 4969 2703 5023 At
2719 4969 2838 5039 ipse
2854 4970 3100 5026 miratus
3126 4973 3285 5044 quod
3317 4977 3714 5046 neptemsuam

2122 5055 2344 5124 peteret
2391 5053 2726 5124 Clodoveus,
2774 5057 3099 5112 convocatis
3145 5060 3314 5130 regni
3365 5059 3716 5132 primoribus,

2119 5139 2423 5195 consilium
2453 5158 2584 5196 cum
2614 5144 2694 5198 eis
2724 5144 2928 5198 habuit
2957 5145 3095 5218 quid
3128 5151 3280 5202 esset
3304 5147 3580 5204 facturus.
3624 5141 3714 5208 Qui

2118 5229 2472 5284 Francorum
2485 5231 2653 5286 veriti
2675 5231 3132 5302 animositatem,
3154 5253 3229 5290 ne
3252 5237 3312 5290 in
3343 5235 3715 5309 Burgundiam

2117 5321 2392 5386 pararent
2421 5319 2874 5390 expeditionem,
2906 5321 2952 5376 si
2990 5337 3197 5377 eorum
3241 5325 3370 5396 regi
3410 5323 3716 5380 memorata

2117 5420 2236 5458 non
2265 5405 2588 5461 traderetur
2636 5408 2847 5477 puella,
2893 5409 3034 5464 talia
3074 5427 3178 5465 suo
3225 5413 3474 5484 principi
3517 5410 3712 5466 dedere

2115 5492 2353 5546 consilia
2381 5509 2444 5548 ια
2460 5494 2752 5566 Requirat,
2778 5495 3069 5568 inquiunt,
3094 5499 3372 5556 dominus
3385 5492 3712 5568 nosterquid

2113 5581 2318 5652 puella:
2355 5581 2644 5637 desideret
2695 5585 2947 5648 animus,
2977 5588 3036 5640 et
3092 5590 3294 5642 utrum
3338 5589 3526 5644 eidem
3569 5579 3709 5652 regis

2111 5669 2466 5726 Francorum
2495 5669 2718 5729 delatus
2744 5672 2922 5729 fuerit
2949 5676 3222 5732 annulus.
3256 5676 3426 5744 Quod
3471 5675 3514 5734 si
3544 5674 3631 5731 est
3655 5669 3710 5723 ιιι
