3862 6210
130 411 217 471 653
1220 402 1541 464 HISTORIA
1559 399 2009 463 FRANCORUM.
2046 435 2108 449 --
2140 400 2268 460 LIB.
2300 403 2344 460 Ι.

3333 396 3438 460 6ὅ4

131 537 235 589 hac
254 532 346 586 illa
370 531 536 600 velit,
566 534 627 584 et
651 529 801 584 forte
813 528 941 600 jam
962 527 1252 600 sponsalia
1273 542 1517 581 munera
1538 542 1728 581 susce-
1745 558 1801 618 Α
1827 527 2015 579 tentes
2026 522 2324 578 victoriam
2340 521 2625 577 Clodoveo
2644 520 3075 593 relinquunt,ac
3089 522 3325 577 domum
3344 539 3438 577 re-

130 622 221 694 pit,
244 619 413 674 reniti
433 635 555 673 non
576 617 824 688 poteris;
850 616 990 689 quin
1016 615 1207 687 potius
1231 614 1434 686 legatis
1454 630 1583 669 eam
1610 616 1725 667 tra-

131 712 251 765 dere
282 707 625 763 maturabis.
645 705 1084 777 Burgundiones
1108 720 1360 775 namque
1377 719 1580 756 omnes
1603 702 1728 773 plus

131 796 360 852 consiliis
383 813 568 868 quam
591 794 768 849 armis
780 810 943 848 suam
962 796 1224 847 tutantur
1244 789 1724 861 rempublicam.»

131 885 387 958 lnquisila
414 884 613 955 puella
654 883 868 937 fatetur
895 898 1069 953 supra
1100 882 1423 934 memorata
1449 895 1507 933 se
1538 895 1724 933 susce-

128 974 260 1045 pisse
290 973 472 1033 dona,
502 971 773 1041 regisque
804 970 1072 1040 copulam
1100 971 1294 1022 mente
1322 966 1463 1020 veile
1495 966 1721 1037 cupida.

128 1060 548 1125 Gundebaldus,
582 1058 716 1113 licet
758 1056 989 1123 invitus,
1020 1054 1289 1111 Clodovei
1322 1069 1452 1108 eam
1487 1053 1727 1107 tradidit

128 1147 500 1221 legatis,nihil
532 1146 585 1201 ei
614 1147 687 1201 de
717 1146 831 1200 suis
857 1144 1115 1200 tribuens
1147 1142 1445 1197 thesauris.
1470 1142 1728 1197 Postmo-

130 1238 255 1292 dum
282 1241 508 1301 tamen,
571 1250 747 1306 opere
795 1236 850 1287 et
894 1230 1177 1286 industria
1228 1229 1542 1296 Aureliani,
1592 1245 1725 1299 pars

129 1325 371 1380 maxima
387 1340 458 1378 ex
483 1322 621 1395 ipsis
638 1320 803 1375 cessit
820 1318 1082 1374 dominio
1100 1316 1386 1373 Clodovci.
1409 1317 1571 1371 Unde
1593 1334 1723 1371 cum

130 1414 433 1468 Clodoveus
465 1426 716 1482 regnum
750 1425 919 1463 suum
951 1424 1130 1479 usque
1162 1406 1514 1478 Sequanam,
1552 1408 1725 1476 atque

126 1501 496 1573 postmodum
524 1515 703 1570 usque
738 1496 989 1567 Ligerim
1017 1495 1217 1550 tluvios
1240 1493 1727 1564 ampliasset,Mili-

130 1590 337 1643 dunum
352 1593 609 1643 castrum
626 1585 816 1639 eidem
835 1583 1304 1650 Aureliano,cum
1327 1582 1501 1636 totius
1518 1581 1728 1636 ducatu

128 1676 393 1748 regionis,
417 1676 555 1745 jure
586 1672 854 1727 beneficii
884 1670 1187 1726 concessit.
1223 1669 1559 1740 Susceptam
1588 1685 1726 1740 ergo

125 1759 1110 1835 saepedictnsAurelianusClotildem
1126 1757 1408 1812 deducere
1421 1756 1729 1811 festinabat

1829 630 1961 684 gem
1979 626 2147 667 suum
2162 611 2353 683 gladio
2376 627 2586 666 cmsum
2605 609 3190 681 conscipicentesjnre
3206 611 3443 666 tributa-

1828 701 1913 756 rio
1932 701 2160 755 Francis
2182 718 2241 754 se
2256 700 2377 753 fore
2399 698 3091 753 servituroslibentissime
3115 698 3430 770 spondent.

2442 788 2665 842 CAPUT
2702 787 2830 842 XVI.

1971 876 2225 933 Clodovei
2247 879 2489 933 conversi
2514 876 2585 931 ad
2612 894 2730 931 suos
2750 878 2950 943 concio,
2985 883 3033 930 et
3064 876 3295 947 ejusdem

2480 965 2782 1035 bapiizalio.

1896 1054 2405 1110 VictorClodoveus
2419 1053 2622 1108 exinde
2636 1053 3132 1124 rcgrediensTullo
3147 1054 3437 1111 civitatem

1827 1142 2497 1215 devenit,repertumque
2514 1141 2653 1196 inibi
2665 1142 2900 1196 beatum
2914 1142 3223 1198 Vedastum
3239 1147 3441 1215 postea

1824 1230 2228 1285 Adartensium
2258 1231 2753 1292 [Atrebatensem]
2784 1229 3120 1302 episcopum
3159 1231 3436 1288 comitem

1826 1318 1908 1373 sui
1930 1318 2125 1374 ascivit
2142 1318 2638 1376 itineris.Ventum
2662 1318 2801 1373 dum
2820 1323 2968 1373 esset
2982 1319 3440 1387 Remis,cunctos

1824 1424 1955 1462 suos
1977 1423 2326 1479 suorumque
2345 1424 2506 1461 casus
2522 1407 2651 1478 conj
2661 1406 2754 1479 ugi
2780 1424 2875 1461 rex
2896 1407 3303 1464 referl.Gratiaz
3322 1411 3437 1464 Deo

1826 1494 1885 1550 in
1900 1496 2212 1550 commune
2235 1495 2584 1563 referuntur;
2600 1512 2697 1549 rex
2714 1495 3113 1551 credulitatem
3129 1514 3290 1551 suam
3311 1514 3441 1570 pro-

1828 1582 2479 1638 fitetur.Gratulabunda
2493 1584 2623 1654 conj
2633 1601 2700 1637 ux
2715 1583 2787 1638 ad
2803 1588 3064 1640 sanctum
3084 1584 3434 1657 Remigium,

1828 1671 2127 1726 Remensis
2171 1672 2330 1726 urbis
2360 1672 2718 1745 episcopum,
2753 1677 3044 1745 properat,
3077 1674 3253 1728 fidem
3288 1675 3437 1743 regis

1829 1758 2020 1825 edicit,
2045 1758 2183 1830 quid
2200 1758 2350 1813 facto
2385 1776 2527 1830 opus
2548 1759 2621 1813 sit
2648 1760 2870 1814 edocet.
2908 1761 3178 1815 Hortatur
3212 1761 3436 1817 antisti-

126 1854 193 1907 ad
221 1869 448 1924 regem.
471 1851 610 1915 Quae
628 1850 841 1904 finibus
853 1846 1205 1919 appropians
1225 1845 1389 1916 regni
1408 1845 1493 1899 sui
1516 1844 1725 1915 patrui,
1752 1866 1804 1927 Β
1829 1849 1946 1901 tem
1980 1847 2054 1901 ad
2080 1847 2273 1901 aulam
2305 1847 2645 1918 quantocius
2669 1846 2821 1917 regis
2851 1852 3145 1920 properet,
3182 1850 3436 1921 dumque

126 1942 369 2013 imperat
400 1938 634 1994 Francis
665 1936 760 2009 qui
790 1952 984 1990 secum
1015 1937 1185 1989 erant
1237 1937 1298 1987 ut
1342 1932 1603 2004 praedam
1632 1949 1725 1987 ca-

124 2030 300 2101 piant,
345 2027 733 2097 incendiaque
762 2025 1025 2079 villarum
1064 2022 1125 2077 in
1151 2038 1334 2093 regno
1382 2021 1726 2091 Burgundiaa

124 2116 355 2171 faciant.
389 2115 506 2167 Nec
540 2129 746 2167 mora:
783 2110 863 2164 illi
903 2109 1059 2163 haud
1102 2124 1261 2162 secus
1306 2124 1371 2162 ac
1413 2107 1555 2177 jussi
1603 2106 1724 2161 fue-

124 2207 251 2257 rant
275 2202 613 2276 perficiunt,
646 2199 972 2270 injectoque
1003 2195 1544 2266 circumjacentibus
1584 2193 1729 2249 villis

124 2292 389 2347 incendio
422 2304 734 2360 aversaque
777 2287 993 2358 praeda,
1040 2283 1372 2356 Burgundia
1419 2282 1729 2354 egrediun-

124 2384 217 2434 tur
244 2381 603 2434 Francorum
635 2378 965 2447 repetentes
991 2374 1197 2429 solum.
1223 2373 1338 2427 Hoc
1366 2372 1463 2425 illa
1488 2388 1729 2426 cernens

130 2467 331 2520 dixisse
360 2467 548 2520 fertur
579 2481 591 2517 :
628 2483 659 2515 ς
689 2462 907 2517 Gratias
937 2459 1277 2531 tibi,inquit,
1301 2475 1526 2513 summe
1558 2460 1726 2526 Deus,

130 2555 339 2621 refero,
368 2553 526 2625 quod
554 2550 784 2607 initium
816 2548 1081 2603 vindictae
1114 2553 1370 2619 paterna}
1412 2547 1566 2601 necis
1591 2564 1727 2602 con-

133 2642 323 2714 spicio.
355 2664 382 2690 »
413 2642 556 2695 Nam
578 2638 981 2693 Gundebaldus
1002 2654 1097 2691 rex
1126 2639 1355 2707 patrem
1388 2636 1513 2706 ejus
1545 2635 1731 2690 infan-

136 2729 366 2784 dissima
394 2731 729 2801 peremerat
760 2728 968 2792 morte,
1002 2728 1064 2779 ut
1095 2727 1223 2795 post
1266 2723 1325 2777 in
1355 2723 1730 2795 sequentibus

138 2815 651 2872 demonstrabitur.
676 2815 854 2869 Porro
880 2829 975 2867 rex
1013 2811 1351 2878 Clodoveus,
1388 2810 1448 2865 in
1472 2810 1730 2866 Suessio-

140 2904 220 2958 nis
231 2906 453 2960 civitate
467 2904 696 2975 nuptias
711 2919 843 2957 cum
866 2918 1079 2972 magna
1104 2900 1402 2954 celebrans
1422 2899 1736 2971 gloria,sa*.-

140 2993 423 3063 pedictam
442 2991 752 3050 Clotildem
778 2990 935 3045 duxit
957 3004 1217 3043 uxorem.
1239 2988 1368 3042 Haec
1388 2987 1571 3043 ﬁdelis
1602 2988 1736 3042 inii-

143 3080 249 3134 deli
265 3083 575 3152 conjuncta
599 3080 719 3134 viro
734 3095 867 3133 eum
886 3079 954 3132 ad
972 3077 1148 3131 fidem
1161 3076 1476 3148 perducere
1494 3077 1737 3131 conaba-

1829 1934 2057 1989 animus
2080 1934 2266 1988 adhuc
2288 1934 2462 1989 dubia
2484 1935 2699 2005 pendet
2719 1935 2824 1989 sub
2852 1943 3027 2003 sorte,
3048 1936 3198 1991 viam
3224 1937 3274 1992 ei
3297 1938 3439 1991 veri-

1827 2022 1958 2077 tatis
1987 2040 2100 2094 qua
2129 2022 2202 2077 ad
2228 2023 2411 2077 Deum
2431 2023 2546 2076 itur
2568 2022 2805 2092 pandat;
2833 2046 2859 2072 ‹‹
2882 2024 3064 2077 vereri
3089 2041 3169 2090 se,
3195 2023 3435 2091 dicit,ue

1829 2126 1995 2164 mens
2010 2109 2298 2182 prosperis
2314 2112 2466 2165 elata
2476 2110 2843 2178 successibus,
2854 2112 3212 2182 Largitorem
3225 2112 3433 2168 horum

1830 2199 1969 2253 dum
1988 2198 2220 2270 ignorat
2245 2202 2605 2253 contemnat.
2634 2199 2874 2253 Facilius
2907 2199 3064 2253 enim
3112 2217 3215 2272 pro
3271 2201 3435 2256 libitn

1831 2287 1995 2342 nobis
2017 2287 2291 2342 attributa
2314 2290 2513 2343 nostro
2539 2287 2821 2359 temporis
2860 2287 3169 2344 interstitio
3207 2306 3436 2345 memo-

1830 2375 1930 2430 rias
1945 2375 2475 2447 eximuntur,quam
2490 2376 2661 2447 siqua
2674 2376 2947 2430 aliorsum
2965 2394 3028 2431 ac
3041 2378 3301 2433 volumus
3314 2396 3414 2434 eve

1830 2463 2043 2520 nerint.
2064 2486 2092 2512 »
2117 2465 2413 2518 Accelerat
2433 2464 2691 2536 pontifex
2717 2463 2955 2519 monitis
2968 2465 3253 2537 religiosas
3272 2483 3437 2538 pare-

1829 2568 1893 2606 re
1908 2550 2585 2622 mulieris,conspeclibus
2598 2568 2719 2607 sese
2737 2551 2904 2607 offert
2924 2552 3075 2623 regis
3084 2554 3436 2624 jamdudum

1832 2639 2202 2711 praesentiam
2221 2639 2344 2710 ejus
2360 2639 2731 2711 opperientis.
2753 2639 2916 2694 Fides
2935 2640 3006 2694 ab
3030 2639 3282 2694 antistite
3300 2656 3435 2711 pro-

1831 2727 2035 2795 fertur,
2058 2728 2264 2782 modus
2286 2728 2559 2783 credendi
2579 2728 2996 2783 edocetur.ch
3019 2745 3269 2802 quoque,
3292 2730 3440 2788 veri-

1833 2820 1953 2871 tate
1979 2816 2198 2888 agnita,
2221 2816 2321 2871 uni
2342 2833 2401 2871 se
2424 2817 2541 2872 Deo
2561 2816 2977 2872 famulatnrum
3001 2817 3239 2873 devotus
3262 2835 3437 2890 spon-

1836 2904 1953 2973 det,
1973 2921 2281 2977 procerum
2304 2921 2439 2959 sane
2466 2905 2631 2977 regni
2654 2908 2825 2978 atque
2853 2906 3132 2961 exercitus
3163 2923 3222 2961 se
3247 2909 3439 2961 tenta-

1835 2997 2031 3049 turum
2063 2994 2432 3049 sententiam.
2456 2995 2531 3048 Ex
2557 2994 2662 3049 hac
2685 3011 2747 3051 re
2790 3012 2917 3067 quas
2953 2995 3024 3049 sit
3058 2996 3291 3063 fatetur,
3325 3013 3439 3068 quo

1838 3085 2001 3138 tanto
2024 3083 2211 3154 magis
2235 3082 2494 3137 devotius
2517 3082 2739 3138 Christo
2762 3083 3009 3137 cervices
3032 3083 3282 3139 subdant
3311 3101 3440 3138 suas

144 3173 244 3224 tur.
267 3147 540 3243 Atipseid
554 3185 726 3241 agere
744 3185 906 3240 posse
922 3147 1192 3238 negabat,
1216 3166 1507 3238 ritumque
1524 3169 1582 3220 et
1609 3183 1737 3221 mo-
1765 3147 1813 3207 C
1841 3174 2057 3242 quanto
2092 3147 2215 3242 plus
2259 3169 2552 3225 blanditiis
2594 3187 2770 3242 quam
2818 3171 3137 3225 terroribus
3180 3171 3328 3226 allici
3380 3188 3441 3226 se

144 3274 260 3312 rem
287 3259 512 3315 Francis
543 3263 833 3313 assuetum
863 3273 921 3311 se
945 3256 1097 3310 nolle
1129 3255 1394 3311 deserere
1420 3256 1741 3310 testabatur

761 3346 984 3401 CAPUT
1013 3345 1117 3400 XV.

232 3437 311 3491 De
341 3437 593 3493 Clodovei
612 3437 747 3506 regis
775 3435 848 3488 ad
872 3432 1077 3488 Christi
1100 3433 1257 3503 ﬁdem
1287 3437 1637 3489 conversione.

212 3525 466 3598 Concipit
494 3525 721 3579 interea
756 3522 959 3595 regina
987 3538 1234 3594 puerum
1262 3527 1581 3594 natumque
1612 3538 1740 3593 per-

151 3611 292 3667 ducit
307 3615 379 3669 ad
397 3613 777 3686 baptismum,
796 3628 972 3684 quem
993 3611 1215 3665 vocavit
1238 3611 1737 3682 Ingomirum.Qui

149 3698 202 3754 in
227 3703 365 3757 albis
383 3703 601 3774 positus
625 3701 891 3773 spiritum
910 3700 1185 3755 exhalans
1206 3699 1335 3754 vita:
1362 3700 1736 3756 transmissus

153 3792 223 3843 est
248 3795 560 3864 perpetuae.
582 3792 692 3845 Pro
716 3806 830 3862 qua
865 3806 926 3843 re
948 3804 1068 3856 rex,
1094 3787 1277 3843 nimia
1302 3789 1554 3860 repletus
1584 3789 1736 3845 indi-

154 3880 432 3946 gnatione,
488 3878 633 3935 dixit
665 3877 883 3949 regina:
918 3894 930 3932 :
964 3900 991 3926 ‹‹
1037 3876 1200 3947 Quia,
1250 3876 1460 3949 inquit,
1503 3894 1647 3949 puer
1678 3878 1736 3932 in

156 3964 241 4020 Dei
271 3969 437 4024 vestri
466 3967 792 4040 baptizatus
813 3970 899 4020 est
927 3966 1187 4033 nomine,
1219 3964 1297 4019 dii
1347 3966 1527 4020 nostri
1574 3966 1737 4021 illum

157 4056 402 4121 prtrsenti
432 4057 559 4111 luce
585 4054 1066 4110 fraudaverunt.»
1087 4054 1187 4108 Cui
1214 4053 1444 4126 regina:
1475 4055 1736 4111 «Gratias

158 4156 266 4212 ago,
290 4145 387 4212 ait,
419 4143 814 4216 omnipotenti
832 4144 972 4209 Deo,
997 4142 1093 4213 qui
1117 4141 1385 4214 dignatus
1401 4145 1488 4197 est
1505 4160 1572 4198 ex
1601 4160 1735 4199 meo

162 4233 299 4287 utero
327 4233 788 4306 primogenitum
821 4231 878 4286 in
902 4248 1067 4286 suum
1095 4231 1381 4304 suscipere
1407 4248 1712 4304 regnum.»

162 4315 339 4376 (ienuit
367 4326 425 4377 et
452 4322 633 4377 alium
664 4320 871 4387 filium,
919 4336 1093 4392 quem
1137 4320 1492 4392 baptizatum
1521 4322 1741 4376 vocavit

1839 3259 2264 3329 conspexerint.
2285 3260 2477 3312 Placet
2504 3258 2780 3324 conditio,
2805 3261 2862 3312 et
2883 3275 2949 3313 ex
2980 3259 3131 3330 regis
3157 3260 3345 3315 edicto
3378 3260 3443 3314 fit

1840 3346 2277 3420 publicapopuli
2300 3346 2582 3402 evocatio.
2616 3345 2980 3402 Conveniunt
3022 3348 3187 3419 regni
3220 3348 3443 3421 prima-

1839 3438 1946 3501 tes,
1981 3450 2085 3489 nec
2119 3433 2376 3488 militatis
2400 3449 2631 3505 quoque
2660 3450 2868 3488 manus
2892 3434 3097 3490 defuit.

1913 3522 2128 3588 Quibus
2157 3538 2353 3577 coram
2380 3522 2579 3592 positis
2608 3538 2706 3576 rex
2729 3522 2923 3576 taliter
2948 3522 3077 3577 iniit
3108 3541 3121 3577 :
3156 3545 3185 3574 α
3216 3524 3441 3592 Franci,

1841 3612 2049 3684 inquit,
2075 3611 2417 3683 Trojugena:
2446 3609 2803 3682 (meminisse
2822 3610 3038 3664 etenim
3066 3627 3163 3665 vos
3190 3610 3444 3665 nominis

1840 3700 2184 3773 generisque
2214 3698 2383 3754 vestri
2402 3698 2609 3769 decet),
2629 3698 2832 3771 quibus
2850 3714 3002 3752 nunc
3024 3715 3201 3770 usque
3232 3699 3443 3755 servie-

1839 3790 2018 3844 rimus
2051 3789 2156 3843 diis
2182 3787 2256 3844 ad
2285 3786 2632 3842 memoriam
2655 3786 2935 3841 reducere
2966 3786 3194 3842 animos
3223 3791 3445 3843 vestros

1840 3878 2225 3950 virtutemque
2258 3876 2526 3947 deposco.
2552 3876 2903 3947 Competens
2932 3892 3185 3947 namque
3206 3892 3271 3930 ac
3293 3877 3446 3931 utilis

1839 3968 1955 4023 visa
2004 3970 2087 4021 est
2130 3965 2279 4021 ratio
2321 3963 2665 4020 ostendendi
2704 3962 2963 4035 primum
3003 3980 3251 4036 quorum
3288 3964 3447 4021 cultu

1841 4055 2153 4125 mancipati
2183 4052 2633 4120 sumus,ut,dum
2657 4050 2890 4107 inutiles
2909 4067 3009 4107 eos
3025 4052 3151 4107 fore
3168 4053 3444 4108 constite-

1838 4145 1934 4221 rit,
1966 4144 2133 4198 unius
2165 4142 2393 4214 verique
2422 4140 2642 4212 agnitio
2666 4140 2764 4195 Dei
2796 4140 3070 4196 libentius
3098 4140 3438 4213 accipiatur.

1842 4233 2006 4298 Quod
2038 4236 2173 4286 tunc
2200 4230 2518 4285 rectissime
2560 4230 2680 4297 fiet,
2713 4228 2758 4283 si
2810 4230 3102 4301 majorum
3147 4245 3240 4285 res
3269 4234 3447 4303 gesta:

1842 4323 2272 4377 recenseantur.
2305 4322 2382 4373 Ac
2419 4318 2673 4391 primum
2721 4319 2925 4372 urbem
2976 4318 3135 4373 illam
3180 4319 3445 4390 Trojanm

165 4403 552 4465 Clodomirum.
596 4409 722 4473 Quo
749 4412 1049 4480 azgrotate,
1082 4425 1183 4463 rex
1223 4410 1537 4481 conjugem
1571 4412 1742 4481 coapit
1765 4427 1816 4485 D
1844 4410 2140 4482 quondam
2170 4407 2417 4480 gloriam
2449 4406 2637 4478 gentis
2667 4406 3019 4479 intueamur,
3047 4424 3223 4479 quam
3246 4412 3335 4462 tot
3364 4409 3447 4480 (ut

163 4491 660 4572 increpare,dicens
693 4514 706 4551 :
732 4518 761 4547 «
790 4498 855 4551 Et
884 4496 975 4551 hic
1004 4500 1242 4569 propter
1271 4498 1741 4571 superstitionem

162 4592 380 4643 Vestram
408 4588 658 4643 deorum
688 4586 945 4640 incurret
975 4586 1278 4641 offensam.
1302 4607 1329 4635 »
1365 4587 1500 4654 Sed,
1536 4592 1739 4644 orante

160 4676 353 4746 regina,
370 4692 554 4748 puero
573 4676 727 4729 salus
744 4674 1123 4730 estrestituta.
1150 4675 1360 4729 Verum
1386 4691 1524 4747 rege
1556 4675 1616 4730 in
1653 4677 1741 4731 in-

157 4753 402 4820 fidelitate
419 4763 1074 4838 permanente,tandem
1096 4763 1182 4836 (ut
1203 4779 1375 4836 supra
1397 4764 1615 4819 dictum
1635 4767 1738 4839 est)

154 4856 534 4908 commovetur
555 4849 859 4918 exercitus,
875 4849 1209 4920 bellumque
1231 4867 1265 4903 a
1286 4850 1520 4906 Francis
1532 4856 1590 4907 et
1607 4854 1741 4908 Ala-

147 4941 357 4995 IIiannis
384 4939 522 4996 totis
558 4954 882 5009 regnorum
912 4937 1125 4992 viribus
1166 4938 1405 4992 excitur.
1442 4939 1600 4995 Tunc
1638 4958 1738 4996 rex

141 5014 641 5099 Clodoveus,signo
664 5026 782 5081 suis
802 5025 957 5094 dato,
971 5026 1188 5081 bellum
1206 5027 1445 5097 aggredi
1463 5027 1732 5101 imperat.

133 5100 243 5171 Sed
267 5118 419 5174 inter
446 5115 840 5189 proeliandum
868 5131 997 5169 suos
1036 5115 1290 5186 graviter
1318 5100 1574 5171 hostium
1606 5135 1739 5173 mu-

126 5206 300 5263 cl‘oue
326 5205 509 5263 sterni
529 5203 893 5274 conspiciens
924 5203 981 5258 in
1013 5204 1163 5258 hanc
1196 5220 1400 5259 vocem
1431 5207 1697 5280 prorupit
1723 5225 1735 5264 :

119 5299 153 5329 ί(
188 5296 421 5365 Christe,
447 5294 663 5367 inquit,
690 5292 1085 5363 potentissime
1105 5293 1461 5365 Deus,quem
1484 5294 1741 5351 Clotildis

103 5379 330 5460 c*Dnjux
345 5401 478 5440 mea
495 5383 637 5438 colit
653 5397 799 5452 pura
811 5382 1359 5453 mente,trophazuin
1372 5398 1516 5437 meae
1533 5382 1636 5438 tibi
1651 5402 1744 5439 vo-

92 5468 233 5531 νὴο
250 5473 638 5543 ﬁdei,tribuas
666 5469 710 5524 si
728 5470 814 5523 his
828 5470 1170 5542 ex‘hostibus
1188 5470 1551 5543 triumphum
1568 5472 1713 5529 victo
1725 5502 1743 5515 ο

71 5554 246 5625 Pire.
262 5591 289 5617 n
308 5567 402 5621 His
418 5560 1093 5640 peroratis,Alamannos
1110 5560 1328 5615 invadit
1354 5561 1744 5628 timor,Fran-

60 5643 224 5718 (³ης
246 5657 514 5717 accendit
531 5653 763 5712 virtutis
784 5653 975 5710 ardor.
1003 5653 1182 5728 Igitur
1204 5654 1398 5713 hostes
1426 5657 1593 5728 terga
1617 5668 1742 5708 ver-

1843 4496 2270 4567 autumabatur)
2312 4494 2618 4550 numinum
2634 4493 2900 4567 prmsidio
2916 4494 3167 4550 cinctam
3200 4493 3448 4551 imbellis

1842 4588 2171 4642 Graecorum
2202 4584 2419 4652 levitas,
2450 4583 2559 4637 illis
2600 4582 2682 4637 nil
2715 4583 2840 4655 opis
2869 4584 3214 4651 ferentibus,
3242 4583 3448 4640 fraude

1843 4675 2030 4749 magis
2042 4691 2215 4748 quam
2230 4674 2433 4728 virtute
2447 4672 2987 4745 oppressit.Etcerte
3002 4674 3283 4729 moenium
3298 4673 3447 4729 illius

1842 4765 2275 4839 propugnacula
2309 4764 2550 4819 deorum
2585 4779 2706 4818 esse
2738 4766 2952 4818 structa
2978 4780 3156 4818 manu
3183 4763 3445 4818 audiera-

1842 4872 1991 4910 mus.
2004 4854 2134 4908 Arci
2156 4869 2381 4926 quoque
2395 4852 2836 4907 simulacrorum
2855 4850 3077 4920 effigies
3090 4851 3226 4921 ipsis
3243 4868 3443 4906 conse-

1839 4945 2100 5008 cratae,ut
2114 4939 2573 5015 inexpugnabilis
2592 4942 2792 4994 contra
2808 4937 3237 4993 adversantium
3251 4956 3446 4995 maneo

1837 5037 1925 5088 ret
1940 5029 2508 5101 incursus,impositae
2524 5024 2982 5088 feruntur.Quod
2995 5040 3129 5079 vero
3146 5025 3449 5095 adjumen~

1839 5126 1985 5190 tum,
2021 5137 2138 5175 non
2163 5118 2353 5173 dicam
2380 5115 2732 5179 hominibus,
2766 5127 2967 5166 verum
2994 5110 3129 5181 ipsis
3156 5115 3444 5169 maceria-

1841 5227 1969 5267 rum
1992 5209 2321 5281 prmberent
2337 5202 2654 5269 structuris,
2672 5201 2769 5272 qui
2798 5216 2903 5254 nec
2936 5197 3291 5270 imaginibus
3319 5203 3447 5279 opis

1842 5298 2006 5355 tulati
2030 5300 2164 5352 sunt
2187 5294 2302 5349 suis
2317 5295 2345 5348 ‘2
2364 5291 2714 5363 Abjiciamus
2747 5304 2886 5360 ergo
2913 5303 3011 5342 eos
3039 5301 3183 5358 quos
3212 5285 3446 5342 inutiles

1845 5402 1965 5444 esse
1978 5383 2703 5457 probavimus,cultumque
2719 5376 3050 5432 deseramus
3062 5373 3448 5436 inanem.Soli

1848 5491 1981 5531 vero
2008 5475 2125 5528 Deo
2166 5470 2341 5538 Patri,
2384 5469 2638 5539 Filioque
2678 5466 2800 5537 ejus
2828 5466 2959 5520 Jesu
3006 5463 3255 5533 Christo,
3293 5464 3448 5523 socia

1852 5561 2032 5618 sancti
2056 5558 2299 5631 Spiritus
2329 5558 2556 5625 virtute,
2590 5559 2813 5612 mentes
2843 5556 3068 5611 nostras
3083 5569 3449 5629 corporaque

1853 5649 2191 5713 subdamus.
2212 5662 2395 5705 unum
2419 5646 2482 5707 in
2505 5644 2786 5705 Trinitate
2800 5647 2864 5704 et
2877 5643 3097 5702 trinum
3121 5643 3185 5702 in
3212 5641 3450 5709 Unitate
