3862 6210
451 372 554 469 ἔδεε

1536 403 1811 463 ‘AIMOINI
1839 374 2149 462 MONACHI
2176 379 2672 464 FLO'BIACENSIS
3604 424 3684 482 εδδ

449 496 1166 604 venerantes.Hujusmodi
1195 529 1498 603 religionis
1519 530 1607 584 vel
1637 526 1952 597 disciplinae
1967 543 2062 599 pa-
2083 532 2138 592 Α
2166 527 2382 583 tuimus
2411 526 2661 583 historiis
2686 544 2868 602 quam
2910 529 3065 602 quod
3106 529 3165 586 in
3197 525 3319 588 Vita
3348 524 3510 592 sancti
3536 538 3688 597 Fursei

450 627 685 678 tronum
714 626 977 678 nostrum
1008 621 1292 675 domuum
1327 617 1652 689 Remigium
1686 615 1852 671 nobis
1877 619 2064 670 aucto-

451 730 577 767 rem
612 729 732 766 esse
782 714 1004 765 certum
1055 710 1350 765 habetote.
1395 708 1506 764 Sed
1565 710 1621 760 et
1678 706 2062 759 collateranea

453 817 585 855 mea
614 800 850 855 Clotidis
896 800 1067 871 hujus
1098 816 1157 853 se
1186 815 1305 853 esse
1335 797 1637 870 proﬁtetur
1665 793 1821 860 fidei,
1850 809 2060 864 meque

452 889 624 960 hujus
648 889 718 943 ab
750 887 1177 958 omnipotentia
1209 885 1545 949 divinitatis,
1579 882 1736 955 quod
1785 885 1932 936 esset
1970 880 2058 934 in-

452 976 795 1042 fortunium,
852 975 1127 1030 auxilium
1195 991 1427 1048 sperare
1481 972 1674 1026 suasit.
1733 970 1831 1024 Hic
1888 969 2060 1040 plane

455 1065 707 1120 Christus
732 1063 964 1131 Deus,in
990 1063 1367 1119 Alamannico
1400 1061 1557 1134 quod
1571 1059 1902 1131 nuperrime
1930 1073 2062 1111 con-

453 1154 695 1209 fecimus
743 1153 917 1221 bello,
968 1153 1428 1207 Alamannorum
1483 1151 1815 1221 protervam
1866 1144 2064 1200 stravit

454 1241 907 1312 contumaciam,
962 1244 1403 1313 vestrorumque
1453 1237 1718 1293 cordium
1770 1233 2059 1290 incentivo

456 1334 609 1388 nota:
640 1331 861 1387 virtutis
891 1330 1155 1386 excitavit
1183 1329 1505 1385 audaciam.
1533 1327 1620 1381 Ad
1679 1330 1865 1381 rectas
1919 1339 2058 1395 ergo

454 1437 582 1493 spes
608 1420 833 1476 animos
863 1417 1507 1487 sublevemus,humiles
1538 1432 1736 1489 preces
1755 1412 1815 1467 in
1843 1413 2063 1467 excelsa

329 1562 341 1573 ,
453 1508 844 1582 porrigamus,
890 1524 1022 1563 eum
1071 1507 1237 1563 nobis
1293 1508 1687 1579 protectorem
1736 1509 2062 1573 quaeramus

452 1598 552 1671 qui
580 1598 640 1653 in
670 1615 730 1653 se
761 1596 1124 1670 sperantibus
1152 1595 1354 1651 omnia
1382 1595 1636 1666 praestat.
1671 1611 1703 1645 θ

452 1766 459 1771 ι
527 1687 656 1742 Haec
686 1687 825 1742 dum
852 1704 948 1741 rex
970 1685 1081 1739 fide
1096 1686 1300 1755 plenus
1324 1682 1977 1754 perorasset,plerosque
1991 1674 2061 1730 de

453 1766 668 1849 populo
692 1774 851 1830 ﬂexit
879 1777 943 1828 ut
972 1772 1194 1827 Christo
1223 1771 1387 1825 mitia
1404 1769 1720 1824 subderent
1741 1765 2060 1821 colla.Gau-

456 1862 829 1918 detsacerdos
840 1876 1040 1933 regem
1058 1859 1321 1913 nondum
1344 1857 1637 1912 initiatum
1654 1856 1781 1927 jam
1798 1870 1913 1909 suae
1928 1868 2066 1924 geu-
2098 1843 2149 1902 B

447 1943 523 2006 itis
544 1968 662 2006 esse
681 1950 1009 2022 apostOlum
1028 1947 1602 2002 factum.Exornatur
1615 1941 2018 2015 baptisterium
2044 1958 2059 2010 ;

451 2038 748 2114 descendit
767 2054 889 2105 rex,
906 2036 1081 2091 veluti
1100 2037 1248 2090 alter
1271 2032 1702 2100 Constantinus,
1730 2032 1790 2086 in
1819 2029 2065 2085 sanctiﬁ-

448 2131 641 2185 catum
654 2126 828 2182 fontis
854 2127 1100 2181 alveum.
1128 2123 1374 2179 Cuicum
1392 2126 1621 2178 sanctus
1648 2119 1905 2191 pontifex
1932 2135 2058 2174 mo-

450 2217 590 2272 dum
621 2215 937 2285 Dpominicae
970 2213 1252 2286 passionis
1295 2212 1613 2279 recitasset,
1659 2227 1758 2265 rex
1802 2208 1881 2264 ait
1927 2208 2054 2264 illi:

450 2328 479 2356 ‹‹
511 2305 569 2362 Si
596 2321 703 2377 ego
736 2321 866 2359 cum
886 2303 1115 2358 Francis
1147 2300 1291 2356 meis
1324 2300 1468 2355 inibi
1499 2297 1940 2369 aifuissem,ejus
1966 2296 2055 2350 in-

441 2393 1036 2467 juriasvindicassem.
1066 2415 1091 2439 n
1117 2390 1283 2455 Quod
1314 2406 1447 2444 vero
1470 2392 1638 2460 grata
1669 2385 2058 2459 acceptabilis-

445 2473 678 2556 queDeo
691 2479 953 2554 praedicti
968 2480 1122 2551 regis
1139 2479 1280 2533 fides
1293 2477 1725 2545 fuit,osteusum
1742 2473 2055 2529 declaravit

444 2568 962 2625 miraculum.Nam
986 2584 1120 2622 cum
1140 2567 1290 2621 forte
1315 2565 1413 2638 qui
1434 2564 1687 2619 chrisma
1706 2562 2057 2636 gerebat,in-

443 2659 721 2737 terclusus
752 2674 786 2711 a
806 2657 1041 2728 populo,
1066 2656 1309 2723 deesset,
1352 2671 1482 2710 ecce
1510 2652 1695 2709 subito
1743 2669 1861 2707 non
1909 2652 2053 2706 alius

443 2731 566 2805 sine
596 2745 770 2801 dubio
802 2762 979 2817 quam
1001 2748 1232 2799 sanctus
1262 2742 1535 2815 apparuit
1562 2740 1829 2813 Spiritus,
1862 2740 1921 2795 in
1954 2756 2052 2794 co-

440 2835 656 2917 lumbae
672 2834 873 2889 visibili
888 2833 1166 2905 ﬁguratus
1179 2832 1366 2904 specie
1393 2850 1406 2901 ;
1432 2831 1550 2905 qui,
1570 2830 1835 2886 rutilanti
1862 2832 2049 2884 rostro

440 2928 707 2980 sanctum
724 2922 992 2978 deferens
1008 2920 1443 2987 chrisma,inter
1459 2937 1664 2975 manus
1685 2918 1954 2991 deposuit
1967 2934 2052 2973 sa-

441 3013 709 3081 cerdotis,
733 3012 918 3067 undas
929 3010 1108 3066 fontis
1125 3009 1554 3066 sanctiﬁcantis.
1584 3008 1671 3063 Fit
1687 3007 1962 3079 gaudium
1994 3008 2049 3062 et

440 3100 1134 3171 exsultatio,baptizautur
1159 3098 1325 3153 multi
1347 3098 1418 3154 de
1442 3097 1800 3169 populo,Deo
1822 3096 2046 3164 laudes,

439 3194 558 3248 Deo
589 3189 792 3262 gratia:
818 3190 1230 3257 acclamautur,
1254 3191 1312 3242 et
1333 3186 1593 3258 gaudens
1606 3201 1704 3240 rex
1722 3185 1794 3239 ab
1813 3185 2051 3239 ecclesia
2070 3156 2117 3219 C

440 3279 514 3335 ad
535 3278 769 3352 propria
788 3277 1298 3350 regreditur.Et,ut
1312 3274 1536 3346 plenius
1552 3274 1919 3329 devotionem
1934 3290 2050 3328 suae

438 3368 770 3441 propalaret
792 3364 1251 3434 fidei,basilicam
1266 3364 1383 3419 Deo
1409 3380 1475 3417 ac
1495 3361 1743 3435 principi
1764 3363 2052 3434 apostolo-

437 3474 570 3512 rum
590 3456 647 3510 in
674 3455 899 3510 civitate
927 3452 1234 3519 Parisiaca,
1265 3451 1324 3506 in
1355 3469 1468 3524 qua
1500 3450 1678 3524 ipsius
1707 3451 1873 3506 sedes
1901 3454 2047 3518 erat,

437 3539 690 3602 construi
706 3543 860 3601 fecit.
886 3542 1327 3613 Permansitque
1350 3540 1411 3595 in
1435 3556 1526 3608 eo,
1551 3556 1731 3611 usque
1750 3539 1825 3595 ad
1847 3539 2047 3594 termi-

438 3651 581 3690 num
613 3633 769 3701 vitae,
799 3631 1060 3687 custodia
1079 3628 1379 3702 religionis
1409 3630 1467 3682 et
1489 3627 1729 3699 justitiaa
1760 3627 1946 3699 vigor.

1038 3719 1263 3775 CAPUT
1291 3717 1448 3772 XVII.

535 3811 620 3867 De
649 3809 901 3866 Clodovei
923 3807 1342 3881 expeditionibus
1366 3811 1416 3859 et
1447 3805 1681 3859 victoriis
1710 3804 1950 3876 reliquis.

512 3901 729 3956 Contra
755 3900 911 3953 hunc
935 3912 1140 3967 regem
1171 3894 1321 3948 cives
1358 3891 1750 3947 Viridunensis
1779 3893 1936 3948 urbis
1962 3910 2050 3949 re-

438 3989 819 4046 bellaverant.
852 3984 969 4039 Sed
999 3983 1139 4038 dum
1171 3998 1271 4036 rex
1303 3981 1506 4036 urbem
1540 3980 1839 4038 obsidione
1852 3983 2049 4038 vallas—

440 4061 527 4132 set
556 4078 613 4128 et
633 4074 760 4144 jam
787 4070 1014 4125 admoti
1037 4068 1245 4124 arietes
1267 4069 1383 4124 alta
1408 4085 1708 4125 murorum
1731 4071 2046 4143 pulsarent,

440 4160 796 4234 supplicante
808 4160 1006 4214 sancto
1022 4156 1144 4213 viro
1163 4156 1711 4230 Euspicio,ejusdem
1735 4164 1871 4215 tunc
1894 4160 2048 4217 urbis

441 4247 1210 4320 archipresbytero,verbum
1223 4246 1587 4318 impunitatis
1602 4264 1634 4302 a
1646 4248 1908 4322 principe
1921 4265 2051 4321 pro-

440 4338 803 4404 meruerunt,
840 4338 898 4390 et
926 4352 1025 4390 rex
1067 4335 1362 4391 civitatem
1406 4336 1643 4408 recepit.
1681 4338 1886 4392 Postea
1916 4353 2050 4392 cum

2164 617 2374 689 legitur
2420 616 2704 689 excepisse
2731 618 2978 689 hospitio
2998 619 3262 675 eumdem
3281 622 3454 679 virum
3480 627 3584 682 Dei.
3611 629 3688 683 Ve-

2163 722 2293 759 rum
2325 705 2383 759 in
2414 705 2699 760 Chronica
2748 723 2874 779 quas
2903 707 3111 762 dicitur
3139 709 3406 783 Gregorii,
3431 717 3482 768 et
3509 719 3693 786 putatur

2166 810 2283 847 esse
2312 794 2659 849 Turonensis
2684 796 2959 867 episcopi,
2977 797 3223 853 refertur
3247 802 3393 872 quod
3407 802 3607 873 quidam
3620 822 3693 859 rex

2166 880 2512 953 Sigisbertus
2544 881 2725 937 tilium
2739 900 2906 937 suum
2935 884 3290 942 Clodericum
3307 888 3376 943 ad
3404 889 3694 946 Clodoveum

2162 968 2487 1041 principem
2528 970 2821 1035 direxerit,
2856 973 3206 1030 Francorum
3259 976 3510 1032 auxilium
3537 983 3697 1033 contra

2160 1058 2372 1113 Gothos
2402 1059 2679 1113 laturum.
2712 1060 2995 1116 Memorat
3023 1061 3199 1117 etiam
3258 1063 3429 1120 isdem
3456 1066 3699 1121 chronicus

2162 1146 2419 1215 eosdem,
2447 1150 2674 1218 patrem
2686 1147 2949 1204 videlicet
2969 1166 3101 1205 cum
3117 1151 3253 1219 ﬁlio,
3276 1152 3463 1208 fraude
3501 1154 3698 1209 Franco-

2160 1250 2291 1289 rum
2311 1251 2433 1290 esse
2451 1234 2854 1308 interemptos,
2870 1254 3235 1311 regnumque
3256 1257 3443 1295 eorum
3454 1257 3513 1295 ac
3523 1242 3700 1297 thesau-

2162 1339 2258 1378 ros
2283 1339 2317 1377 a
2348 1323 2578 1378 Francis
2620 1329 2946 1397 occupatos.
2998 1326 3112 1382 Sed
3161 1327 3291 1400 quia
3340 1330 3502 1385 codex
3540 1329 3590 1385 in
3614 1348 3699 1402 quo

2159 1412 2282 1466 haec
2305 1411 2528 1483 digesta
2540 1411 2885 1483 invenimus,
2903 1414 3040 1470 vitio
3057 1416 3395 1489 scriptorum
3411 1420 3523 1471 erat
3539 1417 3701 1489 depra-

2160 1502 2342 1567 vatus,
2374 1499 2448 1554 ad
2477 1500 2765 1572 liquidum
2804 1502 3155 1576 investigare
3205 1504 3546 1577 nequivimus
3579 1505 3702 1577 cujus

2162 1587 2352 1659 gentis
2379 1605 2474 1642 rex
2501 1588 2697 1657 fuerit,
2732 1591 2818 1646 vel
2852 1608 2982 1663 qua;
3001 1593 3159 1664 justa
3191 1594 3342 1649 necis
3385 1594 3536 1664 hujus
3573 1610 3702 1648 causa

2163 1675 2714 1732 exstiterit.Tantum
2723 1678 2898 1736 modo
2915 1684 3114 1736 narrat
3125 1698 3367 1754 regnum
3381 1681 3493 1753 ejus
3502 1697 3702 1754 opesque

2164 1781 2199 1820 a
2228 1763 2513 1821 Clodoveo
2544 1782 2831 1837 pervasus.

2794 1854 3019 1910 CAPUT
3038 1857 3167 1912 XIX.

2499 1942 2587 1998 De
2618 1943 2746 1998 bello
2768 1949 2957 2000 contra
2990 1944 3411 2002 Gundebaldum.

2232 2029 2412 2085 Gessit
2434 2047 2568 2087 vero
2600 2031 2818 2088 bellum
2850 2033 3168 2089 Clodoveus
3197 2039 3395 2090 contra
3429 2030 3697 2090 Gundebal-

2161 2118 2300 2173 dum
2316 2136 2517 2191 regem
2548 2121 3057 2193 Burgundionum,
3085 2123 3503 2197 exercitumque
3526 2123 3628 2193 ejus
3646 2120 3703 2174 ad

2157 2205 2617 2263 internecionem
2647 2209 2876 2266 delevit.
2914 2210 3096 2266 Causa
3126 2215 3321 2267 autem
3344 2212 3501 2283 hujus
3533 2223 3699 2283 pugna

2156 2295 2266 2351 fuit
2293 2296 2429 2368 quia
2467 2296 2872 2353 Gundebaldus
2896 2299 3139 2355 fratrem
3163 2317 3330 2356 suum
3358 2298 3702 2370 Chilpericum,

2156 2387 2383 2456 patrem
2407 2384 2671 2441 videlicet
2698 2385 2954 2442 Clotildis
2971 2387 3215 2460 reginae,
3233 2388 3419 2461 gladio
3446 2387 3703 2442 intereme-

2155 2476 2265 2547 rat,
2299 2489 2655 2545 uxoremque
2680 2474 2823 2546 ejus,
2852 2479 3102 2532 matrem
3134 2495 3310 2550 supra
3330 2477 3489 2533 dicta:
3514 2474 3702 2546 reginae,

2153 2559 2345 2630 lapide
2375 2561 2449 2616 ad
2474 2563 2686 2617 collum
2715 2562 2893 2635 ligato
2914 2564 3085 2621 ﬂuvio
3119 2564 3393 2638 immergi
3422 2564 3627 2621 fecerat.
3641 2559 3703 2614 0b

2152 2647 2213 2702 id
2240 2653 2474 2720 rogatus
2522 2667 2556 2704 a
2586 2651 2835 2723 conjuge
2864 2669 2962 2707 rex
3002 2652 3321 2709 Clodoveus
3365 2649 3704 2724 Burgundiam

2153 2752 2285 2815 eum
2317 2738 2569 2793 exercitu
2598 2738 2952 2795 Francorum
2982 2738 3279 2814 ingressus
3300 2738 3607 2808 devastavit,
3631 2752 3701 2789 re-

2151 2826 2606 2903 gemquejpsum
2633 2828 3076 2885 Gundebaldum
3087 2874 3100 2899 ,
3114 2824 3296 2904 longa
3310 2828 3585 2886 obsidione
3598 2822 3699 2880 fati-

2150 2917 2376 2987 gatum,
2392 2915 2617 2971 tributa
2633 2916 2770 2972 dare
2792 2917 2951 2991 coegi
2962 2916 3362 2991 t.Godegisilus
3374 2920 3550 2972 autem
3567 2915 3706 2969 frater

2150 3003 2505 3060 Gundebaldi
2523 3005 2596 3059 ad
2613 3005 2860 3062 Francos
2876 3007 3191 3077 defecerat,
3213 3013 3272 3065 et
3286 3008 3410 3080 cunj
3419 3005 3584 3062 unctis
3607 3016 3706 3057 cum

2155 3092 2440 3148 Clodoveo
2455 3092 2671 3148 viribus
2691 3094 2931 3150 fratrem
2962 3098 3355 3169 expugnabat.
3376 3095 3482 3152 Sed
3500 3107 3646 3166 opere
3666 3091 3707 3143 et

2149 3182 2436 3238 industria
2471 3183 2671 3238 Aredii
2709 3184 2814 3239 viri
2861 3185 3161 3258 sapientis,
3193 3187 3292 3260 qui
3346 3187 3416 3242 ab
3442 3179 3705 3241 Arelatensi

2151 3271 2293 3326 urbe
2319 3270 2596 3326 auxilium
2609 3272 2984 3329 Gundebaldo
3004 3275 3230 3331 laturus
3246 3275 3560 3339 advenerat,
3584 3270 3706 3325 idem

2150 3376 2250 3414 rex
2301 3376 2441 3415 auro
2481 3361 2713 3416 hostem
2767 3362 3001 3434 repulit,
3029 3379 3209 3435 quem
3240 3365 3394 3419 ferro
3420 3356 3708 3433 nequiverat

2149 3449 2293 3503 Nam
2327 3448 2642 3504 Clodoveus
2673 3451 2920 3522 acceptis
2972 3453 3319 3508 muneribus
3370 3447 3631 3523 repedavit
3653 3442 3706 3498 ad

2148 3537 2405 3609 propria,
2417 3537 3128 3611 relinquensGundegisilo
3143 3541 3204 3596 in
3218 3541 3486 3597 auxilium
3500 3535 3705 3610 quinque

2148 3624 2330 3681 millia
2358 3625 2732 3682 Francorum.
2761 3628 2940 3683 Porro
2958 3628 3395 3697 Gundebaldus,
3421 3627 3501 3684 sui
3510 3626 3619 3699 jam
3637 3637 3703 3676 se.

2147 3731 2337 3783 curus,
2368 3713 2609 3770 fratrem
2633 3715 2869 3771 Viennae
2898 3716 3209 3775 obsidione
3228 3716 3555 3782 circumdat,
3574 3714 3707 3782 atque

2147 3820 2252 3876 per
2280 3803 2688 3877 aquaeductum
2712 3801 2919 3860 urbem
2944 3805 3243 3878 ingressus
3273 3808 3575 3863 multorum
3592 3797 3708 3856 crede

2147 3895 2376 3966 patrata
2403 3893 2648 3948 fratrem
2678 3910 2795 3949 una
2821 3894 3143 3961 interemit,
3165 3897 3419 3952 Francos
3456 3903 3651 3967 quoque
3667 3886 3709 3940 in

2147 3981 2564 4055 quadamOturri
2595 3986 2977 4056 congregatos
2995 3984 3151 4041 ferro
3178 3983 3500 4042 trucidavit.

2738 4073 2961 4128 CAPUT
3017 4074 3122 4131 XX.

2299 4159 2374 4215 De
2399 4159 2527 4215 bello
2557 4167 2741 4215 contra
2765 4160 3059 4219 Alaricum
3085 4164 3137 4219 G
3152 4165 3401 4220 othorum
3431 4176 3604 4233 regem.

2223 4248 2441 4304 Contra
2454 4249 2746 4304 Alaricum
2761 4248 2939 4305 etiam
2954 4268 3156 4324 regem
3168 4252 3488 4309 Gothorum
3499 4257 3713 4322 pugnans

2154 4337 2471 4394 Clodoveus
2492 4337 2673 4393 victor
2694 4339 3125 4405 exstitit.Quam
3152 4358 3415 4414 pugnam
3440 4339 3558 4395 ideo
3577 4345 3712 4408 quam

439 4425 918 4484 Aurelianensem
948 4425 1152 4480 urbem
1186 4425 1500 4480 Clodoveus
1528 4442 1629 4480 rex
1661 4425 1822 4480 adire
1857 4425 2050 4499 dispo-
2074 4424 2126 4483 D
2154 4426 2403 4482 maxime
2458 4426 2713 4482 noscitur
2756 4428 3056 4486 inchoasse
3117 4431 3260 4504 quia
3319 4429 3483 4486 Gothi
3531 4424 3713 4481 Artena!

441 4515 665 4582 suisset,
687 4518 950 4569 sanctum
982 4513 1308 4586 Euspicium
1343 4531 1407 4569 ac
1453 4514 1577 4585 ejus
1607 4518 1882 4585 nepotem
1914 4515 2051 4570 bea-

440 4608 568 4661 tum
600 4604 883 4659 advocans
911 4602 1304 4669 Maximinum,
1328 4602 1501 4673 jussit
1531 4604 1593 4655 ut
1638 4619 1808 4657 suum
1854 4618 2053 4674 prose-

443 4695 759 4771 querentur
786 4692 914 4747 iter.
945 4691 1160 4756 Quibus
1191 4694 1249 4745 et
1277 4690 1608 4746 Miciacense
1631 4692 1877 4746 contulit
1909 4708 2056 4763 pra:-

441 4783 602 4862 dium
633 4800 648 4852 ;
682 4785 758 4849 et,
801 4785 862 4836 ut
890 4781 996 4853 ipsi
1027 4797 1091 4834 ac
1119 4778 1333 4852 posteri
1364 4795 1565 4834 eorum
1596 4778 1761 4834 illum
1792 4780 2051 4852 possides

438 4875 571 4951 rent
595 4872 807 4940 locum,
840 4887 946 4943 per
974 4884 1143 4924 suum
1174 4867 1430 4931 firmavit
1460 4868 1922 4941 Pragmaticum.

1031 4957 1253 5012 CAPUT
1283 4957 1461 5011 XVIII.

958 5045 1042 5101 De
1067 5045 1268 5104 Sancto
1297 5044 1525 5103 Furseo.

509 5137 681 5209 Cujus
710 5136 911 5191 diebus
940 5138 1169 5190 sanctus
1201 5151 1433 5207 quoque
1470 5135 1711 5191 Furseus
1750 5135 1810 5191 in
1840 5136 2049 5193 Gallias

432 5225 907 5294 venit,et,eodem
921 5223 1275 5279 concedente
1288 5240 1447 5296 rege,
1458 5225 1875 5280 monasterium
1892 5228 2048 5299 quod

2150 4514 2632 4585 haereseos,sicuti
2654 4517 3115 4588 Burgundiones,
3137 4522 3333 4587 erant,
3369 4516 3713 4590 optimamque

2152 4604 2461 4680 Galliarum
2492 4608 2716 4677 partem
2749 4622 2784 4661 a
2813 4606 2987 4663 ﬂuvio
3000 4607 3223 4664 scilicet
3251 4608 3468 4680 Ligeris
3493 4594 3714 4675 usquead

2153 4676 2562 4766 Pyrenzeorum
2589 4696 2733 4767 juga
2748 4696 3041 4751 montium
3072 4676 3444 4752 obtinebant.
3468 4687 3658 4749 Exstitit
3672 4685 3713 4738 et

2152 4784 2264 4839 alia
2280 4783 2436 4855 justa
2465 4784 2634 4856 hujus
2648 4802 2858 4858 pugnae
2886 4786 3131 4842 occasio.
3181 4786 3416 4842 Miserat
3457 4783 3598 4841 idem
3617 4777 3714 4832 Clo-

2152 4873 2364 4928 doveus
2382 4874 2638 4945 legatum
2669 4892 2859 4944 suum,
2892 4876 3130 4931 nomine
3154 4878 3496 4944 Paternum,
3527 4869 3590 4926 ad
3613 4865 3712 4921 Ala-

2151 4962 2334 5017 ricum
2372 4978 2572 5035 regem
2603 4963 2945 5033 Gothorum,
2976 4969 3041 5020 ut
3070 4982 3199 5038 quas
3233 4967 3392 5037 pacis
3418 4963 3591 5019 essent
3613 4968 3714 5011 cum

2151 5067 2219 5105 eo
2251 5052 2731 5121 tractaret,simul
2761 5052 2938 5108 etiam
2959 5057 3023 5110 ut
3050 5055 3419 5110 voluntatem
3442 5052 3554 5123 ejus
3579 5056 3715 5115 agno-

2150 5143 2356 5204 sceret,
2385 5157 2498 5212 quo
2527 5140 2587 5195 in
2621 5143 2746 5197 loco
2774 5142 2980 5197 ambos
3004 5159 3171 5215 reges
3198 5143 3312 5201 sibi
3339 5159 3447 5215 pro
3469 5137 3715 5205 utriusqve

2149 5228 2317 5299 regni
2365 5228 2706 5285 utilitatibus
2760 5231 3146 5287 collocuturos
3204 5232 3506 5304 oporteret
3565 5233 3716 5280 occur-

433 5315 793 5371 Latiniacum
838 5312 1044 5367 dicitur
1089 5312 1411 5368 aedificavit.
1445 5313 1541 5368 Hic
1589 5318 1785 5369 autem
1839 5314 2042 5371 beatus
2145 5316 2633 5386 rere,etAlaricus,
2647 5318 2812 5390 juxta
2838 5336 3067 5376 morem
3100 5320 3501 5393 antiquorum,
3519 5310 3715 5371 barbam

430 5404 673 5487 Furseus
692 5418 760 5457 ex
776 5400 1051 5456 Hibernia
1068 5401 1325 5469 veniens,
1354 5401 1511 5473 prius
1535 5420 1568 5457 a
1589 5419 1727 5474 rege
1749 5402 2041 5460 Saxonum
2145 5404 2411 5460 Clodovei
2445 5406 3022 5480 tangens,adoptivus
3056 5409 3107 5463 ei
3131 5408 3306 5464 fieret
3333 5411 3516 5481 pater.
3546 5401 3714 5471 Legato

432 5483 748 5563 Sigisberto
762 5488 1078 5544 honoriﬁce
1102 5493 1393 5562 susceptus
1407 5491 1735 5547 coenobium
1757 5491 1815 5546 in
1836 5492 2038 5549 eadem
2142 5492 2471 5549 advenienti
2501 5497 2559 5550 et
2585 5499 2825 5568 pr0pter
2850 5513 2978 5569 quae
2997 5501 3240 5553 venerat
3269 5483 3716 5553 intimantiAlari-

431 5580 833 5649 construxerat
860 5575 1161 5648 provincia
1185 5576 1471 5634 Saxoniaa.
1505 5580 1584 5634 De
1614 5580 1724 5635 hoc
1752 5596 1911 5652 rege,
1949 5581 2036 5637 Si-
2141 5599 2238 5659 cus
2265 5582 2531 5655 designat
2557 5584 2774 5654 locum,
2807 5584 3059 5660 dicitque
3076 5603 3134 5643 se
3153 5586 3449 5660 colloquio
3471 5574 3715 5640 nondefu-

429 5666 685 5745 gisberto
711 5665 946 5732 scilicet,
979 5663 1062 5717 nil
1091 5663 1249 5720 aliud
1276 5665 1336 5720 in
1370 5666 1621 5738 antiquis
1647 5669 1903 5739 reperire
1934 5686 2038 5743 po-
2140 5676 2356 5728 turum.
2382 5671 2627 5745 lnquirit
2652 5671 2892 5730 domum
2921 5659 3146 5748 legatus
3170 5659 3377 5731 utrum
3402 5688 3531 5730 cum
3559 5659 3714 5744 palmiS
