3862 6210
129 472 219 553 657

1198 458 1522 519 HISTORIA
1549 458 1996 545 FRANCORUM.
2028 490 2098 505 —
2125 461 2257 520 LIB.
2289 462 2330 519 Ι.

3331 466 3435 524 658

134 612 197 651 an
218 608 346 649 cum
378 587 760 646 multitudine
791 587 1090 644 adveniret
1118 587 1418 644 exercitus.
1453 587 1554 643 Ille
1583 605 1641 644 se
1663 588 1805 654 fa-A
1827 588 2118 661 legatione
2150 590 2431 663 fungitur.
2466 588 2827 646 Feslinemus
2849 587 3025 661 igitur
3057 590 3128 646 ad
3148 590 3438 663 praelium,

133 688 285 749 tatur,
309 678 504 754 paucis
535 676 861 749 assumptis,
903 692 1104 731 eorum
1131 676 1515 750 expetiturum
1548 679 1721 733 cello-

135 772 331 844 quium.
366 769 591 821 Rursus
621 766 943 835 interrogat
973 767 1253 819 Paternus
1290 769 1484 820 utrum
1515 766 1725 821 armati

136 862 301 915 essent
330 874 402 912 an
434 856 714 910 inermes.
757 853 904 907 Dicit
950 853 1045 908 ille
1097 870 1108 907 :
1145 852 1287 908 Suos
1329 870 1533 908 omnes
1572 855 1723 910 iner-

135 963 240 1003 mes
264 946 561 1011 venturos,
603 945 746 997 etut
776 941 981 997 itidem
1018 942 1219 997 Franci
1251 942 1729 1014 faciantpestula-

136 1042 288 1091 turos.
322 1033 415 1087 His
463 1031 739 1086 omnibus
782 1029 1153 1085 consentiens
1186 1032 1486 1097 Paternus,
1519 1032 1592 1086 ad
1624 1032 1725 1087 do-

137 1124 338 1179 minum
364 1136 538 1177 suum
581 1136 895 1190 regressus,
945 1119 1175 1173 nuntiat
1204 1119 1257 1173 ei
1283 1136 1410 1191 qua:
1442 1137 1725 1192 cognove-

136 1217 210 1267 rat
234 1209 651 1282 complacuisse
685 1207 902 1263 Gothis.
936 1209 1279 1279 Progressus
1300 1209 1494 1281 itaque
1519 1210 1726 1266 Clode-

75 1312 89 1337 '
137 1317 250 1357 veus
272 1317 301 1355 e
328 1297 576 1354 Francia
606 1297 762 1352 venit
792 1296 850 1350 in
880 1296 1276 1368 Aquitaniam,
1310 1300 1368 1352 et
1409 1300 1722 1370 antequam

139 1387 435 1460 perveniret
481 1385 558 1441 ad
611 1386 806 1441 locum
844 1384 1055 1456 placito
1119 1385 1493 1455 destinatum,
1551 1402 1725 1457 supra

146 1478 511 1531 memoratum
570 1473 772 1545 dirigit
816 1474 1099 1545 legatum,
1141 1490 1255 1545 quo
1307 1474 1508 1528 habitu
1556 1475 1724 1530 Gothi

144 1568 417 1619 uterentur
446 1564 908 1635 exploraturum.

195 1651 309 1718 Qui,
337 1651 474 1706 dum
522 1650 761 1705 Alarico
807 1649 932 1721 regi
970 1651 1419 1722 colloqueretur,
1465 1651 1721 1706 ferreum

137 1740 242 1795 ostii
259 1740 476 1795 obicem
497 1755 636 1793 eum
662 1753 768 1809 pro
786 1738 988 1793 baculo
1006 1754 1184 1793 manu
1198 1755 1399 1810 gerere
1417 1739 1717 1811 persensit,

135 1833 180 1883 et
201 1829 341 1901 quod
359 1827 570 1901 reliqui
590 1827 749 1883 idem
776 1827 1033 1881 facerent
1060 1826 1721 1899 agnovit.Apprehensa-

136 1934 226 1989 que
247 1917 390 1988 regis
409 1916 645 1983 dextra,
679 1914 820 1971 dixit
843 1915 894 1970 ei
931 1932 944 1970 :
980 1937 1006 1965 «
1045 1914 1215 1979 Quid,
1235 1915 1445 1987 inquit,
1465 1932 1498 1970 ο
1522 1933 1641 1985 rex,
1662 1920 1718 1972 te

132 2004 254 2059 lassit
289 2005 559 2060 dominus
609 2020 771 2058 meus
811 2003 1126 2058 Clodeveus
1156 2007 1213 2058 et
1251 2004 1476 2072 Franci,
1513 2007 1573 2059 ut
1614 2022 1721 2061 nos

137 2091 311 2147 fraude
340 2092 767 2148 machinareris
797 2091 1065 2164 decipere
1085 2091 1113 2147 Τ
1144 2111 1174 2145 »
1199 2091 1321 2157 Quo
1355 2096 1626 2165 negante,
1664 2096 1722 2149 et

137 2196 277 2235 causa
298 2181 365 2235 ad
387 2180 665 2253 jurgium
690 2197 868 2253 usque
901 2180 1277 2251 procedente,
1302 2180 1609 2236 definitum
1637 2185 1721 2236 est

135 2269 393 2340 utjudieio
415 2268 792 2335 Theoderici,
822 2268 1141 2323 Gothorum
1162 2269 1333 2340 regis,
1351 2268 1517 2339 cujus
1546 2286 1721 2342 supra

136 2356 493 2425 meminimus,
518 2358 654 2412 haec
676 2372 766 2411 res
791 2356 1400 2412 terminaretur.Unde
1424 2358 1597 2413 ambo
1628 2375 1720 2413 re-

133 2462 213 2516 ges
234 2446 441 2517 legatos
478 2446 555 2501 ad
599 2460 735 2500 eum
771 2444 829 2499 in
860 2444 1108 2513 Italiam,
1132 2445 1227 2499 ubi
1241 2447 1614 2517 etregnabat,
1634 2447 1720 2501 di-

135 2533 449 2606 rigunt.Qui,
480 2532 793 2606 utriusque
812 2533 991 2607 partis
1006 2534 1205 2605 agnita
1231 2551 1420 2603 causa,
1444 2535 1639 2590 statuit
1662 2538 1725 2591 ut

132 2625 318 2695 legatus
344 2626 735 2692 Francorum,
751 2639 983 2678 ascenso
1002 2638 1151 2695 equo
1174 2626 1306 2679 ante
1339 2624 1492 2680 fores
1517 2625 1715 2696 palatii

132 2713 258 2784 regis
280 2714 478 2768 Alarici
498 2716 689 2779 stans,
714 2713 991 2767 elevatam
1014 2714 1239 2767 teneret
1266 2712 1491 2767 hastam
1517 2730 1717 2781 manu,

132 2815 273 2872 super
299 2818 465 2874 quam
498 2800 771 2856 Alaricus
796 2804 853 2855 et
881 2799 1048 2855 Gothi
1080 2817 1148 2856 eo
1174 2817 1352 2872 usque
1383 2801 1611 2873 copiam
1628 2802 1717 2874 ja-

133 2894 296 2945 cerent
306 2907 548 2947 nummo
558 2906 694 2945 rum
708 2888 933 2961 argenti
948 2905 1244 2962 quousque
1263 2889 1567 2944 summitas
1583 2906 1716 2962 ope-

134 2977 311 3033 riretur
335 2980 519 3048 conti;
567 2994 816 3051 quorum
866 2994 1097 3033 summa
1138 2978 1457 3032 solidorum
1493 2978 1566 3033 ad
1601 2978 1707 3033 do-

135 3067 343 3122 minium
380 3066 690 3123 deveniret
718 3066 870 3138 regis
915 3067 1290 3121 Francorum.
1344 3066 1575 3121 Reversi
1610 3066 1709 3138 qui

134 3154 326 3211 fuerant
353 3157 508 3212 missi
532 3154 827 3227 judicium
858 3153 1119 3209 referunt
1159 3154 1314 3225 regis
1347 3154 1707 3222 Theoderici,

1830 680 1887 731 et
1917 677 1986 732 de
2020 678 2214 734 divina
2244 680 2613 750 protectiene
2643 679 2843 733 conﬁsi
2864 679 3098 734 hostiles
3118 679 3435 753 phalanges

1830 768 2242 838 aggrediamur
2300 768 2588 841 intrepidi.
2652 794 2679 817 δι
2730 769 2841 823 Hae
2893 768 3239 823 allocutione
3281 754 3438 823 ducis

1829 856 2071 912 animati
2104 857 2205 912 viri
2238 857 2461 912 virtutis
2503 860 2706 912 contra
2755 858 2947 912 hostes
3000 857 3439 930 proficiscuntur

1828 944 2002 999 corde
2033 946 2344 1013 constanti,
2381 951 2479 1013 aut
2502 947 2726 1001 vincere
2761 949 2859 1000 aut
2886 945 3035 1000 meri
3065 946 3272 1018 parati.

2435 1035 2660 1090 CAPUT
2699 1035 2824 1089 XXI.

2002 1121 2085 1175 De
2128 1125 2304 1178 omine
2338 1125 2576 1178 victoriw
2606 1132 2653 1177 et
2695 1141 2860 1178 cervae
2901 1126 3255 1195 apparitione.

1898 1211 1958 1264 In
1987 1209 2095 1265 hoc
2122 1211 2271 1266 bello
2304 1211 2560 1266 divinum
2598 1212 2676 1266 illi
2705 1212 2950 1267 adfuisse
2982 1212 3253 1267 auxilium
3272 1209 3437 1285 signa

1827 1315 1860 1352 a
1874 1299 1988 1353 Dee
2004 1302 2232 1354 ostensa
2250 1300 2591 1355 docuerunt.
2616 1301 2781 1369 Nam,
2800 1301 2937 1356 dum
2962 1303 3182 1373 legatos
3195 1320 3437 1358 munera

1826 1386 2078 1441 ferentes
2109 1388 2181 1442 ad
2205 1389 2532 1459 sepulcrum
2554 1389 2735 1443 sancti
2782 1390 3041 1445 mitteret
3070 1390 3314 1457 Martini,
3349 1390 3434 1447 di-

1828 1475 1906 1530 xit
1931 1474 2010 1529 eis
2042 1492 2054 1531 :
2088 1499 2115 1526 «
2143 1479 2221 1530 Ite
2255 1481 2311 1530 et
2354 1494 2387 1532 a
2425 1478 2660 1534 basilica
2698 1479 2879 1533 sancti
2923 1478 3149 1533 Martini
3182 1478 3325 1534 mihi
3357 1478 3430 1534 si-

1826 1579 2009 1634 gnum
2034 1563 2286 1619 victoria)
2317 1565 2549 1620 referte.
2594 1585 2625 1617 ››
2655 1566 2945 1620 Abeuntes
2978 1566 3058 1621 illi
3090 1566 3230 1621 dum
3256 1569 3434 1624 eccle-

1825 1650 1967 1706 siam
2002 1652 2218 1707 oraturi
2252 1652 2492 1724 intrant,
2516 1671 2619 1709 vox
2653 1655 2901 1709 cantoris
2943 1672 3143 1710 eorum
3180 1655 3435 1713 insonuit

1825 1738 2078 1805 auribus,
2114 1740 2313 1795 dicens
2342 1757 2355 1795 :
2387 1741 2734 1795 Praecinxisti
2761 1758 2863 1811 me,
2890 1742 3136 1812 Domine,
3154 1746 3349 1799 virtute
3364 1745 3435 1799 ad

1826 1825 2036 1895 bellum,
2082 1834 2130 1881 et
2184 1830 2523 1885 inimicorum
2576 1847 2814 1884 meorum
2859 1831 3053 1886 dedisti
3107 1834 3242 1886 milii
3278 1833 3434 1888 dorsa

1822 1912 2000 1987 (Psal.
2034 1931 2166 1978 xvu,
2191 1918 2281 1984 40,
2310 1919 2419 1988 Iit).
2438 1917 2723 1972 Laetantes
2746 1918 3125 1989 illi,eratiene
3143 1922 3434 1993 completa

1826 2003 2278 2077 muneribusque
2311 2004 2537 2072 oblatis,
2571 2006 2693 2079 regi
2724 2006 2955 2077 signum
2986 2008 3235 2063 victorias
3263 2011 3432 2065 aDeo

1822 2092 1931 2147 sibi
1984 2109 2320 2148 concessum
2368 2095 2741 2166 depromunt,
2776 2099 2833 2150 et
2861 2097 3116 2151 alacrem
3150 2097 3429 2156 efficiunt.

1825 2179 1969 2235 Cum
1985 2185 2183 2237 autem
2203 2182 2544 2251 ﬂumen,cui
2559 2183 2818 2255 Vigenna
2836 2200 3051 2240 nomen
3075 2186 3433 2255 est,transire

1825 2269 2340 2339 deliberaret,dum
2367 2272 2577 2327 vadum
2593 2290 2710 2327 non
2736 2274 3044 2338 inveniret,
3063 2291 3131 2331 eo
3152 2276 3308 2347 quod
3322 2276 3429 2331 flu-

1826 2358 1948 2413 vius
1968 2360 2171 2430 pluviis
2185 2362 2384 2415 auctus
2410 2361 2829 2426 exundavisset,
2851 2363 2939 2418 his
2957 2364 3270 2419 Dominum
3301 2381 3428 2419 ver-

1826 2446 1913 2501 bis
1951 2464 2188 2503 exorare
2228 2450 2400 2521 coepit
2430 2468 2442 2505 :
2480 2474 2506 2500 ‹‹
2539 2451 2807 2520 Trinitas,
2838 2451 3047 2525 inquit,
3079 2453 3136 2508 in
3170 2454 3430 2526 personis

1827 2537 1995 2604 Deus,
2025 2540 2082 2591 et
2110 2537 2168 2591 in
2184 2539 2488 2609 majestate
2512 2557 2679 2609 unus,
2698 2541 2838 2596 mihi
2857 2545 3058 2597 contra
3074 2543 3433 2600 adversarios

1826 2622 1961 2679 ﬁdei
1984 2625 2279 2681 catholica:
2329 2626 2628 2682 victoriam
2673 2629 2951 2698 tribuens,
3003 2631 3230 2686 facilem
3262 2632 3432 2703 hujus

1828 2714 1970 2768 alvei
1998 2716 2249 2769 concede
2278 2717 2607 2773 transitum.
2634 2739 2661 2766 »
2694 2719 2912 2773 Annuit
2930 2720 3014 2774 his
3032 2721 3296 2793 precibus
3315 2723 3428 2777 cle-

1825 2818 1992 2856 mens
2023 2803 2174 2858 auris
2206 2803 2650 2876 Omnipotentis.
2675 2805 2933 2880 Cumque
2953 2808 3314 2865 illucescente
3337 2811 3430 2866 die

1826 2892 2014 2945 castra
2045 2892 2375 2961 movissent,
2413 2911 2541 2950 ecce
2593 2913 2760 2950 cerva
2817 2898 3081 2969 quaedam
3132 2916 3191 2953 se
3240 2899 3426 2955 subito

1821 2980 2226 3051 conspectibus
2246 2999 2446 3037 eorum
2471 2984 2845 3055 ingressit.llli
2864 2991 2945 3050 (ut
2966 2987 3143 3043 meris
3159 2992 3242 3041 est
3257 2988 3428 3042 Fran-

1814 3082 2012 3122 corum
2025 3110 2039 3135 ,
2054 3070 2283 3124 venatui
2301 3071 2514 3126 scilicet
2529 3071 2812 3138 insistere)
2834 3076 3094 3146 praedam
3132 3079 3423 3147 putantes,

1812 3171 1941 3209 eam
1968 3156 2128 3211 avide
2151 3157 2553 3231 insequuntur.
2575 3161 2782 3234 Atipsa
2806 3163 3048 3219 transito
3068 3164 3424 3219 ﬂumineva-

138 3244 263 3314 quod
284 3245 465 3300 cuncti
498 3244 898 3300 laudaverunt
942 3242 1162 3297 Franci.
1213 3242 1324 3297 Sed
1363 3243 1531 3298 Gothi
1566 3243 1627 3299 id
1650 3260 1709 3298 se
1738 3254 1784 3314 ο
1811 3242 1949 3297 dum
1972 3245 2241 3313 ostendit,
2276 3264 2340 3301 ac
2368 3248 2639 3321 deinceps
2671 3251 2808 3305 nulli
2843 3253 3187 3324 comparuit.
3226 3254 3307 3307 Ita
3326 3270 3420 3307 rex

135 3348 227 3386 non
252 3351 404 3406 posse
428 3333 689 3406 implere
736 3332 1038 3396 dixerunt;
1081 3333 1318 3403 insuper
1365 3336 1423 3386 et
1452 3333 1706 3404 legatum

134 3418 361 3477 Clodevei
376 3421 755 3477 contumeliis
772 3421 1256 3479 aﬂ'ecerunt.Nain
1274 3421 1523 3493 quadam
1540 3424 1709 3475 nocte

135 3507 245 3565 dum
265 3511 351 3568 ille
377 3511 434 3567 in
455 3508 678 3568 solario
693 3510 779 3580 cui
792 3509 992 3564 usdam
1010 3508 1144 3564 dom
1154 3526 1216 3563 us
1233 3508 1554 3564 dormitum
1573 3508 1711 3564 isset

132 3596 267 3653 Gothi
298 3600 627 3655 tabulatum
679 3597 834 3669 quod
869 3600 1008 3652 ante
1054 3598 1268 3653 lectum
1301 3597 1423 3668 ejus
1463 3600 1590 3652 erat
1615 3598 1709 3652 de-

134 3688 443 3753 struxerunt,
468 3687 600 3760 qui,
629 3686 702 3741 ad
715 3685 989 3758 requisita
1019 3686 1159 3741 dum
1173 3689 1439 3758 surgeret
1460 3688 1703 3754 naturae,

131 3774 249 3843 pede
277 3777 426 3849 lapso
455 3773 705 3842 corruit,
747 3774 1100 3847 brachieque
1133 3774 1385 3831 contrito
1416 3774 1506 3829 vix
1550 3774 1705 3830 vivus

132 3865 295 3919 evasit.
337 3866 604 3921 Festinus
646 3863 838 3936 itaque
877 3864 1070 3919 natale
1110 3865 1297 3919 solum
1343 3864 1576 3936 repetit,
1619 3863 1704 3918 rei

130 3956 275 4020 gestae
303 3955 575 4011 ordinem
604 3952 711 4008 eia
732 3969 845 4026 quo
875 3952 1081 4007 missus
1106 3953 1295 4008 fuerat
1310 3953 1701 4024 pandit,ﬂebi-

128 4039 326 4115 lemque
354 4062 468 4100 suae
510 4044 816 4116 querelam
860 4059 1135 4097 aerumnae
1179 4042 1585 4099 miserabiliter
1609 4043 1707 4098 dc—

128 4130 326 4196 promit.
358 4134 470 4187 Rex
503 4147 653 4201 ergo
691 4130 1025 4200 Clodeveus,
1069 4131 1126 4187 in
1169 4131 1376 4187 talibus
1411 4150 1530 4188 non
1576 4149 1718 4187 esse.

127 4220 642 4285 procrastinandum
672 4220 1024 4288 ratus,simul
1046 4238 1150 4293 pro
1166 4220 1380 4291 injuria
1409 4222 1583 4293 legati
1599 4222 1699 4277 irae

127 4303 749 4382 impatiens,cengregat
773 4310 1286 4383 exercitum,quem
1312 4310 1408 4365 tali
1433 4312 1699 4367 hortatur

128 4396 355 4454 oratione
380 4399 452 4455 ad
484 4415 755 4473 pugnam
786 4416 799 4453 :
832 4418 864 4452 (ί
888 4399 1138 4468 Virtutis,
1167 4398 1375 4473 inquit,
1407 4403 1629 4469 vestrm,
1663 4418 1695 4456 ο

126 4480 388 4541 fortissimi
405 4486 866 4555 commilitones,
885 4503 1135 4556 securus,
1160 4487 1590 4543 animositatem
1608 4506 1699 4545 ve-

127 4572 274 4628 stram
306 4576 517 4631 nullius
548 4574 966 4631 exhortationis
997 4576 1259 4647 indigam
1282 4576 1694 4648 judico.Quam

128 4659 245 4716 adeo
274 4663 460 4721 hostes
487 4664 884 4719 extimuerunt
917 4668 978 4719 ut
1012 4666 1269 4736 legatum
1314 4668 1574 4721 nostrum
1607 4666 1694 4721 in-

125 4746 275 4805 fanda
302 4754 454 4809 caede
485 4752 779 4826 perimere
810 4754 1040 4808 vellent.
1076 4754 1397 4809 Ostendunt
1437 4755 1695 4827 profecto

126 4850 173 4887 se
190 4839 346 4895 totius
361 4842 507 4896 iram
530 4840 721 4914 gentis
742 4858 856 4895 non
873 4858 1036 4914 posse
1051 4843 1400 4915 perpeti,qui
1425 4844 1590 4899 unius
1603 4862 1697 4899 ex-

124 4935 374 4991 paverunt
395 4930 783 4986 constantiam
817 4930 1013 5001 legati.
1050 4931 1163 4986 Hoc
1183 4933 1368 4986 solum
1397 4948 1495 4987 vos
1533 4950 1696 4989 nosse

124 5014 288 5084 cupio,
318 5018 471 5074 vobis
502 5018 807 5074 adversum
841 5019 1293 5075 immanissimas
1330 5021 1543 5089 hostes,
1578 5040 1694 5077 non

125 5114 211 5167 pro
229 5105 558 5179 cenjugibus
576 5110 676 5162 aut
700 5108 1039 5174 liberis,non
1065 5108 1239 5163 etiam
1261 5124 1366 5179 pro
1389 5110 1695 5184 acquiren-

128 5185 199 5242 dis
219 5197 503 5251 certamen
535 5213 659 5252 esse
688 5195 917 5264 divitiis,
939 5196 1040 5251 sed
1057 5197 1245 5269 potius
1274 5215 1379 5269 pro
1403 5198 1695 5272 insepara-

127 5271 210 5331 bili
238 5288 442 5340 sancta:
466 5286 761 5342 Trinitatis
791 5286 1033 5353 unitate,
1061 5303 1235 5359 quam
1280 5288 1360 5343 illi
1405 5271 1696 5345 nefandis-

127 5360 250 5421 simo
280 5369 531 5429 dividunt
556 5391 754 5430 errore
779 5392 793 5444 ;
829 5374 905 5429 ad
935 5376 1257 5431 extremum
1285 5394 1390 5449 pro
1410 5377 1612 5432 divinis
1625 5378 1697 5433 si-

128 5455 228 5508 mul
254 5457 622 5537 humanisque
640 5464 879 5537 legibus,
901 5481 1027 5536 quae
1045 5464 1386 5537 injuriarum
1412 5467 1701 5523 immunes

128 5543 365 5602 sanciunt
389 5549 602 5607 debere
635 5570 756 5608 esse
787 5569 885 5608 eos
915 5554 1376 5625 quimediateres
1405 5556 1701 5612 hostilium

129 5629 427 5694 efficiuntur
454 5658 777 5697 armorum.
802 5645 956 5698 Inter
978 5660 1143 5699 arma
1166 5662 1417 5717 namque
1449 5646 1701 5713 hostilia,

129 5718 233 5774 sola
260 5724 458 5798 legatie
487 5731 645 5804 pacis
672 5735 974 5807 sequestra
1010 5735 1116 5791 est.
1151 5734 1316 5789 Exuit
1343 5735 1571 5792 hostem
1602 5737 1699 5809 qui

1810 3346 1941 3384 cum
1971 3333 2132 3387 omni
2158 3335 2404 3389 exercitu
2439 3339 2800 3393 transmeans
2854 3340 3089 3396 Pictavis
3133 3342 3417 3413 pervenit,

1813 3423 1870 3473 et
1896 3421 2049 3476 haud
2077 3424 2277 3494 procul
2305 3440 2339 3477 a
2365 3424 2601 3479 Basilica
2632 3428 2811 3481 sancti
2844 3428 3038 3483 Hilarii
3072 3431 3321 3485 tentoria
3352 3432 3419 3485 Ii-

1813 3507 1911 3576 xit,
1945 3508 2250 3581 edictoque
2284 3513 2639 3583 compescuit
2664 3516 2941 3585 populum
2966 3516 3061 3588 qui
3091 3534 3285 3571 secum
3316 3520 3417 3574 ad-

1812 3601 1955 3664 erat,
1989 3614 2062 3652 ne
2095 3598 2231 3670 quid
2287 3599 2343 3653 in
2390 3617 2459 3654 ea
2508 3602 2803 3672 provincia
2846 3608 3140 3676 raperent,
3174 3622 3279 3659 nec
3306 3606 3416 3662 cibi

1811 3686 2046 3758 quidem
2074 3688 2394 3742 necessaria
2418 3706 2430 3756 ;
2450 3705 2580 3742 cum
2614 3706 2743 3744 ecce
2768 3690 2959 3745 medie
2976 3692 3159 3746 nectis
3183 3692 3413 3749 silentio

1807 3776 2023 3848 pharus
2051 3775 2227 3847 ignea
2256 3776 2374 3831 visa
2406 3781 2489 3833 est
2519 3778 2715 3849 egredi
2747 3780 2817 3833 ab
2850 3779 3096 3834 Ecclesia
3117 3780 3294 3835 sancti
3318 3781 3414 3835 Ili-

1806 3862 1956 3931 larii,
1991 3879 2056 3917 ac
2089 3881 2261 3936 super
2290 3866 2724 3921 tabernaculum
2753 3867 2810 3921 in
2834 3885 2947 3941 quo
2970 3885 3065 3923 rex
3085 3868 3415 3941 quiescebat

1806 3952 2120 4023 protendit.
2160 3953 2438 4009 Conserte
2472 3972 2610 4028 ergo
2651 3957 2849 4028 prmlie
2882 3957 3012 4012 victi
3041 3957 3207 4012 Gothi
3248 3961 3413 4031 terga

1806 4043 2118 4095 verterunt.
2153 4042 2309 4096 Inter
2332 4042 2482 4114 ipsas
2493 4061 2625 4099 vero
2644 4045 3093 4101 confertissimas
3114 4045 3264 4100 acies
3276 4047 3407 4103 Clo-

1806 4128 2017 4184 deveus
2038 4146 2169 4184 cum
2198 4131 2423 4187 Alarico
2455 4136 2750 4188 certamen
2784 4133 2929 4189 iniit.
2978 4135 3237 4208 Cumque
3272 4153 3407 4193 cum

1806 4221 1974 4273 terrm
2004 4219 2420 4291 prostravisset,
2446 4224 2503 4276 et
2527 4240 2642 4294 qua
2665 4224 2875 4279 lethale
2898 4225 3098 4279 vulnus
3119 4224 3410 4298 intligeret

1803 4306 2135 4377 rimaretur,
2170 4309 2281 4363 duo
2303 4309 2470 4365 Gothi
2496 4328 2631 4366 eum
2664 4329 2697 4366 a
2731 4314 2909 4368 latere
2946 4314 3131 4368 contis
3160 4312 3403 4384 feriunt;

1800 4397 1899 4451 sed
1932 4401 2167 4469 propter
2191 4399 2430 4454 loricam
2481 4418 2614 4456 eum
2654 4404 2955 4458 vulnerare
3002 4405 3402 4478 nequiverunt.

2394 4490 2616 4545 CAPUT
2647 4492 2802 4547 XXII.

2152 4576 2236 4632 De
2264 4577 2582 4634 Theoderici
2609 4582 3043 4652 expeditionibus.

1872 4667 2027 4738 Rege
2076 4665 2269 4740 itaque
2313 4670 2563 4738 Alarico,
2607 4672 2705 4744 qui
2745 4674 2957 4729 Gothos
2988 4689 3091 4744 per
3128 4679 3189 4729 12
3219 4691 3403 4731 annos

1801 4756 2162 4825 rexerat,hoc
2182 4757 2355 4812 modo
2374 4757 3019 4828 interfecto,Cledoveus
3036 4761 3220 4815 tilium
3235 4780 3402 4818 suum

1798 4843 2217 4899 Theodericum
2247 4862 2378 4900 cum
2400 4848 2588 4902 valide
2610 4850 2890 4904 exercitus
2909 4849 3311 4921 supplemento
3330 4852 3406 4906 ad

1799 4933 2124 5005 superiores
2151 4936 2274 5007 ejus
2297 4936 2495 5008 dirigit
2526 4939 2690 5009 regni
2714 4943 2924 5010 partes.
2961 4938 3407 5011 Qui,pervagata

1800 5022 1963 5077 omni
1984 5023 2301 5095 provincia,
2336 5025 2648 5094 Ruthenos,
2684 5026 3081 5098 Cadurcosque
3105 5032 3276 5100 atque
3298 5029 3401 5082 Ar-

1800 5127 1973 5165 venos
2000 5113 2244 5186 subegit,
2274 5117 2331 5168 et
2351 5114 2425 5168 ad
2452 5117 2677 5186 patrem
2711 5114 2891 5168 victor
2922 5115 3110 5183 rediit,
3147 5118 3243 5189 qui
3267 5121 3403 5172 tunc

1800 5200 1858 5253 in
1886 5202 2295 5275 Burdegalensi
2327 5204 2467 5258 urbe
2497 5202 3070 5272 hiemabat.Brumali
3098 5209 3290 5261 autem
3319 5224 3406 5262 re-

1800 5291 2041 5347 cedente
2059 5292 2250 5365 rigore
2272 5293 2602 5364 vernalique
2616 5292 2955 5347 succedente
2974 5294 3409 5363 temperie,Cle-

1803 5380 2013 5436 deveus
2039 5382 2305 5437 Tolosam
2333 5382 2497 5453 petit.
2522 5381 2659 5437 Inde
2693 5382 2989 5437 thesauros
3011 5381 3217 5436 Alariei
3245 5382 3403 5436 aufe-

1804 5484 1935 5523 rens
1984 5471 2059 5525 ad
2105 5469 2499 5542 Engelismam
2531 5473 2825 5542 properat.
2870 5472 2929 5525 In
2960 5471 3121 5542 cujus
3154 5470 3407 5525 adventu

1807 5576 2005 5613 murus
2043 5558 2217 5625 urbis,
2247 5558 2439 5613 divine
2470 5562 2610 5614 nutu
2642 5564 2846 5631 sponte
2862 5577 3055 5631 ruens,
3078 5558 3407 5615 advenienti

1808 5647 1931 5718 regi
1958 5650 2221 5719 apertum
2256 5648 2500 5719 praebuit
2557 5648 2680 5705 iter.
2730 5650 2834 5714 Qui
2878 5651 3167 5707 universes
3196 5650 3410 5705 Gothos

1810 5753 1954 5811 quos
1978 5735 2057 5793 ibi
2086 5736 2302 5810 reperit
2325 5737 2518 5810 gladio
2540 5738 2859 5796 interemit.
2885 5741 3011 5798 Pari
3041 5741 3215 5797 etiam
3236 5738 3410 5795 mede
