3862 6210
453 457 566 517 ὃὲἰθ

1589 456 1805 518 ᾹῘΜῘΝῘ
1824 457 2138 518 MONACHI
2163 457 2657 519 FLOMACENSIS

3613 487 3692 542 660

461 599 571 658 per
601 583 814 642 vicinas
844 585 1018 643 urbes
1056 583 1410 643 adversarios
1449 584 1799 642 interficiens
1826 603 2071 660 suosque
2091 591 2146 652 Α
2175 586 2478 644 deauratas
2507 605 2640 645 cum
2673 587 2877 662 gladiis
2905 590 3079 648 simili
3110 593 3282 652 modo
3324 595 3578 661 deauratis
3599 607 3694 669 loco

463 675 842 744 constituens,
878 693 975 731 eas
1006 675 1110 731 sibi
1149 692 1350 747 parere
1393 675 1688 748 compulit.
1722 676 1908 731 Rebus
1928 693 2067 746 ergo

465 765 686 820 cunctis
711 783 776 820 ex
812 767 1102 820 sententia
1133 765 1489 838 compositis,
1521 764 1763 820 Turonis
1791 765 1900 819 iter
1931 765 2070 820 diri-

466 853 570 924 git.
601 853 707 909 Ubi
745 859 882 910 dum
917 854 1254 910 stativarum
1286 853 1473 926 gratia
1505 855 2066 927 aliquantispermo-

464 947 646 1008 ratur,
678 943 1033 1014 legationem
1065 943 1314 1015 suscepit
1342 944 1624 998 Anastasii
1656 944 2069 998 Constantino-

469 1031 711 1103 politani
745 1031 1018 1104 principis
1062 1049 1306 1086 munera
1327 1033 1709 1104 epistolasque
1743 1033 1792 1087 ei
1837 1033 2068 1087 mitten-

467 1121 560 1176 tis.
611 1123 671 1175 In
701 1120 908 1194 quibus
949 1120 1214 1176 videlicet
1263 1120 1464 1175 litteris
1511 1121 1618 1176 hoc
1673 1122 2074 1176 continebatur

467 1231 499 1260 ‹‹
527 1210 685 1282 quod
709 1210 1124 1282 complacuerit
1153 1208 1259 1265 sibi
1287 1213 1344 1264 et
1373 1211 1734 1265 senatoribus
1777 1228 1909 1265 eum
1953 1227 2072 1264 esse

469 1298 724 1354 amicum
739 1299 1160 1370 imperatorum
1185 1298 1606 1371 patriciumque
1621 1301 2070 1354 Romanorum.»

467 1387 564 1442 His
591 1387 685 1442 ille
711 1387 997 1460 perlectis,
1045 1387 1333 1442 consulari
1386 1387 1584 1442 trabea
1630 1386 1952 1458 insignitus,
1986 1405 2072 1442 as-

466 1492 639 1530 censo
670 1493 818 1547 equo
851 1475 908 1531 in
967 1475 1114 1530 atrio
1174 1475 1332 1548 quod
1380 1475 1534 1530 inter
1579 1476 1870 1532 basilicam
1897 1477 2076 1532 sancti

473 1564 696 1620 Martini
726 1569 783 1619 et
812 1563 1101 1620 civitatem
1133 1564 1304 1620 situm
1339 1568 1482 1632 erat,
1509 1564 1830 1636 largissima
1867 1565 2077 1638 populo

469 1653 713 1708 contulit
743 1671 1004 1708 munera.
1033 1654 1119 1708 Ab
1151 1653 1248 1708 illa
1277 1653 1368 1708 die
1418 1654 1622 1708 Consul
1668 1654 1836 1708 simul
1877 1658 1934 1706 et
1962 1657 2074 1708 Au-

471 1745 669 1814 gustus
719 1743 934 1797 meruit
986 1741 1333 1813 nuncupari.
1391 1742 1531 1796 Cum
1584 1746 1778 1796 autem
1837 1758 2072 1814 equum,

475 1847 648 1903 quem
671 1829 824 1885 inter
854 1833 1064 1886 caetera
1077 1830 1319 1886 donaria
1333 1834 1528 1886 sancto
1560 1829 1793 1885 miserat
1811 1831 2071 1898 Martino,

2174 677 2450 732 muneris.
2485 679 2733 734 Ventum
2756 679 2948 753 itaque
2983 684 3067 737 est
3098 683 3171 738 ad
3201 685 3379 742 locum
3409 696 3694 764 certaminis,
3733 672 3745 684 ’

2172 769 2228 818 et
2259 767 2470 821 conscii
2501 767 2846 839 proditionis
2875 770 3012 842 fuga
3037 789 3095 826 se
3120 772 3698 848 ﬁnguntquereresuh-

2171 853 2380 908 sidium
2411 856 2628 910 salutis.
2666 858 3092 929 Ragnecharius
3121 879 3274 934 vero,
3299 864 3427 920 dum
3449 869 3615 941 fugere
3642 875 3699 928 ni-

2173 943 2331 1008 titur,
2361 961 2393 997 a
2424 945 2536 999 suis
2565 950 2764 1017 captus
2795 947 3079 1004 Clodoveo
3112 956 3476 1020 praesentatur
3509 959 3698 1017 vinctus.

2173 1032 2356 1095 Quem
2409 1033 2525 1101 ille,
2567 1039 2627 1089 ut
2658 1035 2960 1108 degeneris
2987 1037 3168 1093 animi
3197 1040 3399 1110 virum,
3437 1045 3598 1114 gladio
3623 1065 3702 1120 pu-

2175 1119 2283 1174 niri
2300 1121 2489 1190 jussit.
2517 1123 2774 1178 Fratrem
2796 1141 3026 1197 quoque
3057 1118 3184 1199 ejus
3214 1127 3464 1186 similiter
3487 1118 3704 1208 praecepit

2175 1209 2376 1278 occidi,
2407 1210 2809 1283 improperans
2837 1211 2888 1268 ei
2917 1214 3070 1286 quod
3094 1232 3210 1270 non
3243 1216 3466 1274 ferendo
3485 1223 3702 1280 auxilium

2175 1297 2334 1352 fratri
2371 1300 2721 1370 permisisset
2747 1319 2805 1356 se
2833 1304 2892 1356 et
2920 1303 3080 1357 illum
3113 1305 3358 1377 turpiter
3383 1311 3566 1364 teneri.
3609 1314 3702 1367 Pari
3735 1301 3749 1320 ⁸

2179 1387 2358 1442 etiam
2389 1389 2567 1444 modo
2597 1391 2812 1446 multos
2843 1395 3151 1462 parentum
3180 1411 3406 1451 suorum
3441 1399 3549 1453 neci
3575 1403 3704 1456 tradi-

2178 1475 2282 1538 dit,
2312 1478 2726 1550 thesaurosque
2749 1497 2952 1534 eorum
2986 1481 3235 1552 abstulit,
3261 1501 3330 1538 ne
3359 1485 3474 1558 quis
3500 1504 3705 1544 remane-

2177 1566 2266 1616 ret
2297 1565 2394 1635 qui
2427 1564 2686 1620 insidiari
2726 1584 2910 1639 regno
2943 1569 3064 1640 ejus
3116 1572 3206 1624 vel
3239 1572 3362 1627 vitae
3391 1580 3574 1645 posset.
3599 1579 3704 1632 Nam

2177 1651 2422 1706 fratrem
2477 1654 2880 1724 Ragnecharii,
2940 1657 3342 1728 Rignemirum
3388 1662 3494 1732 [al.,
3528 1665 3704 1720 Ricimi-

2175 1741 2328 1811 rum]
2359 1741 2618 1805 nomine,
2649 1760 2823 1814 quem
2855 1745 3366 1820 adverteratregni
3393 1752 3705 1822 cupidiorem,

2179 1829 2364 1883 missis
2391 1831 2732 1886 satellitibus
2758 1833 2912 1904 apud
2940 1835 3401 1892 Cenomanorum
3432 1841 3604 1894 urbem
3627 1842 3707 1895 vita

473 1919 762 1974 redimere
789 1923 1023 1974 centum
1065 1919 1212 1974 datis
1241 1919 1434 1974 solidis
1464 1919 1824 1985 decrevisset,
1861 1937 1962 1974 nec
1983 1921 2075 1974 ille
2103 1907 2154 1965 Β
2177 1917 2392 1988 privari
2445 1918 2598 1976 fecit.
2658 1921 2818 1976 Unde
2853 1939 2966 1976 una
2997 1923 3225 1980 dierum
3265 1929 3559 1983 astantibus
3588 1931 3710 1999 regni

476 2010 594 2064 ullo
625 2009 800 2064 modo
833 2026 968 2064 eum
1000 2010 1070 2064 de
1095 2011 1221 2064 loco
1256 2025 1488 2064 movere
1517 2014 1735 2080 posset;
1771 2010 1912 2065 alios
1941 2027 2074 2064 cen-

477 2099 600 2152 tum
633 2097 757 2152 dari
783 2097 1126 2170 praecipiens
1148 2097 1340 2152 taliter
1362 2097 1493 2152 infit
1521 2114 1534 2152 :
1568 2117 1598 2149 «
1627 2099 1868 2154 Sanctus
1896 2099 2080 2154 Marti-

476 2203 584 2240 nus
611 2186 798 2240 bonus
827 2186 884 2240 in
912 2185 1144 2252 auxilio,
1202 2186 1302 2240 sed
1359 2204 1523 2241 carus
1569 2186 1827 2242 noscitur
1863 2187 1985 2243 fore
2020 2187 2080 2242 in

476 2273 680 2348 pretio.
716 2296 744 2324 υ
776 2275 893 2330 Rex
938 2274 1133 2347 itaque
1179 2278 1412 2346 recepto
1469 2291 1617 2346 equo
1677 2292 1929 2348 paceque
1981 2292 2084 2347 per

479 2363 787 2418 circuitum
818 2363 970 2418 facta
996 2363 1244 2418 Parisios
1275 2365 1619 2434 regreditur.

1065 2454 1290 2508 CAPUT
1321 2455 1496 2508 XXIII.

484 2543 566 2598 De
597 2541 886 2598 Charan’ci
931 2545 1065 2611 regis
1113 2550 1279 2597 morte
1319 2549 1368 2596 et
1414 2561 1602 2614 pugna
1628 2542 1881 2599 Clodovei
1903 2553 2084 2600 contra

1058 2631 1512 2701 Ragnecharium.

555 2717 925 2774 Chararicum
957 2736 1090 2774 vero
1116 2735 1340 2790 regem,
1365 2719 1460 2792 qui
1491 2719 1543 2774 ei
1573 2720 1867 2792 quondam
1885 2725 2089 2776 contra

488 2807 777 2880 Siagrium
810 2810 1138 2880 pugnaturo
1169 2808 1379 2863 auxilio
1410 2825 1530 2862 esse
1563 2809 1860 2877 debuerat,
1891 2811 2086 2877 et,ﬁde

483 2897 666 2952 fracta
683 2913 740 2950 se
759 2896 1418 2968 subtrahens,spectator
1427 2897 1758 2952 certaminis
1771 2899 1955 2971 magis
1967 2916 2086 2956 esse

485 2985 744 3040 voluerat
793 3001 968 3056 quam
1018 2989 1328 3058 pugnator,
1384 2990 1445 3040 ut
1472 2985 1686 3040 scilicet
1711 2989 2080 3057 postmodum

487 3073 715 3128 victoris
740 3078 1075 3145 sequeretur
1097 3074 1630 3147 partes,Clodoveus
1657 3092 1788 3130 cum
1810 3075 1927 3130 ﬁlio
1956 3077 2088 3132 dolo

2177 2005 2532 2077 primoribus
2585 2008 2790 2064 dixisse
2839 2011 3024 2066 fertur
3057 2030 3072 2067 :
3108 2036 3135 2062 «
3169 2016 3509 2083 Parentibus,
3553 2017 3709 2088 inquit,

2181 2094 2417 2150 orbatus
2445 2097 2682 2164 cunctis,
2715 2098 3040 2168 periculum
3075 2101 3188 2156 mei
3204 2103 3530 2175 pertimesco
3547 2105 3710 2176 capitis,

2183 2183 2320 2237 dum
2351 2184 2647 2240 neminem
2697 2187 2942 2242 habeam
2981 2190 3373 2264 propinquum
3415 2210 3545 2248 meae
3569 2199 3714 2248 custo-

2185 2271 2319 2326 dem
2352 2273 2567 2328 salutis.
2595 2295 2622 2324 »
2659 2275 2824 2338 Quod
2855 2277 3090 2348 quidam
3123 2281 3424 2336 calumnia:
3463 2299 3609 2337 causa
3631 2283 3713 2336 dic-

2189 2363 2310 2414 tum
2341 2361 2795 2431 aestimaverunt,
2829 2363 2872 2418 si
2894 2365 3044 2420 forte
3075 2367 3378 2440 quisquam
3407 2370 3630 2443 prodiret
3648 2369 3714 2441 qui

2187 2465 2245 2502 se
2277 2448 2401 2521 regi
2431 2451 2714 2522 sanguine
2761 2453 3087 2522 proximum
3122 2461 3420 2512 assereret.
3458 2457 3717 2513 Proditores

2186 2553 2320 2592 vero
2356 2538 2756 2609 Ragnecharii,
2791 2541 3022 2612 cognito
3066 2543 3377 2614 depravata
3421 2545 3572 2601 fuisse
3609 2547 3718 2600 dona

2189 2642 2316 2698 qua:
2345 2631 2687 2698 acceperant
2719 2629 3062 2698 proditionis
3093 2633 3304 2704 gratia,
3335 2635 3593 2690 Clodoveo
3619 2651 3714 2705 que-

2188 2715 2370 2769 relam
2391 2715 3537 2790 detulerunt.QuibusinquitClodoveusz«
3559 2720 3717 2792 Ingrati

2189 2802 2323 2857 estis
2341 2803 2632 2858 beneficiis
2652 2804 2809 2859 vobis
2825 2807 3217 2862 collatis.Nam
3238 2809 3460 2880 quantis
3471 2809 3646 2881 putatis
3656 2808 3720 2861 de-

2189 2891 2324 2946 bere
2380 2891 2616 2948 interire
2667 2894 2962 2964 suppliciis
3011 2895 3107 2967 qui
3139 2897 3380 2953 domino
3407 2915 3499 2953 suo
3523 2901 3721 2952 auctores

2191 2983 2323 3034 sunt
2353 2981 2554 3034 mortis
2578 2982 2604 3036 ?
2635 2982 2803 3036 Abite
2837 2982 3024 3054 potius
3053 2985 3124 3038 ad
3157 2987 3409 3057 propria,
3436 2986 3718 3054 sufﬁciatque

2193 3068 2349 3122 vobis
2371 3068 2493 3139 ipsa
2521 3068 2762 3141 indigna
2779 3089 2893 3142 qua
2919 3067 3181 3128 fruimini
3213 3075 3394 3131 vita.»
3425 3076 3502 3129 llli
3526 3073 3722 3143 indigna-

485 3161 978 3235 cepit,et,tonderi
997 3179 1096 3217 eos
1124 3161 1591 3236 faciens,patrem
1607 3163 1841 3235 quidem
1861 3165 2091 3236 presby-
2112 3196 2160 3256 Ο
2193 3156 2406 3212 tionem
2422 3157 2693 3230 principis
2707 3160 2866 3216 veriti
2880 3161 2953 3216 ad
2969 3179 3069 3216 sua
3080 3167 3216 3218 sunt
3231 3164 3537 3220 habitacula
3549 3159 3719 3216 reversi.

486 3249 889 3318 terum,filium
911 3253 1106 3306 autem
1125 3251 1434 3306 diaconum
1449 3251 1704 3307 ordinari
1720 3251 2088 3322 jussit.Cum-

492 3357 603 3413 que
635 3339 972 3396 Chararicus
991 3343 1324 3395 causaretur
1352 3356 1457 3412 pro
1484 3339 1570 3394 sui
1600 3339 2092 3408 humiliatione,fl-

487 3427 599 3482 lius
628 3427 702 3484 ad
725 3445 858 3482 eum
890 3445 902 3483 :
939 3452 967 3479 ‹‹
1002 3429 1118 3496 Has,
1167 3427 1374 3501 inquit,
1426 3428 1664 3484 frondes
1694 3428 1958 3501 (barbam
1993 3430 2094 3484 de-

493 3517 840 3588 monstrans)
878 3535 912 3572 a
941 3534 1172 3574 summo
1198 3517 1408 3573 vertice
1439 3516 1497 3572 in
1521 3516 1686 3571 viridi
1713 3517 1871 3589 ligno
1891 3517 2093 3573 decisa:

489 3605 602 3661 cito
627 3611 1005 3662 succrescent.
1039 3605 1269 3662 Utinam
1301 3609 1360 3660 et
1380 3608 1582 3660 auctor
1611 3605 1780 3676 hujus
1809 3605 1943 3660 facti
1975 3610 2095 3661 tam

489 3695 761 3751 velociter
783 3700 982 3768 pereat
1014 3695 1027 3750 ἓ
1064 3717 1091 3746 ››
1113 3695 1280 3760 Quod
1296 3695 1534 3749 verbum
1547 3693 1990 3765 ubinuntiatum
2013 3699 2100 3750 est

494 3783 1003 3850 Clodoveo,statim
1016 3801 1115 3838 eos
1131 3782 1326 3855 gladio
1348 3781 1538 3853 puniri
1553 3781 2097 3854 praecepit,regnum

491 3887 604 3944 que
625 3887 830 3927 eorum
847 3888 981 3926 cum
1003 3871 1287 3925 thesauris
1303 3868 1714 3942 pervasit.Post
1729 3870 1855 3924 haec
1877 3871 2103 3942 paravit

494 3960 925 4032 expeditionem
951 3962 1156 4023 contra
1176 3956 1492 4029 quemdam
1510 3957 1984 4020 ducem,nomine
1997 3961 2104 4016 Ra-

494 4047 895 4119 gnecharium,
921 4046 1075 4119 apud
1097 4045 1475 4100 Camaracum
1496 4045 1704 4100 urbem
1727 4063 1854 4101 com
1865 4063 2098 4103 moran-

495 4137 638 4190 tem.
671 4135 856 4200 Quem
874 4133 1108 4206 quidem
1128 4133 1180 4188 ei
1195 4134 1488 4206 sanguinis
1514 4134 1766 4190 affinitas
1783 4137 2100 4206 conjunxe-

495 4223 715 4291 rat,sed
749 4239 976 4278 morum
1009 4223 2098 4296 improbitasinfestumreddebat.Nam

499 4311 840 4367 obscenitati
870 4317 928 4368 et
951 4312 1186 4367 luxuriae
1218 4312 1594 4379 deditus,suis
1623 4312 1798 4368 etiam
1831 4314 2102 4370 omnibus

497 4403 623 4454 erat
669 4399 917 4456 odiosus.
979 4401 1307 4456 Adsciverat
1359 4418 1588 4474 quoque
1627 4401 1733 4457 sibi
1785 4403 2100 4474 quemdam

2776 3303 3008 3359 CAPUT
3038 3307 3211 3362 XXIV.

2584 3410 2666 3464 De
2691 3417 2873 3464 sancto
2906 3408 3162 3466 Seuerino
3191 3420 3242 3470 et
3266 3415 3404 3469 aliis.

2271 3514 2428 3570 Hunc
2461 3531 2661 3586 regem
2694 3517 2813 3570 fere
2859 3533 2963 3588 per
3001 3536 3222 3574 annum
3263 3520 3577 3576 continuum
3611 3518 3723 3572 febre

2197 3604 2562 3659 laborantem
2582 3603 2665 3658 vir
2695 3605 2927 3659 Domini
2961 3605 3270 3663 Severinus
3300 3608 3418 3682 (qui
3447 3608 3500 3663 in
3528 3603 3725 3662 coenobio

2197 3691 2640 3762 Agaunensium
2669 3697 2992 3765 martyrum
3020 3698 3156 3751 tunc
3179 3700 3306 3752 erat
3327 3698 3495 3753 abbas
3510 3693 3724 3768 egregius}

2201 3782 2271 3836 ab
2298 3798 2365 3836 eo
2399 3781 2706 3836 accersitus
2738 3783 2904 3838 saluti
2937 3783 3208 3853 restituit,
3245 3803 3311 3842 ac
3342 3785 3667 3860 postmodum
3687 3779 3724 3833 in

2200 3871 2349 3936 luco,
2383 3869 2480 3942 qui
2526 3869 2790 3926 Castrum
2845 3871 3120 3927 Lantonis
3178 3875 3406 3942 dicitur,
3453 3870 3724 3929 laudabilem

2201 3958 2331 4012 vitae
2361 3973 2592 4012 cursum
2622 3959 2918 4030 complens
2953 3959 3223 4032 migravit
3259 3963 3332 4018 ad
3365 3960 3652 4018 Dominum.

2253 4047 2477 4117 Agebat
2498 4045 2638 4100 eoin
2653 4049 2918 4118 tempore
2936 4063 3133 4104 curam
3155 4049 3468 4122 imperialis
3485 4042 3728 4117 majestalis

2201 4133 2505 4190 Anastasio
2551 4134 2842 4203 defuncto,
2868 4135 3119 4192 Justinus
3169 4138 3476 4194 Senior.ln
3503 4137 3634 4206 cujus
3653 4133 3725 4186 im-

2201 4222 2345 4296 perii
2377 4223 2656 4295 partibus,
2691 4224 2750 4278 in
2780 4225 2983 4280 Nursia
3007 4225 3226 4282 scilicet
3255 4223 3729 4299 provincia,exortus

2202 4315 2325 4367 toto
2357 4313 2496 4366 orbe
2527 4313 2888 4367 venerandus
2917 4313 3030 4368 vita
3075 4319 3133 4370 et
3183 4315 3422 4371 nomine
3467 4309 3728 4369 Benedictus

2195 4401 2320 4471 jam
2353 4403 2490 4455 tunc
2515 4401 2764 4472 pueriles
2810 4402 3102 4474 attingens
3155 4420 3363 4470 annos,
3395 4421 3427 4459 a
3471 4396 3730 4475 parentibus

497 4491 768 4557 spectatas
795 4488 882 4561 (ut
908 4490 1164 4562 putabat)
1196 4489 1520 4562 prudentia:
1546 4489 1916 4558 familiarem,
1934 4508 2100 4546 voca-
2125 4498 2176 4557 D
2203 4489 2748 4546 scholisliberalium
2770 4490 3079 4563 deputatur
3091 4493 3730 4556 artiumﬁomanamquo-

494 4577 630 4632 bulo
663 4577 964 4633 Faronem.
995 4578 1124 4645 Qui,
1148 4579 1384 4634 fallendi
1412 4579 1636 4645 artifex,
1659 4579 1886 4635 itaeum
1905 4583 2100 4636 mente

494 4665 941 4730 abalienaverat,
968 4670 1050 4733 ut,
1081 4667 1126 4722 si
1157 4667 1294 4739 quid
1323 4667 1578 4722 muneris
1598 4667 1839 4740 quilibet
1858 4667 1908 4722 ei
1926 4668 2096 4722 offer-

491 4759 600 4824 ret,
632 4755 689 4810 in
723 4757 1004 4812 sumendo
1034 4773 1102 4810 eo
1151 4757 1338 4829 ipsum
1388 4755 1727 4828 participem
1769 4757 2092 4828 ascisceret,

492 4867 520 4894 ‹‹
549 4844 685 4907 sint,
717 4845 934 4913 dicens,
973 4845 1082 4900 ista
1103 4845 1244 4900 mihi
1279 4848 1334 4897 et
1359 4844 1652 4900 consiliaio
1677 4861 1808 4900 meo
1832 4845 2097 4900 Faroni.»

491 4934 604 4988 Hac
627 4933 785 4989 ducis
817 4933 1047 5006 ignavia
1091 4933 1339 5006 permoti
1365 4933 1463 5007 qui
1491 4933 1548 4988 in
1598 4933 1720 5003 ejus
1769 4933 2100 4990 militabant

487 5024 638 5089 aula,
662 5022 928 5078 conferre
956 5038 1150 5077 secum
1175 5024 1473 5094 coeperunt
1503 5038 1620 5095 qua
1651 5021 1874 5078 ratione
1892 5022 2040 5077 hanc
2066 5041 2100 5078 a

487 5127 545 5166 se
570 5115 940 5166 removerent
970 5111 1267 5182 injuriam,
1309 5109 1534 5166 Desidia
1564 5111 1722 5165 enim
1756 5109 2098 5184 imperantis

483 5198 798 5272 opprobrio
829 5202 912 5254 est
937 5199 1202 5256 subditis.
1229 5199 1596 5270 Quapropter
1619 5199 1968 5254 Clodoveum
1996 5217 2099 5272 per

485 5287 877 5343 internuntios
903 5288 1218 5344 sollicitant
1247 5291 1309 5342 ut
1353 5287 1595 5359 gerendi
1647 5287 1916 5342 adversus
1961 5306 2094 5344 eum

483 5391 714 5430 causam
747 5375 880 5430 belli
907 5377 1192 5448 exquirat,
1226 5377 1509 5430 mandant
1539 5393 1618 5442 se,
1652 5375 1988 5449 priusquam
2021 5378 2093 5432 ad

481 5479 686 5516 manus
708 5464 1195 5536 veniatur,pra‘.lio
1215 5481 1492 5531 cessuros;
1519 5465 1886 5536 vinctumque
1903 5466 2089 5521 domi-

480 5549 695 5616 num,si
721 5551 802 5605 eis
830 5553 1074 5622 prmmia
1103 5552 1852 5620 conferantur,tradituros.
1880 5552 1986 5618 Qui
2007 5555 2085 5609 nil

483 5640 743 5692 moratus
769 5655 900 5692 cum
931 5640 1118 5695 valida
1134 5657 1367 5696 suorum
1386 5657 1564 5696 manu
1585 5644 1789 5696 contra
1807 5657 1939 5697 eum
1958 5659 2086 5713 pro-

477 5724 768 5793 ficiscitur,
803 5726 1040 5780 mittens
1058 5725 1214 5797 prius
1227 5725 1610 5797 proditoribus
1625 5729 1880 5784 armillas
1897 5746 2078 5787 aereas

2201 4595 2312 4652 que
2327 4577 2634 4633 Ecclesiam
2657 4582 2784 4650 post
2806 4578 3220 4650 Symmachum
3245 4581 3535 4638 Hormisda
3549 4571 3728 4644 suscepit

2198 4667 2645 4739 regendam.Cuj
2656 4684 2718 4722 us
2735 4669 3093 4739 temporibus
3107 4687 3262 4743 saepe
3282 4671 3460 4727 dictus
3473 4661 3729 4736 rex,glorio-

2198 4773 2291 4811 sus
2317 4754 2867 4817 Clodoveus,direxit
2893 4756 2966 4812 ad
2991 4757 3314 4814 beatiPetri
3343 4749 3728 4823 limina,hortalu

2199 4843 2410 4899 summi
2449 4842 2706 4914 praesulis
2743 4843 3014 4916 Remigii,
3048 4845 3520 4920 regiaedignitalis
3553 4849 3729 4896 auream

2199 4948 2475 4988 coronam
2507 4931 2756 5004 gemmis
2810 4931 3236 5003 pretiosissimis
3288 4933 3614 5006 insignitam.
3644 4924 3728 4988 Ουο

2198 5021 2348 5076 facto
2381 5023 2650 5093 patenter
2673 5019 2925 5075 ostendit
2947 5038 3006 5076 se
3031 5021 3148 5077 Deo
3173 5039 3291 5078 non
3325 5023 3445 5078 fore
3483 5019 3730 5090 ingratum.

2200 5109 2339 5166 dum
2365 5109 2438 5164 ad
2466 5109 2640 5180 ipsius
2669 5109 2909 5180 apostoli
2941 5110 3268 5180 sepulcrum
3300 5110 3514 5184 insigne
3539 5099 3732 5161 mitteret

2198 5199 2450 5270 regium,
2485 5197 2668 5251 sciens
2696 5213 2755 5251 se
2786 5214 2820 5251 a
2847 5196 3071 5254 Christo
3102 5199 3246 5254 solio
3277 5199 3441 5272 regni
3472 5211 3578 5252 esse
3603 5191 3731 5244 dona-

2197 5290 2343 5340 tum.
2372 5286 2514 5340 Nam
2543 5288 2600 5338 et
2625 5283 2816 5340 Sosius
2837 5286 3031 5339 consul
3065 5285 3382 5352 Romanus,
3411 5286 3564 5356 capta
3589 5277 3728 5332 Hiero-

2195 5375 2551 5446 solymorum
2571 5372 3033 5438 urbe,inDomini
3057 5375 3274 5444 templo
3299 5387 3559 5428 coronam
3581 5359 3728 5421 obtulit

2193 5462 2305 5517 Sed
2335 5462 2429 5516 hic
2463 5478 2704 5516 munere
2720 5461 3101 5532 gratior,quia
3121 5461 3233 5514 fide
3257 5459 3559 5532 potior.llle
3571 5448 3726 5508 etenim

2191 5551 2477 5606 idolorum
2491 5551 2789 5616 cultor,ast
2809 5549 2911 5603 iste
2929 5549 3232 5604 Catholicae
3241 5548 3494 5604 Ecclesim
3513 5559 3600 5617 pro
3614 5548 3726 5630 posss

2189 5640 2417 5695 sedulus
2438 5639 2870 5694 venerator.llle
2893 5637 3048 5709 quod
3077 5639 3225 5692 esset
3245 5653 3511 5710 prtesens,
3533 5637 3725 5704 quamus

2189 5729 2299 5800 ipsi
2324 5728 2450 5784 urbi
2477 5729 2814 5801 temploque
2847 5726 3108 5792 infestus;
3141 5741 3344 5781 verum
3364 5725 3453 5780 hic
3471 5713 3724 5779 abseuslio‘
