3862 6210
249 426 337 483 66!
1350 423 1673 485 HISTORIA
1690 424 2132 485 FRANCORUM.
2156 456 2224 468 -—
2245 426 2373 483 LIB.
2397 426 2464 482 11.

3464 429 3571 485 662

246 549 560 619 maleaeque
591 548 823 603 amator
848 543 1074 615 domus,
1108 562 1213 605 nec
1231 546 1423 604 minus
1444 547 1691 605 basilica:
1714 565 1852 621 apo.
1879 554 1935 614 Α
1956 564 2188 620 poscere
2211 547 2566 619 suffragium.
2589 546 3100 621 Appropinquante
3123 549 3321 603 autem
3350 548 3443 604 die
3462 552 3573 606 sta‘

243 637 369 694 stoli
398 635 551 691 Petri
590 636 851 692 devotus.

843 726 1065 781 CAPUT
1094 727 1246 781 XXV.

520 816 606 869 De
637 820 937 869 terrwmotu
963 821 1011 870 et
1039 816 1290 871 Clodovci
1321 819 1565 870 transitu.

310 904 401 958 llis
432 903 612 958 etiam
650 904 851 958 diebus
890 905 1043 975 apud
1089 904 1368 960 Viennam
1411 907 1601 960 Gallias
1648 907 1851 962 urbem

240 994 560 1050 multorum
582 993 794 1047 domus
808 992 981 1047 simul
998 996 1056 1047 et
1077 994 1326 1048 ecclesiae
1353 999 1688 1049 terraemotu
1713 1012 1849 1051 con—

238 1099 412 1138 cussaa
426 1080 784 1136 ceciderunt.
801 1084 863 1135 In
887 1082 1284 1151 paschalivero
1300 1083 1626 1151 festivitate,
1650 1084 1854 1139 beatis-

233 1172 382 1226 simo
398 1172 679 1225 Mamerto
698 1170 959 1240 ejusdem
976 1171 1131 1225 urbis
1151 1171 1416 1242 episcopo
1436 1172 1741 1228 missarum
1760 1191 1849 1229 so-

229 1259 455 1314 lemnia
475 1258 828 1326 celebrante,
846 1260 1125 1329 palatium
1150 1261 1362 1330 regale,
1385 1261 1539 1333 quod
1566 1261 1626 1316 in
1645 1262 1849 1317 eadem

229 1351 360 1403 erat
388 1346 643 1413 civitate,
666 1348 880 1402 caelesti
918 1351 1352 1403 concrematum
1397 1353 1483 1404 est
1529 1349 1684 1419 igne.
1712 1351 1851 1423 Lupi

226 1450 469 1506 quoque
481 1434 569 1488 vel
585 1434 1322 1507 ursi,silvisprofugi,eidem
1337 1436 1548 1491 civitati
1562 1437 1850 1492 innumeri

225 1526 542 1593 coeperunt
558 1540 679 1578 esse
696 1522 909 1591 infesti,
930 1524 1074 1580 adeo
1093 1528 1174 1592 ut,
1194 1526 1510 1579 multorum
1534 1527 1851 1581 lacerantes

224 1628 505 1684 corpora,
534 1613 771 1683 propria
795 1629 893 1667 eos
913 1616 1190 1683 cogerent
1211 1614 1473 1668 deserere
1503 1614 1847 1670 habitacula.

225 1700 402 1754 Unde
435 1704 797 1755 memoratus
834 1702 1118 1767 sacerdos,
1158 1702 1497 1757 adveniente
1536 1702 1849 1758 Dominicze

223 1789 603 1845 Ascensionis
623 1788 715 1845 die
744 1790 911 1857 festo,
932 1794 1244 1846 convocato
1265 1792 1480 1861 populo
1504 1808 1619 1863 prce
1630 1792 1852 1846 monuit

226 1894 414 1950 agere
438 1878 775 1934 triduanum
789 1878 1101 1951 jejunium,
1122 1896 1186 1934 ac
1203 1879 1618 1950 omnipotentis
1636 1880 1736 1933 Dei
1757 1896 1849 1934 ex-
1882 1874 1933 1934 B

1959 642 2103 701 tuto,
2134 638 2403 693 convenit
2419 636 2608 693 omnis
2626 637 2867 708 populus
2881 636 2952 690 ad
2970 636 3269 691 ecclesiam
3286 655 3416 692 cum
3436 657 3572 710 gau-

1959 728 2051 782 dio
2075 728 2297 781 litanias
2317 744 2618 797 peragens,
2643 744 2769 780 cum
2794 726 3321 797 triduanojejunio.
3356 728 3568 781 Exinde

1959 816 2378 885 pulcherrimus
2416 815 2474 869 in
2530 818 2727 868 sancta
2781 815 3084 869 universali
3140 814 3388 869 Ecclesia
3445 833 3571 870 nios

1958 904 2296 969 inolevit,ut,
2318 920 2547 975 quoque
2581 908 2863 958 terrarum
2890 905 3092 958 Christi
3125 906 3265 958 lidcs
3296 905 3568 960 diffundi-

1958 996 2067 1059 tur,
2088 1010 2121 1047 a
2138 994 2355 1047 cunctis
2386 993 2650 1048 fidelibus
2674 994 2759 1046 i183
2784 994 2996 1047 litanice
3021 1010 3151 1048 cum
3190 994 3568 1050 exsultatione

1956 1085 2329 1153 peragantur.

2028 1171 2452 1241 Porroinclytus
2466 1170 2900 1238 Clodoveus,rex
2918 1172 3290 1237 Francorum,
3310 1175 3492 1226 metas
3505 1171 3570 1226 si-

1954 1259 2009 1313 bi
2029 1259 2723 1330 attributiattingeusmvi,
2746 1260 3047 1314 defunctus
3061 1264 3164 1325 est,
3186 1278 3341 1316 anno
3366 1261 3566 1332 quinto

1956 1352 2261 1420 postquam
2287 1349 2573 1402 Alaricum
2606 1365 2807 1419 regem
2834 1350 3151 1403 Gothorum
3177 1349 3566 1413 interfecerat,

1955 1439 2012 1492 ct
2036 1436 2095 1492 in
2143 1434 2373 1490 basilica
2401 1436 2581 1491 sancti
2630 1438 2803 1503 Petri,
2834 1455 3007 1509 quam
3051 1438 3171 1508 ipse
3211 1442 3419 1509 rogatu
3452 1453 3568 1492 sum

1955 1524 2216 1594 conjugis
2244 1525 2642 1593 fabricaverat,
2661 1527 2914 1597 sepultus
2934 1530 3036 1580 est.
3070 1526 3349 1598 Regnavit
3370 1529 3569 1582 autem

1955 1611 2126 1666 annis
2154 1614 2616 1685 xxx,relinqnens
2647 1617 2894 1687 quatuor
2912 1615 3056 1669 filios
3091 1614 3259 1685 regni
3285 1615 3565 1669 hieredes.

1954 1702 2001 1753 Α
2030 1701 2272 1754 transitu
2303 1718 2436 1755 vero
2464 1703 2642 1756 sancti
2672 1702 2899 1757 Martini
2929 1720 3103 1774 usque
3135 1703 3207 1757 ad
3256 1703 3567 1758 transitum

1956 1788 2127 1860 ipsius
2151 1789 2416 1845 Clodovei
2446 1791 2594 1862 regis
2630 1795 3045 1863 computantur
3077 1792 3215 1846 anui
3253 1806 3383 1846 cxu.

1556 2004 1791 2077 Explicit
1834 2003 1961 2061 liber
1993 2006 2223 2076 primus.

998 2190 1421 2280 INCIPIT
1494 2189 1839 2279 LIBER
1914 2190 2544 2291 SECUNDUS,

770 2403 991 2457 CAPUT
1035 2401 1318 2457 PRIMUM.

224 2495 313 2549 De
359 2495 518 2563 regni
538 2491 878 2546 Francorum
902 2493 1044 2545 inter
1072 2491 1209 2560 ﬁlios
1240 2488 1491 2544 Clodovei
1526 2485 1844 2561 partitione.

306 2581 488 2654 igitur
510 2583 762 2653 quatuor
787 2579 886 2634 filii
910 2578 1200 2646 Clodovei,
1215 2577 1623 2646 Theodericus,
1639 2578 1844 2633 Clodo-

225 2671 437 2738 mirus,
468 2669 868 2725 Childebertus
896 2672 1067 2740 atque
1099 2666 1399 2735 Clotarius,
1426 2682 1673 2738 regnum
1696 2668 1848 2721 inter

223 2779 287 2816 se
315 2761 664 2832 aequalance
688 2758 969 2814 dividunt.
995 2759 1063 2813 Et
1079 2757 1466 2812 Theodericus
1499 2757 1731 2829 quidem
1750 2774 1847 2813 se—

225 2851 365 2904 dem
392 2848 556 2919 regni
578 2846 812 2901 sortitus
825 2849 910 2901 est
928 2844 1105 2911 Metis,
1120 2844 1487 2909 Clodomirus
1502 2844 1843 2909 Aurelianis,

228 2935 519 2993 Clotarius
539 2934 877 3000 Suessionis,
911 2932 1308 2988 Childebertus
1339 2933 1603 2999 Parisius,
1648 2949 1762 3005 quo
1790 2938 1847 2987 et

228 3029 402 3097 pater
421 3040 648 3080 eorum.
669 3023 792 3087 Quo
812 3026 1073 3093 tempore
1095 3020 1485 3075 sanctissimus
1507 3037 1654 3092 papa
1673 3022 1843 3075 Joan-

230 3130 356 3181 nes,
372 3112 473 3185 qui
486 3109 803 3167 llormisdze
814 3112 1180 3176 successerat,
1196 3108 1760 3180 Constantinopolim
1774 3110 1848 3163 ad

228 3203 656 3273 imperatorem
670 3199 956 3255 Iustinum
974 3200 1060 3252 est
1084 3197 1393 3270 profectus,
1428 3214 1462 3252 a
1487 3197 1844 3252 Theoderico

228 3291 553 3345 Gothorum
586 3305 722 3359 rege
752 3286 973 3342 missus.
997 3285 1248 3340 Justinus
1269 3293 1520 3357 namque
1538 3287 1846 3357 Augustus,

228 3395 365 3433 cum
387 3380 539 3433 esset
562 3377 648 3431 vir
668 3376 784 3431 fide
804 3374 1135 3443 catholicus,
1159 3374 1459 3430 haereticos
1476 3374 1845 3447 impugnans,

230 3466 503 3522 ecclesias
533 3481 738 3521 eorum
764 3462 1099 3518 orthodoxis
1124 3462 1576 3530 condonaverat,
1609 3463 1849 3518 consilio

1872 2404 1926 2463 A
1948 2400 2164 2455 musica
2180 2400 2251 2455 ab
2271 2418 2338 2455 eo
2359 2402 2717 2468 translata,et
2733 2401 3067 2457 Latinorum
3079 2402 3203 2473 jam
3212 2402 3566 2457 dudumeam

1949 2489 2400 2544 desiderantium
2434 2491 2669 2545 auribus
2698 2491 3114 2546 delectabiliter
3144 2491 3351 2547 infusa.
3387 2495 3563 2547 Porro

1948 2578 2204 2648 ejusdem
2237 2579 2307 2633 de
2332 2582 2542 2634 sanctae
2570 2578 2859 2634 Trinitatis
2882 2580 3471 2635 consubstantialitate
3498 2581 3563 2635 li-

1947 2666 2051 2722 ber
2080 2667 2297 2738 liquido
2337 2669 2588 2723 ostendit
2612 2685 2788 2741 quam
2815 2670 3195 2737 eximiussuo,
3224 2670 3267 2724 si
3293 2670 3562 2736 licuisset,

1946 2759 2207 2829 tempore
2221 2761 2431 2813 sanctae
2454 2759 2702 2813 ecclesiae
2725 2760 2960 2815 colonus
2977 2759 3565 2815 exstitisset.Theodo-

1947 2845 2095 2899 ricus
2124 2848 2319 2900 autem
2352 2849 2471 2900 tam
2506 2848 2780 2901 immanis
2799 2848 3028 2902 sceleris
3075 2849 3269 2903 statim
3311 2848 3559 2920 pretium

1948 2932 2071 2986 luit.
2111 2935 2391 3005 Namque,
2416 2936 2800 3005 nonagesimo
2832 2941 3032 2991 octavo
3062 2941 3189 3008 post
3212 2937 3319 2991 hoc
3344 2938 3564 2991 facinus

1948 3021 2059 3089 die,
2093 3022 2279 3077 subita
2306 3027 2493 3078 morte
2525 3025 2827 3079 defunctus
2851 3025 3149 3096 indignam
3176 3025 3356 3080 vitam
3385 3026 3559 3097 digno

1949 3109 2101 3164 exitu
2132 3110 2335 3165 finivit.
2366 3111 2536 3182 Cujus
2561 3113 2820 3168 animam
2842 3113 3077 3186 quidem
3095 3113 3561 3186 solitarius,apud

1948 3197 2214 3268 Liparam
2239 3201 2764 3270 manensinsulam,
2794 3201 2952 3269 vidit,
2969 3201 3120 3255 inter
3132 3202 3559 3257 sanctissimum

1948 3301 2156 3356 papam
2194 3288 2477 3341 Joannem
2512 3293 2570 3342 et
2590 3288 3002 3360 Symmachum
3028 3307 3096 3344 ex
3127 3294 3358 3345 consule
3388 3290 3561 3346 dedu-

1948 3373 2187 3440 ctam,in
2204 3374 2435 3428 Vulcani
2450 3375 2709 3447 demergi
2723 3378 2993 3444 ollam,eo
3009 3379 3133 3432 loco
3147 3379 3558 3444 vicinam.Quze

1948 3462 2077 3517 ideo
2095 3461 2173 3516 sic
2187 3462 2414 3527 dicitur,
2441 3464 2595 3534 quod
2613 3464 2751 3519 inibi
2774 3469 3315 3537 manere,tauquam
3330 3484 3559 3522 zeneum

230 3554 547 3611 memorati
604 3569 769 3625 papa:
818 3569 971 3608 usus.
1023 3550 1388 3622 Quapropter
1441 3550 1848 3618 Theodericus,
1951 3567 2065 3617 vas,
2098 3550 2375 3605 fervescat
2401 3552 2471 3606 ab
2503 3552 2658 3623 igne.
2684 3552 2800 3607 Hoc
2831 3552 3006 3607 modo
3037 3554 3205 3624 periit
3244 3555 3558 3610 Theodori-

164 3648 167 3651 ⁷
227 3643 456 3698 Ariana:
486 3641 734 3697 existens
762 3641 1067 3709 haereseos,
1092 3656 1226 3695 eum
1258 3655 1390 3694 cum
1412 3639 1534 3695 aliis
1558 3638 1851 3695 catholicis
1950 3655 2066 3707 cus,
2099 3640 2275 3695 homo
2305 3639 2362 3693 in
2389 3640 2502 3694 suis
2532 3639 2707 3699 initiis
2736 3640 2993 3695 honestis
3012 3641 3234 3712 pollens
3277 3641 3557 3698 moribus.

227 3731 362 3786 viris
382 3731 457 3787 ad
490 3730 907 3801 imperatorem
940 3727 1166 3797 direxit,
1200 3728 1487 3783 mandans
1520 3728 1696 3800 quod,
1743 3722 1849 3781 nisi
1870 3723 1921 3781 B
1952 3727 2223 3783 Romanis
2253 3728 2468 3782 etenim
2506 3728 2775 3800 primitus
2800 3728 3109 3800 quotannis
3140 3730 3211 3784 ad
3243 3729 3558 3785 subsidium

225 3820 457 3875 Arianis
485 3818 748 3874 Ecclesiae
764 3817 1164 3885 redderentur,
1188 3816 1649 3871 cunctumltaliaa
1663 3832 1844 3889 popu-
1948 3816 2288 3873 conferebat
2310 3816 2479 3871 tritici
2508 3821 2744 3871 centum
2766 3815 2967 3888 viginti
2992 3816 3173 3871 millia
3199 3817 3555 3876 modiorum.

228 3912 347 3965 lum
381 3908 576 3981 gladio
606 3906 932 3980 percutiens
962 3905 1345 3977 extingueret.
1381 3906 1621 3960 Sanctus
1652 3908 1846 3960 autem
1949 3905 2055 3969 Qui
2083 3904 2316 3961 veniens
2347 3906 2420 3961 ad
2465 3908 2742 3973 extrema,
2765 3909 2828 3961 ut
2846 3922 2917 3960 ex
2948 3905 3336 3978 superioribus
3377 3909 3555 3979 patet,

226 3999 489 4066 antistes,
522 4000 586 4052 ut
614 4000 740 4053 erat
783 3995 1111 4066 languidus,
1152 3994 1261 4049 iter
1300 3993 1583 4067 arripiens
1614 3993 1843 4066 navigio
1946 3994 2150 4067 polluit
2173 3995 2384 4050 omnia.
2434 3996 2576 4050 Huic
2604 3996 2713 4051 fuit
2745 3995 2803 4050 in
2831 3995 3102 4068 conjugio
3138 3996 3343 4067 juncta
3395 4012 3564 4051 soror

229 4085 793 4157 Constantinopolim
834 4088 920 4139 est
953 4086 1197 4139 evectus.
1244 4082 1506 4138 Occurrit
1553 4086 1749 4137 autem
1792 4070 1844 4138 ei
1946 4074 3380 4157 ClodoveiFrancorum'regis,uomineAudetleda.
3415 4084 3557 4140 Suas

225 4176 305 4230 Au
311 4178 514 4247 gustus
523 4177 582 4229 et
595 4190 692 4228 om
702 4173 788 4228 nis
799 4171 1043 4227 civitatis
1057 4172 1261 4238 clerus,
1276 4171 1566 4241 gaudente
1581 4171 1843 4243 principe

227 4263 538 4336 suscepisse
554 4279 615 4318 se
643 4262 701 4316 in
724 4260 884 4332 regia
911 4260 1137 4315 civitate
1163 4260 1495 4332 pontificem
1521 4259 1673 4315 sedis
1701 4276 1840 4331 apo-

225 4352 464 4408 stolicae.
498 4349 786 4406 Peroratis
815 4366 954 4422 ergo
995 4365 1099 4421 pro
1131 4348 1338 4421 quibus
1374 4348 1520 4403 ierat
1560 4352 1617 4403 et
1656 4348 1839 4421 impe-

225 4441 412 4507 tratis,
435 4439 543 4512 ipsi
561 4439 782 4494 Iustino
818 4440 1095 4510 Augusto,
1114 4440 1177 4491 ut
1205 4436 1446 4491 vicarius
1474 4437 1628 4492 beati
1659 4436 1837 4499 Petri,

226 4529 591 4601 imperialem
606 4527 682 4581 im
690 4526 1190 4598 posuitcoronam,
1207 4515 1526 4596 et,accepta
1538 4527 1836 4581 remeandi

225 4618 480 4683 licentia,
498 4632 755 4670 reversus
765 4618 850 4669 est
864 4616 1219 4669 Ravennam.
1238 4613 1838 4683 QuemTheodoricus,

224 4724 294 4764 eo
311 4706 470 4780 quod
486 4705 753 4761 audierat
795 4721 929 4760 eum
949 4704 1021 4758 ab
1042 4705 1298 4773 Augusto
1321 4702 1635 4759 honorifice
1651 4721 1838 4760 susce-

225 4799 415 4868 ptum,
437 4793 662 4849 diutina
681 4791 937 4847 custodia
956 4795 1335 4858 maceratum,
1343 4791 1579 4862 jejuniis
1601 4808 1667 4847 ac
1679 4810 1843 4865 squa-

224 4900 348 4952 lore
362 4884 611 4940 carceris
626 4882 929 4950 afflictum,
955 4881 1223 4937 ultimum
1241 4881 1433 4953 coegit
1450 4882 1716 4938 exhalare
1734 4884 1844 4955 spi-

225 4976 426 5031 ritum.
450 4972 557 5038 Qui
571 4971 846 5027 deﬁciens
867 4971 1127 5026 animam
1151 4970 1374 5027 Christo
1399 4976 1621 5043 martyr
1650 4972 1842 5028 reddi-

1943 4188 2172 4244 quoque
2202 4190 2427 4228 sorores
2457 4178 2557 4229 aut
2603 4174 2748 4228 ﬁlias
2772 4174 3155 4229 Theodericus
3205 4173 3557 4247 principibus

1942 4259 2479 4331 circumpositarum
2499 4263 2815 4318 sociaverat
2827 4263 3153 4319 nationum.
3171 4264 3281 4317 Nec
3299 4264 3423 4317 erat
3441 4264 3558 4318 ulla

1940 4364 2083 4418 gens
2118 4348 2303 4404 vicina
2346 4351 2543 4419 ltalim,
2586 4353 2750 4421 cujus
2797 4368 2895 4406 rex
2926 4352 3049 4422 ejus
3081 4353 3227 4406 esset
3259 4351 3557 4406 affinitatis

1940 4439 2325 4510 expers.Nunc
2337 4443 2536 4512 cceptus
2552 4440 2818 4495 ordinem
2832 4456 3254 4513 prosequamur
3270 4439 3555 4495 Historias.

2595 4530 2817 4584 CAPUT
2846 4532 2911 4583 ll.

2069 4617 2152 4669 Dc
2183 4616 2309 4672 bello
2331 4620 2466 4672 inter
2492 4620 2688 4688 fratres
2714 4618 2775 4673 ob
2804 4620 3108 4673 divisionem
3132 4619 3281 4687 regni
3307 4624 3442 4673 orto.

2012 4704 2196 4761 Diviso
2227 4706 2671 4778 quadrifariam,
2704 4710 2766 4761 ut
2796 4725 2967 4779 supra
3018 4706 3383 4780 prmlibatum
3441 4710 3547 4773 est,

1941 4810 2145 4866 regno,
2170 4795 2581 4868 aliquantisper
2623 4812 2783 4849 serva
2830 4795 3114 4849 bellorum
3166 4794 3432 4864 quievere
3460 4795 3549 4848 in-

1943 4882 2167 4938 cendia.
2200 4884 2342 4938 Dani
2372 4902 2527 4951 vero,
2561 4901 2705 4956 gens
2750 4882 3190 4953 inquietissima,
3225 4882 3551 4937 conscensis

1945 4971 2382 5043 quampluribus
2412 4972 2828 5038 navibus,ﬁnes
2856 4970 3016 5041 regni
3046 4968 3548 5040 Theodericiregis

226 5065 326 5120 dit.
349 5063 508 5119 Alios
528 5077 760 5134 quoque
790 5059 888 5132 qui
913 5076 1045 5114 cum
1078 5075 1146 5114 eo
1191 5059 1441 5127 fuerant,
1471 5060 1684 5131 partim
1708 5060 1843 5132 igne
1865 5085 1912 5144 ο
1946 5059 2186 5131 ingressi
2212 5061 2655 5133 depopulantur.
2675 5062 2885 5115 Contra
2914 5075 3056 5130 quos
3076 5056 3435 5127 supradictus
3452 5074 3549 5113 rex

224 5151 525 5217 cremavit,
554 5148 768 5222 partim
797 5146 962 5202 variis
990 5146 1176 5218 poenis
1198 5146 1499 5203 interfecit.
1525 5150 1681 5204 Inter
1700 5165 1845 5221 quos
1946 5148 2130 5203 lilium
2160 5166 2325 5204 suum
2357 5150 2821 5205 Thcodebertum
2854 5166 2985 5203 cum
3012 5145 3264 5202 exercitu
3323 5144 3446 5199 illas
3476 5146 3551 5201 ad

225 5239 645 5315 Symmachum
678 5236 982 5309 patricium
1014 5238 1072 5290 et
1103 5236 1365 5290 Boetium
1390 5237 1511 5309 ejus
1535 5254 1842 5308 generum,

226 5335 353 5405 post
381 5326 634 5384 carceris
674 5327 1018 5393 custodiam,
1055 5325 1248 5398 gladio
1278 5326 1463 5397 puniri
1491 5326 1677 5397 jussit.
1714 5325 1841 5393 Qui,

224 5420 494 5474 videlicet
517 5415 767 5484 Boetius,
789 5432 965 5489 quam
983 5413 1226 5469 disertus
1247 5415 1423 5470 fuerit
1442 5415 1501 5470 in
1526 5414 1730 5469 litteris
1746 5431 1845 5468 sae-

224 5506 838 5576 cularibus,quamque
850 5503 1022 5559 fuerit
1033 5504 1433 5571 catholicus,ex
1449 5504 1572 5573 ejus
1582 5519 1848 5573 compro-

223 5597 394 5651 batur
428 5590 739 5649 codicibus.
763 5593 1025 5649 Testatur
1053 5593 1160 5647 hoc
1198 5594 1580 5658 arithmetica,
1616 5608 1844 5645 necnon

224 5681 558 5743 dialectica,
598 5678 717 5751 ipsa
760 5682 935 5739 etiam
981 5679 1244 5737 omnium
1277 5681 1484 5737 animis
1518 5679 1846 5752 gratissima

1944 5240 2137 5307 partes
2193 5237 2417 5292 direxit.
2449 5236 2576 5303 Qui,
2634 5239 2849 5309 fugatis
2892 5236 3151 5293 hostibus
3197 5233 3547 5306 captivisque

1946 5324 2175 5396 ereptis,
2207 5325 2387 5379 victor
2410 5342 2669 5380 reversus
2700 5330 2804 5380 est.

2574 5414 2796 5468 CAPUT
2824 5416 2912 5467 ΙΙΙ.

2306 5502 2388 5556 De
2420 5500 2662 5556 Clotildis
2690 5502 2761 5555 ad
2784 5520 2926 5571 reges
2946 5506 3208 5557 oratione.

2014 5589 2575 5663 Theodoricoitaque
2597 5607 2733 5659 rege
2773 5589 3042 5643 hostilem
3092 5590 3381 5646 incursum
3426 5604 3558 5660 pro-

1949 5677 2234 5749 pulsante,
2267 5678 2518 5735 Clotildis
2548 5679 2750 5755 regina
2770 5676 3022 5749 reliquos
3074 5678 3240 5745 filios,
3265 5672 3557 5732 Clodomi-
