  <div class='ocr_page' id='page_1' title='image "/cluster/home/n/w/nwhite01/storage/ocr_20150623/139/uva.x000829787/337.png"; bbox 0 0 3862 6210; ppageno 0'>
   <div class='ocr_carea' id='block_1_1' title="bbox 430 461 538 520">
    <p class='ocr_par' dir='ltr' id='par_1_1' title="bbox 430 461 538 520">
     <span class='ocr_line' id='line_1_1' title="bbox 430 461 538 520; baseline -0.019 0"><span class='ocrx_word' id='word_1_1' title='bbox 430 461 538 520; x_wconf 71' lang='lat'><strong>063</strong></span> 
     </span>
    </p>
   </div>
   <div class='ocr_carea' id='block_1_2' title="bbox 1533 451 2650 516">
    <p class='ocr_par' dir='ltr' id='par_1_2' title="bbox 1533 451 2650 516">
     <span class='ocr_line' id='line_1_2' title="bbox 1533 451 2650 516; baseline 0.004 -4"><span class='ocrx_word' id='word_1_2' title='bbox 1533 453 1799 513; x_wconf 76' lang='grc' dir='ltr'><strong>ΔΙΜΟΙΝΙ</strong></span> <span class='ocrx_word' id='word_1_3' title='bbox 1822 451 2135 514; x_wconf 74' lang='grc' dir='ltr'><strong>ΜΟΝΑΟΗΙ</strong></span> <span class='ocrx_word' id='word_1_4' title='bbox 2151 451 2650 516; x_wconf 69' lang='grc' dir='ltr'><strong>ΜιΟΒΙΛΟΕΝΒΙδ</strong></span> 
     </span>
    </p>
   </div>
   <div class='ocr_carea' id='block_1_3' title="bbox 3625 468 3712 528">
    <p class='ocr_par' dir='ltr' id='par_1_3' title="bbox 3625 468 3712 528">
     <span class='ocr_line' id='line_1_3' title="bbox 3625 468 3712 528; baseline 0.023 -2"><span class='ocrx_word' id='word_1_5' title='bbox 3625 468 3712 528; x_wconf 72' lang='grc'><strong>664</strong></span> 
     </span>
    </p>
   </div>
   <div class='ocr_carea' id='block_1_4' title="bbox 433 581 3713 663">
    <p class='ocr_par' dir='ltr' id='par_1_4' title="bbox 433 581 3713 663">
     <span class='ocr_line' id='line_1_4' title="bbox 433 581 3713 663; baseline 0.001 -19"><span class='ocrx_word' id='word_1_6' title='bbox 433 602 565 644; x_wconf 89' lang='lat' dir='ltr'><strong>rum</strong></span> <span class='ocrx_word' id='word_1_7' title='bbox 586 587 759 659; x_wconf 88' lang='lat' dir='ltr'><strong>atque</strong></span> <span class='ocrx_word' id='word_1_8' title='bbox 771 582 1223 652; x_wconf 88' lang='lat' dir='ltr'><strong>Childebertum,</strong></span> <span class='ocrx_word' id='word_1_9' title='bbox 1248 598 1475 640; x_wconf 86' lang='lat' dir='ltr'><strong>necnon</strong></span> <span class='ocrx_word' id='word_1_10' title='bbox 1504 581 1840 651; x_wconf 88' lang='lat' dir='ltr'><strong>Clotarium,</strong></span> <span class='ocrx_word' id='word_1_11' title='bbox 1869 582 2110 644; x_wconf 73' lang='lat' dir='ltr'><strong>advo—A</strong></span> <span class='ocrx_word' id='word_1_12' title='bbox 2138 587 2293 656; x_wconf 72' lang='lat' dir='ltr'><strong>fugae</strong></span> <span class='ocrx_word' id='word_1_13' title='bbox 2329 585 2594 658; x_wconf 66' lang='lat' dir='ltr'><strong>praesidio</strong></span> <span class='ocrx_word' id='word_1_14' title='bbox 2637 603 2698 644; x_wconf 87' lang='lat' dir='ltr'><strong>se</strong></span> <span class='ocrx_word' id='word_1_15' title='bbox 2739 587 3105 645; x_wconf 89' lang='lat' dir='ltr'><strong>commitunt.</strong></span> <span class='ocrx_word' id='word_1_16' title='bbox 3157 589 3551 663; x_wconf 84' lang='lat' dir='ltr'><strong>Sigismundus</strong></span> <span class='ocrx_word' id='word_1_17' title='bbox 3599 610 3713 651; x_wconf 81' lang='lat' dir='ltr'><strong>vero</strong></span> 
     </span>
    </p>
   </div>
   <div class='ocr_carea' id='block_1_5' title="bbox 433 671 2034 744">
    <p class='ocr_par' dir='ltr' id='par_1_5' title="bbox 433 671 2034 744">
     <span class='ocr_line' id='line_1_5' title="bbox 433 671 2034 744; baseline -0.004 -12"><span class='ocrx_word' id='word_1_18' title='bbox 433 693 591 743; x_wconf 92' lang='lat' dir='ltr'><strong>cans,</strong></span> <span class='ocrx_word' id='word_1_19' title='bbox 623 676 732 730; x_wconf 91' lang='lat' dir='ltr'><strong>hac</strong></span> <span class='ocrx_word' id='word_1_20' title='bbox 760 691 858 730; x_wconf 91' lang='lat' dir='ltr'><strong>eos</strong></span> <span class='ocrx_word' id='word_1_21' title='bbox 889 673 1150 729; x_wconf 89' lang='lat' dir='ltr'><strong>oratione</strong></span> <span class='ocrx_word' id='word_1_22' title='bbox 1179 671 1488 744; x_wconf 77' lang='lat' dir='ltr'><strong>alloquitur</strong></span> <span class='ocrx_word' id='word_1_23' title='bbox 1519 688 1533 726; x_wconf 88' lang='lat'><strong>:</strong></span> <span class='ocrx_word' id='word_1_24' title='bbox 1569 691 1600 724; x_wconf 86' lang='lat'><strong>&lt;&lt;</strong></span> <span class='ocrx_word' id='word_1_25' title='bbox 1635 671 2034 742; x_wconf 81' lang='lat' dir='ltr'><strong>Omnipotens,</strong></span> 
     </span>
    </p>
   </div>
   <div class='ocr_carea' id='block_1_6' title="bbox 434 761 2040 840">
    <p class='ocr_par' dir='ltr' id='par_1_6' title="bbox 434 761 2040 840">
     <span class='ocr_line' id='line_1_6' title="bbox 434 761 2040 840; baseline -0.005 -18"><span class='ocrx_word' id='word_1_26' title='bbox 434 765 643 840; x_wconf 80' lang='lat' dir='ltr'><strong>inquit,</strong></span> <span class='ocrx_word' id='word_1_27' title='bbox 675 765 848 820; x_wconf 77' lang='lat' dir='ltr'><strong>totius</strong></span> <span class='ocrx_word' id='word_1_28' title='bbox 879 763 1144 820; x_wconf 90' lang='lat' dir='ltr'><strong>conditor</strong></span> <span class='ocrx_word' id='word_1_29' title='bbox 1173 780 1238 818; x_wconf 93' lang='lat' dir='ltr'><strong>ac</strong></span> <span class='ocrx_word' id='word_1_30' title='bbox 1289 765 1480 818; x_wconf 80' lang='lat' dir='ltr'><strong>rector</strong></span> <span class='ocrx_word' id='word_1_31' title='bbox 1523 761 1698 829; x_wconf 90' lang='lat' dir='ltr'><strong>orbis,</strong></span> <span class='ocrx_word' id='word_1_32' title='bbox 1741 763 1911 826; x_wconf 83' lang='lat' dir='ltr'><strong>Deus,</strong></span> <span class='ocrx_word' id='word_1_33' title='bbox 1944 777 2040 832; x_wconf 85' lang='lat' dir='ltr'><strong>pa-</strong></span> 
     </span>
    </p>
   </div>
   <div class='ocr_carea' id='block_1_7' title="bbox 435 850 2040 922">
    <p class='ocr_par' dir='ltr' id='par_1_7' title="bbox 435 850 2040 922">
     <span class='ocr_line' id='line_1_7' title="bbox 435 850 2040 922; baseline -0.003 -12"><span class='ocrx_word' id='word_1_34' title='bbox 435 854 588 910; x_wconf 90' lang='lat' dir='ltr'><strong>terni</strong></span> <span class='ocrx_word' id='word_1_35' title='bbox 613 871 710 910; x_wconf 90' lang='lat' dir='ltr'><strong>vos</strong></span> <span class='ocrx_word' id='word_1_36' title='bbox 735 851 1462 908; x_wconf 66' lang='lat' dir='ltr'><strong>idrovoluitessehaaredes</strong></span> <span class='ocrx_word' id='word_1_37' title='bbox 1487 850 1650 922; x_wconf 83' lang='lat' dir='ltr'><strong>regni</strong></span> <span class='ocrx_word' id='word_1_38' title='bbox 1667 851 1730 904; x_wconf 93' lang='lat' dir='ltr'><strong>ut</strong></span> <span class='ocrx_word' id='word_1_39' title='bbox 1759 853 2040 905; x_wconf 73' lang='lat' dir='ltr'><strong>maternae</strong></span> 
     </span>
    </p>
   </div>
   <div class='ocr_carea' id='block_1_8' title="bbox 425 940 2043 1012">
    <p class='ocr_par' dir='ltr' id='par_1_8' title="bbox 425 940 2043 1012">
     <span class='ocr_line' id='line_1_8' title="bbox 425 940 2043 1012; baseline -0.004 -12"><span class='ocrx_word' id='word_1_40' title='bbox 425 957 534 1000; x_wconf 74' lang='lat' dir='ltr'><strong>‘vos</strong></span> <span class='ocrx_word' id='word_1_41' title='bbox 554 944 930 1000; x_wconf 79' lang='lat' dir='ltr'><strong>constitueret</strong></span> <span class='ocrx_word' id='word_1_42' title='bbox 958 943 1208 998; x_wconf 84' lang='lat' dir='ltr'><strong>vindices</strong></span> <span class='ocrx_word' id='word_1_43' title='bbox 1229 942 1474 1012; x_wconf 83' lang='lat' dir='ltr'><strong>injuriae.</strong></span> <span class='ocrx_word' id='word_1_44' title='bbox 1498 940 1877 1012; x_wconf 84' lang='lat' dir='ltr'><strong>QuaprOpter,</strong></span> <span class='ocrx_word' id='word_1_45' title='bbox 1907 940 2043 994; x_wconf 88' lang='lat' dir='ltr'><strong>dile-</strong></span> 
     </span>
    </p>
   </div>
   <div class='ocr_carea' id='block_1_9' title="bbox 436 1028 2043 1099">
    <p class='ocr_par' dir='ltr' id='par_1_9' title="bbox 436 1028 2043 1099">
     <span class='ocr_line' id='line_1_9' title="bbox 436 1028 2043 1099; baseline -0.004 -11"><span class='ocrx_word' id='word_1_46' title='bbox 436 1033 672 1088; x_wconf 90' lang='lat' dir='ltr'><strong>ctissimi</strong></span> <span class='ocrx_word' id='word_1_47' title='bbox 701 1033 824 1099; x_wconf 80' lang='lat' dir='ltr'><strong>filii,</strong></span> <span class='ocrx_word' id='word_1_48' title='bbox 855 1031 1102 1087; x_wconf 81' lang='lat' dir='ltr'><strong>feliciter</strong></span> <span class='ocrx_word' id='word_1_49' title='bbox 1129 1030 1523 1098; x_wconf 89' lang='lat' dir='ltr'><strong>nati,felicitur</strong></span> <span class='ocrx_word' id='word_1_50' title='bbox 1553 1028 1798 1094; x_wconf 79' lang='lat' dir='ltr'><strong>educati,</strong></span> <span class='ocrx_word' id='word_1_51' title='bbox 1819 1029 1862 1082; x_wconf 88' lang='lat' dir='ltr'><strong>si</strong></span> <span class='ocrx_word' id='word_1_52' title='bbox 1895 1029 2043 1083; x_wconf 82' lang='lat' dir='ltr'><strong>bene</strong></span> 
     </span>
    </p>
   </div>
   <div class='ocr_carea' id='block_1_10' title="bbox 437 1117 2044 1194">
    <p class='ocr_par' dir='ltr' id='par_1_10' title="bbox 437 1117 2044 1194">
     <span class='ocr_line' id='line_1_10' title="bbox 437 1117 2044 1194; baseline -0.005 -16"><span class='ocrx_word' id='word_1_53' title='bbox 437 1122 576 1194; x_wconf 90' lang='lat' dir='ltr'><strong>quid</strong></span> <span class='ocrx_word' id='word_1_54' title='bbox 606 1122 677 1176; x_wconf 93' lang='lat' dir='ltr'><strong>de</strong></span> <span class='ocrx_word' id='word_1_55' title='bbox 690 1121 848 1176; x_wconf 89' lang='lat' dir='ltr'><strong>vobis</strong></span> <span class='ocrx_word' id='word_1_56' title='bbox 860 1119 1176 1194; x_wconf 90' lang='lat' dir='ltr'><strong>promerui,</strong></span> <span class='ocrx_word' id='word_1_57' title='bbox 1197 1118 1535 1174; x_wconf 87' lang='lat' dir='ltr'><strong>ulciscimini</strong></span> <span class='ocrx_word' id='word_1_58' title='bbox 1549 1117 2044 1190; x_wconf 79' lang='lat' dir='ltr'><strong>quaeso,injustam</strong></span> 
     </span>
    </p>
   </div>
   <div class='ocr_carea' id='block_1_11' title="bbox 435 1207 2047 1284">
    <p class='ocr_par' dir='ltr' id='par_1_11' title="bbox 435 1207 2047 1284">
     <span class='ocr_line' id='line_1_11' title="bbox 435 1207 2047 1284; baseline -0.004 -18"><span class='ocrx_word' id='word_1_59' title='bbox 435 1211 617 1284; x_wconf 82' lang='lat' dir='ltr'><strong>patris</strong></span> <span class='ocrx_word' id='word_1_60' title='bbox 643 1211 956 1282; x_wconf 85' lang='lat' dir='ltr'><strong>matrisque</strong></span> <span class='ocrx_word' id='word_1_61' title='bbox 989 1225 1134 1264; x_wconf 57' lang='lat' dir='ltr'><strong>mea;</strong></span> <span class='ocrx_word' id='word_1_62' title='bbox 1165 1207 1627 1263; x_wconf 86' lang='lat' dir='ltr'><strong>infandissimam</strong></span> <span class='ocrx_word' id='word_1_63' title='bbox 1660 1223 1883 1261; x_wconf 85' lang='lat' dir='ltr'><strong>necem.</strong></span> <span class='ocrx_word' id='word_1_64' title='bbox 1907 1207 2047 1261; x_wconf 86' lang='lat' dir='ltr'><strong>Gau-</strong></span> 
     </span>
    </p>
   </div>
   <div class='ocr_carea' id='block_1_12' title="bbox 438 1295 2044 1373">
    <p class='ocr_par' dir='ltr' id='par_1_12' title="bbox 438 1295 2044 1373">
     <span class='ocr_line' id='line_1_12' title="bbox 438 1295 2044 1373; baseline -0.004 -19"><span class='ocrx_word' id='word_1_65' title='bbox 438 1301 630 1368; x_wconf 92' lang='lat' dir='ltr'><strong>deam,</strong></span> <span class='ocrx_word' id='word_1_66' title='bbox 655 1299 916 1373; x_wconf 89' lang='lat' dir='ltr'><strong>inquam,</strong></span> <span class='ocrx_word' id='word_1_67' title='bbox 947 1299 1052 1353; x_wconf 88' lang='lat' dir='ltr'><strong>hos</strong></span> <span class='ocrx_word' id='word_1_68' title='bbox 1080 1315 1175 1352; x_wconf 88' lang='lat' dir='ltr'><strong>me</strong></span> <span class='ocrx_word' id='word_1_69' title='bbox 1213 1296 1494 1352; x_wconf 89' lang='lat' dir='ltr'><strong>enutrisse</strong></span> <span class='ocrx_word' id='word_1_70' title='bbox 1537 1295 1788 1352; x_wconf 81' lang='lat' dir='ltr'><strong>materni</strong></span> <span class='ocrx_word' id='word_1_71' title='bbox 1816 1312 2044 1350; x_wconf 82' lang='lat' dir='ltr'><strong>exsecu-</strong></span> 
     </span>
    </p>
   </div>
   <div class='ocr_carea' id='block_1_13' title="bbox 437 1383 2047 1459">
    <p class='ocr_par' dir='ltr' id='par_1_13' title="bbox 437 1383 2047 1459">
     <span class='ocr_line' id='line_1_13' title="bbox 437 1383 2047 1459; baseline -0.003 -16"><span class='ocrx_word' id='word_1_72' title='bbox 437 1392 593 1443; x_wconf 87' lang='lat' dir='ltr'><strong>tores</strong></span> <span class='ocrx_word' id='word_1_73' title='bbox 605 1388 696 1443; x_wconf 92' lang='lat' dir='ltr'><strong>dol</strong></span> <span class='ocrx_word' id='word_1_74' title='bbox 707 1388 1095 1459; x_wconf 87' lang='lat' dir='ltr'><strong>oris,quorum</strong></span> <span class='ocrx_word' id='word_1_75' title='bbox 1114 1384 1429 1457; x_wconf 89' lang='lat' dir='ltr'><strong>ingemisco</strong></span> <span class='ocrx_word' id='word_1_76' title='bbox 1443 1385 1660 1456; x_wconf 85' lang='lat' dir='ltr'><strong>perisse</strong></span> <span class='ocrx_word' id='word_1_77' title='bbox 1679 1401 1832 1452; x_wconf 84' lang='lat' dir='ltr'><strong>avos,</strong></span> <span class='ocrx_word' id='word_1_78' title='bbox 1849 1383 2047 1456; x_wconf 84' lang='lat' dir='ltr'><strong>magni</strong></span> 
     </span>
    </p>
   </div>
   <div class='ocr_carea' id='block_1_14' title="bbox 437 1471 2047 1546">
    <p class='ocr_par' dir='ltr' id='par_1_14' title="bbox 437 1471 2047 1546">
     <span class='ocr_line' id='line_1_14' title="bbox 437 1471 2047 1546; baseline -0.003 -15"><span class='ocrx_word' id='word_1_79' title='bbox 437 1475 484 1531; x_wconf 91' lang='lat' dir='ltr'><strong>si</strong></span> <span class='ocrx_word' id='word_1_80' title='bbox 505 1475 838 1531; x_wconf 87' lang='lat' dir='ltr'><strong>adviverent</strong></span> <span class='ocrx_word' id='word_1_81' title='bbox 869 1479 1131 1530; x_wconf 86' lang='lat' dir='ltr'><strong>auctores</strong></span> <span class='ocrx_word' id='word_1_82' title='bbox 1153 1473 1410 1529; x_wconf 83' lang='lat' dir='ltr'><strong>honoris.</strong></span> <span class='ocrx_word' id='word_1_83' title='bbox 1431 1474 1624 1546; x_wconf 88' lang='lat' dir='ltr'><strong>Neque</strong></span> <span class='ocrx_word' id='word_1_84' title='bbox 1649 1473 1870 1528; x_wconf 89' lang='lat' dir='ltr'><strong>etenim</strong></span> <span class='ocrx_word' id='word_1_85' title='bbox 1889 1471 2047 1544; x_wconf 88' lang='lat' dir='ltr'><strong>parvi</strong></span> 
     </span>
    </p>
   </div>
   <div class='ocr_carea' id='block_1_15' title="bbox 440 1559 2050 1635">
    <p class='ocr_par' dir='ltr' id='par_1_15' title="bbox 440 1559 2050 1635">
     <span class='ocr_line' id='line_1_15' title="bbox 440 1559 2050 1635; baseline -0.002 -16"><span class='ocrx_word' id='word_1_86' title='bbox 440 1564 750 1635; x_wconf 90' lang='lat' dir='ltr'><strong>pendenda</strong></span> <span class='ocrx_word' id='word_1_87' title='bbox 765 1562 1020 1619; x_wconf 87' lang='lat' dir='ltr'><strong>estvobis</strong></span> <span class='ocrx_word' id='word_1_88' title='bbox 1033 1579 1204 1618; x_wconf 92' lang='lat' dir='ltr'><strong>causa</strong></span> <span class='ocrx_word' id='word_1_89' title='bbox 1222 1578 1486 1616; x_wconf 89' lang='lat' dir='ltr'><strong>mearum</strong></span> <span class='ocrx_word' id='word_1_90' title='bbox 1515 1563 1904 1632; x_wconf 89' lang='lat' dir='ltr'><strong>querelarum,</strong></span> <span class='ocrx_word' id='word_1_91' title='bbox 1929 1559 2050 1632; x_wconf 84' lang='lat' dir='ltr'><strong>qui-</strong></span> 
     </span>
    </p>
   </div>
   <div class='ocr_carea' id='block_1_16' title="bbox 438 1649 2048 1726">
    <p class='ocr_par' dir='ltr' id='par_1_16' title="bbox 438 1649 2048 1726">
     <span class='ocr_line' id='line_1_16' title="bbox 438 1649 2048 1726; baseline -0.004 -17"><span class='ocrx_word' id='word_1_92' title='bbox 438 1653 798 1726; x_wconf 88' lang='lat' dir='ltr'><strong>buscontigit</strong></span> <span class='ocrx_word' id='word_1_93' title='bbox 814 1655 1110 1708; x_wconf 87' lang='lat' dir='ltr'><strong>tantorum</strong></span> <span class='ocrx_word' id='word_1_94' title='bbox 1132 1668 1327 1706; x_wconf 88' lang='lat' dir='ltr'><strong>carere</strong></span> <span class='ocrx_word' id='word_1_95' title='bbox 1347 1649 1682 1722; x_wconf 89' lang='lat' dir='ltr'><strong>patrociniis</strong></span> <span class='ocrx_word' id='word_1_96' title='bbox 1693 1649 2048 1723; x_wconf 87' lang='lat' dir='ltr'><strong>propinquo-</strong></span> 
     </span>
    </p>
   </div>
   <div class='ocr_carea' id='block_1_17' title="bbox 435 1737 2050 1815">
    <p class='ocr_par' dir='ltr' id='par_1_17' title="bbox 435 1737 2050 1815">
     <span class='ocr_line' id='line_1_17' title="bbox 435 1737 2050 1815; baseline -0.004 -16"><span class='ocrx_word' id='word_1_97' title='bbox 435 1758 742 1815; x_wconf 88' lang='lat' dir='ltr'><strong>rum,quos</strong></span> <span class='ocrx_word' id='word_1_98' title='bbox 760 1741 920 1796; x_wconf 86' lang='lat' dir='ltr'><strong>vobis</strong></span> <span class='ocrx_word' id='word_1_99' title='bbox 945 1737 1405 1796; x_wconf 89' lang='lat' dir='ltr'><strong>abstulitinimici</strong></span> <span class='ocrx_word' id='word_1_100' title='bbox 1426 1741 1590 1794; x_wconf 87' lang='lat' dir='ltr'><strong>atrox</strong></span> <span class='ocrx_word' id='word_1_101' title='bbox 1618 1737 1850 1804; x_wconf 87' lang='lat' dir='ltr'><strong>invidia,</strong></span> <span class='ocrx_word' id='word_1_102' title='bbox 1869 1738 2050 1811; x_wconf 90' lang='lat' dir='ltr'><strong>prius-</strong></span> 
     </span>
    </p>
   </div>
   <div class='ocr_carea' id='block_1_18' title="bbox 439 1825 2050 1904">
    <p class='ocr_par' dir='ltr' id='par_1_18' title="bbox 439 1825 2050 1904">
     <span class='ocr_line' id='line_1_18' title="bbox 439 1825 2050 1904; baseline -0.002 -18"><span class='ocrx_word' id='word_1_103' title='bbox 439 1847 616 1904; x_wconf 90' lang='lat' dir='ltr'><strong>quam</strong></span> <span class='ocrx_word' id='word_1_104' title='bbox 655 1830 828 1902; x_wconf 85' lang='lat' dir='ltr'><strong>hujus</strong></span> <span class='ocrx_word' id='word_1_105' title='bbox 873 1829 1004 1884; x_wconf 67' lang='lat' dir='ltr'><strong>vitas</strong></span> <span class='ocrx_word' id='word_1_106' title='bbox 1050 1825 1423 1900; x_wconf 88' lang='lat' dir='ltr'><strong>perciperetis</strong></span> <span class='ocrx_word' id='word_1_107' title='bbox 1461 1827 1868 1882; x_wconf 90' lang='lat' dir='ltr'><strong>obleetamina.</strong></span> <span class='ocrx_word' id='word_1_108' title='bbox 1902 1825 2050 1890; x_wconf 85' lang='lat' dir='ltr'><strong>Quid</strong></span> 
     </span>
    </p>
   </div>
   <div class='ocr_carea' id='block_1_19' title="bbox 2141 676 3715 752">
    <p class='ocr_par' dir='ltr' id='par_1_19' title="bbox 2141 676 3715 752">
     <span class='ocr_line' id='line_1_19' title="bbox 2141 676 3715 752; baseline 0.008 -26"><span class='ocrx_word' id='word_1_109' title='bbox 2141 689 2273 727; x_wconf 89' lang='lat' dir='ltr'><strong>cum</strong></span> <span class='ocrx_word' id='word_1_110' title='bbox 2291 676 2532 730; x_wconf 86' lang='lat' dir='ltr'><strong>tutelam</strong></span> <span class='ocrx_word' id='word_1_111' title='bbox 2546 679 2875 732; x_wconf 89' lang='lat' dir='ltr'><strong>sanctorum</strong></span> <span class='ocrx_word' id='word_1_112' title='bbox 2893 679 2933 733; x_wconf 89' lang='lat' dir='ltr'><strong>A</strong></span> <span class='ocrx_word' id='word_1_113' title='bbox 2942 679 3324 750; x_wconf 89' lang='lat' dir='ltr'><strong>gaunensium</strong></span> <span class='ocrx_word' id='word_1_114' title='bbox 3337 683 3638 752; x_wconf 86' lang='lat' dir='ltr'><strong>martyrum</strong></span> <span class='ocrx_word' id='word_1_115' title='bbox 3649 683 3715 738; x_wconf 91' lang='lat' dir='ltr'><strong>ci-</strong></span> 
     </span>
    </p>
   </div>
   <div class='ocr_carea' id='block_1_20' title="bbox 2137 764 3714 843">
    <p class='ocr_par' dir='ltr' id='par_1_20' title="bbox 2137 764 3714 843">
     <span class='ocr_line' id='line_1_20' title="bbox 2137 764 3714 843; baseline 0.006 -26"><span class='ocrx_word' id='word_1_116' title='bbox 2137 764 2256 817; x_wconf 89' lang='lat' dir='ltr'><strong>tato</strong></span> <span class='ocrx_word' id='word_1_117' title='bbox 2276 767 2567 836; x_wconf 82' lang='lat' dir='ltr'><strong>expeteret</strong></span> <span class='ocrx_word' id='word_1_118' title='bbox 2587 783 2776 835; x_wconf 85' lang='lat' dir='ltr'><strong>cursu,</strong></span> <span class='ocrx_word' id='word_1_119' title='bbox 2793 785 2825 822; x_wconf 90' lang='lat' dir='ltr'><strong>a</strong></span> <span class='ocrx_word' id='word_1_120' title='bbox 2849 767 3202 831; x_wconf 85' lang='lat' dir='ltr'><strong>Clodomiro,</strong></span> <span class='ocrx_word' id='word_1_121' title='bbox 3218 769 3558 824; x_wconf 87' lang='lat' dir='ltr'><strong>Francorum</strong></span> <span class='ocrx_word' id='word_1_122' title='bbox 3577 787 3714 843; x_wconf 83' lang='lat' dir='ltr'><strong>rege,</strong></span> 
     </span>
    </p>
   </div>
   <div class='ocr_carea' id='block_1_21' title="bbox 2139 850 3718 928">
    <p class='ocr_par' dir='ltr' id='par_1_21' title="bbox 2139 850 3718 928">
     <span class='ocr_line' id='line_1_21' title="bbox 2139 850 3718 928; baseline 0.007 -25"><span class='ocrx_word' id='word_1_123' title='bbox 2139 850 2236 920; x_wconf 89' lang='lat' dir='ltr'><strong>qui</strong></span> <span class='ocrx_word' id='word_1_124' title='bbox 2277 868 2409 906; x_wconf 90' lang='lat' dir='ltr'><strong>eum</strong></span> <span class='ocrx_word' id='word_1_125' title='bbox 2449 855 2924 925; x_wconf 88' lang='lat' dir='ltr'><strong>persequebatur,</strong></span> <span class='ocrx_word' id='word_1_126' title='bbox 2967 858 3168 927; x_wconf 89' lang='lat' dir='ltr'><strong>captus</strong></span> <span class='ocrx_word' id='word_1_127' title='bbox 3212 859 3382 928; x_wconf 90' lang='lat' dir='ltr'><strong>atque</strong></span> <span class='ocrx_word' id='word_1_128' title='bbox 3430 859 3718 914; x_wconf 78' lang='lat' dir='ltr'><strong>Aurelianis</strong></span> 
     </span>
    </p>
   </div>
   <div class='ocr_carea' id='block_1_22' title="bbox 2143 939 3718 1016">
    <p class='ocr_par' dir='ltr' id='par_1_22' title="bbox 2143 939 3718 1016">
     <span class='ocr_line' id='line_1_22' title="bbox 2143 939 3718 1016; baseline 0.006 -24"><span class='ocrx_word' id='word_1_129' title='bbox 2143 939 2468 1011; x_wconf 90' lang='lat' dir='ltr'><strong>perductus,</strong></span> <span class='ocrx_word' id='word_1_130' title='bbox 2513 942 2727 998; x_wconf 85' lang='lat' dir='ltr'><strong>carceri</strong></span> <span class='ocrx_word' id='word_1_131' title='bbox 2779 946 2866 998; x_wconf 86' lang='lat' dir='ltr'><strong>est</strong></span> <span class='ocrx_word' id='word_1_132' title='bbox 2919 944 3302 1016; x_wconf 89' lang='lat' dir='ltr'><strong>mancipatus.</strong></span> <span class='ocrx_word' id='word_1_133' title='bbox 3351 945 3502 1001; x_wconf 90' lang='lat' dir='ltr'><strong>Tunc</strong></span> <span class='ocrx_word' id='word_1_134' title='bbox 3544 946 3718 1001; x_wconf 87' lang='lat' dir='ltr'><strong>beatus</strong></span> 
     </span>
    </p>
   </div>
   <div class='ocr_carea' id='block_1_23' title="bbox 2141 1026 3718 1103">
    <p class='ocr_par' dir='ltr' id='par_1_23' title="bbox 2141 1026 3718 1103">
     <span class='ocr_line' id='line_1_23' title="bbox 2141 1026 3718 1103; baseline 0.006 -23"><span class='ocrx_word' id='word_1_135' title='bbox 2141 1026 2354 1091; x_wconf 76' lang='lat' dir='ltr'><strong>Avitus,</strong></span> <span class='ocrx_word' id='word_1_136' title='bbox 2385 1031 2482 1100; x_wconf 87' lang='lat' dir='ltr'><strong>qui</strong></span> <span class='ocrx_word' id='word_1_137' title='bbox 2517 1030 2578 1084; x_wconf 92' lang='lat' dir='ltr'><strong>in</strong></span> <span class='ocrx_word' id='word_1_138' title='bbox 2610 1031 2899 1086; x_wconf 89' lang='lat' dir='ltr'><strong>territorio</strong></span> <span class='ocrx_word' id='word_1_139' title='bbox 2922 1033 3179 1103; x_wconf 89' lang='lat' dir='ltr'><strong>ejusdem</strong></span> <span class='ocrx_word' id='word_1_140' title='bbox 3213 1033 3368 1088; x_wconf 89' lang='lat' dir='ltr'><strong>urbis</strong></span> <span class='ocrx_word' id='word_1_141' title='bbox 3385 1035 3591 1089; x_wconf 87' lang='lat' dir='ltr'><strong>abbatis</strong></span> <span class='ocrx_word' id='word_1_142' title='bbox 3605 1035 3718 1089; x_wconf 86' lang='lat' dir='ltr'><strong>fun-</strong></span> 
     </span>
    </p>
   </div>
   <div class='ocr_carea' id='block_1_24' title="bbox 2144 1119 3718 1194">
    <p class='ocr_par' dir='ltr' id='par_1_24' title="bbox 2144 1119 3718 1194">
     <span class='ocr_line' id='line_1_24' title="bbox 2144 1119 3718 1194; baseline 0.002 -18"><span class='ocrx_word' id='word_1_143' title='bbox 2144 1122 2393 1184; x_wconf 80' lang='lat' dir='ltr'><strong>gebatur</strong></span> <span class='ocrx_word' id='word_1_144' title='bbox 2424 1119 2634 1186; x_wconf 88' lang='lat' dir='ltr'><strong>ofﬁcio,</strong></span> <span class='ocrx_word' id='word_1_145' title='bbox 2668 1137 2875 1192; x_wconf 88' lang='lat' dir='ltr'><strong>rogare</strong></span> <span class='ocrx_word' id='word_1_146' title='bbox 2919 1121 3314 1178; x_wconf 91' lang='lat' dir='ltr'><strong>Clodomirum</strong></span> <span class='ocrx_word' id='word_1_147' title='bbox 3340 1123 3504 1194; x_wconf 63' lang='lat' dir='ltr'><strong>coepit</strong></span> <span class='ocrx_word' id='word_1_148' title='bbox 3525 1140 3592 1178; x_wconf 91' lang='lat' dir='ltr'><strong>ne</strong></span> <span class='ocrx_word' id='word_1_149' title='bbox 3615 1127 3718 1180; x_wconf 90' lang='lat' dir='ltr'><strong>tam</strong></span> 
     </span>
    </p>
   </div>
   <div class='ocr_carea' id='block_1_25' title="bbox 2145 1209 3716 1282">
    <p class='ocr_par' dir='ltr' id='par_1_25' title="bbox 2145 1209 3716 1282">
     <span class='ocr_line' id='line_1_25' title="bbox 2145 1209 3716 1282; baseline 0.001 -17"><span class='ocrx_word' id='word_1_150' title='bbox 2145 1209 2477 1265; x_wconf 87' lang='lat' dir='ltr'><strong>excellentis</strong></span> <span class='ocrx_word' id='word_1_151' title='bbox 2525 1209 2840 1265; x_wconf 90' lang='lat' dir='ltr'><strong>nobilitatis</strong></span> <span class='ocrx_word' id='word_1_152' title='bbox 2866 1210 3223 1282; x_wconf 85' lang='lat' dir='ltr'><strong>insignisque</strong></span> <span class='ocrx_word' id='word_1_153' title='bbox 3254 1211 3517 1266; x_wconf 88' lang='lat' dir='ltr'><strong>bonitatis</strong></span> <span class='ocrx_word' id='word_1_154' title='bbox 3557 1212 3716 1266; x_wconf 87' lang='lat' dir='ltr'><strong>virum</strong></span> 
     </span>
    </p>
   </div>
   <div class='ocr_carea' id='block_1_26' title="bbox 2147 1298 3716 1366">
    <p class='ocr_par' dir='ltr' id='par_1_26' title="bbox 2147 1298 3716 1366">
     <span class='ocr_line' id='line_1_26' title="bbox 2147 1298 3716 1366; baseline 0.001 -13"><span class='ocrx_word' id='word_1_155' title='bbox 2147 1298 2273 1353; x_wconf 90' lang='lat' dir='ltr'><strong>neci</strong></span> <span class='ocrx_word' id='word_1_156' title='bbox 2301 1298 2578 1352; x_wconf 86' lang='lat' dir='ltr'><strong>traderet.</strong></span> <span class='ocrx_word' id='word_1_157' title='bbox 2614 1298 2780 1362; x_wconf 88' lang='lat' dir='ltr'><strong>Quod</strong></span> <span class='ocrx_word' id='word_1_158' title='bbox 2800 1299 2893 1353; x_wconf 88' lang='lat' dir='ltr'><strong>ille</strong></span> <span class='ocrx_word' id='word_1_159' title='bbox 2923 1299 3124 1355; x_wconf 90' lang='lat' dir='ltr'><strong>audire</strong></span> <span class='ocrx_word' id='word_1_160' title='bbox 3155 1299 3492 1366; x_wconf 89' lang='lat' dir='ltr'><strong>detrectans,</strong></span> <span class='ocrx_word' id='word_1_161' title='bbox 3523 1317 3642 1355; x_wconf 89' lang='lat' dir='ltr'><strong>eum</strong></span> <span class='ocrx_word' id='word_1_162' title='bbox 3667 1301 3716 1354; x_wconf 88' lang='lat' dir='ltr'><strong>in</strong></span> 
     </span>
    </p>
   </div>
   <div class='ocr_carea' id='block_1_27' title="bbox 2149 1386 3715 1460">
    <p class='ocr_par' dir='ltr' id='par_1_27' title="bbox 2149 1386 3715 1460">
     <span class='ocr_line' id='line_1_27' title="bbox 2149 1386 3715 1460; baseline 0.001 -19"><span class='ocrx_word' id='word_1_163' title='bbox 2149 1387 2299 1453; x_wconf 84' lang='lat' dir='ltr'><strong>villa,</strong></span> <span class='ocrx_word' id='word_1_164' title='bbox 2330 1387 2419 1440; x_wconf 91' lang='lat' dir='ltr'><strong>cui</strong></span> <span class='ocrx_word' id='word_1_165' title='bbox 2449 1386 2790 1456; x_wconf 87' lang='lat' dir='ltr'><strong>Calumpnia</strong></span> <span class='ocrx_word' id='word_1_166' title='bbox 2810 1403 3027 1442; x_wconf 89' lang='lat' dir='ltr'><strong>nomen</strong></span> <span class='ocrx_word' id='word_1_167' title='bbox 3046 1389 3150 1454; x_wconf 91' lang='lat' dir='ltr'><strong>est,</strong></span> <span class='ocrx_word' id='word_1_168' title='bbox 3181 1387 3512 1460; x_wconf 82' lang='lat' dir='ltr'><strong>perduci,ac</strong></span> <span class='ocrx_word' id='word_1_169' title='bbox 3530 1387 3715 1442; x_wconf 87' lang='lat' dir='ltr'><strong>ibidem</strong></span> 
     </span>
    </p>
   </div>
   <div class='ocr_carea' id='block_1_28' title="bbox 2147 1473 3717 1548">
    <p class='ocr_par' dir='ltr' id='par_1_28' title="bbox 2147 1473 3717 1548">
     <span class='ocr_line' id='line_1_28' title="bbox 2147 1473 3717 1548; baseline 0 -18"><span class='ocrx_word' id='word_1_170' title='bbox 2147 1491 2278 1530; x_wconf 91' lang='lat' dir='ltr'><strong>cum</strong></span> <span class='ocrx_word' id='word_1_171' title='bbox 2305 1473 2432 1529; x_wconf 89' lang='lat' dir='ltr'><strong>ﬂliis</strong></span> <span class='ocrx_word' id='word_1_172' title='bbox 2455 1474 2640 1544; x_wconf 89' lang='lat' dir='ltr'><strong>capite</strong></span> <span class='ocrx_word' id='word_1_173' title='bbox 2666 1491 2875 1530; x_wconf 77' lang='lat' dir='ltr'><strong>cmsum</strong></span> <span class='ocrx_word' id='word_1_174' title='bbox 2901 1473 2956 1529; x_wconf 90' lang='lat' dir='ltr'><strong>in</strong></span> <span class='ocrx_word' id='word_1_175' title='bbox 2985 1478 3230 1546; x_wconf 88' lang='lat' dir='ltr'><strong>puteum</strong></span> <span class='ocrx_word' id='word_1_176' title='bbox 3251 1475 3448 1548; x_wconf 90' lang='lat' dir='ltr'><strong>projici</strong></span> <span class='ocrx_word' id='word_1_177' title='bbox 3463 1475 3632 1546; x_wconf 89' lang='lat' dir='ltr'><strong>jussit.</strong></span> <span class='ocrx_word' id='word_1_178' title='bbox 3651 1476 3717 1530; x_wconf 91' lang='lat' dir='ltr'><strong>De</strong></span> 
     </span>
    </p>
   </div>
   <div class='ocr_carea' id='block_1_29' title="bbox 2147 1563 3716 1640">
    <p class='ocr_par' dir='ltr' id='par_1_29' title="bbox 2147 1563 3716 1640">
     <span class='ocr_line' id='line_1_29' title="bbox 2147 1563 3716 1640; baseline -0.001 -20"><span class='ocrx_word' id='word_1_179' title='bbox 2147 1581 2262 1638; x_wconf 91' lang='lat' dir='ltr'><strong>quo</strong></span> <span class='ocrx_word' id='word_1_180' title='bbox 2284 1563 2657 1640; x_wconf 84' lang='lat' dir='ltr'><strong>postmodum</strong></span> <span class='ocrx_word' id='word_1_181' title='bbox 2683 1563 2938 1618; x_wconf 87' lang='lat' dir='ltr'><strong>sublatus</strong></span> <span class='ocrx_word' id='word_1_182' title='bbox 2950 1566 3126 1636; x_wconf 88' lang='lat' dir='ltr'><strong>atque</strong></span> <span class='ocrx_word' id='word_1_183' title='bbox 3141 1565 3217 1620; x_wconf 90' lang='lat' dir='ltr'><strong>ad</strong></span> <span class='ocrx_word' id='word_1_184' title='bbox 3231 1565 3514 1620; x_wconf 88' lang='lat' dir='ltr'><strong>basilicam</strong></span> <span class='ocrx_word' id='word_1_185' title='bbox 3529 1567 3716 1618; x_wconf 81' lang='lat' dir='ltr'><strong>sancto.</strong></span> 
     </span>
    </p>
   </div>
   <div class='ocr_carea' id='block_1_30' title="bbox 2147 1652 3714 1726">
    <p class='ocr_par' dir='ltr' id='par_1_30' title="bbox 2147 1652 3714 1726">
     <span class='ocr_line' id='line_1_30' title="bbox 2147 1652 3714 1726; baseline 0 -18"><span class='ocrx_word' id='word_1_186' title='bbox 2147 1671 2276 1708; x_wconf 90' lang='lat' dir='ltr'><strong>rum</strong></span> <span class='ocrx_word' id='word_1_187' title='bbox 2308 1652 2737 1726; x_wconf 82' lang='lat' dir='ltr'><strong>Agaunensium</strong></span> <span class='ocrx_word' id='word_1_188' title='bbox 2766 1654 3031 1708; x_wconf 88' lang='lat' dir='ltr'><strong>devectus</strong></span> <span class='ocrx_word' id='word_1_189' title='bbox 3049 1658 3393 1726; x_wconf 83' lang='lat' dir='ltr'><strong>martyrum,</strong></span> <span class='ocrx_word' id='word_1_190' title='bbox 3415 1669 3540 1709; x_wconf 89' lang='lat' dir='ltr'><strong>cum</strong></span> <span class='ocrx_word' id='word_1_191' title='bbox 3569 1653 3714 1726; x_wconf 87' lang='lat' dir='ltr'><strong>digno</strong></span> 
     </span>
    </p>
   </div>
   <div class='ocr_carea' id='block_1_31' title="bbox 2151 1741 2789 1812">
    <p class='ocr_par' dir='ltr' id='par_1_31' title="bbox 2151 1741 2789 1812">
     <span class='ocr_line' id='line_1_31' title="bbox 2151 1741 2789 1812; baseline -0.002 -16"><span class='ocrx_word' id='word_1_192' title='bbox 2151 1745 2236 1796; x_wconf 91' lang='lat' dir='ltr'><strong>est</strong></span> <span class='ocrx_word' id='word_1_193' title='bbox 2263 1741 2486 1796; x_wconf 90' lang='lat' dir='ltr'><strong>honore</strong></span> <span class='ocrx_word' id='word_1_194' title='bbox 2517 1742 2789 1812; x_wconf 90' lang='lat' dir='ltr'><strong>sepultus.</strong></span> 
     </span>
    </p>
   </div>
   <div class='ocr_carea' id='block_1_32' title="bbox 2221 1828 3716 1902">
    <p class='ocr_par' dir='ltr' id='par_1_32' title="bbox 2221 1828 3716 1902">
     <span class='ocr_line' id='line_1_32' title="bbox 2221 1828 3716 1902; baseline 0 -18"><span class='ocrx_word' id='word_1_195' title='bbox 2221 1828 2404 1893; x_wconf 88' lang='lat' dir='ltr'><strong>Quem</strong></span> <span class='ocrx_word' id='word_1_196' title='bbox 2421 1833 2752 1885; x_wconf 90' lang='lat' dir='ltr'><strong>sanctorum</strong></span> <span class='ocrx_word' id='word_1_197' title='bbox 2765 1829 3008 1902; x_wconf 91' lang='lat' dir='ltr'><strong>collegio</strong></span> <span class='ocrx_word' id='word_1_198' title='bbox 3025 1830 3316 1886; x_wconf 84' lang='lat' dir='ltr'><strong>Christum</strong></span> <span class='ocrx_word' id='word_1_199' title='bbox 3333 1829 3624 1886; x_wconf 90' lang='lat' dir='ltr'><strong>Dominum</strong></span> <span class='ocrx_word' id='word_1_200' title='bbox 3637 1845 3716 1884; x_wconf 87' lang='lat' dir='ltr'><strong>an-</strong></span> 
     </span>
    </p>
   </div>
   <div class='ocr_carea' id='block_1_33' title="bbox 439 1906 3717 1991">
    <p class='ocr_par' dir='ltr' id='par_1_33' title="bbox 439 1906 3717 1991">
     <span class='ocr_line' id='line_1_33' title="bbox 439 1906 3717 1991; baseline -0.001 -17"><span class='ocrx_word' id='word_1_201' title='bbox 439 1936 572 1974; x_wconf 90' lang='lat' dir='ltr'><strong>vero</strong></span> <span class='ocrx_word' id='word_1_202' title='bbox 593 1917 713 1991; x_wconf 90' lang='lat' dir='ltr'><strong>spei</strong></span> <span class='ocrx_word' id='word_1_203' title='bbox 731 1917 802 1973; x_wconf 90' lang='lat' dir='ltr'><strong>sit</strong></span> <span class='ocrx_word' id='word_1_204' title='bbox 830 1916 1118 1988; x_wconf 88' lang='lat' dir='ltr'><strong>reliquum</strong></span> <span class='ocrx_word' id='word_1_205' title='bbox 1151 1915 1615 1970; x_wconf 88' lang='lat' dir='ltr'><strong>animadvertite.</strong></span> <span class='ocrx_word' id='word_1_206' title='bbox 1640 1914 1908 1986; x_wconf 89' lang='lat' dir='ltr'><strong>Nunquid</strong></span> <span class='ocrx_word' id='word_1_207' title='bbox 1925 1930 2050 1985; x_wconf 82' lang='lat' dir='ltr'><strong>par-</strong></span> <span class='ocrx_word' id='word_1_208' title='bbox 2076 1906 2129 1968; x_wconf 88' lang='grc' dir='ltr'>Β</span> <span class='ocrx_word' id='word_1_209' title='bbox 2151 1934 2504 1981; x_wconf 85' lang='lat' dir='ltr'><strong>numerasse.</strong></span> <span class='ocrx_word' id='word_1_210' title='bbox 2525 1918 2654 1976; x_wconf 92' lang='lat' dir='ltr'><strong>ideo</strong></span> <span class='ocrx_word' id='word_1_211' title='bbox 2668 1935 2784 1973; x_wconf 90' lang='lat' dir='ltr'><strong>non</strong></span> <span class='ocrx_word' id='word_1_212' title='bbox 2800 1919 3142 1990; x_wconf 87' lang='lat' dir='ltr'><strong>ambiguum</strong></span> <span class='ocrx_word' id='word_1_213' title='bbox 3158 1919 3403 1974; x_wconf 88' lang='lat' dir='ltr'><strong>habetur</strong></span> <span class='ocrx_word' id='word_1_214' title='bbox 3413 1919 3557 1990; x_wconf 88' lang='lat' dir='ltr'><strong>quod</strong></span> <span class='ocrx_word' id='word_1_215' title='bbox 3568 1917 3717 1972; x_wconf 88' lang='lat' dir='ltr'><strong>febri-</strong></span> 
     </span>
    </p>
   </div>
   <div class='ocr_carea' id='block_1_34' title="bbox 434 2003 2046 2079">
    <p class='ocr_par' dir='ltr' id='par_1_34' title="bbox 434 2003 2046 2079">
     <span class='ocr_line' id='line_1_34' title="bbox 434 2003 2046 2079; baseline -0.004 -16"><span class='ocrx_word' id='word_1_216' title='bbox 434 2005 870 2079; x_wconf 87' lang='lat' dir='ltr'><strong>citurosputatis</strong></span> <span class='ocrx_word' id='word_1_217' title='bbox 900 2003 1206 2076; x_wconf 89' lang='lat' dir='ltr'><strong>nepotibus</strong></span> <span class='ocrx_word' id='word_1_218' title='bbox 1235 2003 1333 2076; x_wconf 92' lang='lat' dir='ltr'><strong>qui</strong></span> <span class='ocrx_word' id='word_1_219' title='bbox 1364 2021 1482 2060; x_wconf 92' lang='lat' dir='ltr'><strong>non</strong></span> <span class='ocrx_word' id='word_1_220' title='bbox 1514 2007 1900 2078; x_wconf 33' lang='lat' dir='ltr'><strong>perpece&#39;runt</strong></span> <span class='ocrx_word' id='word_1_221' title='bbox 1929 2003 2046 2058; x_wconf 86' lang='lat' dir='ltr'><strong>fra-</strong></span> 
     </span>
    </p>
   </div>
   <div class='ocr_carea' id='block_1_35' title="bbox 438 2091 2046 2165">
    <p class='ocr_par' dir='ltr' id='par_1_35' title="bbox 438 2091 2046 2165">
     <span class='ocr_line' id='line_1_35' title="bbox 438 2091 2046 2165; baseline -0.004 -13"><span class='ocrx_word' id='word_1_222' title='bbox 438 2097 620 2153; x_wconf 88' lang='lat' dir='ltr'><strong>tribus</strong></span> <span class='ocrx_word' id='word_1_223' title='bbox 639 2094 750 2150; x_wconf 82' lang='lat' dir='ltr'><strong>?Et</strong></span> <span class='ocrx_word' id='word_1_224' title='bbox 763 2096 918 2149; x_wconf 91' lang='lat' dir='ltr'><strong>certe</strong></span> <span class='ocrx_word' id='word_1_225' title='bbox 939 2093 1068 2148; x_wconf 91' lang='lat' dir='ltr'><strong>illos</strong></span> <span class='ocrx_word' id='word_1_226' title='bbox 1083 2109 1260 2164; x_wconf 90' lang='lat' dir='ltr'><strong>parva</strong></span> <span class='ocrx_word' id='word_1_227' title='bbox 1288 2109 1394 2164; x_wconf 92' lang='lat' dir='ltr'><strong>pro</strong></span> <span class='ocrx_word' id='word_1_228' title='bbox 1421 2097 1583 2165; x_wconf 89' lang='lat' dir='ltr'><strong>parte</strong></span> <span class='ocrx_word' id='word_1_229' title='bbox 1613 2091 1776 2163; x_wconf 84' lang='lat' dir='ltr'><strong>regni</strong></span> <span class='ocrx_word' id='word_1_230' title='bbox 1800 2109 1830 2146; x_wconf 91' lang='lat' dir='ltr'><strong>e</strong></span> <span class='ocrx_word' id='word_1_231' title='bbox 1853 2091 2046 2147; x_wconf 92' lang='lat' dir='ltr'><strong>medio</strong></span> 
     </span>
    </p>
   </div>
   <div class='ocr_carea' id='block_1_36' title="bbox 437 2179 2048 2242">
    <p class='ocr_par' dir='ltr' id='par_1_36' title="bbox 437 2179 2048 2242">
     <span class='ocr_line' id='line_1_36' title="bbox 437 2179 2048 2242; baseline -0.005 0"><span class='ocrx_word' id='word_1_232' title='bbox 437 2185 790 2242; x_wconf 89' lang='lat' dir='ltr'><strong>sustulerunt</strong></span> <span class='ocrx_word' id='word_1_233' title='bbox 815 2181 1146 2238; x_wconf 89' lang='lat' dir='ltr'><strong>hominum.</strong></span> <span class='ocrx_word' id='word_1_234' title='bbox 1179 2181 1353 2236; x_wconf 88' lang='lat' dir='ltr'><strong>Vobis</strong></span> <span class='ocrx_word' id='word_1_235' title='bbox 1373 2185 1568 2236; x_wconf 87' lang='lat' dir='ltr'><strong>autem</strong></span> <span class='ocrx_word' id='word_1_236' title='bbox 1619 2179 1880 2236; x_wconf 88' lang='lat' dir='ltr'><strong>mitiores</strong></span> <span class='ocrx_word' id='word_1_237' title='bbox 1920 2180 2048 2234; x_wconf 90' lang='lat' dir='ltr'><strong>fore</strong></span> 
     </span>
    </p>
   </div>
   <div class='ocr_carea' id='block_1_37' title="bbox 435 2268 2049 2343">
    <p class='ocr_par' dir='ltr' id='par_1_37' title="bbox 435 2268 2049 2343">
     <span class='ocr_line' id='line_1_37' title="bbox 435 2268 2049 2343; baseline -0.005 -13"><span class='ocrx_word' id='word_1_238' title='bbox 435 2271 697 2339; x_wconf 90' lang='lat' dir='ltr'><strong>censetis,</strong></span> <span class='ocrx_word' id='word_1_239' title='bbox 723 2270 930 2343; x_wconf 87' lang='lat' dir='ltr'><strong>quibus</strong></span> <span class='ocrx_word' id='word_1_240' title='bbox 973 2269 1177 2324; x_wconf 89' lang='lat' dir='ltr'><strong>ablatis</strong></span> <span class='ocrx_word' id='word_1_241' title='bbox 1207 2285 1560 2340; x_wconf 88' lang='lat' dir='ltr'><strong>magnorum</strong></span> <span class='ocrx_word' id='word_1_242' title='bbox 1592 2268 1765 2323; x_wconf 91' lang='lat' dir='ltr'><strong>inerit</strong></span> <span class='ocrx_word' id='word_1_243' title='bbox 1800 2285 1928 2340; x_wconf 87' lang='lat' dir='ltr'><strong>spes</strong></span> <span class='ocrx_word' id='word_1_244' title='bbox 1962 2284 2049 2322; x_wconf 91' lang='lat' dir='ltr'><strong>re-</strong></span> 
     </span>
    </p>
   </div>
   <div class='ocr_carea' id='block_1_38' title="bbox 436 2356 2052 2434">
    <p class='ocr_par' dir='ltr' id='par_1_38' title="bbox 436 2356 2052 2434">
     <span class='ocr_line' id='line_1_38' title="bbox 436 2356 2052 2434; baseline -0.002 -18"><span class='ocrx_word' id='word_1_245' title='bbox 436 2361 729 2434; x_wconf 83' lang='lat' dir='ltr'><strong>gnorum?</strong></span> <span class='ocrx_word' id='word_1_246' title='bbox 751 2361 1014 2428; x_wconf 87' lang='lat' dir='ltr'><strong>Namque</strong></span> <span class='ocrx_word' id='word_1_247' title='bbox 1045 2357 1092 2411; x_wconf 90' lang='lat' dir='ltr'><strong>si</strong></span> <span class='ocrx_word' id='word_1_248' title='bbox 1118 2374 1220 2412; x_wconf 88' lang='lat' dir='ltr'><strong>vos</strong></span> <span class='ocrx_word' id='word_1_249' title='bbox 1245 2356 1466 2427; x_wconf 90' lang='lat' dir='ltr'><strong>justam</strong></span> <span class='ocrx_word' id='word_1_250' title='bbox 1489 2373 1607 2412; x_wconf 92' lang='lat' dir='ltr'><strong>non</strong></span> <span class='ocrx_word' id='word_1_251' title='bbox 1631 2357 1935 2428; x_wconf 87' lang='lat' dir='ltr'><strong>exegeritis</strong></span> <span class='ocrx_word' id='word_1_252' title='bbox 1965 2359 2052 2412; x_wconf 90' lang='lat' dir='ltr'><strong>ul-</strong></span> 
     </span>
    </p>
   </div>
   <div class='ocr_carea' id='block_1_39' title="bbox 436 2445 2050 2520">
    <p class='ocr_par' dir='ltr' id='par_1_39' title="bbox 436 2445 2050 2520">
     <span class='ocr_line' id='line_1_39' title="bbox 436 2445 2050 2520; baseline -0.002 -15"><span class='ocrx_word' id='word_1_253' title='bbox 436 2451 684 2515; x_wconf 90' lang='lat' dir='ltr'><strong>tionem,</strong></span> <span class='ocrx_word' id='word_1_254' title='bbox 709 2445 817 2520; x_wconf 90' lang='lat' dir='ltr'><strong>ipsi</strong></span> <span class='ocrx_word' id='word_1_255' title='bbox 845 2445 1004 2499; x_wconf 90' lang='lat' dir='ltr'><strong>vobis</strong></span> <span class='ocrx_word' id='word_1_256' title='bbox 1029 2445 1340 2499; x_wconf 87' lang='lat' dir='ltr'><strong>infaustam</strong></span> <span class='ocrx_word' id='word_1_257' title='bbox 1371 2445 1624 2499; x_wconf 87' lang='lat' dir='ltr'><strong>inferent</strong></span> <span class='ocrx_word' id='word_1_258' title='bbox 1643 2461 1864 2500; x_wconf 88' lang='lat' dir='ltr'><strong>necem.</strong></span> <span class='ocrx_word' id='word_1_259' title='bbox 1885 2445 2050 2511; x_wconf 91' lang='lat' dir='ltr'><strong>Quod</strong></span> 
     </span>
    </p>
   </div>
   <div class='ocr_carea' id='block_1_40' title="bbox 439 2531 2052 2600">
    <p class='ocr_par' dir='ltr' id='par_1_40' title="bbox 439 2531 2052 2600">
     <span class='ocr_line' id='line_1_40' title="bbox 439 2531 2052 2600; baseline -0.004 -7"><span class='ocrx_word' id='word_1_260' title='bbox 439 2539 485 2593; x_wconf 92' lang='lat' dir='ltr'><strong>si</strong></span> <span class='ocrx_word' id='word_1_261' title='bbox 513 2535 887 2592; x_wconf 88' lang='lat' dir='ltr'><strong>miseratione</strong></span> <span class='ocrx_word' id='word_1_262' title='bbox 923 2549 1039 2589; x_wconf 91' lang='lat' dir='ltr'><strong>non</strong></span> <span class='ocrx_word' id='word_1_263' title='bbox 1081 2531 1396 2588; x_wconf 90' lang='lat' dir='ltr'><strong>movemini</strong></span> <span class='ocrx_word' id='word_1_264' title='bbox 1439 2535 1826 2600; x_wconf 85' lang='lat' dir='ltr'><strong>mortuorum,</strong></span> <span class='ocrx_word' id='word_1_265' title='bbox 1855 2531 2052 2587; x_wconf 83' lang='lat' dir='ltr'><strong>anxios</strong></span> 
     </span>
    </p>
   </div>
   <div class='ocr_carea' id='block_1_41' title="bbox 441 2618 2048 2693">
    <p class='ocr_par' dir='ltr' id='par_1_41' title="bbox 441 2618 2048 2693">
     <span class='ocr_line' id='line_1_41' title="bbox 441 2618 2048 2693; baseline -0.005 -12"><span class='ocrx_word' id='word_1_266' title='bbox 441 2627 648 2681; x_wconf 88' lang='lat' dir='ltr'><strong>saltem</strong></span> <span class='ocrx_word' id='word_1_267' title='bbox 680 2636 948 2678; x_wconf 90' lang='lat' dir='ltr'><strong>meorum</strong></span> <span class='ocrx_word' id='word_1_268' title='bbox 979 2618 1462 2693; x_wconf 89' lang='lat' dir='ltr'><strong>contemplamini</strong></span> <span class='ocrx_word' id='word_1_269' title='bbox 1491 2619 1726 2674; x_wconf 76' lang='lat' dir='ltr'><strong>affectus</strong></span> <span class='ocrx_word' id='word_1_270' title='bbox 1745 2619 2048 2687; x_wconf 89' lang='lat' dir='ltr'><strong>viscerum,</strong></span> 
     </span>
    </p>
   </div>
   <div class='ocr_carea' id='block_1_42' title="bbox 439 2707 2053 2786">
    <p class='ocr_par' dir='ltr' id='par_1_42' title="bbox 439 2707 2053 2786">
     <span class='ocr_line' id='line_1_42' title="bbox 439 2707 2053 2786; baseline -0.004 -17"><span class='ocrx_word' id='word_1_271' title='bbox 439 2711 538 2786; x_wconf 91' lang='lat' dir='ltr'><strong>qui</strong></span> <span class='ocrx_word' id='word_1_272' title='bbox 562 2709 802 2779; x_wconf 86' lang='lat' dir='ltr'><strong>fuerint,</strong></span> <span class='ocrx_word' id='word_1_273' title='bbox 837 2709 974 2764; x_wconf 91' lang='lat' dir='ltr'><strong>dum</strong></span> <span class='ocrx_word' id='word_1_274' title='bbox 1002 2710 1226 2782; x_wconf 90' lang='lat' dir='ltr'><strong>patrem</strong></span> <span class='ocrx_word' id='word_1_275' title='bbox 1266 2707 1481 2779; x_wconf 87' lang='lat' dir='ltr'><strong>gladio,</strong></span> <span class='ocrx_word' id='word_1_276' title='bbox 1507 2711 1756 2762; x_wconf 90' lang='lat' dir='ltr'><strong>matrem</strong></span> <span class='ocrx_word' id='word_1_277' title='bbox 1800 2707 2053 2764; x_wconf 87' lang='lat' dir='ltr'><strong>ﬂuminis</strong></span> 
     </span>
    </p>
   </div>
   <div class='ocr_carea' id='block_1_43' title="bbox 437 2795 2053 2868">
    <p class='ocr_par' dir='ltr' id='par_1_43' title="bbox 437 2795 2053 2868">
     <span class='ocr_line' id='line_1_43' title="bbox 437 2795 2053 2868; baseline -0.004 -11"><span class='ocrx_word' id='word_1_278' title='bbox 437 2797 856 2865; x_wconf 87' lang='lat' dir='ltr'><strong>submersione,</strong></span> <span class='ocrx_word' id='word_1_279' title='bbox 883 2813 1143 2853; x_wconf 84' lang='lat' dir='ltr'><strong>sororem</strong></span> <span class='ocrx_word' id='word_1_280' title='bbox 1188 2795 1367 2852; x_wconf 80' lang='lat' dir='ltr'><strong>exsilii</strong></span> <span class='ocrx_word' id='word_1_281' title='bbox 1407 2795 1760 2868; x_wconf 85' lang='lat' dir='ltr'><strong>relegatione</strong></span> <span class='ocrx_word' id='word_1_282' title='bbox 1787 2795 2053 2851; x_wconf 90' lang='lat' dir='ltr'><strong>damnari</strong></span> 
     </span>
    </p>
   </div>
   <div class='ocr_carea' id='block_1_44' title="bbox 441 2885 2053 2960">
    <p class='ocr_par' dir='ltr' id='par_1_44' title="bbox 441 2885 2053 2960">
     <span class='ocr_line' id='line_1_44' title="bbox 441 2885 2053 2960; baseline -0.003 -15"><span class='ocrx_word' id='word_1_283' title='bbox 441 2886 732 2960; x_wconf 83' lang='lat' dir='ltr'><strong>conspexi.</strong></span> <span class='ocrx_word' id='word_1_284' title='bbox 761 2906 790 2936; x_wconf 83' lang='lat'>»</span> <span class='ocrx_word' id='word_1_285' title='bbox 823 2885 931 2940; x_wconf 89' lang='lat' dir='ltr'><strong>His</strong></span> <span class='ocrx_word' id='word_1_286' title='bbox 954 2885 1174 2957; x_wconf 85' lang='lat' dir='ltr'><strong>ﬂliipiis</strong></span> <span class='ocrx_word' id='word_1_287' title='bbox 1195 2886 1476 2940; x_wconf 64' lang='lat' dir='ltr'><strong>maternae</strong></span> <span class='ocrx_word' id='word_1_288' title='bbox 1508 2886 1756 2957; x_wconf 66' lang='lat' dir='ltr'><strong>querela:</strong></span> <span class='ocrx_word' id='word_1_289' title='bbox 1773 2885 2053 2940; x_wconf 90' lang='lat' dir='ltr'><strong>commoti</strong></span> 
     </span>
    </p>
   </div>
   <div class='ocr_carea' id='block_1_45' title="bbox 444 2973 2052 3044">
    <p class='ocr_par' dir='ltr' id='par_1_45' title="bbox 444 2973 2052 3044">
     <span class='ocr_line' id='line_1_45' title="bbox 444 2973 2052 3044; baseline -0.004 -11"><span class='ocrx_word' id='word_1_290' title='bbox 444 2976 762 3043; x_wconf 75' lang='lat' dir='ltr'><strong>affectibus;</strong></span> <span class='ocrx_word' id='word_1_291' title='bbox 795 2974 1112 3030; x_wconf 86' lang='lat' dir='ltr'><strong>exercitum</strong></span> <span class='ocrx_word' id='word_1_292' title='bbox 1143 2973 1498 3028; x_wconf 85' lang='lat' dir='ltr'><strong>Francorum</strong></span> <span class='ocrx_word' id='word_1_293' title='bbox 1525 2973 1884 3044; x_wconf 88' lang='lat' dir='ltr'><strong>pervalidum</strong></span> <span class='ocrx_word' id='word_1_294' title='bbox 1915 2989 2052 3028; x_wconf 92' lang='lat' dir='ltr'><strong>con-</strong></span> 
     </span>
    </p>
   </div>
   <div class='ocr_carea' id='block_1_46' title="bbox 440 3062 2054 3141">
    <p class='ocr_par' dir='ltr' id='par_1_46' title="bbox 440 3062 2054 3141">
     <span class='ocr_line' id='line_1_46' title="bbox 440 3062 2054 3141; baseline -0.004 -18"><span class='ocrx_word' id='word_1_295' title='bbox 440 3068 774 3141; x_wconf 87' lang='lat' dir='ltr'><strong>gregantes,</strong></span> <span class='ocrx_word' id='word_1_296' title='bbox 820 3063 1212 3136; x_wconf 78' lang='lat' dir='ltr'><strong>Burgundiam</strong></span> <span class='ocrx_word' id='word_1_297' title='bbox 1245 3064 1448 3118; x_wconf 89' lang='lat' dir='ltr'><strong>contra</strong></span> <span class='ocrx_word' id='word_1_298' title='bbox 1502 3062 1939 3134; x_wconf 85' lang='lat' dir='ltr'><strong>Sigismundum</strong></span> <span class='ocrx_word' id='word_1_299' title='bbox 1996 3065 2054 3117; x_wconf 92' lang='lat' dir='ltr'><strong>et</strong></span> 
     </span>
    </p>
   </div>
   <div class='ocr_carea' id='block_1_47' title="bbox 441 3150 2130 3250">
    <p class='ocr_par' dir='ltr' id='par_1_47' title="bbox 441 3150 2130 3250">
     <span class='ocr_line' id='line_1_47' title="bbox 441 3150 2130 3250; baseline -0.004 -38"><span class='ocrx_word' id='word_1_300' title='bbox 441 3156 817 3250; x_wconf 74' lang='lat' dir='ltr'><strong>Godmarum,</strong></span> <span class='ocrx_word' id='word_1_301' title='bbox 848 3151 996 3208; x_wconf 80' lang='lat' dir='ltr'><strong>filios</strong></span> <span class='ocrx_word' id='word_1_302' title='bbox 1023 3150 1384 3207; x_wconf 89' lang='lat' dir='ltr'><strong>Gundebaldi</strong></span> <span class='ocrx_word' id='word_1_303' title='bbox 1413 3150 1588 3228; x_wconf 78' lang='lat' dir='ltr'><strong>regis,</strong></span> <span class='ocrx_word' id='word_1_304' title='bbox 1625 3151 1934 3223; x_wconf 86' lang='lat' dir='ltr'><strong>pugnaturi</strong></span> <span class='ocrx_word' id='word_1_305' title='bbox 1964 3151 2052 3206; x_wconf 88' lang='lat' dir='ltr'><strong>in-</strong></span> <span class='ocrx_word' id='word_1_306' title='bbox 2080 3188 2130 3250; x_wconf 64' lang='grc' dir='ltr'>Ο</span> 
     </span>
    </p>
   </div>
   <div class='ocr_carea' id='block_1_48' title="bbox 443 3243 812 3318">
    <p class='ocr_par' dir='ltr' id='par_1_48' title="bbox 443 3243 812 3318">
     <span class='ocr_line' id='line_1_48' title="bbox 443 3243 812 3318; baseline -0.008 -17"><span class='ocrx_word' id='word_1_307' title='bbox 443 3243 812 3318; x_wconf 81' lang='lat' dir='ltr'><strong>gradiuntur.</strong></span> 
     </span>
    </p>
   </div>
   <div class='ocr_carea' id='block_1_49' title="bbox 414 3329 1428 3384">
    <p class='ocr_par' dir='ltr' id='par_1_49' title="bbox 414 3329 1428 3384">
     <span class='ocr_line' id='line_1_49' title="bbox 414 3329 1428 3384; baseline -0.003 2"><span class='ocrx_word' id='word_1_308' title='bbox 414 3339 420 3345; x_wconf 87' lang='grc'><em>”</em></span> <span class='ocrx_word' id='word_1_309' title='bbox 1089 3329 1312 3384; x_wconf 83' lang='lat' dir='ltr'><strong>CAPUT</strong></span> <span class='ocrx_word' id='word_1_310' title='bbox 1341 3329 1428 3384; x_wconf 87' lang='lat' dir='ltr'><strong>1V.</strong></span> 
     </span>
    </p>
   </div>
   <div class='ocr_carea' id='block_1_50' title="bbox 516 3418 2057 3492">
    <p class='ocr_par' dir='ltr' id='par_1_50' title="bbox 516 3418 2057 3492">
     <span class='ocr_line' id='line_1_50' title="bbox 516 3418 2057 3492; baseline -0.004 -14"><span class='ocrx_word' id='word_1_311' title='bbox 516 3422 599 3478; x_wconf 87' lang='lat' dir='ltr'><strong>De</strong></span> <span class='ocrx_word' id='word_1_312' title='bbox 634 3419 972 3492; x_wconf 83' lang='lat' dir='ltr'><strong>Sigismundi</strong></span> <span class='ocrx_word' id='word_1_313' title='bbox 1016 3421 1072 3474; x_wconf 86' lang='lat' dir='ltr'><strong>in</strong></span> <span class='ocrx_word' id='word_1_314' title='bbox 1090 3418 1404 3489; x_wconf 69' lang='lat' dir='ltr'><strong>aediﬁcanda</strong></span> <span class='ocrx_word' id='word_1_315' title='bbox 1432 3418 1543 3474; x_wconf 67' lang='lat' dir='ltr'><strong>avde</strong></span> <span class='ocrx_word' id='word_1_316' title='bbox 1569 3425 1873 3474; x_wconf 83' lang='lat' dir='ltr'><strong>sanctorum</strong></span> <span class='ocrx_word' id='word_1_317' title='bbox 1907 3435 2057 3472; x_wconf 86' lang='lat' dir='ltr'><strong>mar-</strong></span> 
     </span>
    </p>
   </div>
   <div class='ocr_carea' id='block_1_51' title="bbox 667 3509 1842 3583">
    <p class='ocr_par' dir='ltr' id='par_1_51' title="bbox 667 3509 1842 3583">
     <span class='ocr_line' id='line_1_51' title="bbox 667 3509 1842 3583; baseline -0.002 -17"><span class='ocrx_word' id='word_1_318' title='bbox 667 3518 854 3583; x_wconf 73' lang='lat' dir='ltr'><strong>tyrum</strong></span> <span class='ocrx_word' id='word_1_319' title='bbox 881 3517 1064 3566; x_wconf 79' lang='lat' dir='ltr'><strong>sancta</strong></span> <span class='ocrx_word' id='word_1_320' title='bbox 1095 3509 1495 3581; x_wconf 79' lang='lat' dir='ltr'><strong>magniﬁcentia</strong></span> <span class='ocrx_word' id='word_1_321' title='bbox 1520 3515 1572 3564; x_wconf 86' lang='lat' dir='ltr'><strong>et</strong></span> <span class='ocrx_word' id='word_1_322' title='bbox 1597 3509 1842 3564; x_wconf 75' lang='lat' dir='ltr'><strong>victoria.</strong></span> 
     </span>
    </p>
   </div>
   <div class='ocr_carea' id='block_1_52' title="bbox 513 3597 2056 3674">
    <p class='ocr_par' dir='ltr' id='par_1_52' title="bbox 513 3597 2056 3674">
     <span class='ocr_line' id='line_1_52' title="bbox 513 3597 2056 3674; baseline -0.003 -20"><span class='ocrx_word' id='word_1_323' title='bbox 513 3599 670 3654; x_wconf 84' lang='lat' dir='ltr'><strong>Tunc</strong></span> <span class='ocrx_word' id='word_1_324' title='bbox 688 3599 966 3674; x_wconf 89' lang='lat' dir='ltr'><strong>temporis</strong></span> <span class='ocrx_word' id='word_1_325' title='bbox 989 3598 1195 3672; x_wconf 89' lang='lat' dir='ltr'><strong>Sigism</strong></span> <span class='ocrx_word' id='word_1_326' title='bbox 1206 3598 1392 3654; x_wconf 90' lang='lat' dir='ltr'><strong>undus</strong></span> <span class='ocrx_word' id='word_1_327' title='bbox 1413 3597 1707 3654; x_wconf 88' lang='lat' dir='ltr'><strong>basilicam</strong></span> <span class='ocrx_word' id='word_1_328' title='bbox 1723 3598 2056 3652; x_wconf 90' lang='lat' dir='ltr'><strong>sanctorum</strong></span> 
     </span>
    </p>
   </div>
   <div class='ocr_carea' id='block_1_53' title="bbox 445 3685 2060 3761">
    <p class='ocr_par' dir='ltr' id='par_1_53' title="bbox 445 3685 2060 3761">
     <span class='ocr_line' id='line_1_53' title="bbox 445 3685 2060 3761; baseline -0.004 -16"><span class='ocrx_word' id='word_1_329' title='bbox 445 3688 692 3745; x_wconf 84' lang='lat' dir='ltr'><strong>Mauricii</strong></span> <span class='ocrx_word' id='word_1_330' title='bbox 705 3688 1108 3761; x_wconf 87' lang='lat' dir='ltr'><strong>sociorumque</strong></span> <span class='ocrx_word' id='word_1_331' title='bbox 1125 3687 1246 3759; x_wconf 92' lang='lat' dir='ltr'><strong>ejus</strong></span> <span class='ocrx_word' id='word_1_332' title='bbox 1258 3687 1483 3759; x_wconf 86' lang='lat' dir='ltr'><strong>magnis</strong></span> <span class='ocrx_word' id='word_1_333' title='bbox 1498 3685 2060 3756; x_wconf 86' lang='lat' dir='ltr'><strong>exstruebatimpen—</strong></span> 
     </span>
    </p>
   </div>
   <div class='ocr_carea' id='block_1_54' title="bbox 447 3773 2059 3849">
    <p class='ocr_par' dir='ltr' id='par_1_54' title="bbox 447 3773 2059 3849">
     <span class='ocr_line' id='line_1_54' title="bbox 447 3773 2059 3849; baseline -0.002 -17"><span class='ocrx_word' id='word_1_334' title='bbox 447 3777 542 3839; x_wconf 89' lang='lat' dir='ltr'><strong>sis.</strong></span> <span class='ocrx_word' id='word_1_335' title='bbox 579 3777 636 3832; x_wconf 90' lang='lat' dir='ltr'><strong>in</strong></span> <span class='ocrx_word' id='word_1_336' title='bbox 691 3779 816 3834; x_wconf 93' lang='lat' dir='ltr'><strong>loco</strong></span> <span class='ocrx_word' id='word_1_337' title='bbox 871 3780 1203 3849; x_wconf 89' lang='lat' dir='ltr'><strong>nuncupato</strong></span> <span class='ocrx_word' id='word_1_338' title='bbox 1245 3777 1512 3847; x_wconf 81' lang='lat' dir='ltr'><strong>Agauno.</strong></span> <span class='ocrx_word' id='word_1_339' title='bbox 1575 3774 1734 3830; x_wconf 90' lang='lat' dir='ltr'><strong>Circa</strong></span> <span class='ocrx_word' id='word_1_340' title='bbox 1785 3773 2059 3828; x_wconf 90' lang='lat' dir='ltr'><strong>eumdem</strong></span> 
     </span>
    </p>
   </div>
   <div class='ocr_carea' id='block_1_55' title="bbox 450 3861 2062 3939">
    <p class='ocr_par' dir='ltr' id='par_1_55' title="bbox 450 3861 2062 3939">
     <span class='ocr_line' id='line_1_55' title="bbox 450 3861 2062 3939; baseline -0.004 -17"><span class='ocrx_word' id='word_1_341' title='bbox 450 3867 668 3939; x_wconf 87' lang='lat' dir='ltr'><strong>quippe</strong></span> <span class='ocrx_word' id='word_1_342' title='bbox 691 3867 881 3922; x_wconf 90' lang='lat' dir='ltr'><strong>locum</strong></span> <span class='ocrx_word' id='word_1_343' title='bbox 912 3863 1462 3935; x_wconf 84' lang='lat' dir='ltr'><strong>magnanimitatem</strong></span> <span class='ocrx_word' id='word_1_344' title='bbox 1491 3861 1872 3917; x_wconf 69' lang='lat' dir='ltr'><strong>sumostendit</strong></span> <span class='ocrx_word' id='word_1_345' title='bbox 1895 3862 2062 3917; x_wconf 86' lang='lat' dir='ltr'><strong>devo-</strong></span> 
     </span>
    </p>
   </div>
   <div class='ocr_carea' id='block_1_56' title="bbox 448 3949 2058 4022">
    <p class='ocr_par' dir='ltr' id='par_1_56' title="bbox 448 3949 2058 4022">
     <span class='ocr_line' id='line_1_56' title="bbox 448 3949 2058 4022; baseline -0.001 -14"><span class='ocrx_word' id='word_1_346' title='bbox 448 3949 646 4022; x_wconf 89' lang='lat' dir='ltr'><strong>tionis,</strong></span> <span class='ocrx_word' id='word_1_347' title='bbox 679 3954 818 4010; x_wconf 92' lang='lat' dir='ltr'><strong>dnm</strong></span> <span class='ocrx_word' id='word_1_348' title='bbox 853 3955 1002 4008; x_wconf 87' lang='lat' dir='ltr'><strong>esset</strong></span> <span class='ocrx_word' id='word_1_349' title='bbox 1031 3952 1114 4006; x_wconf 91' lang='lat' dir='ltr'><strong>vir</strong></span> <span class='ocrx_word' id='word_1_350' title='bbox 1144 3950 1379 4022; x_wconf 83' lang='lat' dir='ltr'><strong>optimae</strong></span> <span class='ocrx_word' id='word_1_351' title='bbox 1407 3950 1618 4006; x_wconf 89' lang='lat' dir='ltr'><strong>mentis</strong></span> <span class='ocrx_word' id='word_1_352' title='bbox 1646 3953 1704 4006; x_wconf 92' lang='lat' dir='ltr'><strong>et</strong></span> <span class='ocrx_word' id='word_1_353' title='bbox 1731 3953 2058 4007; x_wconf 88' lang='lat' dir='ltr'><strong>sanctarum</strong></span> 
     </span>
    </p>
   </div>
   <div class='ocr_carea' id='block_1_57' title="bbox 447 4039 2058 4116">
    <p class='ocr_par' dir='ltr' id='par_1_57' title="bbox 447 4039 2058 4116">
     <span class='ocr_line' id='line_1_57' title="bbox 447 4039 2058 4116; baseline -0.001 -18"><span class='ocrx_word' id='word_1_354' title='bbox 447 4043 831 4116; x_wconf 86' lang='lat' dir='ltr'><strong>locupletator</strong></span> <span class='ocrx_word' id='word_1_355' title='bbox 875 4039 1266 4096; x_wconf 89' lang='lat' dir='ltr'><strong>ecclesiarum.</strong></span> <span class='ocrx_word' id='word_1_356' title='bbox 1314 4040 1458 4094; x_wconf 90' lang='lat' dir='ltr'><strong>Nam</strong></span> <span class='ocrx_word' id='word_1_357' title='bbox 1489 4042 1547 4094; x_wconf 89' lang='lat' dir='ltr'><strong>et</strong></span> <span class='ocrx_word' id='word_1_358' title='bbox 1570 4039 1920 4112; x_wconf 68' lang='lat' dir='ltr'><strong>prandiorum</strong></span> <span class='ocrx_word' id='word_1_359' title='bbox 1976 4040 2058 4096; x_wconf 90' lang='lat' dir='ltr'><strong>illi</strong></span> 
     </span>
    </p>
   </div>
   <div class='ocr_carea' id='block_1_58' title="bbox 448 4127 2055 4202">
    <p class='ocr_par' dir='ltr' id='par_1_58' title="bbox 448 4127 2055 4202">
     <span class='ocr_line' id='line_1_58' title="bbox 448 4127 2055 4202; baseline -0.002 -14"><span class='ocrx_word' id='word_1_360' title='bbox 448 4134 576 4188; x_wconf 92' lang='lat' dir='ltr'><strong>loco</strong></span> <span class='ocrx_word' id='word_1_361' title='bbox 607 4129 850 4186; x_wconf 87' lang='lat' dir='ltr'><strong>contulit</strong></span> <span class='ocrx_word' id='word_1_362' title='bbox 877 4128 1128 4200; x_wconf 91' lang='lat' dir='ltr'><strong>copiam,</strong></span> <span class='ocrx_word' id='word_1_363' title='bbox 1159 4129 1219 4182; x_wconf 93' lang='lat' dir='ltr'><strong>et</strong></span> <span class='ocrx_word' id='word_1_364' title='bbox 1243 4127 1583 4184; x_wconf 90' lang='lat' dir='ltr'><strong>clericorum</strong></span> <span class='ocrx_word' id='word_1_365' title='bbox 1609 4129 1875 4184; x_wconf 84' lang='lat' dir='ltr'><strong>ordinem</strong></span> <span class='ocrx_word' id='word_1_366' title='bbox 1906 4130 2055 4202; x_wconf 63' lang='lat' dir='ltr'><strong>psalo</strong></span> 
     </span>
    </p>
   </div>
   <div class='ocr_carea' id='block_1_59' title="bbox 450 4215 2056 4290">
    <p class='ocr_par' dir='ltr' id='par_1_59' title="bbox 450 4215 2056 4290">
     <span class='ocr_line' id='line_1_59' title="bbox 450 4215 2056 4290; baseline -0.001 -15"><span class='ocrx_word' id='word_1_367' title='bbox 450 4219 696 4276; x_wconf 91' lang='lat' dir='ltr'><strong>lentium</strong></span> <span class='ocrx_word' id='word_1_368' title='bbox 713 4215 1306 4284; x_wconf 68' lang='lat' dir='ltr'><strong>constituens,sancta3</strong></span> <span class='ocrx_word' id='word_1_369' title='bbox 1317 4215 1614 4289; x_wconf 89' lang='lat' dir='ltr'><strong>religionis</strong></span> <span class='ocrx_word' id='word_1_370' title='bbox 1631 4221 1912 4288; x_wconf 85' lang='lat' dir='ltr'><strong>martyres</strong></span> <span class='ocrx_word' id='word_1_371' title='bbox 1927 4235 2056 4290; x_wconf 87' lang='lat' dir='ltr'><strong>pro-</strong></span> 
     </span>
    </p>
   </div>
   <div class='ocr_carea' id='block_1_60' title="bbox 451 4307 2056 4384">
    <p class='ocr_par' dir='ltr' id='par_1_60' title="bbox 451 4307 2056 4384">
     <span class='ocr_line' id='line_1_60' title="bbox 451 4307 2056 4384; baseline -0.001 -19"><span class='ocrx_word' id='word_1_372' title='bbox 451 4311 622 4384; x_wconf 88' lang='lat' dir='ltr'><strong>pitios</strong></span> <span class='ocrx_word' id='word_1_373' title='bbox 641 4307 746 4363; x_wconf 90' lang='lat' dir='ltr'><strong>sibi</strong></span> <span class='ocrx_word' id='word_1_374' title='bbox 771 4307 1021 4362; x_wconf 88' lang='lat' dir='ltr'><strong>adscivit.</strong></span> <span class='ocrx_word' id='word_1_375' title='bbox 1054 4307 1390 4363; x_wconf 82' lang='lat' dir='ltr'><strong>Meminerat</strong></span> <span class='ocrx_word' id='word_1_376' title='bbox 1418 4308 1658 4375; x_wconf 91' lang='lat' dir='ltr'><strong>etenim,</strong></span> <span class='ocrx_word' id='word_1_377' title='bbox 1683 4325 1764 4376; x_wconf 91' lang='lat' dir='ltr'><strong>se,</strong></span> <span class='ocrx_word' id='word_1_378' title='bbox 1793 4307 2056 4381; x_wconf 86' lang='lat' dir='ltr'><strong>conjugis</strong></span> 
     </span>
    </p>
   </div>
   <div class='ocr_carea' id='block_1_61' title="bbox 451 4396 2050 4472">
    <p class='ocr_par' dir='ltr' id='par_1_61' title="bbox 451 4396 2050 4472">
     <span class='ocr_line' id='line_1_61' title="bbox 451 4396 2050 4472; baseline -0.001 -18"><span class='ocrx_word' id='word_1_379' title='bbox 451 4396 918 4472; x_wconf 87' lang='lat' dir='ltr'><strong>persuasionibus</strong></span> <span class='ocrx_word' id='word_1_380' title='bbox 947 4397 1276 4468; x_wconf 86' lang='lat' dir='ltr'><strong>deceptum,</strong></span> <span class='ocrx_word' id='word_1_381' title='bbox 1309 4396 1536 4453; x_wconf 90' lang='lat' dir='ltr'><strong>unicum</strong></span> <span class='ocrx_word' id='word_1_382' title='bbox 1557 4397 1814 4452; x_wconf 89' lang='lat' dir='ltr'><strong>amisisse</strong></span> <span class='ocrx_word' id='word_1_383' title='bbox 1845 4398 2050 4454; x_wconf 83' lang='lat' dir='ltr'><strong>ﬁlium.</strong></span> 
     </span>
    </p>
   </div>
   <div class='ocr_carea' id='block_1_62' title="bbox 2149 2005 3715 2079">
    <p class='ocr_par' dir='ltr' id='par_1_62' title="bbox 2149 2005 3715 2079">
     <span class='ocr_line' id='line_1_62' title="bbox 2149 2005 3715 2079; baseline 0 -20"><span class='ocrx_word' id='word_1_384' title='bbox 2149 2006 2395 2063; x_wconf 84' lang='lat' dir='ltr'><strong>citantes</strong></span> <span class='ocrx_word' id='word_1_385' title='bbox 2418 2005 2652 2078; x_wconf 89' lang='lat' dir='ltr'><strong>quique,</strong></span> <span class='ocrx_word' id='word_1_386' title='bbox 2677 2006 2722 2060; x_wconf 90' lang='lat' dir='ltr'><strong>si</strong></span> <span class='ocrx_word' id='word_1_387' title='bbox 2748 2023 2850 2079; x_wconf 92' lang='lat' dir='ltr'><strong>pro</strong></span> <span class='ocrx_word' id='word_1_388' title='bbox 2881 2007 3144 2062; x_wconf 91' lang='lat' dir='ltr'><strong>remedio</strong></span> <span class='ocrx_word' id='word_1_389' title='bbox 3185 2007 3392 2062; x_wconf 70' lang='lat' dir='ltr'><strong>animae</strong></span> <span class='ocrx_word' id='word_1_390' title='bbox 3417 2007 3577 2078; x_wconf 85' lang='lat' dir='ltr'><strong>ipsius</strong></span> <span class='ocrx_word' id='word_1_391' title='bbox 3593 2006 3715 2060; x_wconf 89' lang='lat' dir='ltr'><strong>salu-</strong></span> 
     </span>
    </p>
   </div>
   <div class='ocr_carea' id='block_1_63' title="bbox 2148 2093 3714 2162">
    <p class='ocr_par' dir='ltr' id='par_1_63' title="bbox 2148 2093 3714 2162">
     <span class='ocr_line' id='line_1_63' title="bbox 2148 2093 3714 2162; baseline -0.002 -12"><span class='ocrx_word' id='word_1_392' title='bbox 2148 2099 2272 2150; x_wconf 91' lang='lat' dir='ltr'><strong>tare</strong></span> <span class='ocrx_word' id='word_1_393' title='bbox 2301 2094 2548 2150; x_wconf 88' lang='lat' dir='ltr'><strong>fideliter</strong></span> <span class='ocrx_word' id='word_1_394' title='bbox 2573 2095 2777 2150; x_wconf 83' lang='lat' dir='ltr'><strong>offerre</strong></span> <span class='ocrx_word' id='word_1_395' title='bbox 2799 2095 3063 2150; x_wconf 88' lang='lat' dir='ltr'><strong>fecerunt</strong></span> <span class='ocrx_word' id='word_1_396' title='bbox 3095 2095 3459 2162; x_wconf 86' lang='lat' dir='ltr'><strong>sacriﬁcium,</strong></span> <span class='ocrx_word' id='word_1_397' title='bbox 3481 2093 3714 2150; x_wconf 89' lang='lat' dir='ltr'><strong>continuo</strong></span> 
     </span>
    </p>
   </div>
   <div class='ocr_carea' id='block_1_64' title="bbox 2148 2183 3717 2239">
    <p class='ocr_par' dir='ltr' id='par_1_64' title="bbox 2148 2183 3717 2239">
     <span class='ocr_line' id='line_1_64' title="bbox 2148 2183 3717 2239; baseline -0.003 -1"><span class='ocrx_word' id='word_1_398' title='bbox 2148 2184 2220 2238; x_wconf 89' lang='lat' dir='ltr'><strong>ab</strong></span> <span class='ocrx_word' id='word_1_399' title='bbox 2247 2183 2600 2238; x_wconf 76' lang='lat' dir='ltr'><strong>infirmitatis</strong></span> <span class='ocrx_word' id='word_1_400' title='bbox 2623 2200 2740 2238; x_wconf 73' lang='lat' dir='ltr'><strong>sum</strong></span> <span class='ocrx_word' id='word_1_401' title='bbox 2765 2184 3086 2238; x_wconf 87' lang='lat' dir='ltr'><strong>liberantur</strong></span> <span class='ocrx_word' id='word_1_402' title='bbox 3116 2183 3510 2239; x_wconf 88' lang='lat' dir='ltr'><strong>incommodo.</strong></span> <span class='ocrx_word' id='word_1_403' title='bbox 3539 2183 3717 2236; x_wconf 84' lang='lat' dir='ltr'><strong>Auctor</strong></span> 
     </span>
    </p>
   </div>
   <div class='ocr_carea' id='block_1_65' title="bbox 2147 2270 3712 2342">
    <p class='ocr_par' dir='ltr' id='par_1_65' title="bbox 2147 2270 3712 2342">
     <span class='ocr_line' id='line_1_65' title="bbox 2147 2270 3712 2342; baseline -0.001 -16"><span class='ocrx_word' id='word_1_404' title='bbox 2147 2288 2279 2326; x_wconf 91' lang='lat' dir='ltr'><strong>vero</strong></span> <span class='ocrx_word' id='word_1_405' title='bbox 2312 2271 2466 2326; x_wconf 90' lang='lat' dir='ltr'><strong>necis</strong></span> <span class='ocrx_word' id='word_1_406' title='bbox 2495 2272 2616 2342; x_wconf 91' lang='lat' dir='ltr'><strong>ejus</strong></span> <span class='ocrx_word' id='word_1_407' title='bbox 2647 2288 2764 2326; x_wconf 89' lang='lat' dir='ltr'><strong>non</strong></span> <span class='ocrx_word' id='word_1_408' title='bbox 2795 2271 2891 2326; x_wconf 87' lang='lat' dir='ltr'><strong>diu</strong></span> <span class='ocrx_word' id='word_1_409' title='bbox 2921 2273 3148 2326; x_wconf 63' lang='lat' dir='ltr'><strong>laetatus</strong></span> <span class='ocrx_word' id='word_1_410' title='bbox 3179 2274 3264 2326; x_wconf 90' lang='lat' dir='ltr'><strong>est</strong></span> <span class='ocrx_word' id='word_1_411' title='bbox 3315 2271 3373 2326; x_wconf 90' lang='lat' dir='ltr'><strong>in</strong></span> <span class='ocrx_word' id='word_1_412' title='bbox 3425 2271 3526 2325; x_wconf 91' lang='lat' dir='ltr'><strong>hoc</strong></span> <span class='ocrx_word' id='word_1_413' title='bbox 3571 2270 3712 2325; x_wconf 89' lang='lat' dir='ltr'><strong>facto.</strong></span> 
     </span>
    </p>
   </div>
   <div class='ocr_carea' id='block_1_66' title="bbox 2149 2359 3714 2432">
    <p class='ocr_par' dir='ltr' id='par_1_66' title="bbox 2149 2359 3714 2432">
     <span class='ocr_line' id='line_1_66' title="bbox 2149 2359 3714 2432; baseline -0.002 -18"><span class='ocrx_word' id='word_1_414' title='bbox 2149 2361 2314 2426; x_wconf 92' lang='lat' dir='ltr'><strong>Nam,</strong></span> <span class='ocrx_word' id='word_1_415' title='bbox 2346 2359 2606 2432; x_wconf 90' lang='lat' dir='ltr'><strong>sequenti</strong></span> <span class='ocrx_word' id='word_1_416' title='bbox 2637 2376 2814 2427; x_wconf 92' lang='lat' dir='ltr'><strong>anno,</strong></span> <span class='ocrx_word' id='word_1_417' title='bbox 2859 2359 3016 2414; x_wconf 89' lang='lat' dir='ltr'><strong>idem</strong></span> <span class='ocrx_word' id='word_1_418' title='bbox 3042 2359 3436 2428; x_wconf 80' lang='lat' dir='ltr'><strong>Clodomirus,</strong></span> <span class='ocrx_word' id='word_1_419' title='bbox 3461 2362 3714 2414; x_wconf 86' lang='lat' dir='ltr'><strong>commoto</strong></span> 
     </span>
    </p>
   </div>
   <div class='ocr_carea' id='block_1_67' title="bbox 2151 2445 3714 2520">
    <p class='ocr_par' dir='ltr' id='par_1_67' title="bbox 2151 2445 3714 2520">
     <span class='ocr_line' id='line_1_67' title="bbox 2151 2445 3714 2520; baseline -0.003 -17"><span class='ocrx_word' id='word_1_420' title='bbox 2151 2447 2419 2515; x_wconf 90' lang='lat' dir='ltr'><strong>exercitu,</strong></span> <span class='ocrx_word' id='word_1_421' title='bbox 2435 2452 2624 2520; x_wconf 83' lang='lat' dir='ltr'><strong>partes</strong></span> <span class='ocrx_word' id='word_1_422' title='bbox 2637 2447 2980 2520; x_wconf 65' lang='lat' dir='ltr'><strong>Burgundiaa</strong></span> <span class='ocrx_word' id='word_1_423' title='bbox 2994 2447 3392 2503; x_wconf 88' lang='lat' dir='ltr'><strong>devastaturus</strong></span> <span class='ocrx_word' id='word_1_424' title='bbox 3403 2445 3714 2519; x_wconf 65' lang='lat' dir='ltr'><strong>aggreditur,</strong></span> 
     </span>
    </p>
   </div>
   <div class='ocr_carea' id='block_1_68' title="bbox 2154 2531 3718 2607">
    <p class='ocr_par' dir='ltr' id='par_1_68' title="bbox 2154 2531 3718 2607">
     <span class='ocr_line' id='line_1_68' title="bbox 2154 2531 3718 2607; baseline -0.003 -15"><span class='ocrx_word' id='word_1_425' title='bbox 2154 2536 2254 2592; x_wconf 90' lang='lat' dir='ltr'><strong>Cui</strong></span> <span class='ocrx_word' id='word_1_426' title='bbox 2283 2537 2526 2591; x_wconf 88' lang='lat' dir='ltr'><strong>occurrit</strong></span> <span class='ocrx_word' id='word_1_427' title='bbox 2541 2537 2718 2591; x_wconf 88' lang='lat' dir='ltr'><strong>frater</strong></span> <span class='ocrx_word' id='word_1_428' title='bbox 2733 2536 2888 2607; x_wconf 87' lang='lat' dir='ltr'><strong>regis</strong></span> <span class='ocrx_word' id='word_1_429' title='bbox 2909 2535 3188 2604; x_wconf 89' lang='lat' dir='ltr'><strong>defuncti,</strong></span> <span class='ocrx_word' id='word_1_430' title='bbox 3205 2552 3294 2601; x_wconf 85' lang='lat' dir='ltr'><strong>ac,</strong></span> <span class='ocrx_word' id='word_1_431' title='bbox 3323 2535 3576 2590; x_wconf 70' lang='lat' dir='ltr'><strong>fraternae</strong></span> <span class='ocrx_word' id='word_1_432' title='bbox 3591 2531 3718 2587; x_wconf 90' lang='lat' dir='ltr'><strong>necis</strong></span> 
     </span>
    </p>
   </div>
   <div class='ocr_carea' id='block_1_69' title="bbox 2153 2621 3716 2696">
    <p class='ocr_par' dir='ltr' id='par_1_69' title="bbox 2153 2621 3716 2696">
     <span class='ocr_line' id='line_1_69' title="bbox 2153 2621 3716 2696; baseline -0.005 -16"><span class='ocrx_word' id='word_1_433' title='bbox 2153 2625 2349 2680; x_wconf 89' lang='lat' dir='ltr'><strong>avidus</strong></span> <span class='ocrx_word' id='word_1_434' title='bbox 2377 2625 2604 2691; x_wconf 84' lang='lat' dir='ltr'><strong>vindex,</strong></span> <span class='ocrx_word' id='word_1_435' title='bbox 2627 2641 2884 2696; x_wconf 88' lang='lat' dir='ltr'><strong>pugnam</strong></span> <span class='ocrx_word' id='word_1_436' title='bbox 2907 2641 3040 2679; x_wconf 91' lang='lat' dir='ltr'><strong>cum</strong></span> <span class='ocrx_word' id='word_1_437' title='bbox 3061 2640 3131 2679; x_wconf 90' lang='lat' dir='ltr'><strong>eo</strong></span> <span class='ocrx_word' id='word_1_438' title='bbox 3185 2640 3302 2680; x_wconf 88' lang='lat' dir='ltr'><strong>non</strong></span> <span class='ocrx_word' id='word_1_439' title='bbox 3319 2621 3586 2678; x_wconf 82' lang='lat' dir='ltr'><strong>dubitavit</strong></span> <span class='ocrx_word' id='word_1_440' title='bbox 3603 2636 3716 2674; x_wconf 89' lang='lat' dir='ltr'><strong>con-</strong></span> 
     </span>
    </p>
   </div>
   <div class='ocr_carea' id='block_1_70' title="bbox 2151 2707 3719 2784">
    <p class='ocr_par' dir='ltr' id='par_1_70' title="bbox 2151 2707 3719 2784">
     <span class='ocr_line' id='line_1_70' title="bbox 2151 2707 3719 2784; baseline -0.004 -16"><span class='ocrx_word' id='word_1_441' title='bbox 2151 2713 2323 2768; x_wconf 88' lang='lat' dir='ltr'><strong>ferre.</strong></span> <span class='ocrx_word' id='word_1_442' title='bbox 2348 2713 2461 2768; x_wconf 91' lang='lat' dir='ltr'><strong>Sed</strong></span> <span class='ocrx_word' id='word_1_443' title='bbox 2480 2711 2938 2784; x_wconf 88' lang='lat' dir='ltr'><strong>Burgundiones,</strong></span> <span class='ocrx_word' id='word_1_444' title='bbox 2963 2729 3126 2768; x_wconf 88' lang='lat' dir='ltr'><strong>more</strong></span> <span class='ocrx_word' id='word_1_445' title='bbox 3155 2711 3262 2768; x_wconf 90' lang='lat' dir='ltr'><strong>sibi</strong></span> <span class='ocrx_word' id='word_1_446' title='bbox 3277 2711 3462 2778; x_wconf 91' lang='lat' dir='ltr'><strong>solito,</strong></span> <span class='ocrx_word' id='word_1_447' title='bbox 3480 2707 3719 2766; x_wconf 82' lang='lat' dir='ltr'><strong>animosi-</strong></span> 
     </span>
    </p>
   </div>
   <div class='ocr_carea' id='block_1_71' title="bbox 2151 2799 3719 2873">
    <p class='ocr_par' dir='ltr' id='par_1_71' title="bbox 2151 2799 3719 2873">
     <span class='ocr_line' id='line_1_71' title="bbox 2151 2799 3719 2873; baseline -0.005 -17"><span class='ocrx_word' id='word_1_448' title='bbox 2151 2805 2331 2856; x_wconf 89' lang='lat' dir='ltr'><strong>tatem</strong></span> <span class='ocrx_word' id='word_1_449' title='bbox 2363 2801 2712 2856; x_wconf 86' lang='lat' dir='ltr'><strong>Francorum</strong></span> <span class='ocrx_word' id='word_1_450' title='bbox 2744 2817 2862 2855; x_wconf 89' lang='lat' dir='ltr'><strong>non</strong></span> <span class='ocrx_word' id='word_1_451' title='bbox 2895 2801 3276 2873; x_wconf 87' lang='lat' dir='ltr'><strong>perferentes,</strong></span> <span class='ocrx_word' id='word_1_452' title='bbox 3307 2799 3557 2856; x_wconf 90' lang='lat' dir='ltr'><strong>hostibus</strong></span> <span class='ocrx_word' id='word_1_453' title='bbox 3585 2800 3719 2866; x_wconf 86' lang='lat' dir='ltr'><strong>terga</strong></span> 
     </span>
    </p>
   </div>
   <div class='ocr_carea' id='block_1_72' title="bbox 2153 2883 3717 2960">
    <p class='ocr_par' dir='ltr' id='par_1_72' title="bbox 2153 2883 3717 2960">
     <span class='ocr_line' id='line_1_72' title="bbox 2153 2883 3717 2960; baseline -0.005 -16"><span class='ocrx_word' id='word_1_454' title='bbox 2153 2890 2465 2945; x_wconf 88' lang='lat' dir='ltr'><strong>nudarunt.</strong></span> <span class='ocrx_word' id='word_1_455' title='bbox 2499 2889 2613 2955; x_wconf 80' lang='lat' dir='ltr'><strong>Rex</strong></span> <span class='ocrx_word' id='word_1_456' title='bbox 2646 2905 2780 2943; x_wconf 86' lang='lat' dir='ltr'><strong>vero</strong></span> <span class='ocrx_word' id='word_1_457' title='bbox 2808 2888 3194 2956; x_wconf 79' lang='lat' dir='ltr'><strong>Clodomirus,</strong></span> <span class='ocrx_word' id='word_1_458' title='bbox 3227 2888 3462 2960; x_wconf 88' lang='lat' dir='ltr'><strong>juventa</strong></span> <span class='ocrx_word' id='word_1_459' title='bbox 3489 2883 3717 2947; x_wconf 85' lang='lat' dir='ltr'><strong>alacrior,</strong></span> 
     </span>
    </p>
   </div>
   <div class='ocr_carea' id='block_1_73' title="bbox 2154 2975 3717 3050">
    <p class='ocr_par' dir='ltr' id='par_1_73' title="bbox 2154 2975 3717 3050">
     <span class='ocr_line' id='line_1_73' title="bbox 2154 2975 3717 3050; baseline -0.006 -16"><span class='ocrx_word' id='word_1_460' title='bbox 2154 2977 2330 3034; x_wconf 91' lang='lat' dir='ltr'><strong>armis</strong></span> <span class='ocrx_word' id='word_1_461' title='bbox 2343 2977 2682 3044; x_wconf 91' lang='lat' dir='ltr'><strong>munitus,et</strong></span> <span class='ocrx_word' id='word_1_462' title='bbox 2695 2977 2815 3050; x_wconf 90' lang='lat' dir='ltr'><strong>ipso</strong></span> <span class='ocrx_word' id='word_1_463' title='bbox 2829 2975 3129 3048; x_wconf 69' lang='lat' dir='ltr'><strong>praesentis</strong></span> <span class='ocrx_word' id='word_1_464' title='bbox 3141 2975 3470 3032; x_wconf 89' lang='lat' dir='ltr'><strong>certaminis</strong></span> <span class='ocrx_word' id='word_1_465' title='bbox 3483 2986 3717 3047; x_wconf 85' lang='lat' dir='ltr'><strong>prospero</strong></span> 
     </span>
    </p>
   </div>
   <div class='ocr_carea' id='block_1_74' title="bbox 2153 3061 3718 3137">
    <p class='ocr_par' dir='ltr' id='par_1_74' title="bbox 2153 3061 3718 3137">
     <span class='ocr_line' id='line_1_74' title="bbox 2153 3061 3718 3137; baseline -0.004 -16"><span class='ocrx_word' id='word_1_466' title='bbox 2153 3081 2408 3122; x_wconf 88' lang='lat' dir='ltr'><strong>successu</strong></span> <span class='ocrx_word' id='word_1_467' title='bbox 2435 3065 2742 3133; x_wconf 90' lang='lat' dir='ltr'><strong>animatus,</strong></span> <span class='ocrx_word' id='word_1_468' title='bbox 2773 3065 2910 3120; x_wconf 90' lang='lat' dir='ltr'><strong>dum</strong></span> <span class='ocrx_word' id='word_1_469' title='bbox 2937 3065 3210 3120; x_wconf 88' lang='lat' dir='ltr'><strong>audacius</strong></span> <span class='ocrx_word' id='word_1_470' title='bbox 3237 3081 3409 3137; x_wconf 90' lang='lat' dir='ltr'><strong>quam</strong></span> <span class='ocrx_word' id='word_1_471' title='bbox 3428 3063 3607 3118; x_wconf 89' lang='lat' dir='ltr'><strong>debuit</strong></span> <span class='ocrx_word' id='word_1_472' title='bbox 3631 3061 3718 3114; x_wconf 80' lang='lat' dir='ltr'><strong>ho-</strong></span> 
     </span>
    </p>
   </div>
   <div class='ocr_carea' id='block_1_75' title="bbox 2155 3151 3718 3226">
    <p class='ocr_par' dir='ltr' id='par_1_75' title="bbox 2155 3151 3718 3226">
     <span class='ocr_line' id='line_1_75' title="bbox 2155 3151 3718 3226; baseline -0.005 -16"><span class='ocrx_word' id='word_1_473' title='bbox 2155 3158 2270 3210; x_wconf 90' lang='lat' dir='ltr'><strong>stes</strong></span> <span class='ocrx_word' id='word_1_474' title='bbox 2297 3154 2633 3226; x_wconf 90' lang='lat' dir='ltr'><strong>insequitur,</strong></span> <span class='ocrx_word' id='word_1_475' title='bbox 2663 3153 3003 3224; x_wconf 89' lang='lat' dir='ltr'><strong>pernicitate</strong></span> <span class='ocrx_word' id='word_1_476' title='bbox 3033 3155 3173 3225; x_wconf 90' lang='lat' dir='ltr'><strong>equi</strong></span> <span class='ocrx_word' id='word_1_477' title='bbox 3219 3153 3308 3208; x_wconf 92' lang='lat' dir='ltr'><strong>cui</strong></span> <span class='ocrx_word' id='word_1_478' title='bbox 3339 3151 3606 3207; x_wconf 88' lang='lat' dir='ltr'><strong>insederat</strong></span> <span class='ocrx_word' id='word_1_479' title='bbox 3643 3163 3718 3202; x_wconf 79' lang='lat' dir='ltr'><strong>ve-</strong></span> 
     </span>
    </p>
   </div>
   <div class='ocr_carea' id='block_1_76' title="bbox 2154 3237 3715 3315">
    <p class='ocr_par' dir='ltr' id='par_1_76' title="bbox 2154 3237 3715 3315">
     <span class='ocr_line' id='line_1_76' title="bbox 2154 3237 3715 3315; baseline -0.006 -17"><span class='ocrx_word' id='word_1_480' title='bbox 2154 3247 2297 3312; x_wconf 90' lang='lat' dir='ltr'><strong>ctus,</strong></span> <span class='ocrx_word' id='word_1_481' title='bbox 2350 3259 2562 3315; x_wconf 88' lang='lat' dir='ltr'><strong>agmen</strong></span> <span class='ocrx_word' id='word_1_482' title='bbox 2611 3241 2937 3310; x_wconf 91' lang='lat' dir='ltr'><strong>inimicum,</strong></span> <span class='ocrx_word' id='word_1_483' title='bbox 2995 3242 3081 3296; x_wconf 91' lang='lat' dir='ltr'><strong>sui</strong></span> <span class='ocrx_word' id='word_1_484' title='bbox 3130 3241 3380 3296; x_wconf 90' lang='lat' dir='ltr'><strong>nimium</strong></span> <span class='ocrx_word' id='word_1_485' title='bbox 3437 3237 3715 3310; x_wconf 85' lang='lat' dir='ltr'><strong>negligens,</strong></span> 
     </span>
    </p>
   </div>
   <div class='ocr_carea' id='block_1_77' title="bbox 2155 3329 3716 3396">
    <p class='ocr_par' dir='ltr' id='par_1_77' title="bbox 2155 3329 3716 3396">
     <span class='ocr_line' id='line_1_77' title="bbox 2155 3329 3716 3396; baseline -0.006 -10"><span class='ocrx_word' id='word_1_486' title='bbox 2155 3331 2478 3387; x_wconf 89' lang='lat' dir='ltr'><strong>antecessit.</strong></span> <span class='ocrx_word' id='word_1_487' title='bbox 2511 3330 2694 3396; x_wconf 92' lang='lat' dir='ltr'><strong>Quem</strong></span> <span class='ocrx_word' id='word_1_488' title='bbox 2738 3329 2883 3385; x_wconf 89' lang='lat' dir='ltr'><strong>illia</strong></span> <span class='ocrx_word' id='word_1_489' title='bbox 2924 3329 3040 3384; x_wconf 88' lang='lat' dir='ltr'><strong>suis</strong></span> <span class='ocrx_word' id='word_1_490' title='bbox 3089 3329 3406 3396; x_wconf 86' lang='lat' dir='ltr'><strong>desertum,</strong></span> <span class='ocrx_word' id='word_1_491' title='bbox 3445 3345 3477 3382; x_wconf 86' lang='lat' dir='ltr'><strong>a</strong></span> <span class='ocrx_word' id='word_1_492' title='bbox 3516 3343 3570 3380; x_wconf 88' lang='lat' dir='ltr'><strong>se</strong></span> <span class='ocrx_word' id='word_1_493' title='bbox 3610 3337 3716 3376; x_wconf 82' lang='lat' dir='ltr'><strong>vero</strong></span> 
     </span>
    </p>
   </div>
   <div class='ocr_carea' id='block_1_78' title="bbox 2155 3417 3716 3490">
    <p class='ocr_par' dir='ltr' id='par_1_78' title="bbox 2155 3417 3716 3490">
     <span class='ocr_line' id='line_1_78' title="bbox 2155 3417 3716 3490; baseline -0.007 -15"><span class='ocrx_word' id='word_1_494' title='bbox 2155 3421 2612 3476; x_wconf 89' lang='lat' dir='ltr'><strong>circumventum</strong></span> <span class='ocrx_word' id='word_1_495' title='bbox 2641 3418 2978 3490; x_wconf 89' lang='lat' dir='ltr'><strong>conspicati,</strong></span> <span class='ocrx_word' id='word_1_496' title='bbox 3001 3417 3129 3472; x_wconf 90' lang='lat' dir='ltr'><strong>telis</strong></span> <span class='ocrx_word' id='word_1_497' title='bbox 3173 3417 3398 3473; x_wconf 90' lang='lat' dir='ltr'><strong>eminus</strong></span> <span class='ocrx_word' id='word_1_498' title='bbox 3427 3428 3612 3486; x_wconf 87' lang='lat' dir='ltr'><strong>urgere</strong></span> <span class='ocrx_word' id='word_1_499' title='bbox 3627 3426 3716 3465; x_wconf 81' lang='lat' dir='ltr'><strong>cce-</strong></span> 
     </span>
    </p>
   </div>
   <div class='ocr_carea' id='block_1_79' title="bbox 2155 3501 3716 3584">
    <p class='ocr_par' dir='ltr' id='par_1_79' title="bbox 2155 3501 3716 3584">
     <span class='ocr_line' id='line_1_79' title="bbox 2155 3501 3716 3584; baseline -0.01 -18"><span class='ocrx_word' id='word_1_500' title='bbox 2155 3514 2386 3584; x_wconf 89' lang='lat' dir='ltr'><strong>perunt.</strong></span> <span class='ocrx_word' id='word_1_501' title='bbox 2435 3509 2570 3565; x_wconf 87' lang='lat' dir='ltr'><strong>Sola</strong></span> <span class='ocrx_word' id='word_1_502' title='bbox 2625 3507 2842 3562; x_wconf 90' lang='lat' dir='ltr'><strong>etenim</strong></span> <span class='ocrx_word' id='word_1_503' title='bbox 2891 3505 3111 3578; x_wconf 89' lang='lat' dir='ltr'><strong>species</strong></span> <span class='ocrx_word' id='word_1_504' title='bbox 3159 3507 3266 3561; x_wconf 89' lang='lat' dir='ltr'><strong>viri</strong></span> <span class='ocrx_word' id='word_1_505' title='bbox 3315 3508 3370 3560; x_wconf 90' lang='lat' dir='ltr'><strong>et</strong></span> <span class='ocrx_word' id='word_1_506' title='bbox 3417 3501 3572 3558; x_wconf 90' lang='lat' dir='ltr'><strong>nimis</strong></span> <span class='ocrx_word' id='word_1_507' title='bbox 3594 3501 3716 3554; x_wconf 65' lang='lat' dir='ltr'><strong>nota:</strong></span> 
     </span>
    </p>
   </div>
   <div class='ocr_carea' id='block_1_80' title="bbox 2158 3591 3714 3673">
    <p class='ocr_par' dir='ltr' id='par_1_80' title="bbox 2158 3591 3714 3673">
     <span class='ocr_line' id='line_1_80' title="bbox 2158 3591 3714 3673; baseline -0.011 -16"><span class='ocrx_word' id='word_1_508' title='bbox 2158 3603 2329 3673; x_wconf 89' lang='lat' dir='ltr'><strong>atque</strong></span> <span class='ocrx_word' id='word_1_509' title='bbox 2343 3597 2543 3654; x_wconf 87' lang='lat' dir='ltr'><strong>alacris</strong></span> <span class='ocrx_word' id='word_1_510' title='bbox 2559 3595 2916 3652; x_wconf 86' lang='lat' dir='ltr'><strong>fortitudinis</strong></span> <span class='ocrx_word' id='word_1_511' title='bbox 2928 3595 3116 3668; x_wconf 90' lang='lat' dir='ltr'><strong>gloria</strong></span> <span class='ocrx_word' id='word_1_512' title='bbox 3130 3593 3500 3668; x_wconf 85' lang='lat' dir='ltr'><strong>perturbabat</strong></span> <span class='ocrx_word' id='word_1_513' title='bbox 3511 3591 3714 3673; x_wconf 81' lang='lat' dir='ltr'><strong>hostem,</strong></span> 
     </span>
    </p>
   </div>
   <div class='ocr_carea' id='block_1_81' title="bbox 2159 3671 3715 3760">
    <p class='ocr_par' dir='ltr' id='par_1_81' title="bbox 2159 3671 3715 3760">
     <span class='ocr_line' id='line_1_81' title="bbox 2159 3671 3715 3760; baseline -0.01 -16"><span class='ocrx_word' id='word_1_514' title='bbox 2159 3671 2386 3760; x_wconf 17' lang='lat' dir='ltr'><strong>neiquis</strong></span> <span class='ocrx_word' id='word_1_515' title='bbox 2410 3685 2676 3759; x_wconf 89' lang='lat' dir='ltr'><strong>proprius</strong></span> <span class='ocrx_word' id='word_1_516' title='bbox 2703 3683 2976 3739; x_wconf 86' lang='lat' dir='ltr'><strong>feriturus</strong></span> <span class='ocrx_word' id='word_1_517' title='bbox 3006 3684 3252 3739; x_wconf 88' lang='lat' dir='ltr'><strong>auderet</strong></span> <span class='ocrx_word' id='word_1_518' title='bbox 3295 3680 3567 3737; x_wconf 88' lang='lat' dir='ltr'><strong>accedere.</strong></span> <span class='ocrx_word' id='word_1_519' title='bbox 3613 3671 3715 3738; x_wconf 86' lang='lat' dir='ltr'><strong>Qui,</strong></span> 
     </span>
    </p>
   </div>
   <div class='ocr_carea' id='block_1_82' title="bbox 2158 3765 3715 3834">
    <p class='ocr_par' dir='ltr' id='par_1_82' title="bbox 2158 3765 3715 3834">
     <span class='ocr_line' id='line_1_82' title="bbox 2158 3765 3715 3834; baseline -0.01 -2"><span class='ocrx_word' id='word_1_520' title='bbox 2158 3777 2256 3833; x_wconf 91' lang='lat' dir='ltr'><strong>ubi</strong></span> <span class='ocrx_word' id='word_1_521' title='bbox 2276 3775 2578 3832; x_wconf 78' lang='lat' dir='ltr'><strong>hostilibus</strong></span> <span class='ocrx_word' id='word_1_522' title='bbox 2599 3790 2658 3829; x_wconf 92' lang='lat' dir='ltr'><strong>se</strong></span> <span class='ocrx_word' id='word_1_523' title='bbox 2674 3773 3097 3829; x_wconf 90' lang='lat' dir='ltr'><strong>circumdatum</strong></span> <span class='ocrx_word' id='word_1_524' title='bbox 3114 3770 3314 3827; x_wconf 88' lang='lat' dir='ltr'><strong>cuneis</strong></span> <span class='ocrx_word' id='word_1_525' title='bbox 3331 3768 3483 3834; x_wconf 89' lang='lat' dir='ltr'><strong>vidit,</strong></span> <span class='ocrx_word' id='word_1_526' title='bbox 3508 3765 3715 3820; x_wconf 90' lang='lat' dir='ltr'><strong>nullum-</strong></span> 
     </span>
    </p>
   </div>
   <div class='ocr_carea' id='block_1_83' title="bbox 2160 3854 3714 3940">
    <p class='ocr_par' dir='ltr' id='par_1_83' title="bbox 2160 3854 3714 3940">
     <span class='ocr_line' id='line_1_83' title="bbox 2160 3854 3714 3940; baseline -0.011 -19"><span class='ocrx_word' id='word_1_527' title='bbox 2160 3883 2270 3940; x_wconf 90' lang='lat' dir='ltr'><strong>que</strong></span> <span class='ocrx_word' id='word_1_528' title='bbox 2301 3865 2497 3920; x_wconf 89' lang='lat' dir='ltr'><strong>adesse</strong></span> <span class='ocrx_word' id='word_1_529' title='bbox 2525 3879 2784 3928; x_wconf 89' lang='lat' dir='ltr'><strong>suorum,</strong></span> <span class='ocrx_word' id='word_1_530' title='bbox 2818 3861 2876 3916; x_wconf 90' lang='lat' dir='ltr'><strong>in</strong></span> <span class='ocrx_word' id='word_1_531' title='bbox 2905 3861 3113 3915; x_wconf 90' lang='lat' dir='ltr'><strong>virtute</strong></span> <span class='ocrx_word' id='word_1_532' title='bbox 3139 3861 3263 3915; x_wconf 90' lang='lat' dir='ltr'><strong>sola</strong></span> <span class='ocrx_word' id='word_1_533' title='bbox 3315 3854 3612 3913; x_wconf 88' lang='lat' dir='ltr'><strong>remedium</strong></span> <span class='ocrx_word' id='word_1_534' title='bbox 3634 3864 3714 3940; x_wconf 80' lang='lat' dir='ltr'><strong>po-</strong></span> 
     </span>
    </p>
   </div>
   <div class='ocr_carea' id='block_1_84' title="bbox 2160 3935 3713 4020">
    <p class='ocr_par' dir='ltr' id='par_1_84' title="bbox 2160 3935 3713 4020">
     <span class='ocr_line' id='line_1_84' title="bbox 2160 3935 3713 4020; baseline -0.012 -10"><span class='ocrx_word' id='word_1_535' title='bbox 2160 3935 2306 4010; x_wconf 76' lang='lat' dir='ltr'><strong>nens</strong></span> <span class='ocrx_word' id='word_1_536' title='bbox 2336 3951 2550 4020; x_wconf 89' lang='lat' dir='ltr'><strong>salutis,</strong></span> <span class='ocrx_word' id='word_1_537' title='bbox 2594 3949 2875 4006; x_wconf 89' lang='lat' dir='ltr'><strong>convertit</strong></span> <span class='ocrx_word' id='word_1_538' title='bbox 2913 3965 3128 4020; x_wconf 90' lang='lat' dir='ltr'><strong>equum</strong></span> <span class='ocrx_word' id='word_1_539' title='bbox 3165 3963 3401 4020; x_wconf 80' lang='lat' dir='ltr'><strong>seseque</strong></span> <span class='ocrx_word' id='word_1_540' title='bbox 3438 3939 3643 4011; x_wconf 85' lang='lat' dir='ltr'><strong>collegit</strong></span> <span class='ocrx_word' id='word_1_541' title='bbox 3669 3935 3713 3989; x_wconf 90' lang='lat' dir='ltr'><strong>in</strong></span> 
     </span>
    </p>
   </div>
   <div class='ocr_carea' id='block_1_85' title="bbox 2157 4023 3714 4109">
    <p class='ocr_par' dir='ltr' id='par_1_85' title="bbox 2157 4023 3714 4109">
     <span class='ocr_line' id='line_1_85' title="bbox 2157 4023 3714 4109; baseline -0.006 -11"><span class='ocrx_word' id='word_1_542' title='bbox 2157 4059 2340 4098; x_wconf 88' lang='lat' dir='ltr'><strong>arma.</strong></span> <span class='ocrx_word' id='word_1_543' title='bbox 2373 4041 2634 4097; x_wconf 71' lang='lat' dir='ltr'><strong>IEstuare</strong></span> <span class='ocrx_word' id='word_1_544' title='bbox 2660 4035 3305 4109; x_wconf 75' lang='lat' dir='ltr'><strong>tamen-magnanimus</strong></span> <span class='ocrx_word' id='word_1_545' title='bbox 3329 4031 3490 4104; x_wconf 83' lang='lat' dir='ltr'><strong>coepit</strong></span> <span class='ocrx_word' id='word_1_546' title='bbox 3508 4023 3714 4102; x_wconf 63' lang='lat' dir='ltr'><strong>juvenis.</strong></span> 
     </span>
    </p>
   </div>
   <div class='ocr_carea' id='block_1_86' title="bbox 2156 4116 3714 4204">
    <p class='ocr_par' dir='ltr' id='par_1_86' title="bbox 2156 4116 3714 4204">
     <span class='ocr_line' id='line_1_86' title="bbox 2156 4116 3714 4204; baseline -0.01 -18"><span class='ocrx_word' id='word_1_547' title='bbox 2156 4135 2351 4204; x_wconf 90' lang='lat' dir='ltr'><strong>atque,</strong></span> <span class='ocrx_word' id='word_1_548' title='bbox 2396 4129 2647 4184; x_wconf 89' lang='lat' dir='ltr'><strong>incertus</strong></span> <span class='ocrx_word' id='word_1_549' title='bbox 2689 4116 2892 4195; x_wconf 75' lang='lat' dir='ltr'><strong>animi,</strong></span> <span class='ocrx_word' id='word_1_550' title='bbox 2947 4125 3218 4198; x_wconf 78' lang='lat' dir='ltr'><strong>ingentia</strong></span> <span class='ocrx_word' id='word_1_551' title='bbox 3259 4125 3485 4198; x_wconf 88' lang='lat' dir='ltr'><strong>pectore</strong></span> <span class='ocrx_word' id='word_1_552' title='bbox 3528 4127 3714 4204; x_wconf 66' lang='lat' dir='ltr'><strong>versare</strong></span> 
     </span>
    </p>
   </div>
   <div class='ocr_carea' id='block_1_87' title="bbox 2156 4203 3712 4288">
    <p class='ocr_par' dir='ltr' id='par_1_87' title="bbox 2156 4203 3712 4288">
     <span class='ocr_line' id='line_1_87' title="bbox 2156 4203 3712 4288; baseline -0.012 -14"><span class='ocrx_word' id='word_1_553' title='bbox 2156 4203 2412 4275; x_wconf 87' lang='lat' dir='ltr'><strong>consilia.</strong></span> <span class='ocrx_word' id='word_1_554' title='bbox 2432 4217 2748 4288; x_wconf 74' lang='lat' dir='ltr'><strong>Obviamne</strong></span> <span class='ocrx_word' id='word_1_555' title='bbox 2770 4215 3048 4281; x_wconf 90' lang='lat' dir='ltr'><strong>eundum,</strong></span> <span class='ocrx_word' id='word_1_556' title='bbox 3069 4231 3142 4268; x_wconf 92' lang='lat' dir='ltr'><strong>an</strong></span> <span class='ocrx_word' id='word_1_557' title='bbox 3159 4212 3418 4288; x_wconf 73' lang='lat' dir='ltr'><strong>hostibus</strong></span> <span class='ocrx_word' id='word_1_558' title='bbox 3438 4203 3712 4288; x_wconf 79' lang='lat' dir='ltr'><strong>cedendum</strong></span> 
     </span>
    </p>
   </div>
   <div class='ocr_carea' id='block_1_88' title="bbox 2155 4285 3712 4378">
    <p class='ocr_par' dir='ltr' id='par_1_88' title="bbox 2155 4285 3712 4378">
     <span class='ocr_line' id='line_1_88' title="bbox 2155 4285 3712 4378; baseline -0.013 -14"><span class='ocrx_word' id='word_1_559' title='bbox 2155 4309 2324 4375; x_wconf 88' lang='lat' dir='ltr'><strong>foret,</strong></span> <span class='ocrx_word' id='word_1_560' title='bbox 2365 4285 2696 4378; x_wconf 76' lang='lat' dir='ltr'><strong>aliquandiu</strong></span> <span class='ocrx_word' id='word_1_561' title='bbox 2733 4302 3088 4359; x_wconf 87' lang='lat' dir='ltr'><strong>deliberavit.</strong></span> <span class='ocrx_word' id='word_1_562' title='bbox 3147 4285 3405 4358; x_wconf 79' lang='lat' dir='ltr'><strong>Tandem</strong></span> <span class='ocrx_word' id='word_1_563' title='bbox 3448 4287 3712 4378; x_wconf 82' lang='lat' dir='ltr'><strong>aliquando</strong></span> 
     </span>
    </p>
   </div>
   <div class='ocr_carea' id='block_1_89' title="bbox 2153 4375 3712 4462">
    <p class='ocr_par' dir='ltr' id='par_1_89' title="bbox 2153 4375 3712 4462">
     <span class='ocr_line' id='line_1_89' title="bbox 2153 4375 3712 4462; baseline -0.009 -10"><span class='ocrx_word' id='word_1_564' title='bbox 2153 4396 2372 4453; x_wconf 90' lang='lat' dir='ltr'><strong>invenit</strong></span> <span class='ocrx_word' id='word_1_565' title='bbox 2404 4395 2629 4450; x_wconf 90' lang='lat' dir='ltr'><strong>ratione</strong></span> <span class='ocrx_word' id='word_1_566' title='bbox 2656 4392 2829 4459; x_wconf 89' lang='lat' dir='ltr'><strong>viam,</strong></span> <span class='ocrx_word' id='word_1_567' title='bbox 2857 4391 3104 4462; x_wconf 88' lang='lat' dir='ltr'><strong>vicitque</strong></span> <span class='ocrx_word' id='word_1_568' title='bbox 3128 4393 3385 4445; x_wconf 88' lang='lat' dir='ltr'><strong>mentem</strong></span> <span class='ocrx_word' id='word_1_569' title='bbox 3415 4383 3609 4458; x_wconf 87' lang='lat' dir='ltr'><strong>pudor;</strong></span> <span class='ocrx_word' id='word_1_570' title='bbox 3641 4375 3712 4429; x_wconf 85' lang='grc' dir='ltr'><strong>ίιι·</strong></span> 
     </span>
    </p>
   </div>
   <div class='ocr_carea' id='block_1_90' title="bbox 452 4472 3714 4558">
    <p class='ocr_par' dir='ltr' id='par_1_90' title="bbox 452 4472 3714 4558">
     <span class='ocr_line' id='line_1_90' title="bbox 452 4472 3714 4558; baseline -0.006 -16"><span class='ocrx_word' id='word_1_571' title='bbox 452 4488 658 4556; x_wconf 86' lang='lat' dir='ltr'><strong>Quem,</strong></span> <span class='ocrx_word' id='word_1_572' title='bbox 678 4485 816 4541; x_wconf 91' lang='lat' dir='ltr'><strong>dum</strong></span> <span class='ocrx_word' id='word_1_573' title='bbox 845 4486 940 4541; x_wconf 90' lang='lat' dir='ltr'><strong>illa</strong></span> <span class='ocrx_word' id='word_1_574' title='bbox 957 4486 1089 4542; x_wconf 90' lang='lat' dir='ltr'><strong>odio</strong></span> <span class='ocrx_word' id='word_1_575' title='bbox 1121 4485 1484 4558; x_wconf 89' lang='lat' dir='ltr'><strong>persequitur</strong></span> <span class='ocrx_word' id='word_1_576' title='bbox 1512 4486 1818 4555; x_wconf 89' lang='lat' dir='ltr'><strong>novercali,</strong></span> <span class='ocrx_word' id='word_1_577' title='bbox 1846 4487 1902 4542; x_wconf 91' lang='lat' dir='ltr'><strong>in</strong></span> <span class='ocrx_word' id='word_1_578' title='bbox 1928 4490 2055 4540; x_wconf 86' lang='lat' dir='ltr'><strong>tan-</strong></span> <span class='ocrx_word' id='word_1_579' title='bbox 2079 4476 2135 4536; x_wconf 82' lang='lat' dir='ltr'><strong>D</strong></span> <span class='ocrx_word' id='word_1_580' title='bbox 2153 4489 2354 4558; x_wconf 89' lang='lat' dir='ltr'><strong>terque</strong></span> <span class='ocrx_word' id='word_1_581' title='bbox 2397 4481 2848 4539; x_wconf 72' lang='lat' dir='ltr'><strong>confertissimos</strong></span> <span class='ocrx_word' id='word_1_582' title='bbox 2894 4479 3115 4534; x_wconf 90' lang='lat' dir='ltr'><strong>adversi</strong></span> <span class='ocrx_word' id='word_1_583' title='bbox 3149 4475 3396 4550; x_wconf 89' lang='lat' dir='ltr'><strong>agnimis</strong></span> <span class='ocrx_word' id='word_1_584' title='bbox 3439 4472 3714 4536; x_wconf 71' lang='lat' dir='ltr'><strong>viros&#39;prO&#39;</strong></span> 
     </span>
    </p>
   </div>
   <div class='ocr_carea' id='block_1_91' title="bbox 451 4573 2060 4647">
    <p class='ocr_par' dir='ltr' id='par_1_91' title="bbox 451 4573 2060 4647">
     <span class='ocr_line' id='line_1_91' title="bbox 451 4573 2060 4647; baseline -0.001 -17"><span class='ocrx_word' id='word_1_585' title='bbox 451 4581 575 4630; x_wconf 90' lang='lat' dir='ltr'><strong>tum</strong></span> <span class='ocrx_word' id='word_1_586' title='bbox 593 4592 828 4631; x_wconf 88' lang='lat' dir='ltr'><strong>exosum</strong></span> <span class='ocrx_word' id='word_1_587' title='bbox 846 4575 1065 4631; x_wconf 84' lang='lat' dir='ltr'><strong>fecerat</strong></span> <span class='ocrx_word' id='word_1_588' title='bbox 1082 4573 1254 4647; x_wconf 88' lang='lat' dir='ltr'><strong>patri,</strong></span> <span class='ocrx_word' id='word_1_589' title='bbox 1269 4577 1330 4630; x_wconf 91' lang='lat' dir='ltr'><strong>ut</strong></span> <span class='ocrx_word' id='word_1_590' title='bbox 1341 4574 1474 4631; x_wconf 90' lang='lat' dir='ltr'><strong>felle</strong></span> <span class='ocrx_word' id='word_1_591' title='bbox 1490 4576 1846 4646; x_wconf 86' lang='lat' dir='ltr'><strong>commotqu</strong></span> <span class='ocrx_word' id='word_1_592' title='bbox 1859 4576 2060 4631; x_wconf 90' lang='lat' dir='ltr'><strong>uberet</strong></span> 
     </span>
    </p>
   </div>
   <div class='ocr_carea' id='block_1_92' title="bbox 449 4663 2064 4738">
    <p class='ocr_par' dir='ltr' id='par_1_92' title="bbox 449 4663 2064 4738">
     <span class='ocr_line' id='line_1_92' title="bbox 449 4663 2064 4738; baseline -0.001 -18"><span class='ocrx_word' id='word_1_593' title='bbox 449 4678 582 4720; x_wconf 89' lang='lat' dir='ltr'><strong>eum</strong></span> <span class='ocrx_word' id='word_1_594' title='bbox 610 4663 798 4738; x_wconf 87' lang='lat' dir='ltr'><strong>puniri</strong></span> <span class='ocrx_word' id='word_1_595' title='bbox 829 4665 1171 4737; x_wconf 87' lang='lat' dir='ltr'><strong>gladio.Nec</strong></span> <span class='ocrx_word' id='word_1_596' title='bbox 1197 4665 1380 4718; x_wconf 90' lang='lat' dir='ltr'><strong>multo</strong></span> <span class='ocrx_word' id='word_1_597' title='bbox 1410 4667 1540 4734; x_wconf 90' lang='lat' dir='ltr'><strong>post</strong></span> <span class='ocrx_word' id='word_1_598' title='bbox 1567 4663 1700 4718; x_wconf 87' lang='lat' dir='ltr'><strong>facti</strong></span> <span class='ocrx_word' id='word_1_599' title='bbox 1725 4663 2064 4736; x_wconf 61' lang='lat' dir='ltr'><strong>paenitentia</strong></span> 
     </span>
    </p>
   </div>
   <div class='ocr_carea' id='block_1_93' title="bbox 449 4752 2062 4828">
    <p class='ocr_par' dir='ltr' id='par_1_93' title="bbox 449 4752 2062 4828">
     <span class='ocr_line' id='line_1_93' title="bbox 449 4752 2062 4828; baseline -0.002 -19"><span class='ocrx_word' id='word_1_600' title='bbox 449 4753 676 4820; x_wconf 85' lang='lat' dir='ltr'><strong>ductus,</strong></span> <span class='ocrx_word' id='word_1_601' title='bbox 701 4771 892 4809; x_wconf 85' lang='lat' dir='ltr'><strong>secum</strong></span> <span class='ocrx_word' id='word_1_602' title='bbox 911 4754 1028 4826; x_wconf 89' lang='lat' dir='ltr'><strong>ipse</strong></span> <span class='ocrx_word' id='word_1_603' title='bbox 1051 4752 1474 4828; x_wconf 88' lang='lat' dir='ltr'><strong>repulansquid</strong></span> <span class='ocrx_word' id='word_1_604' title='bbox 1496 4753 1724 4807; x_wconf 87' lang='lat' dir='ltr'><strong>sceleris</strong></span> <span class='ocrx_word' id='word_1_605' title='bbox 1744 4753 2062 4823; x_wconf 89' lang='lat' dir='ltr'><strong>admiserit,</strong></span> 
     </span>
    </p>
   </div>
   <div class='ocr_carea' id='block_1_94' title="bbox 448 4840 2061 4918">
    <p class='ocr_par' dir='ltr' id='par_1_94' title="bbox 448 4840 2061 4918">
     <span class='ocr_line' id='line_1_94' title="bbox 448 4840 2061 4918; baseline 0 -20"><span class='ocrx_word' id='word_1_606' title='bbox 448 4845 522 4900; x_wconf 89' lang='lat' dir='ltr'><strong>ad</strong></span> <span class='ocrx_word' id='word_1_607' title='bbox 545 4845 806 4918; x_wconf 88' lang='lat' dir='ltr'><strong>sepulcra</strong></span> <span class='ocrx_word' id='word_1_608' title='bbox 847 4847 1182 4898; x_wconf 90' lang='lat' dir='ltr'><strong>sanctorum</strong></span> <span class='ocrx_word' id='word_1_609' title='bbox 1235 4857 1536 4896; x_wconf 88' lang='lat' dir='ltr'><strong>recurrens</strong></span> <span class='ocrx_word' id='word_1_610' title='bbox 1577 4858 1727 4914; x_wconf 77' lang='lat' dir='ltr'><strong>saepe</strong></span> <span class='ocrx_word' id='word_1_611' title='bbox 1783 4840 2061 4914; x_wconf 89' lang='lat' dir='ltr'><strong>humique</strong></span> 
     </span>
    </p>
   </div>
   <div class='ocr_carea' id='block_1_95' title="bbox 447 4929 2058 5008">
    <p class='ocr_par' dir='ltr' id='par_1_95' title="bbox 447 4929 2058 5008">
     <span class='ocr_line' id='line_1_95' title="bbox 447 4929 2058 5008; baseline -0.003 -19"><span class='ocrx_word' id='word_1_612' title='bbox 447 4936 786 5008; x_wconf 84' lang='lat' dir='ltr'><strong>prostratus,</strong></span> <span class='ocrx_word' id='word_1_613' title='bbox 816 4949 914 4988; x_wconf 91' lang='lat' dir='ltr'><strong>eos</strong></span> <span class='ocrx_word' id='word_1_614' title='bbox 942 4948 1082 5003; x_wconf 87' lang='lat' dir='ltr'><strong>erga</strong></span> <span class='ocrx_word' id='word_1_615' title='bbox 1103 4947 1161 4986; x_wconf 90' lang='lat' dir='ltr'><strong>se</strong></span> <span class='ocrx_word' id='word_1_616' title='bbox 1182 4929 1629 4985; x_wconf 89' lang='lat' dir='ltr'><strong>clementissime</strong></span> <span class='ocrx_word' id='word_1_617' title='bbox 1661 4929 1787 4985; x_wconf 88' lang='lat' dir='ltr'><strong>fore</strong></span> <span class='ocrx_word' id='word_1_618' title='bbox 1835 4929 2058 5002; x_wconf 78' lang='lat' dir='ltr'><strong>efflagi-</strong></span> 
     </span>
    </p>
   </div>
   <div class='ocr_carea' id='block_1_96' title="bbox 443 5019 2058 5096">
    <p class='ocr_par' dir='ltr' id='par_1_96' title="bbox 443 5019 2058 5096">
     <span class='ocr_line' id='line_1_96' title="bbox 443 5019 2058 5096; baseline -0.003 -17"><span class='ocrx_word' id='word_1_619' title='bbox 443 5023 850 5096; x_wconf 87' lang='lat' dir='ltr'><strong>tans,rogabat</strong></span> <span class='ocrx_word' id='word_1_620' title='bbox 864 5025 947 5089; x_wconf 90' lang='lat' dir='ltr'><strong>ut,</strong></span> <span class='ocrx_word' id='word_1_621' title='bbox 963 5021 1005 5074; x_wconf 92' lang='lat' dir='ltr'><strong>si</strong></span> <span class='ocrx_word' id='word_1_622' title='bbox 1026 5019 1166 5094; x_wconf 91' lang='lat' dir='ltr'><strong>quid</strong></span> <span class='ocrx_word' id='word_1_623' title='bbox 1189 5019 1382 5074; x_wconf 87' lang='lat' dir='ltr'><strong>minus</strong></span> <span class='ocrx_word' id='word_1_624' title='bbox 1399 5019 1719 5091; x_wconf 88' lang='lat' dir='ltr'><strong>perfectum</strong></span> <span class='ocrx_word' id='word_1_625' title='bbox 1737 5019 2058 5091; x_wconf 73' lang='lat' dir='ltr'><strong>divinmque</strong></span> 
     </span>
    </p>
   </div>
   <div class='ocr_carea' id='block_1_97' title="bbox 441 5107 2057 5184">
    <p class='ocr_par' dir='ltr' id='par_1_97' title="bbox 441 5107 2057 5184">
     <span class='ocr_line' id='line_1_97' title="bbox 441 5107 2057 5184; baseline -0.004 -16"><span class='ocrx_word' id='word_1_626' title='bbox 441 5111 732 5184; x_wconf 86' lang='lat' dir='ltr'><strong>majestati</strong></span> <span class='ocrx_word' id='word_1_627' title='bbox 765 5113 1069 5166; x_wconf 90' lang='lat' dir='ltr'><strong>adversum</strong></span> <span class='ocrx_word' id='word_1_628' title='bbox 1102 5109 1162 5164; x_wconf 93' lang='lat' dir='ltr'><strong>in</strong></span> <span class='ocrx_word' id='word_1_629' title='bbox 1199 5107 1315 5164; x_wconf 90' lang='lat' dir='ltr'><strong>suis</strong></span> <span class='ocrx_word' id='word_1_630' title='bbox 1349 5107 1698 5180; x_wconf 85' lang='lat' dir='ltr'><strong>reperiretur</strong></span> <span class='ocrx_word' id='word_1_631' title='bbox 1728 5108 1967 5166; x_wconf 89' lang='lat' dir='ltr'><strong>actibus.</strong></span> <span class='ocrx_word' id='word_1_632' title='bbox 1998 5107 2057 5162; x_wconf 89' lang='lat' dir='ltr'><strong>id</strong></span> 
     </span>
    </p>
   </div>
   <div class='ocr_carea' id='block_1_98' title="bbox 416 5196 2056 5270">
    <p class='ocr_par' dir='ltr' id='par_1_98' title="bbox 416 5196 2056 5270">
     <span class='ocr_line' id='line_1_98' title="bbox 416 5196 2056 5270; baseline -0.004 -13"><span class='ocrx_word' id='word_1_633' title='bbox 416 5203 646 5257; x_wconf 70' lang='lat' dir='ltr'><strong>&#39;eorum</strong></span> <span class='ocrx_word' id='word_1_634' title='bbox 677 5201 1004 5256; x_wconf 89' lang='lat' dir='ltr'><strong>interventu</strong></span> <span class='ocrx_word' id='word_1_635' title='bbox 1013 5202 1202 5270; x_wconf 82' lang='lat' dir='ltr'><strong>justus</strong></span> <span class='ocrx_word' id='word_1_636' title='bbox 1219 5197 1398 5253; x_wconf 73' lang='lat' dir='ltr'><strong>Iudex</strong></span> <span class='ocrx_word' id='word_1_637' title='bbox 1421 5197 1480 5252; x_wconf 92' lang='lat' dir='ltr'><strong>in</strong></span> <span class='ocrx_word' id='word_1_638' title='bbox 1505 5196 1615 5252; x_wconf 85' lang='lat' dir='ltr'><strong>huc</strong></span> <span class='ocrx_word' id='word_1_639' title='bbox 1637 5198 1845 5252; x_wconf 62' lang='lat' dir='ltr'><strong>saeculo</strong></span> <span class='ocrx_word' id='word_1_640' title='bbox 1869 5196 2056 5269; x_wconf 91' lang='lat' dir='ltr'><strong>potius</strong></span> 
     </span>
    </p>
   </div>
   <div class='ocr_carea' id='block_1_99' title="bbox 439 5285 2056 5362">
    <p class='ocr_par' dir='ltr' id='par_1_99' title="bbox 439 5285 2056 5362">
     <span class='ocr_line' id='line_1_99' title="bbox 439 5285 2056 5362; baseline -0.003 -16"><span class='ocrx_word' id='word_1_641' title='bbox 439 5306 615 5362; x_wconf 88' lang='lat' dir='ltr'><strong>quam</strong></span> <span class='ocrx_word' id='word_1_642' title='bbox 646 5289 704 5346; x_wconf 92' lang='lat' dir='ltr'><strong>in</strong></span> <span class='ocrx_word' id='word_1_643' title='bbox 723 5289 918 5345; x_wconf 85' lang='lat' dir='ltr'><strong>futuro</strong></span> <span class='ocrx_word' id='word_1_644' title='bbox 942 5285 1172 5360; x_wconf 88' lang='lat' dir='ltr'><strong>puniret</strong></span> <span class='ocrx_word' id='word_1_645' title='bbox 1191 5286 1477 5342; x_wconf 88' lang='lat' dir='ltr'><strong>examine.</strong></span> <span class='ocrx_word' id='word_1_646' title='bbox 1507 5285 1690 5350; x_wconf 87' lang='lat' dir='ltr'><strong>Quam</strong></span> <span class='ocrx_word' id='word_1_647' title='bbox 1711 5285 2056 5358; x_wconf 88' lang='lat' dir='ltr'><strong>petitionem</strong></span> 
     </span>
    </p>
   </div>
   <div class='ocr_carea' id='block_1_100' title="bbox 436 5375 2056 5448">
    <p class='ocr_par' dir='ltr' id='par_1_100' title="bbox 436 5375 2056 5448">
     <span class='ocr_line' id='line_1_100' title="bbox 436 5375 2056 5448; baseline -0.002 -14"><span class='ocrx_word' id='word_1_648' title='bbox 436 5379 511 5434; x_wconf 87' lang='lat' dir='ltr'><strong>ad</strong></span> <span class='ocrx_word' id='word_1_649' title='bbox 530 5379 798 5434; x_wconf 81' lang='lat' dir='ltr'><strong>effectum</strong></span> <span class='ocrx_word' id='word_1_650' title='bbox 814 5379 977 5448; x_wconf 84' lang='lat' dir='ltr'><strong>juxta</strong></span> <span class='ocrx_word' id='word_1_651' title='bbox 989 5379 1184 5432; x_wconf 85' lang='lat' dir='ltr'><strong>votum</strong></span> <span class='ocrx_word' id='word_1_652' title='bbox 1201 5375 1524 5448; x_wconf 80' lang='lat' dir='ltr'><strong>pervenisse</strong></span> <span class='ocrx_word' id='word_1_653' title='bbox 1543 5378 1787 5430; x_wconf 78' lang='lat' dir='ltr'><strong>constat.</strong></span> <span class='ocrx_word' id='word_1_654' title='bbox 1803 5375 2056 5430; x_wconf 81' lang='lat' dir='ltr'><strong>Audiens</strong></span> 
     </span>
    </p>
   </div>
   <div class='ocr_carea' id='block_1_101' title="bbox 437 5461 2056 5538">
    <p class='ocr_par' dir='ltr' id='par_1_101' title="bbox 437 5461 2056 5538">
     <span class='ocr_line' id='line_1_101' title="bbox 437 5461 2056 5538; baseline -0.002 -17"><span class='ocrx_word' id='word_1_655' title='bbox 437 5467 650 5538; x_wconf 89' lang='lat' dir='ltr'><strong>quippe</strong></span> <span class='ocrx_word' id='word_1_656' title='bbox 679 5466 991 5520; x_wconf 86' lang='lat' dir='ltr'><strong>exercitum</strong></span> <span class='ocrx_word' id='word_1_657' title='bbox 1034 5463 1309 5519; x_wconf 86' lang='lat' dir='ltr'><strong>advenire</strong></span> <span class='ocrx_word' id='word_1_658' title='bbox 1344 5464 1720 5528; x_wconf 83' lang='lat' dir='ltr'><strong>Francorum,</strong></span> <span class='ocrx_word' id='word_1_659' title='bbox 1751 5461 2056 5518; x_wconf 88' lang='lat' dir='ltr'><strong>instruitet</strong></span> 
     </span>
    </p>
   </div>
   <div class='ocr_carea' id='block_1_102' title="bbox 433 5553 2056 5626">
    <p class='ocr_par' dir='ltr' id='par_1_102' title="bbox 433 5553 2056 5626">
     <span class='ocr_line' id='line_1_102' title="bbox 433 5553 2056 5626; baseline -0.001 -17"><span class='ocrx_word' id='word_1_660' title='bbox 433 5556 558 5626; x_wconf 87' lang='lat' dir='ltr'><strong>ipse</strong></span> <span class='ocrx_word' id='word_1_661' title='bbox 577 5554 870 5626; x_wconf 86' lang='lat' dir='ltr'><strong>copiosam</strong></span> <span class='ocrx_word' id='word_1_662' title='bbox 903 5571 1140 5608; x_wconf 89' lang='lat' dir='ltr'><strong>suorum</strong></span> <span class='ocrx_word' id='word_1_663' title='bbox 1168 5569 1434 5620; x_wconf 90' lang='lat' dir='ltr'><strong>manum,</strong></span> <span class='ocrx_word' id='word_1_664' title='bbox 1463 5555 1636 5624; x_wconf 90' lang='lat' dir='ltr'><strong>atque</strong></span> <span class='ocrx_word' id='word_1_665' title='bbox 1664 5553 1931 5607; x_wconf 83' lang='lat' dir='ltr'><strong>adversus</strong></span> <span class='ocrx_word' id='word_1_666' title='bbox 1955 5568 2056 5608; x_wconf 83' lang='lat' dir='ltr'><strong>eos</strong></span> 
     </span>
    </p>
   </div>
   <div class='ocr_carea' id='block_1_103' title="bbox 435 5640 2048 5714">
    <p class='ocr_par' dir='ltr' id='par_1_103' title="bbox 435 5640 2048 5714">
     <span class='ocr_line' id='line_1_103' title="bbox 435 5640 2048 5714; baseline 0.001 -19"><span class='ocrx_word' id='word_1_667' title='bbox 435 5645 792 5713; x_wconf 86' lang='lat' dir='ltr'><strong>pugnaturus</strong></span> <span class='ocrx_word' id='word_1_668' title='bbox 809 5641 989 5696; x_wconf 85' lang='lat' dir='ltr'><strong>aciem</strong></span> <span class='ocrx_word' id='word_1_669' title='bbox 1005 5640 1650 5714; x_wconf 81' lang='lat' dir='ltr'><strong>dirigit.Congressione</strong></span> <span class='ocrx_word' id='word_1_670' title='bbox 1667 5641 1858 5712; x_wconf 85' lang='lat' dir='ltr'><strong>itaque</strong></span> <span class='ocrx_word' id='word_1_671' title='bbox 1877 5641 2048 5709; x_wconf 84' lang='lat' dir='ltr'><strong>facta,</strong></span> 
     </span>
    </p>
   </div>
   <div class='ocr_carea' id='block_1_104' title="bbox 435 5725 2052 5802">
    <p class='ocr_par' dir='ltr' id='par_1_104' title="bbox 435 5725 2052 5802">
     <span class='ocr_line' id='line_1_104' title="bbox 435 5725 2052 5802; baseline -0.001 -16"><span class='ocrx_word' id='word_1_672' title='bbox 435 5729 665 5786; x_wconf 84' lang='lat' dir='ltr'><strong>Francis</strong></span> <span class='ocrx_word' id='word_1_673' title='bbox 713 5730 922 5786; x_wconf 88' lang='lat' dir='ltr'><strong>acriter</strong></span> <span class='ocrx_word' id='word_1_674' title='bbox 970 5726 1388 5801; x_wconf 71' lang='lat' dir='ltr'><strong>praeliantibus,</strong></span> <span class='ocrx_word' id='word_1_675' title='bbox 1436 5725 1568 5782; x_wconf 90' lang='lat' dir='ltr'><strong>victi</strong></span> <span class='ocrx_word' id='word_1_676' title='bbox 1626 5729 2052 5802; x_wconf 86' lang='lat' dir='ltr'><strong>Burgundiores</strong></span> 
     </span>
    </p>
   </div>
   <div class='ocr_carea' id='block_1_105' title="bbox 2157 4555 3710 4642">
    <p class='ocr_par' dir='ltr' id='par_1_105' title="bbox 2157 4555 3710 4642">
     <span class='ocr_line' id='line_1_105' title="bbox 2157 4555 3710 4642; baseline -0.008 -13"><span class='ocrx_word' id='word_1_677' title='bbox 2157 4555 2352 4641; x_wconf 76' lang='lat' dir='ltr'><strong>ruens,</strong></span> <span class='ocrx_word' id='word_1_678' title='bbox 2381 4572 2536 4627; x_wconf 87' lang='lat' dir='ltr'><strong>ferro</strong></span> <span class='ocrx_word' id='word_1_679' title='bbox 2563 4571 2674 4626; x_wconf 89' lang='lat' dir='ltr'><strong>iter</strong></span> <span class='ocrx_word' id='word_1_680' title='bbox 2721 4569 2944 4642; x_wconf 87' lang='lat' dir='ltr'><strong>aperire</strong></span> <span class='ocrx_word' id='word_1_681' title='bbox 2989 4570 3250 4634; x_wconf 90' lang='lat' dir='ltr'><strong>conatus,</strong></span> <span class='ocrx_word' id='word_1_682' title='bbox 3296 4578 3462 4637; x_wconf 90' lang='lat' dir='ltr'><strong>quem</strong></span> <span class='ocrx_word' id='word_1_683' title='bbox 3503 4555 3710 4630; x_wconf 76' lang='lat' dir='ltr'><strong>primum</strong></span> 
     </span>
    </p>
   </div>
   <div class='ocr_carea' id='block_1_106' title="bbox 2161 4647 3710 4730">
    <p class='ocr_par' dir='ltr' id='par_1_106' title="bbox 2161 4647 3710 4730">
     <span class='ocr_line' id='line_1_106' title="bbox 2161 4647 3710 4730; baseline -0.012 -12"><span class='ocrx_word' id='word_1_684' title='bbox 2161 4662 2390 4718; x_wconf 90' lang='lat' dir='ltr'><strong>obviam</strong></span> <span class='ocrx_word' id='word_1_685' title='bbox 2426 4659 2623 4716; x_wconf 85' lang='lat' dir='ltr'><strong>habuit</strong></span> <span class='ocrx_word' id='word_1_686' title='bbox 2651 4675 2800 4730; x_wconf 90' lang='lat' dir='ltr'><strong>equo</strong></span> <span class='ocrx_word' id='word_1_687' title='bbox 2831 4657 3058 4729; x_wconf 89' lang='lat' dir='ltr'><strong>dejecit.</strong></span> <span class='ocrx_word' id='word_1_688' title='bbox 3093 4653 3512 4711; x_wconf 89' lang='lat' dir='ltr'><strong>Circumventus</strong></span> <span class='ocrx_word' id='word_1_689' title='bbox 3534 4647 3710 4730; x_wconf 66' lang='lat' dir='ltr'><strong>autem.</strong></span> 
     </span>
    </p>
   </div>
   <div class='ocr_carea' id='block_1_107' title="bbox 2163 4729 3708 4822">
    <p class='ocr_par' dir='ltr' id='par_1_107' title="bbox 2163 4729 3708 4822">
     <span class='ocr_line' id='line_1_107' title="bbox 2163 4729 3708 4822; baseline -0.012 -16"><span class='ocrx_word' id='word_1_690' title='bbox 2163 4749 2438 4806; x_wconf 88' lang='lat' dir='ltr'><strong>confossis</strong></span> <span class='ocrx_word' id='word_1_691' title='bbox 2491 4729 2764 4804; x_wconf 78' lang='lat' dir='ltr'><strong>lateribus</strong></span> <span class='ocrx_word' id='word_1_692' title='bbox 2821 4747 2951 4801; x_wconf 73' lang='lat' dir='ltr'><strong>vitae</strong></span> <span class='ocrx_word' id='word_1_693' title='bbox 3009 4743 3325 4800; x_wconf 88' lang='lat' dir='ltr'><strong>terminum</strong></span> <span class='ocrx_word' id='word_1_694' title='bbox 3375 4735 3586 4793; x_wconf 87' lang='lat' dir='ltr'><strong>sortitus</strong></span> <span class='ocrx_word' id='word_1_695' title='bbox 3627 4729 3708 4822; x_wconf 52' lang='lat' dir='ltr'><strong>cst-</strong></span> 
     </span>
    </p>
   </div>
   <div class='ocr_carea' id='block_1_108' title="bbox 2162 4823 3710 4911">
    <p class='ocr_par' dir='ltr' id='par_1_108' title="bbox 2162 4823 3710 4911">
     <span class='ocr_line' id='line_1_108' title="bbox 2162 4823 3710 4911; baseline -0.019 -15"><span class='ocrx_word' id='word_1_696' title='bbox 2162 4839 2416 4911; x_wconf 89' lang='lat' dir='ltr'><strong>Impiger</strong></span> <span class='ocrx_word' id='word_1_697' title='bbox 2433 4854 2570 4894; x_wconf 90' lang='lat' dir='ltr'><strong>sane</strong></span> <span class='ocrx_word' id='word_1_698' title='bbox 2587 4835 2815 4908; x_wconf 88' lang='lat' dir='ltr'><strong>juvenis</strong></span> <span class='ocrx_word' id='word_1_699' title='bbox 2839 4838 3088 4889; x_wconf 89' lang='lat' dir='ltr'><strong>etmanu</strong></span> <span class='ocrx_word' id='word_1_700' title='bbox 3110 4831 3428 4904; x_wconf 89' lang='lat' dir='ltr'><strong>promptus,</strong></span> <span class='ocrx_word' id='word_1_701' title='bbox 3451 4823 3542 4880; x_wconf 89' lang='lat' dir='ltr'><strong>sed</strong></span> <span class='ocrx_word' id='word_1_702' title='bbox 3559 4830 3710 4873; x_wconf 68' lang='lat' dir='ltr'><strong>const-</strong></span> 
     </span>
    </p>
   </div>
   <div class='ocr_carea' id='block_1_109' title="bbox 2159 4915 3709 5000">
    <p class='ocr_par' dir='ltr' id='par_1_109' title="bbox 2159 4915 3709 5000">
     <span class='ocr_line' id='line_1_109' title="bbox 2159 4915 3709 5000; baseline -0.021 -12"><span class='ocrx_word' id='word_1_703' title='bbox 2159 4928 2235 4984; x_wconf 90' lang='lat' dir='ltr'><strong>lio</strong></span> <span class='ocrx_word' id='word_1_704' title='bbox 2301 4943 2506 5000; x_wconf 90' lang='lat' dir='ltr'><strong>parum</strong></span> <span class='ocrx_word' id='word_1_705' title='bbox 2565 4924 2875 4998; x_wconf 87' lang='lat' dir='ltr'><strong>providus;</strong></span> <span class='ocrx_word' id='word_1_706' title='bbox 2931 4921 3026 4994; x_wconf 90' lang='lat' dir='ltr'><strong>qui</strong></span> <span class='ocrx_word' id='word_1_707' title='bbox 3077 4921 3136 4975; x_wconf 89' lang='lat' dir='ltr'><strong>in</strong></span> <span class='ocrx_word' id='word_1_708' title='bbox 3189 4915 3447 4973; x_wconf 88' lang='lat' dir='ltr'><strong>secundis</strong></span> <span class='ocrx_word' id='word_1_709' title='bbox 3494 4915 3709 5000; x_wconf 68' lang='lat' dir='ltr'><strong>amorem</strong></span> 
     </span>
    </p>
   </div>
   <div class='ocr_carea' id='block_1_110' title="bbox 2157 4987 3711 5089">
    <p class='ocr_par' dir='ltr' id='par_1_110' title="bbox 2157 4987 3711 5089">
     <span class='ocr_line' id='line_1_110' title="bbox 2157 4987 3711 5089; baseline -0.01 -18"><span class='ocrx_word' id='word_1_710' title='bbox 2157 4987 2428 5089; x_wconf 72' lang='lat' dir='ltr'><strong>posuerat</strong></span> <span class='ocrx_word' id='word_1_711' title='bbox 2452 5013 2599 5068; x_wconf 60' lang='lat' dir='ltr'><strong>vitae.</strong></span> <span class='ocrx_word' id='word_1_712' title='bbox 2635 5013 2762 5068; x_wconf 85' lang='lat' dir='ltr'><strong>Fuit</strong></span> <span class='ocrx_word' id='word_1_713' title='bbox 2787 5015 2983 5066; x_wconf 90' lang='lat' dir='ltr'><strong>tamen</strong></span> <span class='ocrx_word' id='word_1_714' title='bbox 3009 5013 3312 5074; x_wconf 67' lang='lat' dir='ltr'><strong>maternis,</strong></span> <span class='ocrx_word' id='word_1_715' title='bbox 3337 5019 3434 5076; x_wconf 88' lang='lat' dir='ltr'><strong>pro</strong></span> <span class='ocrx_word' id='word_1_716' title='bbox 3460 5011 3623 5072; x_wconf 67' lang='lat' dir='ltr'><strong>posse,</strong></span> <span class='ocrx_word' id='word_1_717' title='bbox 3649 4987 3711 5089; x_wconf 55' lang='lat' dir='ltr'><strong>ll&quot;</strong></span> 
     </span>
    </p>
   </div>
   <div class='ocr_carea' id='block_1_111' title="bbox 2157 5081 3707 5175">
    <p class='ocr_par' dir='ltr' id='par_1_111' title="bbox 2157 5081 3707 5175">
     <span class='ocr_line' id='line_1_111' title="bbox 2157 5081 3707 5175; baseline -0.018 -14"><span class='ocrx_word' id='word_1_718' title='bbox 2157 5081 2250 5162; x_wconf 79' lang='lat' dir='ltr'><strong>tor</strong></span> <span class='ocrx_word' id='word_1_719' title='bbox 2277 5103 2523 5175; x_wconf 66' lang='lat' dir='ltr'><strong>injuriae.</strong></span> <span class='ocrx_word' id='word_1_720' title='bbox 2559 5105 2736 5157; x_wconf 88' lang='lat' dir='ltr'><strong>Porro</strong></span> <span class='ocrx_word' id='word_1_721' title='bbox 2767 5098 2992 5165; x_wconf 86' lang='lat' dir='ltr'><strong>Franci,</strong></span> <span class='ocrx_word' id='word_1_722' title='bbox 3011 5096 3164 5168; x_wconf 88' lang='lat' dir='ltr'><strong>regis</strong></span> <span class='ocrx_word' id='word_1_723' title='bbox 3183 5093 3417 5150; x_wconf 88' lang='lat' dir='ltr'><strong>interitu</strong></span> <span class='ocrx_word' id='word_1_724' title='bbox 3437 5081 3707 5175; x_wconf 56' lang='lat' dir='ltr'><strong>comperto,</strong></span> 
     </span>
    </p>
   </div>
   <div class='ocr_carea' id='block_1_112' title="bbox 2157 5164 3709 5265">
    <p class='ocr_par' dir='ltr' id='par_1_112' title="bbox 2157 5164 3709 5265">
     <span class='ocr_line' id='line_1_112' title="bbox 2157 5164 3709 5265; baseline -0.014 -17"><span class='ocrx_word' id='word_1_725' title='bbox 2157 5210 2296 5261; x_wconf 89' lang='lat' dir='ltr'><strong>non,</strong></span> <span class='ocrx_word' id='word_1_726' title='bbox 2329 5196 2390 5247; x_wconf 92' lang='lat' dir='ltr'><strong>ut</strong></span> <span class='ocrx_word' id='word_1_727' title='bbox 2421 5191 2686 5246; x_wconf 89' lang='lat' dir='ltr'><strong>nationes</strong></span> <span class='ocrx_word' id='word_1_728' title='bbox 2737 5191 2982 5254; x_wconf 53' lang='lat' dir='ltr'><strong>caeteras,</strong></span> <span class='ocrx_word' id='word_1_729' title='bbox 3041 5183 3359 5240; x_wconf 90' lang='lat' dir='ltr'><strong>subsidium</strong></span> <span class='ocrx_word' id='word_1_730' title='bbox 3409 5164 3709 5265; x_wconf 46' lang='lat' dir='ltr'><strong>quaesierimt</strong></span> 
     </span>
    </p>
   </div>
   <div class='ocr_carea' id='block_1_113' title="bbox 2153 5261 3708 5354">
    <p class='ocr_par' dir='ltr' id='par_1_113' title="bbox 2153 5261 3708 5354">
     <span class='ocr_line' id='line_1_113' title="bbox 2153 5261 3708 5354; baseline -0.02 -15"><span class='ocrx_word' id='word_1_731' title='bbox 2153 5285 2328 5354; x_wconf 63' lang='lat' dir='ltr'><strong>fugae,</strong></span> <span class='ocrx_word' id='word_1_732' title='bbox 2359 5281 2480 5349; x_wconf 91' lang='lat' dir='ltr'><strong>sed,</strong></span> <span class='ocrx_word' id='word_1_733' title='bbox 2505 5280 2592 5335; x_wconf 91' lang='lat' dir='ltr'><strong>ira</strong></span> <span class='ocrx_word' id='word_1_734' title='bbox 2620 5279 2898 5340; x_wconf 89' lang='lat' dir='ltr'><strong>fervente,</strong></span> <span class='ocrx_word' id='word_1_735' title='bbox 2936 5271 3374 5345; x_wconf 84' lang='lat' dir='ltr'><strong>Burgundiones</strong></span> <span class='ocrx_word' id='word_1_736' title='bbox 3401 5261 3614 5321; x_wconf 87' lang='lat' dir='ltr'><strong>insecuti</strong></span> <span class='ocrx_word' id='word_1_737' title='bbox 3629 5267 3708 5345; x_wconf 55' lang='lat' dir='ltr'><strong>cae:</strong></span> 
     </span>
    </p>
   </div>
   <div class='ocr_carea' id='block_1_114' title="bbox 2155 5354 3704 5443">
    <p class='ocr_par' dir='ltr' id='par_1_114' title="bbox 2155 5354 3704 5443">
     <span class='ocr_line' id='line_1_114' title="bbox 2155 5354 3704 5443; baseline -0.021 -17"><span class='ocrx_word' id='word_1_738' title='bbox 2155 5374 2296 5426; x_wconf 86' lang='lat' dir='ltr'><strong>dunt</strong></span> <span class='ocrx_word' id='word_1_739' title='bbox 2327 5372 2816 5443; x_wconf 88' lang='lat' dir='ltr'><strong>prosternuntque</strong></span> <span class='ocrx_word' id='word_1_740' title='bbox 2847 5363 3118 5436; x_wconf 88' lang='lat' dir='ltr'><strong>graviter.</strong></span> <span class='ocrx_word' id='word_1_741' title='bbox 3153 5358 3551 5424; x_wconf 85' lang='lat' dir='ltr'><strong>Devastataque</strong></span> <span class='ocrx_word' id='word_1_742' title='bbox 3578 5354 3704 5443; x_wconf 60' lang='lat' dir='ltr'><strong>omni</strong></span> 
     </span>
    </p>
   </div>
   <div class='ocr_carea' id='block_1_115' title="bbox 2155 5441 3706 5526">
    <p class='ocr_par' dir='ltr' id='par_1_115' title="bbox 2155 5441 3706 5526">
     <span class='ocr_line' id='line_1_115' title="bbox 2155 5441 3706 5526; baseline -0.021 -10"><span class='ocrx_word' id='word_1_743' title='bbox 2155 5441 2474 5526; x_wconf 81' lang='lat' dir='ltr'><strong>Provincia,</strong></span> <span class='ocrx_word' id='word_1_744' title='bbox 2508 5455 2766 5513; x_wconf 87' lang='lat' dir='ltr'><strong>nativum</strong></span> <span class='ocrx_word' id='word_1_745' title='bbox 2803 5453 3073 5524; x_wconf 87' lang='lat' dir='ltr'><strong>repetunt</strong></span> <span class='ocrx_word' id='word_1_746' title='bbox 3091 5451 3300 5505; x_wconf 89' lang='lat' dir='ltr'><strong>solum.</strong></span> <span class='ocrx_word' id='word_1_747' title='bbox 3328 5441 3706 5526; x_wconf 60' lang='lat' dir='ltr'><strong>Regnumregls</strong></span> 
     </span>
    </p>
   </div>
   <div class='ocr_carea' id='block_1_116' title="bbox 2155 5519 3706 5614">
    <p class='ocr_par' dir='ltr' id='par_1_116' title="bbox 2155 5519 3706 5614">
     <span class='ocr_line' id='line_1_116' title="bbox 2155 5519 3706 5614; baseline -0.009 -10"><span class='ocrx_word' id='word_1_748' title='bbox 2155 5548 2440 5604; x_wconf 77' lang='lat' dir='ltr'><strong>interfecti</strong></span> <span class='ocrx_word' id='word_1_749' title='bbox 2465 5563 2596 5600; x_wconf 89' lang='lat' dir='ltr'><strong>cum</strong></span> <span class='ocrx_word' id='word_1_750' title='bbox 2621 5546 2744 5614; x_wconf 89' lang='lat' dir='ltr'><strong>ejus</strong></span> <span class='ocrx_word' id='word_1_751' title='bbox 2769 5538 3288 5604; x_wconf 51' lang='lat' dir='ltr'><strong>uxoredlundeuca</strong></span> <span class='ocrx_word' id='word_1_752' title='bbox 3309 5519 3706 5614; x_wconf 49' lang='lat' dir='ltr'><strong>nominevlfam</strong></span> 
     </span>
    </p>
   </div>
   <div class='ocr_carea' id='block_1_117' title="bbox 2155 5608 3702 5704">
    <p class='ocr_par' dir='ltr' id='par_1_117' title="bbox 2155 5608 3702 5704">
     <span class='ocr_line' id='line_1_117' title="bbox 2155 5608 3702 5704; baseline -0.016 -10"><span class='ocrx_word' id='word_1_753' title='bbox 2155 5637 2436 5694; x_wconf 83' lang='lat' dir='ltr'><strong>Clotarius</strong></span> <span class='ocrx_word' id='word_1_754' title='bbox 2463 5633 2700 5704; x_wconf 82' lang='lat' dir='ltr'><strong>accepit.</strong></span> <span class='ocrx_word' id='word_1_755' title='bbox 2731 5631 2900 5686; x_wconf 81' lang='lat' dir='ltr'><strong>Filius</strong></span> <span class='ocrx_word' id='word_1_756' title='bbox 2935 5645 3068 5684; x_wconf 80' lang='lat' dir='ltr'><strong>vero</strong></span> <span class='ocrx_word' id='word_1_757' title='bbox 3115 5627 3256 5698; x_wconf 85' lang='lat' dir='ltr'><strong>ejus,</strong></span> <span class='ocrx_word' id='word_1_758' title='bbox 3301 5608 3702 5704; x_wconf 43' lang='lat' dir='ltr'><strong>Thzodoaltlu-lfa</strong></span> 
     </span>
    </p>
   </div>
   <div class='ocr_carea' id='block_1_118' title="bbox 2151 5691 3701 5794">
    <p class='ocr_par' dir='ltr' id='par_1_118' title="bbox 2151 5691 3701 5794">
     <span class='ocr_line' id='line_1_118' title="bbox 2151 5691 3701 5794; baseline -0.026 -11"><span class='ocrx_word' id='word_1_759' title='bbox 2151 5691 2491 5783; x_wconf 27' lang='lat' dir='ltr'><strong>Cuintarium</strong></span> <span class='ocrx_word' id='word_1_760' title='bbox 2525 5691 2696 5794; x_wconf 73' lang='lat' dir='ltr'><strong>atque</strong></span> <span class='ocrx_word' id='word_1_761' title='bbox 2731 5691 3289 5784; x_wconf 29' lang='lat' dir='ltr'><strong>Clodoaldumiavia</strong></span> <span class='ocrx_word' id='word_1_762' title='bbox 3329 5721 3518 5765; x_wconf 88' lang='lat' dir='ltr'><strong>eorum</strong></span> <span class='ocrx_word' id='word_1_763' title='bbox 3545 5691 3701 5754; x_wconf 83' lang='lat' dir='ltr'><strong>Clotil-</strong></span> 
     </span>
    </p>
   </div>
  </div>
