3862 6210
78 4200 81 4223 l

165 469 267 525 BB5

170 586 250 644 dis
268 587 540 643 materno
577 586 838 661 suscepit
867 587 1204 643 nutriendos
1228 586 1459 644 affectu.

802 677 1026 733 CAPUT
1082 679 1143 731 V-

577 767 666 821 De
700 767 1011 821 Juslim'tmo
1064 774 1114 821 et
1139 767 1407 822 Belisario

232 857 323 910 His
354 855 492 928 ipsis
509 856 673 926 apud
701 856 1272 925 Constantinopolim
1308 856 1526 921 diebus,
1580 856 1798 911 Iustino

170 944 445 1000 humanis
478 944 655 997 rebus
678 943 1334 1014 excmpto,Justinianus
1365 944 1415 998 ei
1444 944 1711 998 successit
1742 944 1797 998 in

170 1050 376 1105 regno.
404 1035 456 1087 is
476 1037 676 1087 autem
700 1033 1071 1097 Justinianus,
1107 1032 1244 1086 dum
1278 1037 1421 1087 esset
1445 1033 1801 1103 temporibus

182 1123 495 1178 memorati
541 1122 743 1176 Justini
778 1123 920 1175 sacri
952 1120 1144 1174 scrinii
1178 1121 1597 1192 prmpositus,et
1646 1120 1787 1174 Beli-

173 1213 356 1267 sarius
386 1211 653 1282 equitum
713 1210 1038 1279 praefectus,
1085 1212 1259 1263 mutae
1316 1209 1419 1262 sibi
1472 1209 1796 1263 adinvicem

173 1300 406 1354 dextras
430 1298 719 1352 dederant
740 1295 1033 1351 amicitias.
1070 1297 1133 1350 Hi
1155 1296 1535 1365 jurisjnrandi
1567 1314 1625 1350 se
1652 1295 1798 1350 obli-

169 1390 453 1459 gaverant
482 1387 618 1452 fide,
646 1407 673 1435 ‹‹
700 1387 781 1451 ut,
814 1385 858 1438 si
885 1385 1126 1456 quilibet
1168 1402 1369 1459 eorum
1417 1385 1633 1439 altioris
1660 1401 1791 1456 gra-

171 1458 277 1531 dus
305 1476 606 1548 potiretur
632 1475 878 1540 honore,
912 1474 1127 1528 socium
1156 1458 1263 1527 sibi
1315 1478 1570 1546 aequaret
1602 1474 1794 1545 digni-

169 1567 310 1619 tate.
345 1585 376 1615 »)
411 1563 677 1628 Quadam
711 1562 903 1633 itaque
929 1562 1189 1628 die,cum
1228 1563 1475 1634 comquis
1502 1564 1605 1618 sibi
1630 1565 1796 1635 lupa-

162 1669 277 1706 nar
304 1652 553 1722 ingressi
586 1650 948 1721 conspiciunt
999 1652 1138 1705 duas
1168 1650 1606 1705 inulierculasex
1621 1653 1798 1721 gente

160 1743 558 1806 Amazonum,
590 1742 745 1794 sorte
798 1738 1140 1810 captivitatis
1171 1738 1464 1805 abductas,
1498 1738 1640 1793 inibi
1672 1755 1792 1793 esse

162 1829 654 1900 prostitutas.Eas
680 1824 759 1881 illi
776 1828 1204 1898 rapiunt,atque
1218 1828 1290 1882 ad
1308 1827 1568 1899 proprias
1582 1828 1785 1882 domos

1290 466 1619 524 HISTORIA
1648 465 2094 525 FRANCORUM.
2122 496 2179 510 -
2215 467 2282 524 ll.

1814 595 1870 656 Α
1913 590 2052 644 ante
2081 587 2422 660 principem,
2444 586 2597 642 hunc
2613 585 2765 658 apud
2785 600 2917 642 eum
2932 583 3135 641 habuit
3160 599 3513 642 sermonem.

3416 462 3521 522 666

1909 700 1936 727 ‹‹
1959 678 2102 733 Cum
2120 677 2416 749 Scriptura
2445 676 2597 732 dicat
2627 692 2639 729 :
2669 675 2861 730 Honor
2898 677 3036 745 regis
3076 675 3342 746 judicium
3393 673 3516 727 dili-

1902 767 2179 837 git(Psal.
2240 783 2424 828 xcvm,
2475 767 2547 834 3).
2600 766 2668 819 Et
2723 765 2860 820 item
2897 781 2910 819 :
2947 765 3078 830 lter,
3133 765 3229 836 qui
3279 762 3418 817 sedet
3465 763 3521 815 in

1902 857 2032 910 solio
2068 856 2285 925 judz’czi,
2309 855 2529 924 dissipat
2556 870 2708 907 omne
2738 854 2935 906 malum
2978 856 3177 907 intuitu
3196 870 3289 906 suo
3339 851 3515 920 (Pros.

1901 962 1989 1009 xx,
2032 947 2138 1013 18),
2167 960 2277 1013 ego
2334 942 2779 996 clementissime
2829 942 3165 1013 imperator,
3213 942 3335 995 haec
3371 940 3520 994 dicta

1902 1051 2021 1087 esse
2045 1034 2114 1087 de
2149 1037 2202 1086 te
2232 1031 2582 1101 intelligens,
2612 1030 2880 1084 fiduciam
2910 1029 3119 1101 sumpsi
3157 1032 3213 1083 te
3242 1028 3517 1095 adeundi,

1902 1121 2129 1191 tibique
2164 1119 2411 1191 propria:
2445 1119 2880 1175 necessitudinis
2910 1135 3141 1173 causam
3170 1116 3517 1188 exponendi.

1904 1212 1998 1265 Est
2028 1209 2278 1281 denique
2325 1208 2382 1262 in
2438 1209 2542 1262 hac
2600 1208 2823 1262 civitate
2870 1207 3096 1278 juvenis
3131 1206 3250 1278 qui,
3287 1221 3518 1260 mecum

1902 1298 2247 1370 permutatis
2300 1298 2550 1362 annalis,
2580 1297 2752 1351 fidem
2782 1296 3003 1368 pepigit
3034 1296 3241 1350 alterni
3278 1296 3512 1363 amoris,

1902 1388 2191 1459 professus
2218 1386 2373 1457 quod
2399 1403 2491 1440 me
2513 1386 2617 1441 sibi
2635 1386 2910 1455 jungeret
2930 1386 3034 1440 sub
3069 1384 3306 1439 nomine
3334 1384 3519 1455 legiti-

1906 1492 2016 1530 mae
2037 1476 2319 1547 conjugis.
2338 1476 2420 1531 Ob
2448 1476 2505 1530 id
2519 1475 2841 1530 serenitatis
2865 1477 2975 1529 tua?
2994 1475 3362 1547 praesentiam
3376 1473 3513 1539 adii,

1904 1565 1985 1619 tui
2008 1581 2178 1636 super
2209 1566 2315 1619 bac
2340 1582 2401 1619 re
2428 1581 2740 1635 exposcens
2770 1563 3387 1634 sententiamjudiciia
3414 1562 3515 1618 Cui

1905 1652 2228 1722 imperator
2261 1669 2273 1706 :
2310 1676 2336 1703 ‹‹
2370 1653 2448 1719 Si,
2475 1653 2681 1724 inquit,
2706 1652 2845 1705 fides
2873 1657 2954 1707 est
2985 1655 3171 1723 pacta,
3202 1668 3317 1705 non
3346 1651 3517 1705 debet

1902 1742 2025 1797 fieri
2042 1741 2226 1797 irrita.
2252 1764 2277 1789 ››
2300 1742 2423 1806 Quo
2440 1743 2534 1796 illa
2551 1741 3053 1807 audito,annulum
3071 1758 3172 1797 suo
3190 1740 3517 1796 debrahens
3532 1783 3549 1795 .

1902 1830 2367 1902 digito,ostendit
2382 1833 2658 1901 Augusto:
2677 1830 3317 1896 «Videat,ait,dominus
3332 1846 3514 1897 meus,
3532 1826 3546 1843 ⁶

158 1918 490 1973 deducunt.
516 1917 625 1972 Uni
657 1933 859 1971 earum
888 1933 1100 1971 nomen
1133 1917 1524 1981 Autonia,alia
1552 1917 1794 1972 vocaba-
1830 1912 1880 1974 B
1899 1920 2062 1989 cujus
2079 1920 2183 1973 iste
2213 1919 2384 1973 fuerit
2416 1920 2684 1973 annulus.
2722 1936 2753 1969 ι»
2783 1918 3058 1989 Agnoscit
3086 1918 3354 1989 princeps
3382 1933 3516 1972 eum

163 2010 272 2061 tun
320 2005 644 2061 Antonina.
680 2006 746 2058 Et
773 2005 1085 2059 Antoniam
1134 2004 1369 2075 quidem
1418 2004 1793 2072 Justinianus,

162 2094 537 2150 Antoninam
558 2110 693 2148 vero
708 2094 926 2165 accepit
948 2094 1274 2151 Belisarius.
1290 2094 1573 2165 Erantque
1604 2094 1792 2148 ambae

156 2200 419 2238 sorores.
457 2184 585 2237 Una
611 2198 752 2253 ergo
791 2182 1037 2248 dierum,
1095 2181 1415 2237 Justiniano
1451 2181 1795 2237 meridianis

154 2273 324 2326 horis
342 2272 454 2326 sub
486 2270 584 2324 dio
611 2269 961 2341 quiescente,
989 2286 1122 2324 cum
1154 2273 1325 2340 caput
1358 2270 1414 2325 in
1460 2270 1651 2325 sinum
1680 2288 1795 2326 suae

154 2360 508 2414 reclinasset
529 2362 761 2424 amatae,
795 2358 1108 2412 adveniens
1153 2358 1347 2430 aquila
1377 2359 1478 2413 alis
1525 2359 1788 2430 expansis

156 2450 234 2501 ab
268 2447 636 2502 ardoresolis
668 2463 800 2501 eum
827 2448 1146 2501 conabatur
1170 2448 1795 2503 defendere.lntellexit

156 2536 385 2591 mulier
402 2535 724 2606 auspicium
756 2535 1241 2606 quodJusliniano
1278 2536 1794 2607 portendebatim-

156 2625 439 2696 perium;
469 2627 529 2679 et
552 2626 950 2696 experrectum
967 2624 1062 2678 tali
1080 2640 1213 2678 voce
1228 2624 1539 2695 compellat
1568 2623 1753 2677 virum
1776 2640 1793 2675 :

164 2737 195 2764 «ι
232 2715 383 2781 Oro,
407 2713 618 2785 inquit,
651 2712 1047 2767 amantissime
1076 2712 1323 2783 juvenis.
1356 2716 1437 2779 ut,
1472 2712 1609 2767 dum
1632 2711 1794 2783 regni

165 2804 401 2874 potitus
436 2802 615 2857 fueris
656 2802 915 2873 sceptris,
949 2818 1063 2856 non
1096 2817 1191 2855 me
1224 2800 1526 2871 indignam
1571 2799 1796 2869 judices

163 2891 527 2962 gratissima:
562 2889 922 2962 amplexibus
944 2889 1224 2960 conjugis.
1263 2910 1289 2936 ››
1317 2890 1417 2943 lllo
1436 2888 1661 2942 dicente
1690 2888 1796 2942 im-

163 2979 451 3050 possibile
472 2979 581 3033 hoc
611 2995 732 3032 esse
767 2978 964 3047 utipse
994 2977 1066 3032 ad
1096 2979 1325 3032 culmen
1381 2977 1795 3048 proveheretur

160 3066 500 3136 imperiale,
534 3069 705 3138 rogat
737 3066 944 3120 mulier
967 3065 1211 3137 ut,quod
1233 3065 1328 3120 illa
1353 3082 1457 3136 pro
1477 3067 1632 3119 certo
1652 3064 1793 3119 scie-

166 3154 291 3221 bat,
327 3171 403 3208 ne
432 3171 495 3208 se
527 3154 895 3209 inexoratum
922 3154 974 3209 ei
1006 3155 1312 3225 praeberet.
1349 3154 1470 3218 Quo
1505 3153 1793 3208 tribuente

164 3257 470 3297 assensum
480 3242 769 3314 ,factaque
782 3241 1239 3297 commutatione
1252 3243 1599 3296 annulorum
1622 3241 1799 3295 utrin-

172 3348 287 3402 que
316 3335 406 3386 est
437 3331 747 3386 dicessum.
779 3332 930 3385 Sane
960 3330 1264 3385 Belisarius
1318 3331 1486 3401 eique
1530 3330 1798 3402 copulata

171 3420 478 3474 Antonina
503 3420 711 3474 eadem
733 3418 987 3473 inierunt
1008 3418 1277 3473 connubii
1302 3418 1631 3484 fasdera,ut,
1662 3417 1798 3488 quia

172 3525 289 3563 non
324 3508 633 3563 dubitabat
657 3507 961 3561 Belisarius
990 3508 1337 3578 adepturum
1357 3523 1417 3560 se
1438 3506 1677 3578 potioris
1691 3506 1794 3560 ho-

178 3596 331 3650 noris
356 3597 641 3667 gradum,
688 3595 735 3650 si
796 3595 1038 3666 imperio
1090 3595 1373 3667 potiretur
1420 3592 1792 3655 Justinianus,

175 3684 387 3739 sociam
419 3684 505 3738 sui
563 3700 696 3739 eam
728 3683 1069 3739 adscisceret
1102 3686 1331 3740 stratus.
1392 3684 1502 3737 Nec
1546 3684 1795 3738 multum

183 3772 426 3827 ﬂuxerat
455 3771 899 3843 temporis,cum
932 3771 1249 3842 imperator
1273 3771 1525 3826 Justinus
1557 3772 1792 3843 expedi-

177 3860 391 3917 tionem
422 3860 648 3932 paravit
677 3860 947 3914 adversus
978 3876 1180 3931 regem
1242 3860 1507 3916 Persidis.
1569 3860 1682 3915 Sed
1731 3860 1792 3915 in

181 3948 292 4019 ipso
322 3950 458 4005 belli
487 3952 776 4020 apparatu
804 3948 1010 4003 morbo
1036 3952 1545 4020 praeventus,anno
1569 3965 1790 4003 assum-

186 4037 259 4107 pti
286 4037 514 4110 imperii
543 4040 747 4093 octavo
786 4039 871 4090 est
902 4036 1220 4091 defunctus.

246 4126 540 4182 Consensu
566 4128 801 4179 senatus
834 4125 1119 4196 totiusque
1147 4124 1319 4179 simul
1355 4124 1636 4179 exercitus
1684 4127 1797 4180 Au-

198 4218 380 4285 gustus
400 4214 655 4269 efficitur
700 4212 1071 4268 Justinianus.
1135 4213 1263 4281 Qui,
1297 4212 1441 4267 nihil
1512 4216 1792 4281 moratus,

199 4305 420 4359 collecto
444 4302 701 4357 exercitu
721 4304 925 4356 contra
948 4302 1222 4356 barbaros
1236 4306 1321 4355 est
1354 4301 1663 4372 profectus,
1713 4305 1793 4370 et,

197 4392 493 4447 commissa
524 4406 724 4462 pugna
744 4389 1069 4461 fugatisque
1083 4390 1360 4457 hostibus,
1384 4406 1583 4461 regem
1605 4407 1664 4443 se
1697 4407 1797 4445 e0-

1825 3198 1872 3259 C

1902 2023 2074 2078 quem
2098 2007 2341 2061 dederat
2355 2007 2656 2071 annulum,
2675 2005 2840 2075 jubet
2865 2022 2995 2059 eam
3024 2004 3312 2059 introduci
3335 2004 3393 2058 in
3423 2020 3518 2058 cu-

1907 2094 2184 2160 biculum,
2237 2094 2705 2164 ornamentisque
2780 2092 3069 2163 regalibus
3126 2092 3388 2147 indutam
3444 2092 3517 2146 de

1899 2186 2110 2236 caetero
2141 2180 2330 2237 vocari
2361 2184 2418 2236 et
2443 2198 2563 2234 esse
2593 2182 2933 2251 Augustam.
2969 2178 3134 2243 Quod
3179 2178 3393 2233 factum
3420 2194 3515 2234 ve-

1903 2270 2210 2324 hcmcnter
2239 2268 2538 2323 ablmrruit
2578 2269 2817 2340 populus
2848 2270 3198 2338 cunctasque
3256 2269 3515 2334 senatus,

1905 2358 2051 2413 adeo
2084 2361 2145 2412 ut
2199 2357 2386 2428 palam
2442 2357 2761 2410 clamarent
2802 2354 3091 2409 nefariam
3144 2371 3269 2409 rem
3318 2355 3516 2408 fecisse

1899 2449 2248 2517 Augustum,
2296 2448 2357 2499 ut
2410 2444 2649 2515 publicae
2702 2443 3038 2514 abjectionis
3094 2447 3348 2497 scortum
3410 2442 3516 2497 sibi

1899 2536 2204 2607 copularet
2225 2534 2284 2588 in
2317 2532 2779 2588 matrimonium.
2812 2534 2925 2587 Hac
2954 2531 3142 2587 Caesar
3190 2530 3519 2601 exagitatus

1901 2622 2118 2693 injuria
2174 2624 2477 2695 plerosque
2528 2624 2861 2676 senatorum
2910 2619 3165 2691 pertrahi
3208 2618 3379 2689 jubet
3440 2617 3513 2671 ad

1904 2727 2129 2765 necem.
2168 2711 2306 2776 Quae
2338 2728 2429 2765 res
2459 2711 2517 2765 in
2552 2714 2775 2765 tantum
2806 2708 3117 2780 perterruit
3140 2708 3400 2780 plebem,
3433 2708 3516 2772 ut,

1900 2800 2008 2855 sibi
2041 2799 2281 2871 quisque
2318 2804 2602 2865 metuens,
2631 2798 2932 2854 conatibus
2958 2798 3080 2870 ejus
3110 2797 3168 2852 in
3223 2798 3517 2868 posterum

1904 2888 2149 2943 minime
2177 2889 2408 2944 obviare
2439 2889 2697 2943 auderet.

2537 2977 2762 3032 CAPUT
2792 2977 2879 3030 VI.

2388 3065 2469 3119 De
2502 3065 2752 3120 Belisarii
2774 3081 3028 3119 successu.

1975 3155 2233 3210 Postbaec
2262 3154 2724 3209 commilitonem
2739 3170 2906 3207 suum
2931 3151 3339 3207 Belisariumin
3365 3151 3514 3206 Afri-

1899 3260 1978 3297 cus
2013 3242 2308 3313 promovit
2339 3244 2552 3313 partes,
2587 3241 2891 3312 patricium
2925 3256 3057 3294 eum
3114 3239 3467 3294 constituens
3498 3256 3514 3307 ;

1899 3332 2113 3403 quique
2130 3330 2519 3400 supradictam
2544 3330 2923 3396 Antoninam,
2946 3331 3208 3401 Augustos
3230 3346 3513 3397 sororem,

1900 3420 2060 3474 duxit
2085 3434 2341 3472 uxorem.
2378 3418 2536 3472 Hunc
2567 3418 2706 3471 dum
2733 3416 3086 3472 Justinianus
3105 3434 3333 3473 summo
3349 3434 3517 3473 com-

1898 3508 2247 3579 plecteretur
2287 3521 2507 3571 amore,
2556 3504 2783 3575 magnis
2830 3505 3182 3576 locupletare
3234 3506 3505 3560 studebat

1899 3596 2106 3667 Opibus
2128 3593 2476 3649 divitiarum.
2502 3595 2633 3648 Erat
2655 3592 2914 3647 assiduus
2934 3592 3300 3663 imperatoris
3335 3594 3518 3647 consi-

1898 3684 1997 3752 lio,
2030 3683 2318 3756 particeps
2334 3699 2562 3754 quoque
2585 3680 2983 3736 assumebatur
3004 3680 3062 3734 in
3090 3680 3369 3736 convivio.
3402 3682 3515 3735 Sed

1898 3773 2034 3845 quia
2058 3788 2289 3843 semper
2320 3771 2609 3826 invidetur
2634 3768 3007 3839 felicioribus,
3038 3768 3510 3841 paupertatisque

1897 3862 2088 3916 nullus
2105 3859 2397 3914 invenitur
2420 3860 2659 3913 aemulus
2675 3857 3196 3930 ,immoderateque
3210 3856 3516 3911 detrahen-

1897 3950 2044 4005 tium
2089 3951 2417 4004 lacerantur
2448 3948 2736 4003 morsibus
2762 3947 3067 4001 afﬂuentes
3090 3945 3317 4017 opibus,
3349 3947 3518 4002 multi

1895 4038 2155 4094 Belisarii
2175 4037 2465 4110 proSperis
2491 4037 2939 4093 oﬂ'endebantur
2969 4034 3340 4090 successibus.
3379 4035 3521 4091 Huic

1855 4178 1872 4191 ,
1893 4126 2246 4182 calumniam
2277 4126 2486 4181 acerbo
2534 4128 2895 4196 componunt
2934 4124 3093 4191 felle,
3123 4125 3183 4178 et
3234 4123 3521 4181 acerbiori

1895 4218 2105 4286 parant
2138 4214 2312 4270 exitu.
2337 4215 2597 4287 Denique
2625 4230 2827 4285 regem
2853 4214 3070 4269 adeunt
3100 4212 3512 4285 improbissimi

1895 4303 2184 4369 homines,
2225 4307 2285 4358 et
2312 4303 2591 4358 invidiam
2643 4303 2913 4368 excitant,
2947 4305 3266 4357 asserentes
3316 4319 3521 4359 necem

1898 4392 2050 4463 regis
2076 4408 2141 4446 ac
2174 4391 2492 4461 usurpandi
2522 4391 2755 4463 imperii
2784 4388 3107 4462 potentiam
3160 4408 3195 4445 a
3245 4390 3517 4447 Belisario

200 4497 311 4535 rum
328 4480 554 4551 cepisse
581 4478 808 4550 gavisus
838 4481 942 4532 est.
978 4477 1161 4541 Quem
1192 4478 1250 4533 in
1282 4478 1424 4532 solio
1454 4477 1618 4548 regni
1630 4478 1798 4547 juxta
1824 4496 1874 4555 D
1898 4480 2253 4536 affectatam.
2294 4480 2451 4534 Haud
2489 4479 2722 4533 difficile
2752 4479 3024 4551 princeps
3046 4478 3323 4550 impulsus
3347 4481 3433 4533 est
3458 4483 3523 4535 ut

203 4585 251 4622 se
272 4569 467 4624 sedere
498 4568 655 4633 fecit,
680 4568 738 4621 et
764 4569 825 4619 ut
856 4565 1194 4637 provincias,
1223 4584 1365 4637 quas
1384 4565 1657 4621 Romanis
1685 4567 1796 4620 eri-

211 4654 529 4727 puerat,sibi
563 4654 896 4710 restitueret
913 4654 1341 4725 imperavit.Cui
1361 4653 1456 4708 ille
1475 4670 1486 4707 :
1505 4675 1532 4703 «
1553 4654 1676 4708 Non
1708 4654 1794 4708 in-

209 4744 693 4816 quam,dabo.»Ad
707 4743 829 4797 hiPC
844 4742 1023 4796 Justin
1034 4760 1125 4797 ian
1134 4760 1196 4797 us
1208 4741 1559 4812 responditm
1595 4743 1792 4797 Daras.

212 4833 477 4903 Procujus
538 4830 796 4886 novitate
826 4829 1112 4884 sermonis
1142 4830 1341 4883 civitas
1393 4846 1460 4884 eo
1518 4829 1626 4884 loci
1656 4846 1793 4885 con-

206 4925 400 4976 structa
421 4925 509 4976 est
537 4921 624 4975 cui
656 4922 836 4974 Daras
883 4935 1097 4973 nomen
1130 4922 1235 4975 est.
1273 4921 1385 4972 ilex
1412 4923 1603 4973 autem
1621 4919 1797 4974 Persi-

209 5010 291 5075 dis,
315 5012 442 5065 licet
474 5027 591 5065 non
619 5007 997 5073 voluntarius,
1040 5007 1239 5061 omnia
1266 5007 1317 5061 ei
1348 5006 1600 5061 restituit
1660 5024 1787 5079 quae

209 5098 420 5153 Romani
444 5096 877 5165 fuerantjuris;
913 5094 1104 5166 sicque
1128 5095 1185 5148 in
1231 5111 1476 5165 regnum
1515 5112 1681 5149 suum
1709 5099 1795 5150 est

208 5188 365 5243 redire
384 5183 1083 5259 permissus..lustinianus
1107 5201 1335 5255 quoque
1352 5186 1638 5255 Augustus
1659 5202 1790 5241 cum

210 5291 390 5347 magno
418 5274 724 5345 triumpho
777 5271 1341 5343 Constantinopolim
1383 5278 1468 5327 est
1497 5289 1791 5344 regressus

207 5364 331 5419 Tunc
351 5361 1066 5433 Antonia,ejusquondam
1095 5360 1395 5428 amata,sui
1424 5377 1790 5433 nequaquam

209 5453 370 5519 oblita,
400 5451 648 5523 sumptis
704 5448 961 5519 quinque
1013 5448 1197 5503 aureis
1243 5448 1517 5520 palatium
1575 5452 1661 5502 est
1710 5448 1793 5502 in-

209 5558 386 5612 gressa.
418 5542 459 5595 E
510 5539 727 5611 quibus
778 5536 921 5590 duos
954 5537 1110 5592 dedit
1151 5538 1524 5608 janitoribus,
1574 5541 1634 5590 ut
1684 5536 1790 5591 sibi

208 5633 391 5701 pateret
415 5629 723 5691 introitus;
762 5627 875 5678 tres
935 5643 1067 5681 vero
1118 5628 1445 5681 tenentibus
1475 5624 1784 5691 cortinam,

208 5722 254 5773 ut
276 5737 420 5775 suam
440 5716 931 5792 permitterentur
955 5732 1225 5779 enarrare
1251 5732 1502 5773 causam.
1536 5714 1603 5768 Et
1626 5718 1782 5770 stans

1899 4567 2173 4623 credibile
2199 4568 2436 4622 duceret
2466 4567 2621 4638 quod
2656 4584 2759 4638 pro
2792 4584 2926 4622 vero
2949 4568 3371 4623 affirmabatur.
3404 4568 3518 4623 Ita-

1897 4674 2009 4728 que
2038 4656 2370 4729 priusquam
2410 4656 2516 4711 sibi
2543 4658 2887 4727 probaretur
2933 4662 3361 4714 tentamentum
3413 4658 3513 4713 ali-

1897 4746 2051 4816 quod
2083 4746 2287 4817 ﬂagitii
2315 4744 2786 4817 parricidalis,vel
2814 4747 3103 4802 mendacii
3129 4747 3513 4819 suspicionem

1897 4835 2225 4889 excluderet
2254 4852 2499 4891 examen
2536 4835 2812 4897 veritatis,
2831 4836 3277 4905 suggerentibus
3302 4836 3517 4891 calum-

1899 4922 2243 4986 niatoribus,
2264 4924 2431 4995 jubct
2454 4941 2586 4979 eum
2622 4939 2952 4995 expugnare
2980 4922 3282 4976 Vandalos.
3317 4922 3381 4976 Hi
3412 4940 3520 4977 sae-

1898 5010 2134 5082 pissime
2170 5013 2450 5066 maximas
2483 5010 2725 5067 Romani
2759 5008 3038 5065 exercitus
3096 5007 3241 5063 vires
3283 5009 3526 5065 clarissi-

1900 5116 2127 5171 mazque
2160 5100 2482 5155 nobilitatis
2510 5099 3007 5170 pessundederant
3036 5097 3227 5152 duces.
3276 5100 3524 5169 Accepta

1899 5188 2007 5242 hac
2028 5188 2288 5257 jussione
2335 5186 2629 5258 principis,
2660 5187 2958 5243 Belisarius
3008 5186 3249 5241 domum
3305 5186 3516 5255 repetit

1898 5293 2150 5331 mazrens
2186 5293 2252 5332 ac
2312 5274 2508 5329 tristis.
2540 5275 2723 5339 Quem
2756 5294 2899 5332 uxor
2923 5294 3025 5332 sua
3056 5275 3216 5348 gravi
3277 5291 3519 5330 cernens

1899 5364 2168 5418 affectum
2211 5378 2483 5427 inazrore,
2500 5361 2823 5432 inquiritab
2841 5381 2909 5419 eo
2925 5381 3157 5420 causam
3185 5363 3517 5420 oﬂiiscantis

1892 5450 2102 5504 faciem
2126 5450 2251 5521 ejus
2281 5448 2593 5503 mmstitim.
2619 5450 2803 5520 Rogat
2822 5450 2927 5505 sibi
2948 5452 3307 5508 manifestari
3331 5468 3514 5508 secre-

1892 5541 2038 5606 tum,
2072 5539 2116 5593 si
2141 5539 2287 5593 forte
2315 5536 2529 5608 aliquid
2561 5537 2779 5592 consilii
2813 5539 2998 5593 valeat
3022 5542 3289 5597 conferre
3321 5543 3513 5598 subsi-

1888 5626 2043 5679 dium
2099 5626 2200 5680 Cui
2232 5626 2323 5679 ille
2354 5625 2532 5696 prmlii
2569 5643 2692 5681 rem
2724 5626 2845 5680 fore
2892 5626 3048 5693 dixit,
3089 5646 3204 5683 nou
3233 5630 3504 5699 lanificii;

1888 5714 2135 5787 ideoque
2151 5715 2300 5770 viros
2314 5714 2498 5786 magis
2519 5731 2694 5787 quam
2712 5714 2960 5771 feminas
2976 5718 3247 5786 oportere
3263 5721 3508 5776 consuli-
