3862 6210
188 468 297 528 869

190 684 389 755 prielio
446 683 787 753 decernere,
821 684 1217 739 Cbildebertus
1256 681 1497 736 validior
1550 681 1808 752 equitatu

196 779 398 838 avertit
427 774 810 833 hostem.Nec
839 773 1051 828 diutius
1078 774 1390 842 potuerunt
1422 770 1804 823 resistereGO-

193 871 300 935 ibi,
335 883 470 923 cum
506 866 766 920 virorum
795 862 980 917 contis
1011 863 1067 914 et
1095 860 1326 913 fremitu
1360 874 1644 930 equorum
1676 875 1807 911 con-

194 959 600 1012 turbarentur.
640 950 909 1007 Conversi
948 949 1124 1019 igitur
1171 948 1225 1001 in
1261 948 1482 1003 diversa
1512 947 1604 1001 alii
1652 949 1801 1009 sunt,

196 1046 458 1119 plerique
473 1044 545 1098 ad
560 1044 800 1096 classem
824 1037 1289 1109 refugiebant.Ex
1314 1054 1379 1090 ea
1399 1052 1624 1108 quoque
1645 1038 1804 1106 parte

195 1148 500 1191 Occurrere
525 1129 821 1196 Franci,ac
844 1127 1414 1195 universos,prasoceu
1426 1128 1555 1197 pato
1576 1123 1801 1188 itinere,

197 1224 493 1294 repellunt
523 1238 558 1274 a
587 1218 754 1273 mari.
790 1219 911 1288 Ipse
942 1214 1280 1279 Amalricus,
1312 1215 1513 1281 fugere
1545 1215 1802 1277 conatus,

200 1309 504 1366 ecclesiam
540 1305 957 1360 catholicorum
978 1320 1142 1357 cursu
1169 1302 1418 1374 petebat.
1443 1302 1597 1354 Tunc
1614 1317 1755 1354 unus
1775 1317 1806 1353 e

200 1406 393 1454 turma
416 1398 796 1459 Francorum,
814 1392 985 1445 citato
1009 1407 1155 1461 equo
1181 1407 1313 1443 eum
1336 1389 1810 1453 insecutus,basta

201 1488 469 1543 cominus
493 1499 828 1557 percussum
862 1484 1027 1535 terra:
1054 1480 1261 1550 dejecit
1281 1478 1697 1533 exanimatum.

274 1577 453 1647 Cujus
479 1576 785 1645 comperto
818 1570 1075 1635 interitu,
1111 1570 1511 1624 Cbildebertus
1538 1573 1665 1640 post
1697 1571 1809 1621 ter-

206 1683 346 1737 gum
373 1666 491 1719 iter
520 1663 777 1731 dirigens
793 1658 1409 1725 Gothorum,Toletum
1442 1657 1668 1719 urbem,
1691 1656 1812 1727 ipso

205 1761 433 1810 terrore
452 1750 830 1823 bellicivibus
860 1747 1260 1814 consternatis,
1285 1747 1408 1800 sine
1442 1762 1607 1800 mora
1637 1761 1813 1816 oppu-

208 1842 409 1913 gnavit
430 1844 487 1895 et
504 1839 677 1909 cepit;
702 1836 1009 1907 multisque
1024 1835 1226 1889 ablatis
1247 1834 1525 1888 thesauris
1547 1836 1603 1888 et
1620 1848 1816 1887 sorore

1294 468 1626 528 HISTORIA
1654 466 2105 529 FRANCORUM.
2134 426 2203 513 -ὲ
2228 469 2358 527 ue.
2390 470 2456 527 ιι.

190 595 446 666 paratus.
484 592 594 650 Ubi
646 593 876 669 utrique
930 590 1199 650 exercitui
1248 591 1463 665 placuit
1510 590 1565 646 in
1598 607 1804 663 campo
1833 594 1888 653 Α

3415 469 3524 528 870

2559 587 2783 646 CAPUT
2809 588 2890 646 IX.

2150 681 2232 734 De
2263 680 2491 735 Clutorii
2514 683 2567 735 in
2602 680 2889 751 Thoringos
2943 682 3285 755 erpeditione.

1984 770 2139 835 Inde,
2174 771 2351 823 fratre
2389 770 2637 824 Clotario
2671 770 2726 825 in
2759 770 3091 827 societatem
3145 772 3380 839 adscito,
3410 774 3527 848 ipse

1908 877 2036 913 cum
2072 860 2189 913 filio
2218 860 2614 913 Theodeberto
2670 861 3023 931 Tlioringam
3058 864 3219 935 petit.
3254 866 3525 919 Przeerat-

1904 948 2208 1018 Thoringis
2226 966 2321 1002 rex
2356 949 2817 1017 Ilermenfredus,
2840 952 3060 1006 duobus
3092 953 3205 1007 suis
3234 953 3528 1008 trucidatis

1906 1038 2195 1094 fratribus.
2233 1036 2332 1091 Cui
2365 1044 2676 1094 accesserat
2704 1057 2767 1093 ex
2793 1041 3062 1112 conjugio
3089 1059 3233 1096 vana
3262 1043 3529 1114 quaedam

1910 1127 2121 1180 mentis
2138 1126 2328 1192 elatio,
2362 1127 2514 1198 quod
2541 1128 2590 1181 ei
2625 1129 2741 1183 filia
2767 1129 3105 1185 Theodorici
3130 1130 3279 1201 regis
3328 1131 3526 1197 Italici,

1908 1233 1973 1271 ex
2007 1231 2203 1269 sorore
2248 1219 2505 1285 suscepta
2545 1215 2831 1278 Clodovei.
2854 1219 2985 1289 jure
3014 1220 3383 1289 copularetur
3432 1237 3533 1274 nu-

1908 1304 2088 1377 ptiali.
2120 1305 2245 1359 Iltec
2264 1304 2527 1359 muliebri
2548 1306 2693 1359 fastu
2726 1308 2873 1361 elata
2894 1307 3048 1379 quod
3066 1308 3243 1379 regali
3266 1310 3532 1363 manaret

1911 1393 2199 1464 prosapia,
2232 1393 2469 1446 fratrem
2502 1393 2717 1461 mariti,
2752 1396 3116 1452 Bertharium
3152 1396 3410 1463 nomine,
3449 1396 3532 1450 in-

1913 1482 2070 1556 genti
2118 1482 2319 1536 oderat
2360 1481 2714 1537 crudelitate.
2757 1484 3013 1556 Denique
3044 1486 3243 1540 suadet
3296 1484 3414 1540 viro
3469 1487 3531 1538 ut

1914 1554 2153 1625 fratrem
2180 1571 2285 1624 sibi
2315 1573 2589 1626 aemulum
2614 1572 2727 1626 vita
2757 1554 2939 1644 privet
2970 1577 3028 1628 et
3057 1592 3257 1645 regno.

1987 1659 2048 1713 Id
2075 1660 2189 1719 ille,
2223 1658 2303 1712 nil
2335 1665 2590 1714 moratus
2645 1661 2852 1727 effecit,
2888 1662 3187 1735 missisque
3236 1662 3530 1718 lictoribus

1916 1764 2050 1802 eum
2081 1747 2286 1819 perimi
2300 1748 2485 1817 jussit.
2516 1748 2640 1802 Pari
2672 1750 2846 1803 modo
2874 1752 3069 1814 alium.
3095 1753 3371 1807 vocabulo
3403 1754 3533 1807 Bal-

1919 1835 2489 1905 dricum,suspicione
2522 1837 2792 1891 fraternae
2819 1838 3216 1896 insimulatum
3243 1841 3527 1907 vindictas,

208 1899 825 2002 aSsumpta,repedare
846 1899 1155 1978 festinabat
1176 1924 1247 1977 ad
1268 1922 1637 1995 propria.Sed
1663 1924 1820 1975 ante-
1847 1899 1899 1958 B
1919 1899 2160 1979 infanda
2207 1899 2505 1977 damnavit
2547 1928 2756 1980 morte.
2780 1926 2890 1979 Hac
2921 1931 3042 1981 arte
3072 1929 3424 1999 Amalberga
3457 1899 3533 1999 (id

210 2034 385 2089 quam
436 2014 658 2087 cupitas
708 2011 1073 2083 pervenirent
1114 2011 1185 2065 ad
1242 2012 1423 2075 sedes,
1453 2026 1616 2065 soror
1647 2009 1817 2077 regis,

210 2104 401 2160 nescio
425 2120 544 2176 quo
567 2100 837 2174 depressa
860 2100 1254 2165 incommodo,
1284 2099 1399 2153 vita
1421 2099 1679 2154 decessit.
1711 2098 1817 2151 Cu-

205 2196 296 2267 jus
324 2209 539 2264 corpus
568 2191 627 2245 in
657 2190 844 2246 loculo
873 2188 1120 2260 positum
1159 2188 1403 2242 Parisius
1435 2191 1519 2241 est
1540 2188 1817 2253 delatum,

212 2301 273 2338 ac
296 2284 356 2337 in
384 2280 626 2336 basilica
651 2277 832 2333 sancti
867 2276 1017 2331 Petri
1039 2277 1206 2347 juxta
1235 2280 1461 2348 patrem
1489 2277 1817 2331 humatum.

210 2372 359 2425 Saue
389 2369 451 2424 in
486 2366 771 2423 thesauris
801 2383 943 2438 quos
974 2366 1368 2420 Cbildebertus
1405 2364 1588 2420 avexit
1619 2366 1689 2419 ab
1726 2364 1817 2418 Hi-

211 2460 446 2531 spauiis,
464 2460 695 2529 reperta
723 2459 857 2511 sunt
880 2454 1244 2510 ecclesiastici
1277 2454 1537 2508 utensilia
1569 2452 1823 2507 ministe-

210 2550 302 2613 rii,
335 2567 404 2603 ex
437 2546 584 2602 vasis
620 2562 762 2618 quos
795 2544 991 2599 dicunt
1022 2544 1190 2598 fuisse
1230 2543 1578 2609 Salomonis,
1610 2558 1822 2597 novem

216 2635 619 2709 pretiosissimi
681 2633 903 2699 calices,
943 2632 1275 2705 quindecim
1326 2636 1572 2703 patente,
1620 2630 1821 2702 viginti

214 2744 401 2800 capsa!
435 2723 900 2795 Evangeliorum.
918 2723 1052 2785 Qua:
1071 2722 1265 2775 omnia
1284 2738 1416 2775 cum
1443 2720 1623 2775 solido
1646 2718 1826 2774 fabri-

217 2820 344 2871 cata
356 2817 551 2870 forent
563 2829 863 2884 auro,gem
874 2813 1094 2883 misque
1113 2814 1318 2865 ornata
1332 2826 1503 2881 opere
1518 2809 1824 2864 inclusurio

218 2923 315 2960 rex
344 2908 545 2959 tamen
580 2902 807 2973 integer
837 2901 908 2955 ab
938 2916 1138 2954 eorum
1173 2899 1484 2969 cupiditate
1507 2902 1712 2952 cuncta
1742 2896 1827 2969 (ut

218 2996 342 3047 erat
364 2990 743 3063 largissimus)
772 2988 1003 3044 diversis
1024 2988 1224 3043 tribuit
1248 2987 1520 3042 ecclesiis.
1550 2987 1662 3041 Sed
1687 2987 1827 3041 dum

222 3082 515 3135 incursare
546 3079 737 3133 studet
764 3077 973 3144 aliena,
1007 3074 1260 3147 perdidit
1283 3092 1409 3147 quae
1441 3076 1676 3145 putabat
1707 3091 1826 3129 sua.

1924 2016 2135 2086 quippe
2169 2030 2384 2068 nomen
2434 2013 2680 2083 mulieri)
2712 2032 2949 2070 vacuam
2998 2016 3134 2070 fecit
3178 2017 3282 2072 sibi
3338 2018 3532 2072 aulam

1923 2102 2107 2175 regni,
2142 2104 2280 2157 dum
2308 2102 2537 2156 simulat
2558 2102 2719 2157 saluti
2749 2120 2807 2158 se
2836 2105 2978 2159 velle
3001 2106 3297 2159 consulere
3316 2104 3529 2161 mariti.

1920 2193 2085 2248 Miser
2126 2190 2240 2257 ille,
2273 2190 2370 2261 qui
2402 2190 2686 2261 putaverit
2716 2192 2871 2263 quod
2905 2194 2999 2247 illa
3025 2192 3083 2247 in
3115 2194 3239 2264 ejus
3260 2193 3534 2249 fratribus

1922 2278 2290 2352 parricidales
2316 2279 2528 2333 odisset
2549 2280 2953 2351 cogitationes,
2979 2299 3082 2337 nec
3110 2282 3531 2337 animadverte-

1921 2371 2010 2422 ret
2037 2370 2335 2421 consortes
2376 2368 2540 2437 regni
2572 2384 2635 2421 ac
2665 2368 3053 2439 periculorum
3105 2371 3356 2425 sublatos
3414 2388 3533 2426 esse

1925 2472 2184 2513 suorum.
2217 2455 2374 2509 Adeo
2405 2456 2557 2526 apud
2596 2456 2893 2529 improbos
2928 2461 3011 2512 est
3039 2458 3274 2513 affectus
3304 2458 3445 2525 vilis,
3473 2462 3537 2513 ut

1925 2546 2037 2600 cita
2090 2545 2277 2616 pravis
2334 2544 2792 2617 suggestionibus
2852 2550 3280 2620 extorqueatur.
3339 2548 3532 2603 Profe-

1925 2639 2048 2687 ctus
2087 2636 2279 2705 itaque
2302 2634 2688 2689 Theodoricus
2720 2634 2776 2688 in
2797 2635 3131 2707 Thorigam,
3173 2636 3401 2690 obviam
3434 2637 3533 2691 lia-

1926 2722 2050 2777 buit
2104 2722 2587 2776 Hermenfredum
2637 2739 2770 2777 cum
2822 2722 3129 2779 innumera
3167 2725 3536 2780 multitudine

1926 2811 2205 2867 hostium.
2240 2810 2526 2864 Foderant
2580 2814 2775 2865 autem
2801 2811 3075 2881 Tboringi
3098 2812 3331 2877 fessam,
3362 2830 3536 2884 quam

1930 2904 2192 2956 texerant
2239 2899 2604 2971 Operimento
2664 2901 2965 2971 cespitum,
3000 2905 3063 2955 ut
3110 2901 3536 2956 advenientium

1932 2988 2068 3042 inibi
2102 2988 2542 3043 debilitarentur
2568 2988 2699 3060 equi
2731 2989 3103 3043 Francorum.
3130 2988 3252 3053 Quo
3280 2989 3537 3060 cognito,

1930 3075 2132 3131 Franci
2166 3074 2671 3145 acriterimlignati
2689 3076 2879 3131 hostes
2898 3076 3099 3132 ultima
3122 3078 3540 3132 labefactarunt

224 3170 364 3223 Nam
384 3167 777 3223 Theodericus
796 3166 975 3220 frater
999 3164 1189 3235 ipsius,
1209 3163 1411 3217 dolens
1440 3165 1829 3217 Arvernorum
1862 3173 1909 3234 ο
1932 3165 2108 3231 caede,
2141 3166 2411 3235 actosque
2445 3165 2501 3218 in
2533 3164 2735 3236 fugam
2783 3181 2961 3237 usque
3010 3165 3390 3220 Onestrudem
3439 3167 3542 3221 flu-

225 3259 429 3312 urbem
452 3257 526 3311 ab
553 3272 621 3310 eo
654 3254 761 3309 sibi
788 3253 959 3308 fuisse
983 3253 1289 3318 sublatam,
1316 3268 1441 3305 eam
1473 3252 1591 3322 ipse
1623 3251 1828 3305 iterato

224 3347 462 3414 invadit,
493 3345 767 3416 caesisque
797 3345 881 3397 vel
913 3341 1123 3413 fugatis
1152 3357 1296 3411 quos
1327 3340 1726 3394 Cbildebertus
1757 3339 1828 3392 ad

226 3435 502 3490 tuendam
556 3433 874 3504 reliquerat
919 3432 1144 3495 urbem,
1178 3428 1591 3493 Mundericum,
1630 3426 1726 3497 qui
1770 3443 1829 3480 se

225 3524 547 3594 propiuquu
559 3539 615 3575 m
632 3521 783 3592 regis
786 3520 807 3590 j
817 3520 1477 3588 actitabat,regnumque
1491 3515 1593 3569 sibi
1609 3514 1829 3581 deberi,

219 3612 426 3685 perimi
451 3611 642 3682 jussit,
666 3614 725 3664 et
751 3627 879 3681 quae
908 3608 1028 3679 ejus
1061 3610 1228 3662 erant
1260 3607 1362 3660 sub
1390 3605 1589 3659 fiscum
1623 3603 1830 3675 redigi.

225 3700 317 3754 llic
339 3700 563 3755 etenim
587 3696 946 3754 Mundericus
964 3696 1245 3768 persuasis
1260 3692 1583 3748 Arvernicis
1601 3692 1831 3759 civibus,

220 3792 457 3846 collecta
473 3789 653 3844 etiam
676 3789 1025 3843 rusticorum
1047 3804 1162 3841 non
1185 3802 1359 3857 parva
1380 3786 1837 3852 manu,castrum

220 3880 608 3935 Victuriacum
661 3880 866 3932 contra
918 3874 1339 3930 Theodoricum
1408 3873 1677 3945 pervasit.
1731 3871 1836 3927 Ubi

224 3970 359 4023 dum
381 3985 480 4022 rex
496 3983 632 4021 eum
656 3964 956 4020 obsidione
969 3963 1253 4029 cinxisset,
1276 3965 1333 4016 et
1352 3977 1623 4032 superare
1641 3959 1839 4032 nequi-

224 4061 326 4123 rct,
351 4055 584 4111 cuidam
607 4069 869 4117 suorum,
888 4051 1165 4120 Aregisilo
1196 4049 1455 4116 nomine,
1477 4049 1835 4120 imperat,ut,

224 4145 358 4199 dato
391 4145 761 4199 sacramento
781 4139 1119 4207 securitatis,
1141 4138 1530 4195 Mundericum
1552 4154 1585 4192 a
1606 4137 1837 4192 castello

226 4233 377 4288 exire
400 4233 666 4295 suadeat,
691 4233 973 4302 quatenus
999 4245 1032 4282 a
1053 4225 1605 4282 circumsedentibus
1630 4224 1838 4296 perimi

227 4325 438 4392 posset.
460 4323 559 4376 Ille
576 4322 867 4391 praecepto
886 4318 1271 4390 obtemperat,
1293 4334 1357 4371 ac
1384 4315 1838 4371 circumventum

228 4409 531 4465 hominem
546 4412 736 4462 castro
752 4406 1141 4477 educit,datoq
1151 4422 1218 4459 ue
1232 4405 1288 4459 in
1303 4405 1456 4458 hunc
1474 4403 1711 4458 modum
1725 4402 1841 4457 suis

227 4497 391 4570 signo
424 4515 437 4552 :
470 4519 494 4550 σ
528 4496 701 4561 Quid,
736 4494 837 4559 ait,
868 4511 900 4548 ο
928 4493 1142 4565 populi,
1176 4494 1327 4547 hunc
1356 4492 1543 4546 virum
1570 4490 1838 4563 aspicitis,

227 4603 291 4641 ac
304 4586 349 4640 si
368 4601 675 4657 nunquam
697 4583 957 4653 amplius
971 4599 1103 4637 eum
1120 4580 1439 4635 vidissetis?
1462 4601 1489 4628 »
1526 4579 1620 4633 His
1635 4578 1713 4634 illi
1739 4597 1838 4633 au-

229 4674 360 4729 ditis
376 4669 1083 4745 impetuinMundericum
1105 4668 1583 4741 proruunt.Quod
1605 4667 1697 4721 ille
1718 4683 1840 4722 cer-

228 4778 390 4822 nens,
420 4760 774 4832 Aregisilum
802 4758 879 4812 sic
910 4758 1221 4830 alloquitur
1256 4774 1268 4811 :
1305 4777 1336 4810 α
1369 4756 1533 4822 Quia,
1568 4755 1773 4827 inquit,
1806 4772 1840 4810 o

231 4849 524 4921 Aregisile,
571 4846 844 4920 perjuriis
877 4862 968 4899 me
996 4846 1273 4917 decepisti
1299 4845 1431 4911 tuis,
1466 4862 1530 4898 ex
1560 4847 1669 4900 hoc
1700 4848 1843 4898 tem-

235 4953 364 5007 pore
378 4941 434 4992 te
451 4938 741 4992 viventem
759 4935 947 4988 nullus
962 4939 1161 4989 cernet
1177 4934 1353 4989 oculis
1374 4933 1616 4989 carnis.»
1638 4934 1704 4987 Et
1718 4934 1840 4987 haec

235 5026 442 5093 dicens,
479 5025 559 5079 uti
582 5040 743 5096 pone
775 5039 908 5076 eum
942 5024 1147 5090 stabat,
1182 5024 1381 5077 lancea
1405 5021 1558 5077 inter
1583 5023 1840 5094 scapulas

233 5115 425 5169 adacta
449 5130 586 5168 cum
610 5116 782 5166 terra:
800 5110 1012 5177 defixit,
1030 5111 1448 5183 evagiuatoque
1468 5111 1679 5183 gladio,
1704 5111 1836 5165 hor-

234 5204 374 5258 tatus
398 5203 608 5267 socios,
632 5215 809 5271 super
839 5199 1029 5254 hostes
1062 5201 1248 5267 irruit,
1279 5217 1363 5265 ac,
1394 5216 1692 5271 quousque
1724 5199 1835 5271 spi-

232 5290 363 5346 ritus
391 5292 527 5346 vitze
556 5290 618 5343 in
654 5305 726 5342 eo
755 5286 881 5353 fuit,
906 5290 1126 5343 credere
1153 5306 1267 5343 non
1291 5287 1547 5342 cessavit.
1569 5287 1839 5341 Arcadius

233 5396 473 5451 quoque,
493 5377 595 5449 qui
627 5375 833 5430 urbem
849 5377 1184 5430 Arverniam
1204 5376 1570 5430 Childeherto
1590 5372 1840 5427 tradide-

232 5473 331 5536 rat,
358 5468 643 5523 Bituricas
663 5463 1000 5533 aufugit.Ea
1029 5466 1161 5519 urbs
1182 5469 1312 5519 tunc
1340 5463 1705 5520 Childeberto
1740 5478 1837 5532 pa-

231 5558 398 5613 tebat.
434 5558 622 5612 Mater
652 5569 785 5605 vero
820 5551 939 5621 ejus
970 5557 1140 5626 atque
1165 5553 1343 5607 amita
1381 5549 1836 5621 comprehenszr,

230 5649 371 5720 apud
400 5647 743 5703 Cadurcum
773 5641 973 5696 urbem
1006 5642 1273 5699 OXSiiiﬂlfB
1306 5646 1456 5697 sunt.

1933 3253 2087 3307 vium
2120 3256 2560 3324 persequuntur.
2593 3253 2671 3306 Ibi
2699 3253 2874 3307 etiam
2906 3253 3245 3309 adversariis
3274 3254 3540 3310 resistere

1934 3342 2084 3396 ausis
2102 3342 2457 3414 transituque
2487 3343 2791 3412 prohibere
2825 3342 3326 3415 Francos,gravius
3356 3348 3538 3400 certa-

1930 3447 2089 3488 men.
2132 3430 2243 3484 Sed
2273 3430 2370 3483 ubi
2400 3446 2458 3483 se
2486 3430 2685 3483 Franci
2713 3430 2835 3501 ipso
2858 3448 2959 3486 usu
2997 3433 3176 3486 veteri
3202 3437 3540 3506 assuetaque

1933 3519 2197 3575 vincendi
2250 3518 2669 3573 confirmarunt
2720 3520 3152 3587 consuetudine,
3185 3522 3387 3576 ordine
3440 3539 3540 3577 suo

1937 3609 2052 3664 rixi
2081 3608 2436 3663 incursantes
2461 3607 2704 3674 caedere,
2734 3609 2905 3662 scutis
2927 3609 3227 3679 repellere,
3259 3609 3384 3662 nisu
3414 3626 3542 3663 om-

1939 3698 1998 3752 ni
2028 3714 2094 3752 ac
2118 3696 2325 3751 virtute
2356 3696 2711 3750 inconditam
2740 3695 3173 3751 multitudinem
3216 3696 3272 3751 in
3304 3696 3541 3751 fluvium

1941 3802 2145 3858 urgere
2174 3789 2488 3856 coeperunt.
2520 3784 2631 3838 Nec
2661 3782 2891 3839 difficile
2921 3783 3030 3840 fuit
3049 3784 3298 3855 plurimo
3324 3785 3382 3840 in
3416 3801 3541 3839 am-

1940 3890 2077 3929 nem
2106 3872 2314 3943 mergi,
2347 3888 2478 3926 cum
2505 3871 2658 3926 haud
2690 3871 2888 3942 procul
2920 3888 2953 3925 a
2976 3870 3169 3926 littore
3195 3888 3286 3926 res
3310 3887 3540 3942 gerere-

1940 3967 2052 4018 tur.
2077 3964 2260 4017 Tanta
2289 3964 2478 4016 autem
2514 3965 2732 4031 strages
2758 3963 2892 4014 tunc
2920 3960 2991 4014 de
3038 3960 3342 4032 Thormgis
3393 3960 3546 4015 facta

1938 4053 2106 4107 fuisse
2130 4051 2332 4117 fertur,
2358 4053 2439 4115 ut,
2474 4065 2754 4104 cmsorum
2786 4048 3055 4120 congerie
3082 4051 3314 4120 oppleto
3346 4048 3542 4116 fluvio,

1940 4140 2138 4197 Franci
2168 4157 2341 4212 super
2369 4138 2700 4203 interfectos
2745 4138 2804 4193 in
2836 4138 3171 4195 ulteriorem
3227 4138 3544 4194 transirent

1939 4231 2148 4303 ripam.
2184 4228 2630 4283 Hermenfredus
2657 4227 2796 4300 ipse,
2825 4244 2957 4282 cum
2984 4227 3178 4299 paucis
3207 4228 3451 4301 elapsus,
3484 4226 3544 4282 in

1942 4317 2369 4373 munimentum
2393 4333 2449 4370 se
2467 4315 2709 4370 contulit
2734 4315 2909 4373 urbis.
2936 4315 3118 4379 Quem
3145 4319 3343 4389 postea
3360 4315 3545 4370 Theo-

1942 4406 2191 4468 doricus,
2240 4404 2351 4459 fide
2415 4403 2574 4469 data,
2597 4403 2866 4458 Tulbiaeo
2898 4404 3073 4472 [hodie
3122 4405 3339 4465 Zulich]
3365 4403 3437 4458 ad
3486 4420 3545 4458 se

1941 4493 2137 4548 venire
2167 4491 2482 4558 mandavit,
2516 4508 2785 4564 eumque,
2818 4492 2957 4546 dum
2978 4492 3411 4548 deambulatum
3443 4507 3548 4563 per

1865 4626 1916 4685 D
1942 4600 2176 4637 murum
2214 4582 2370 4636 urbis
2400 4581 2543 4635 irent
2580 4584 2637 4634 et
2684 4579 2789 4636 sibi
2822 4581 3164 4636 alterutrum
3196 4579 3546 4637 sermocina-

1942 4676 2165 4738 rentur,
2196 4670 2552 4743 przecipitem
2583 4670 2856 4724 deorsum
2886 4668 3023 4739 egit.
3052 4669 3156 4734 Qui
3190 4687 3363 4726 ruens
3390 4684 3548 4724 com-

1946 4760 2169 4816 minuto
2201 4761 2441 4815 cerebro
2471 4758 2829 4814 examinatus
2860 4762 2964 4812 est.
2998 4758 3072 4811 Ex
3095 4775 3163 4812 eo
3187 4774 3415 4830 quoque
3442 4773 3544 4828 ge-

1944 4848 2078 4903 nitis
2108 4850 2349 4904 minime
2382 4846 2636 4920 pepercit
2668 4865 2681 4913 ;
2710 4846 2830 4911 sed,
2862 4861 2960 4899 eos
2984 4846 3327 4917 strangulari
3345 4844 3546 4916 princi-

1941 4936 2126 5007 piens,
2179 4938 2469 4992 universas
2517 4933 2940 5004 Thoringorum
3012 4930 3266 4985 civitates
3317 4932 3547 4985 Francis

1940 5026 2286 5098 subjugavit,
2319 5024 2676 5096 pristinaque
2722 5037 2819 5076 eos
2840 5017 3007 5091 jussit
3051 5017 3301 5073 incolere
3354 5019 3542 5073 domi-

1939 5114 2086 5169 cilia.

2578 5200 2801 5257 CAPUT
2830 5198 2890 5253 X.

2009 5291 2090 5343 De
2109 5291 2312 5359 origine
2336 5286 2671 5341 Francorum
2700 5289 2891 5342 citatus
2909 5284 3062 5339 divus
3083 5284 3468 5351 Hieronymus.

2008 5377 2269 5447 Denique
2300 5375 2544 5428 Francos
2559 5375 2983 5443 Thoringorum
3016 5374 3159 5428 fines
3179 5372 3335 5445 prius
3354 5386 3543 5441 posse-

1942 5464 2087 5519 disse
2117 5462 2380 5535 superior
2401 5462 2709 5515 declaravit
2734 5478 2946 5516 sermo.
2966 5463 3080 5517 Sed
3109 5467 3167 5518 et
3198 5463 3396 5517 beatus
3425 5458 3546 5512 Hie-

1941 5568 2237 5621 ronymus,
2269 5550 2327 5603 in
2359 5550 2630 5620 epusculo
2661 5550 2814 5619 quod
2846 5549 2916 5601 de
2948 5550 3072 5605 Vita
3104 5550 3295 5607 Sancti
3324 5547 3548 5619 scripsit

1948 5638 2269 5703 Hilarionis,
2302 5636 2495 5693 asserit
2529 5637 2675 5690 hanc
2699 5638 2958 5705 gentem,
2992 5653 3109 5693 non
3136 5644 3256 5693 tam
3289 5638 3545 5708 amplam

1937 5743 2109 5801 quam
2141 5726 2461 5794 robustam,
2482 5724 2631 5781 inter
2652 5725 2795 5779 fines
2820 5721 3111 5783 Saxonum
3127 5724 3425 5797 quondam
3447 5725 3547 5777 ha-
