  <div class='ocr_page' id='page_1' title='image "/cluster/home/n/w/nwhite01/storage/ocr_20150623/139/uva.x000829787/341.png"; bbox 0 0 3862 6210; ppageno 0'>
   <div class='ocr_carea' id='block_1_1' title="bbox 434 451 533 509">
    <p class='ocr_par' dir='ltr' id='par_1_1' title="bbox 434 451 533 509">
     <span class='ocr_line' id='line_1_1' title="bbox 434 451 533 509; baseline 0 0"><span class='ocrx_word' id='word_1_1' title='bbox 434 451 533 509; x_wconf 75' lang='grc'>671</span> 
     </span>
    </p>
   </div>
   <div class='ocr_carea' id='block_1_2' title="bbox 1520 448 3700 519">
    <p class='ocr_par' dir='ltr' id='par_1_2' title="bbox 1520 448 3700 519">
     <span class='ocr_line' id='line_1_2' title="bbox 1520 448 3700 519; baseline 0.005 -12"><span class='ocrx_word' id='word_1_2' title='bbox 1520 450 1785 509; x_wconf 72' lang='lat' dir='ltr'>AIMOINI</span> <span class='ocrx_word' id='word_1_3' title='bbox 1809 448 2120 508; x_wconf 76' lang='lat' dir='ltr'>MONACHI</span> <span class='ocrx_word' id='word_1_4' title='bbox 2136 449 2628 511; x_wconf 81' lang='lat' dir='ltr'>FLOBIACENSIS</span> <span class='ocrx_word' id='word_1_5' title='bbox 3609 463 3700 519; x_wconf 62' lang='grc' dir='ltr'>θη</span> 
     </span>
    </p>
   </div>
   <div class='ocr_carea' id='block_1_3' title="bbox 437 575 3702 653">
    <p class='ocr_par' dir='ltr' id='par_1_3' title="bbox 437 575 3702 653">
     <span class='ocr_line' id='line_1_3' title="bbox 437 575 3702 653; baseline 0.003 -21"><span class='ocrx_word' id='word_1_6' title='bbox 437 577 649 634; x_wconf 86' lang='lat' dir='ltr'>bitasse</span> <span class='ocrx_word' id='word_1_7' title='bbox 675 577 734 634; x_wconf 88' lang='lat' dir='ltr'>et</span> <span class='ocrx_word' id='word_1_8' title='bbox 756 576 1238 645; x_wconf 77' lang='lat' dir='ltr'>Alamannorum,</span> <span class='ocrx_word' id='word_1_9' title='bbox 1260 592 1595 632; x_wconf 84' lang='lat' dir='ltr'>memorans</span> <span class='ocrx_word' id='word_1_10' title='bbox 1623 575 1772 632; x_wconf 89' lang='lat' dir='ltr'>illius</span> <span class='ocrx_word' id='word_1_11' title='bbox 1795 576 2044 632; x_wconf 81' lang='lat' dir='ltr'>nationis</span> <span class='ocrx_word' id='word_1_12' title='bbox 2063 580 2118 639; x_wconf 80' lang='grc' dir='ltr'>Α</span> <span class='ocrx_word' id='word_1_13' title='bbox 2143 575 2495 648; x_wconf 77' lang='lat' dir='ltr'>ingredienti</span> <span class='ocrx_word' id='word_1_14' title='bbox 2511 578 2754 634; x_wconf 88' lang='lat' dir='ltr'>domum</span> <span class='ocrx_word' id='word_1_15' title='bbox 2785 577 2959 651; x_wconf 83' lang='lat' dir='ltr'>pedes</span> <span class='ocrx_word' id='word_1_16' title='bbox 2975 594 3294 653; x_wconf 79' lang='lat' dir='ltr'>apparuere</span> <span class='ocrx_word' id='word_1_17' title='bbox 3314 579 3513 636; x_wconf 87' lang='lat' dir='ltr'>detecti</span> <span class='ocrx_word' id='word_1_18' title='bbox 3535 597 3702 642; x_wconf 58' lang='lat' dir='ltr'>arma-</span> 
     </span>
    </p>
   </div>
   <div class='ocr_carea' id='block_1_4' title="bbox 439 665 2040 738">
    <p class='ocr_par' dir='ltr' id='par_1_4' title="bbox 439 665 2040 738">
     <span class='ocr_line' id='line_1_4' title="bbox 439 665 2040 738; baseline 0 -16"><span class='ocrx_word' id='word_1_19' title='bbox 439 667 721 722; x_wconf 90' lang='lat' dir='ltr'>illustrem</span> <span class='ocrx_word' id='word_1_20' title='bbox 728 667 1004 738; x_wconf 90' lang='lat' dir='ltr'>juvenem</span> <span class='ocrx_word' id='word_1_21' title='bbox 1018 667 1089 722; x_wconf 89' lang='lat' dir='ltr'>ab</span> <span class='ocrx_word' id='word_1_22' title='bbox 1111 665 1316 723; x_wconf 89' lang='lat' dir='ltr'>eodem</span> <span class='ocrx_word' id='word_1_23' title='bbox 1331 667 1450 722; x_wconf 89' lang='lat' dir='ltr'>viro</span> <span class='ocrx_word' id='word_1_24' title='bbox 1464 666 1564 720; x_wconf 88' lang='lat' dir='ltr'>Dei</span> <span class='ocrx_word' id='word_1_25' title='bbox 1576 667 1840 721; x_wconf 65' lang='lat' dir='ltr'>daemone</span> <span class='ocrx_word' id='word_1_26' title='bbox 1858 667 2040 736; x_wconf 76' lang='lat' dir='ltr'>ejecta</span> 
     </span>
    </p>
   </div>
   <div class='ocr_carea' id='block_1_5' title="bbox 440 755 2040 827">
    <p class='ocr_par' dir='ltr' id='par_1_5' title="bbox 440 755 2040 827">
     <span class='ocr_line' id='line_1_5' title="bbox 440 755 2040 827; baseline -0.001 -17"><span class='ocrx_word' id='word_1_27' title='bbox 440 755 612 810; x_wconf 86' lang='lat' dir='ltr'>fuisse</span> <span class='ocrx_word' id='word_1_28' title='bbox 639 758 1040 812; x_wconf 88' lang='lat' dir='ltr'>curatum.Nec</span> <span class='ocrx_word' id='word_1_29' title='bbox 1066 756 1232 812; x_wconf 89' lang='lat' dir='ltr'>nobis</span> <span class='ocrx_word' id='word_1_30' title='bbox 1261 757 1422 812; x_wconf 91' lang='lat' dir='ltr'>oneri</span> <span class='ocrx_word' id='word_1_31' title='bbox 1454 756 1564 810; x_wconf 91' lang='lat' dir='ltr'>erit</span> <span class='ocrx_word' id='word_1_32' title='bbox 1586 755 1761 827; x_wconf 86' lang='lat' dir='ltr'>ipsius</span> <span class='ocrx_word' id='word_1_33' title='bbox 1791 755 2040 810; x_wconf 86' lang='lat' dir='ltr'>disertis-</span> 
     </span>
    </p>
   </div>
   <div class='ocr_carea' id='block_1_6' title="bbox 437 843 2038 917">
    <p class='ocr_par' dir='ltr' id='par_1_6' title="bbox 437 843 2038 917">
     <span class='ocr_line' id='line_1_6' title="bbox 437 843 2038 917; baseline -0.001 -19"><span class='ocrx_word' id='word_1_34' title='bbox 437 844 567 899; x_wconf 86' lang='lat' dir='ltr'>simi</span> <span class='ocrx_word' id='word_1_35' title='bbox 621 845 793 899; x_wconf 89' lang='lat' dir='ltr'>verba</span> <span class='ocrx_word' id='word_1_36' title='bbox 844 861 1058 917; x_wconf 90' lang='lat' dir='ltr'>ponere</span> <span class='ocrx_word' id='word_1_37' title='bbox 1097 845 1220 912; x_wconf 85' lang='lat' dir='ltr'>viri,</span> <span class='ocrx_word' id='word_1_38' title='bbox 1253 862 1382 900; x_wconf 92' lang='lat' dir='ltr'>cum</span> <span class='ocrx_word' id='word_1_39' title='bbox 1426 847 1483 899; x_wconf 90' lang='lat' dir='ltr'>et</span> <span class='ocrx_word' id='word_1_40' title='bbox 1513 849 1768 900; x_wconf 91' lang='lat' dir='ltr'>nostram</span> <span class='ocrx_word' id='word_1_41' title='bbox 1799 844 1858 913; x_wconf 86' lang='lat' dir='ltr'>(si</span> <span class='ocrx_word' id='word_1_42' title='bbox 1890 843 2038 896; x_wconf 90' lang='lat' dir='ltr'>inse-</span> 
     </span>
    </p>
   </div>
   <div class='ocr_carea' id='block_1_7' title="bbox 420 933 2035 1004">
    <p class='ocr_par' dir='ltr' id='par_1_7' title="bbox 420 933 2035 1004">
     <span class='ocr_line' id='line_1_7' title="bbox 420 933 2035 1004; baseline -0.002 -15"><span class='ocrx_word' id='word_1_43' title='bbox 420 934 988 1004; x_wconf 88' lang='lat' dir='ltr'>.rantur)honestent</span> <span class='ocrx_word' id='word_1_44' title='bbox 1008 936 1338 1000; x_wconf 85' lang='lat' dir='ltr'>materiam,</span> <span class='ocrx_word' id='word_1_45' title='bbox 1359 936 1414 987; x_wconf 94' lang='lat' dir='ltr'>et</span> <span class='ocrx_word' id='word_1_46' title='bbox 1437 934 1624 1004; x_wconf 88' lang='lat' dir='ltr'>gentis</span> <span class='ocrx_word' id='word_1_47' title='bbox 1641 933 2035 987; x_wconf 83' lang='lat' dir='ltr'>fortitudinem</span> 
     </span>
    </p>
   </div>
   <div class='ocr_carea' id='block_1_8' title="bbox 438 1021 2043 1096">
    <p class='ocr_par' dir='ltr' id='par_1_8' title="bbox 438 1021 2043 1096">
     <span class='ocr_line' id='line_1_8' title="bbox 438 1021 2043 1096; baseline -0.002 -18"><span class='ocrx_word' id='word_1_48' title='bbox 438 1023 806 1079; x_wconf 88' lang='lat' dir='ltr'>innotescant</span> <span class='ocrx_word' id='word_1_49' title='bbox 835 1023 1053 1096; x_wconf 89' lang='lat' dir='ltr'>pariter</span> <span class='ocrx_word' id='word_1_50' title='bbox 1076 1027 1134 1078; x_wconf 91' lang='lat' dir='ltr'>et</span> <span class='ocrx_word' id='word_1_51' title='bbox 1185 1024 1451 1078; x_wconf 84' lang='lat' dir='ltr'>decorem</span> <span class='ocrx_word' id='word_1_52' title='bbox 1487 1022 1696 1090; x_wconf 84' lang='lat' dir='ltr'>;simul</span> <span class='ocrx_word' id='word_1_53' title='bbox 1754 1021 1927 1076; x_wconf 78' lang='lat' dir='ltr'>etiam</span> <span class='ocrx_word' id='word_1_54' title='bbox 1979 1022 2043 1074; x_wconf 90' lang='lat' dir='ltr'>ut</span> 
     </span>
    </p>
   </div>
   <div class='ocr_carea' id='block_1_9' title="bbox 435 1109 2039 1184">
    <p class='ocr_par' dir='ltr' id='par_1_9' title="bbox 435 1109 2039 1184">
     <span class='ocr_line' id='line_1_9' title="bbox 435 1109 2039 1184; baseline -0.001 -18"><span class='ocrx_word' id='word_1_55' title='bbox 435 1111 616 1166; x_wconf 87' lang='lat' dir='ltr'>virtus</span> <span class='ocrx_word' id='word_1_56' title='bbox 647 1112 748 1166; x_wconf 91' lang='lat' dir='ltr'>Dei</span> <span class='ocrx_word' id='word_1_57' title='bbox 787 1111 846 1166; x_wconf 93' lang='lat' dir='ltr'>in</span> <span class='ocrx_word' id='word_1_58' title='bbox 879 1113 1078 1182; x_wconf 80' lang='lat' dir='ltr'>gentili</span> <span class='ocrx_word' id='word_1_59' title='bbox 1118 1129 1346 1184; x_wconf 91' lang='lat' dir='ltr'>quoque</span> <span class='ocrx_word' id='word_1_60' title='bbox 1379 1113 1616 1184; x_wconf 82' lang='lat' dir='ltr'>operata</span> <span class='ocrx_word' id='word_1_61' title='bbox 1653 1109 1890 1165; x_wconf 88' lang='lat' dir='ltr'>homine</span> <span class='ocrx_word' id='word_1_62' title='bbox 1929 1109 2039 1164; x_wconf 82' lang='lat' dir='ltr'>evi-</span> 
     </span>
    </p>
   </div>
   <div class='ocr_carea' id='block_1_10' title="bbox 441 1198 2039 1273">
    <p class='ocr_par' dir='ltr' id='par_1_10' title="bbox 441 1198 2039 1273">
     <span class='ocr_line' id='line_1_10' title="bbox 441 1198 2039 1273; baseline 0.001 -20"><span class='ocrx_word' id='word_1_63' title='bbox 441 1199 648 1255; x_wconf 85' lang='lat' dir='ltr'>denter</span> <span class='ocrx_word' id='word_1_64' title='bbox 679 1205 974 1273; x_wconf 87' lang='lat' dir='ltr'>appareat.</span> <span class='ocrx_word' id='word_1_65' title='bbox 1008 1201 1102 1254; x_wconf 90' lang='lat' dir='ltr'>Ait</span> <span class='ocrx_word' id='word_1_66' title='bbox 1129 1217 1270 1271; x_wconf 88' lang='lat' dir='ltr'>ergo</span> <span class='ocrx_word' id='word_1_67' title='bbox 1303 1199 1508 1254; x_wconf 62' lang='lat' dir='ltr'>divina:</span> <span class='ocrx_word' id='word_1_68' title='bbox 1537 1198 1680 1270; x_wconf 83' lang='lat' dir='ltr'>legis</span> <span class='ocrx_word' id='word_1_69' title='bbox 1709 1198 1993 1268; x_wconf 86' lang='lat' dir='ltr'>interpres</span> <span class='ocrx_word' id='word_1_70' title='bbox 2021 1212 2039 1254; x_wconf 85' lang='lat'><strong>:</strong></span> 
     </span>
    </p>
   </div>
   <div class='ocr_carea' id='block_1_11' title="bbox 444 1287 2040 1360">
    <p class='ocr_par' dir='ltr' id='par_1_11' title="bbox 444 1287 2040 1360">
     <span class='ocr_line' id='line_1_11' title="bbox 444 1287 2040 1360; baseline -0.003 -16"><span class='ocrx_word' id='word_1_71' title='bbox 444 1312 472 1339; x_wconf 85' lang='lat'>«</span> <span class='ocrx_word' id='word_1_72' title='bbox 501 1288 851 1344; x_wconf 86' lang='lat' dir='ltr'>Candidatus</span> <span class='ocrx_word' id='word_1_73' title='bbox 882 1289 1200 1344; x_wconf 85' lang='lat' dir='ltr'>Constantii</span> <span class='ocrx_word' id='word_1_74' title='bbox 1231 1288 1597 1360; x_wconf 87' lang='lat' dir='ltr'>imperatoris</span> <span class='ocrx_word' id='word_1_75' title='bbox 1623 1287 1822 1341; x_wconf 90' lang='lat' dir='ltr'>rutilus</span> <span class='ocrx_word' id='word_1_76' title='bbox 1853 1303 2040 1352; x_wconf 91' lang='lat' dir='ltr'>coma,</span> 
     </span>
    </p>
   </div>
   <div class='ocr_carea' id='block_1_12' title="bbox 440 1375 2046 1448">
    <p class='ocr_par' dir='ltr' id='par_1_12' title="bbox 440 1375 2046 1448">
     <span class='ocr_line' id='line_1_12' title="bbox 440 1375 2046 1448; baseline -0.002 -16"><span class='ocrx_word' id='word_1_77' title='bbox 440 1381 499 1432; x_wconf 89' lang='lat' dir='ltr'>et</span> <span class='ocrx_word' id='word_1_78' title='bbox 528 1378 780 1432; x_wconf 91' lang='lat' dir='ltr'>candore</span> <span class='ocrx_word' id='word_1_79' title='bbox 819 1376 1073 1448; x_wconf 87' lang='lat' dir='ltr'>corporis</span> <span class='ocrx_word' id='word_1_80' title='bbox 1101 1375 1358 1431; x_wconf 90' lang='lat' dir='ltr'>indicans</span> <span class='ocrx_word' id='word_1_81' title='bbox 1382 1375 1734 1448; x_wconf 89' lang='lat' dir='ltr'>provinciam</span> <span class='ocrx_word' id='word_1_82' title='bbox 1758 1375 1930 1445; x_wconf 89' lang='lat' dir='ltr'>(inter</span> <span class='ocrx_word' id='word_1_83' title='bbox 1949 1375 2046 1428; x_wconf 87' lang='lat' dir='ltr'>Sa-</span> 
     </span>
    </p>
   </div>
   <div class='ocr_carea' id='block_1_13' title="bbox 441 1464 2048 1538">
    <p class='ocr_par' dir='ltr' id='par_1_13' title="bbox 441 1464 2048 1538">
     <span class='ocr_line' id='line_1_13' title="bbox 441 1464 2048 1538; baseline -0.003 -16"><span class='ocrx_word' id='word_1_84' title='bbox 441 1483 618 1523; x_wconf 81' lang='lat' dir='ltr'>xones</span> <span class='ocrx_word' id='word_1_85' title='bbox 649 1465 860 1538; x_wconf 87' lang='lat' dir='ltr'>quippe</span> <span class='ocrx_word' id='word_1_86' title='bbox 891 1483 957 1520; x_wconf 89' lang='lat' dir='ltr'>ac</span> <span class='ocrx_word' id='word_1_87' title='bbox 983 1467 1339 1520; x_wconf 85' lang='lat' dir='ltr'>Alamannos</span> <span class='ocrx_word' id='word_1_88' title='bbox 1353 1482 1496 1536; x_wconf 88' lang='lat' dir='ltr'>gens</span> <span class='ocrx_word' id='word_1_89' title='bbox 1514 1464 1636 1534; x_wconf 85' lang='lat' dir='ltr'>ejus</span> <span class='ocrx_word' id='word_1_90' title='bbox 1659 1480 1773 1518; x_wconf 91' lang='lat' dir='ltr'>non</span> <span class='ocrx_word' id='word_1_91' title='bbox 1796 1467 1912 1516; x_wconf 89' lang='lat' dir='ltr'>tam</span> <span class='ocrx_word' id='word_1_92' title='bbox 1932 1465 2048 1517; x_wconf 88' lang='lat' dir='ltr'>lata</span> 
     </span>
    </p>
   </div>
   <div class='ocr_carea' id='block_1_14' title="bbox 441 1551 2048 1626">
    <p class='ocr_par' dir='ltr' id='par_1_14' title="bbox 441 1551 2048 1626">
     <span class='ocr_line' id='line_1_14' title="bbox 441 1551 2048 1626; baseline -0.002 -18"><span class='ocrx_word' id='word_1_93' title='bbox 441 1571 617 1626; x_wconf 89' lang='lat' dir='ltr'>quam</span> <span class='ocrx_word' id='word_1_94' title='bbox 647 1553 1018 1625; x_wconf 86' lang='lat' dir='ltr'>valida,apud</span> <span class='ocrx_word' id='word_1_95' title='bbox 1045 1552 1344 1608; x_wconf 82' lang='lat' dir='ltr'>historicos</span> <span class='ocrx_word' id='word_1_96' title='bbox 1361 1551 1854 1617; x_wconf 88' lang='lat' dir='ltr'>Germania,nunc</span> <span class='ocrx_word' id='word_1_97' title='bbox 1877 1551 2048 1604; x_wconf 83' lang='lat' dir='ltr'>Fran-</span> 
     </span>
    </p>
   </div>
   <div class='ocr_carea' id='block_1_15' title="bbox 437 1639 2042 1714">
    <p class='ocr_par' dir='ltr' id='par_1_15' title="bbox 437 1639 2042 1714">
     <span class='ocr_line' id='line_1_15' title="bbox 437 1639 2042 1714; baseline -0.003 -17"><span class='ocrx_word' id='word_1_98' title='bbox 437 1643 527 1697; x_wconf 82' lang='lat' dir='ltr'>cia</span> <span class='ocrx_word' id='word_1_99' title='bbox 557 1641 765 1697; x_wconf 90' lang='lat' dir='ltr'>dicitur</span> <span class='ocrx_word' id='word_1_100' title='bbox 804 1640 1065 1714; x_wconf 89' lang='lat' dir='ltr'>antiqua)</span> <span class='ocrx_word' id='word_1_101' title='bbox 1114 1641 1185 1695; x_wconf 92' lang='lat' dir='ltr'>ab</span> <span class='ocrx_word' id='word_1_102' title='bbox 1216 1641 1460 1696; x_wconf 80' lang='lat' dir='ltr'>infantia</span> <span class='ocrx_word' id='word_1_103' title='bbox 1507 1657 1794 1713; x_wconf 88' lang='lat' dir='ltr'>possessus</span> <span class='ocrx_word' id='word_1_104' title='bbox 1847 1656 1881 1692; x_wconf 91' lang='lat' dir='ltr'>a</span> <span class='ocrx_word' id='word_1_105' title='bbox 1928 1639 2042 1692; x_wconf 67' lang='lat' dir='ltr'>da:-</span> 
     </span>
    </p>
   </div>
   <div class='ocr_carea' id='block_1_16' title="bbox 440 1727 2041 1802">
    <p class='ocr_par' dir='ltr' id='par_1_16' title="bbox 440 1727 2041 1802">
     <span class='ocr_line' id='line_1_16' title="bbox 440 1727 2041 1802; baseline -0.004 -17"><span class='ocrx_word' id='word_1_106' title='bbox 440 1747 638 1798; x_wconf 90' lang='lat' dir='ltr'>mone,</span> <span class='ocrx_word' id='word_1_107' title='bbox 673 1729 769 1802; x_wconf 88' lang='lat' dir='ltr'>qui</span> <span class='ocrx_word' id='word_1_108' title='bbox 801 1729 1066 1784; x_wconf 91' lang='lat' dir='ltr'>noctibus</span> <span class='ocrx_word' id='word_1_109' title='bbox 1095 1745 1225 1784; x_wconf 91' lang='lat' dir='ltr'>eum</span> <span class='ocrx_word' id='word_1_110' title='bbox 1247 1729 1485 1794; x_wconf 89' lang='lat' dir='ltr'>ululare,</span> <span class='ocrx_word' id='word_1_111' title='bbox 1505 1727 1906 1798; x_wconf 86' lang='lat' dir='ltr'>ingemiscere,</span> <span class='ocrx_word' id='word_1_112' title='bbox 1927 1727 2041 1780; x_wconf 87' lang='lat' dir='ltr'>fre-</span> 
     </span>
    </p>
   </div>
   <div class='ocr_carea' id='block_1_17' title="bbox 440 1815 2045 1889">
    <p class='ocr_par' dir='ltr' id='par_1_17' title="bbox 440 1815 2045 1889">
     <span class='ocr_line' id='line_1_17' title="bbox 440 1815 2045 1889; baseline -0.002 -16"><span class='ocrx_word' id='word_1_113' title='bbox 440 1835 601 1873; x_wconf 72' lang='lat' dir='ltr'>mere</span> <span class='ocrx_word' id='word_1_114' title='bbox 655 1817 920 1873; x_wconf 87' lang='lat' dir='ltr'>dentibus</span> <span class='ocrx_word' id='word_1_115' title='bbox 955 1817 1358 1889; x_wconf 90' lang='lat' dir='ltr'>compellebat.</span> <span class='ocrx_word' id='word_1_116' title='bbox 1389 1815 1487 1870; x_wconf 85' lang='lat' dir='ltr'>Hic</span> <span class='ocrx_word' id='word_1_117' title='bbox 1517 1819 1736 1870; x_wconf 91' lang='lat' dir='ltr'>secreto</span> <span class='ocrx_word' id='word_1_118' title='bbox 1767 1816 1839 1870; x_wconf 91' lang='lat' dir='ltr'>ab</span> <span class='ocrx_word' id='word_1_119' title='bbox 1865 1815 2045 1887; x_wconf 89' lang='lat' dir='ltr'>impe-</span> 
     </span>
    </p>
   </div>
   <div class='ocr_carea' id='block_1_18' title="bbox 2145 667 3698 741">
    <p class='ocr_par' dir='ltr' id='par_1_18' title="bbox 2145 667 3698 741">
     <span class='ocr_line' id='line_1_18' title="bbox 2145 667 3698 741; baseline 0.004 -20"><span class='ocrx_word' id='word_1_120' title='bbox 2145 671 2360 722; x_wconf 88' lang='lat' dir='ltr'>torum.</span> <span class='ocrx_word' id='word_1_121' title='bbox 2395 667 2558 732; x_wconf 85' lang='lat' dir='ltr'>Quod</span> <span class='ocrx_word' id='word_1_122' title='bbox 2589 668 2686 723; x_wconf 91' lang='lat' dir='ltr'>ubi</span> <span class='ocrx_word' id='word_1_123' title='bbox 2716 667 3144 735; x_wconf 84' lang='lat' dir='ltr'>animadvertit,</span> <span class='ocrx_word' id='word_1_124' title='bbox 3174 684 3306 724; x_wconf 90' lang='lat' dir='ltr'>suos</span> <span class='ocrx_word' id='word_1_125' title='bbox 3333 685 3528 741; x_wconf 90' lang='lat' dir='ltr'>capere</span> <span class='ocrx_word' id='word_1_126' title='bbox 3555 687 3698 728; x_wconf 89' lang='lat' dir='ltr'>arma</span> 
     </span>
    </p>
   </div>
   <div class='ocr_carea' id='block_1_19' title="bbox 2135 755 3702 828">
    <p class='ocr_par' dir='ltr' id='par_1_19' title="bbox 2135 755 3702 828">
     <span class='ocr_line' id='line_1_19' title="bbox 2135 755 3702 828; baseline 0.004 -20"><span class='ocrx_word' id='word_1_127' title='bbox 2135 755 2322 825; x_wconf 85' lang='lat' dir='ltr'>jubet,</span> <span class='ocrx_word' id='word_1_128' title='bbox 2342 773 2514 828; x_wconf 86' lang='lat' dir='ltr'>seque</span> <span class='ocrx_word' id='word_1_129' title='bbox 2534 756 2875 827; x_wconf 53' lang='lat' dir='ltr'>praecedere.</span> <span class='ocrx_word' id='word_1_130' title='bbox 2901 756 3182 810; x_wconf 84' lang='lat' dir='ltr'>lntellexit</span> <span class='ocrx_word' id='word_1_131' title='bbox 3196 757 3454 827; x_wconf 87' lang='lat' dir='ltr'>protinus</span> <span class='ocrx_word' id='word_1_132' title='bbox 3477 758 3702 814; x_wconf 84' lang='lat' dir='ltr'>Theodo-</span> 
     </span>
    </p>
   </div>
   <div class='ocr_carea' id='block_1_20' title="bbox 2143 843 3700 918">
    <p class='ocr_par' dir='ltr' id='par_1_20' title="bbox 2143 843 3700 918">
     <span class='ocr_line' id='line_1_20' title="bbox 2143 843 3700 918; baseline 0.001 -20"><span class='ocrx_word' id='word_1_133' title='bbox 2143 843 2292 898; x_wconf 84' lang='lat' dir='ltr'>ricus</span> <span class='ocrx_word' id='word_1_134' title='bbox 2326 845 2562 899; x_wconf 81' lang='lat' dir='ltr'>fratrem</span> <span class='ocrx_word' id='word_1_135' title='bbox 2613 846 2809 900; x_wconf 91' lang='lat' dir='ltr'>dolum</span> <span class='ocrx_word' id='word_1_136' title='bbox 2843 845 3235 916; x_wconf 65' lang='lat' dir='ltr'>praesensisse;</span> <span class='ocrx_word' id='word_1_137' title='bbox 3268 848 3344 910; x_wconf 90' lang='lat' dir='ltr'>et,</span> <span class='ocrx_word' id='word_1_138' title='bbox 3378 861 3445 898; x_wconf 90' lang='lat' dir='ltr'>ne</span> <span class='ocrx_word' id='word_1_139' title='bbox 3483 847 3700 918; x_wconf 86' lang='lat' dir='ltr'>amplius</span> 
     </span>
    </p>
   </div>
   <div class='ocr_carea' id='block_1_21' title="bbox 2143 932 3699 999">
    <p class='ocr_par' dir='ltr' id='par_1_21' title="bbox 2143 932 3699 999">
     <span class='ocr_line' id='line_1_21' title="bbox 2143 932 3699 999; baseline 0.001 -13"><span class='ocrx_word' id='word_1_140' title='bbox 2143 933 2516 988; x_wconf 89' lang='lat' dir='ltr'>manifestum</span> <span class='ocrx_word' id='word_1_141' title='bbox 2550 934 2713 986; x_wconf 87' lang='lat' dir='ltr'>fieret</span> <span class='ocrx_word' id='word_1_142' title='bbox 2737 933 2976 999; x_wconf 89' lang='lat' dir='ltr'>factum,</span> <span class='ocrx_word' id='word_1_143' title='bbox 3004 933 3128 987; x_wconf 92' lang='lat' dir='ltr'>loco</span> <span class='ocrx_word' id='word_1_144' title='bbox 3154 932 3405 987; x_wconf 89' lang='lat' dir='ltr'>muneris</span> <span class='ocrx_word' id='word_1_145' title='bbox 3434 933 3628 988; x_wconf 91' lang='lat' dir='ltr'>discum</span> <span class='ocrx_word' id='word_1_146' title='bbox 3656 935 3699 988; x_wconf 89' lang='lat' dir='ltr'>ei</span> 
     </span>
    </p>
   </div>
   <div class='ocr_carea' id='block_1_22' title="bbox 2144 1023 3700 1093">
    <p class='ocr_par' dir='ltr' id='par_1_22' title="bbox 2144 1023 3700 1093">
     <span class='ocr_line' id='line_1_22' title="bbox 2144 1023 3700 1093; baseline 0 -17"><span class='ocrx_word' id='word_1_147' title='bbox 2144 1023 2242 1077; x_wconf 89' lang='lat' dir='ltr'>dat</span> <span class='ocrx_word' id='word_1_148' title='bbox 2292 1025 2658 1093; x_wconf 88' lang='lat' dir='ltr'>argenteum,</span> <span class='ocrx_word' id='word_1_149' title='bbox 2693 1023 2907 1093; x_wconf 80' lang='lat' dir='ltr'>gratias</span> <span class='ocrx_word' id='word_1_150' title='bbox 2963 1039 3140 1093; x_wconf 85' lang='lat' dir='ltr'>agens</span> <span class='ocrx_word' id='word_1_151' title='bbox 3182 1026 3418 1093; x_wconf 89' lang='lat' dir='ltr'>propter</span> <span class='ocrx_word' id='word_1_152' title='bbox 3463 1023 3700 1076; x_wconf 88' lang='lat' dir='ltr'>collatum</span> 
     </span>
    </p>
   </div>
   <div class='ocr_carea' id='block_1_23' title="bbox 2143 1109 3706 1181">
    <p class='ocr_par' dir='ltr' id='par_1_23' title="bbox 2143 1109 3706 1181">
     <span class='ocr_line' id='line_1_23' title="bbox 2143 1109 3706 1181; baseline 0.001 -18"><span class='ocrx_word' id='word_1_153' title='bbox 2143 1111 2437 1166; x_wconf 84' lang='lat' dir='ltr'>auxilium.</span> <span class='ocrx_word' id='word_1_154' title='bbox 2471 1111 2861 1165; x_wconf 84' lang='lat' dir='ltr'>Nescientibus</span> <span class='ocrx_word' id='word_1_155' title='bbox 2891 1127 3030 1181; x_wconf 88' lang='lat' dir='ltr'>ergo</span> <span class='ocrx_word' id='word_1_156' title='bbox 3052 1109 3166 1164; x_wconf 89' lang='lat' dir='ltr'>suis</span> <span class='ocrx_word' id='word_1_157' title='bbox 3189 1109 3328 1180; x_wconf 90' lang='lat' dir='ltr'>quid</span> <span class='ocrx_word' id='word_1_158' title='bbox 3353 1112 3534 1164; x_wconf 90' lang='lat' dir='ltr'>actum</span> <span class='ocrx_word' id='word_1_159' title='bbox 3561 1110 3706 1180; x_wconf 78' lang='lat' dir='ltr'>foret,</span> 
     </span>
    </p>
   </div>
   <div class='ocr_carea' id='block_1_24' title="bbox 2143 1198 3704 1269">
    <p class='ocr_par' dir='ltr' id='par_1_24' title="bbox 2143 1198 3704 1269">
     <span class='ocr_line' id='line_1_24' title="bbox 2143 1198 3704 1269; baseline -0.001 -15"><span class='ocrx_word' id='word_1_160' title='bbox 2143 1198 2428 1254; x_wconf 87' lang='lat' dir='ltr'>Clotarius</span> <span class='ocrx_word' id='word_1_161' title='bbox 2458 1202 2738 1252; x_wconf 90' lang='lat' dir='ltr'>metatum</span> <span class='ocrx_word' id='word_1_162' title='bbox 2773 1198 3002 1269; x_wconf 90' lang='lat' dir='ltr'>repetiit</span> <span class='ocrx_word' id='word_1_163' title='bbox 3032 1213 3219 1253; x_wconf 90' lang='lat' dir='ltr'>suum.</span> <span class='ocrx_word' id='word_1_164' title='bbox 3255 1199 3388 1252; x_wconf 87' lang='lat' dir='ltr'>Post</span> <span class='ocrx_word' id='word_1_165' title='bbox 3410 1198 3524 1252; x_wconf 65' lang='lat' dir='ltr'>base</span> <span class='ocrx_word' id='word_1_166' title='bbox 3549 1199 3704 1253; x_wconf 83' lang='lat' dir='ltr'>Theo-</span> 
     </span>
    </p>
   </div>
   <div class='ocr_carea' id='block_1_25' title="bbox 2145 1286 3707 1359">
    <p class='ocr_par' dir='ltr' id='par_1_25' title="bbox 2145 1286 3707 1359">
     <span class='ocr_line' id='line_1_25' title="bbox 2145 1286 3707 1359; baseline -0.001 -18"><span class='ocrx_word' id='word_1_167' title='bbox 2145 1287 2371 1342; x_wconf 89' lang='lat' dir='ltr'>doricus</span> <span class='ocrx_word' id='word_1_168' title='bbox 2407 1303 2538 1342; x_wconf 89' lang='lat' dir='ltr'>cum</span> <span class='ocrx_word' id='word_1_169' title='bbox 2565 1287 2680 1340; x_wconf 88' lang='lat' dir='ltr'>suis</span> <span class='ocrx_word' id='word_1_170' title='bbox 2705 1291 2936 1359; x_wconf 87' lang='lat' dir='ltr'>questus</span> <span class='ocrx_word' id='word_1_171' title='bbox 2961 1286 3082 1341; x_wconf 88' lang='lat' dir='ltr'>sine</span> <span class='ocrx_word' id='word_1_172' title='bbox 3137 1303 3307 1340; x_wconf 90' lang='lat' dir='ltr'>causa</span> <span class='ocrx_word' id='word_1_173' title='bbox 3333 1303 3389 1340; x_wconf 93' lang='lat' dir='ltr'>se</span> <span class='ocrx_word' id='word_1_174' title='bbox 3415 1303 3570 1340; x_wconf 88' lang='lat' dir='ltr'>suum</span> <span class='ocrx_word' id='word_1_175' title='bbox 3597 1302 3707 1358; x_wconf 88' lang='lat' dir='ltr'>per-</span> 
     </span>
    </p>
   </div>
   <div class='ocr_carea' id='block_1_26' title="bbox 2145 1367 3704 1442">
    <p class='ocr_par' dir='ltr' id='par_1_26' title="bbox 2145 1367 3704 1442">
     <span class='ocr_line' id='line_1_26' title="bbox 2145 1367 3704 1442; baseline 0 -13"><span class='ocrx_word' id='word_1_176' title='bbox 2145 1375 2354 1429; x_wconf 88' lang='lat' dir='ltr'>didisse</span> <span class='ocrx_word' id='word_1_177' title='bbox 2393 1367 2668 1441; x_wconf 84' lang='lat' dir='ltr'>catinum,</span> <span class='ocrx_word' id='word_1_178' title='bbox 2701 1375 2987 1430; x_wconf 88' lang='lat' dir='ltr'>advocans</span> <span class='ocrx_word' id='word_1_179' title='bbox 3025 1375 3483 1430; x_wconf 90' lang='lat' dir='ltr'>Theodebertum</span> <span class='ocrx_word' id='word_1_180' title='bbox 3531 1375 3704 1442; x_wconf 81' lang='lat' dir='ltr'>filium,</span> 
     </span>
    </p>
   </div>
   <div class='ocr_carea' id='block_1_27' title="bbox 2149 1462 3707 1535">
    <p class='ocr_par' dir='ltr' id='par_1_27' title="bbox 2149 1462 3707 1535">
     <span class='ocr_line' id='line_1_27' title="bbox 2149 1462 3707 1535; baseline 0.002 -23"><span class='ocrx_word' id='word_1_181' title='bbox 2149 1483 2176 1512; x_wconf 83' lang='lat'><strong>«</strong></span> <span class='ocrx_word' id='word_1_182' title='bbox 2210 1463 2381 1529; x_wconf 87' lang='lat' dir='ltr'>Vade,</span> <span class='ocrx_word' id='word_1_183' title='bbox 2415 1464 2514 1529; x_wconf 88' lang='lat' dir='ltr'>ait,</span> <span class='ocrx_word' id='word_1_184' title='bbox 2547 1464 2620 1518; x_wconf 91' lang='lat' dir='ltr'>ad</span> <span class='ocrx_word' id='word_1_185' title='bbox 2651 1467 2918 1535; x_wconf 88' lang='lat' dir='ltr'>patruum</span> <span class='ocrx_word' id='word_1_186' title='bbox 2945 1467 3130 1530; x_wconf 90' lang='lat' dir='ltr'>tuum,</span> <span class='ocrx_word' id='word_1_187' title='bbox 3163 1465 3221 1516; x_wconf 91' lang='lat' dir='ltr'>et</span> <span class='ocrx_word' id='word_1_188' title='bbox 3241 1465 3371 1534; x_wconf 88' lang='lat' dir='ltr'>pete</span> <span class='ocrx_word' id='word_1_189' title='bbox 3401 1462 3469 1517; x_wconf 91' lang='lat' dir='ltr'>ab</span> <span class='ocrx_word' id='word_1_190' title='bbox 3497 1478 3559 1516; x_wconf 91' lang='lat' dir='ltr'>eo</span> <span class='ocrx_word' id='word_1_191' title='bbox 3599 1479 3707 1516; x_wconf 86' lang='lat' dir='ltr'>vasa</span> 
     </span>
    </p>
   </div>
   <div class='ocr_carea' id='block_1_28' title="bbox 2147 1548 3705 1620">
    <p class='ocr_par' dir='ltr' id='par_1_28' title="bbox 2147 1548 3705 1620">
     <span class='ocr_line' id='line_1_28' title="bbox 2147 1548 3705 1620; baseline -0.003 -14"><span class='ocrx_word' id='word_1_192' title='bbox 2147 1568 2240 1606; x_wconf 90' lang='lat' dir='ltr'>me</span> <span class='ocrx_word' id='word_1_193' title='bbox 2267 1553 2318 1606; x_wconf 91' lang='lat' dir='ltr'>ei</span> <span class='ocrx_word' id='word_1_194' title='bbox 2351 1551 2504 1606; x_wconf 88' lang='lat' dir='ltr'>dono</span> <span class='ocrx_word' id='word_1_195' title='bbox 2537 1553 2751 1606; x_wconf 92' lang='lat' dir='ltr'>datum.</span> <span class='ocrx_word' id='word_1_196' title='bbox 2781 1572 2808 1600; x_wconf 88' lang='grc'>››</span> <span class='ocrx_word' id='word_1_197' title='bbox 2842 1551 2996 1607; x_wconf 81' lang='lat' dir='ltr'>Abiit</span> <span class='ocrx_word' id='word_1_198' title='bbox 3016 1552 3132 1618; x_wconf 88' lang='lat' dir='ltr'>illa,</span> <span class='ocrx_word' id='word_1_199' title='bbox 3161 1567 3228 1605; x_wconf 90' lang='lat' dir='ltr'>ac</span> <span class='ocrx_word' id='word_1_200' title='bbox 3257 1550 3377 1604; x_wconf 90' lang='lat' dir='ltr'>sine</span> <span class='ocrx_word' id='word_1_201' title='bbox 3400 1567 3556 1605; x_wconf 89' lang='lat' dir='ltr'>mora</span> <span class='ocrx_word' id='word_1_202' title='bbox 3579 1548 3705 1620; x_wconf 88' lang='lat' dir='ltr'>quod</span> 
     </span>
    </p>
   </div>
   <div class='ocr_carea' id='block_1_29' title="bbox 2147 1637 3706 1712">
    <p class='ocr_par' dir='ltr' id='par_1_29' title="bbox 2147 1637 3706 1712">
     <span class='ocr_line' id='line_1_29' title="bbox 2147 1637 3706 1712; baseline -0.003 -18"><span class='ocrx_word' id='word_1_203' title='bbox 2147 1641 2308 1712; x_wconf 88' lang='lat' dir='ltr'>petiit</span> <span class='ocrx_word' id='word_1_204' title='bbox 2331 1641 2678 1712; x_wconf 86' lang='lat' dir='ltr'>impetravit.</span> <span class='ocrx_word' id='word_1_205' title='bbox 2699 1641 2980 1695; x_wconf 89' lang='lat' dir='ltr'>Clotarius</span> <span class='ocrx_word' id='word_1_206' title='bbox 3011 1639 3148 1694; x_wconf 92' lang='lat' dir='ltr'>inde</span> <span class='ocrx_word' id='word_1_207' title='bbox 3179 1638 3526 1710; x_wconf 83' lang='lat' dir='ltr'>regrediens,</span> <span class='ocrx_word' id='word_1_208' title='bbox 3553 1637 3706 1690; x_wconf 82' lang='lat' dir='ltr'>Rade-</span> 
     </span>
    </p>
   </div>
   <div class='ocr_carea' id='block_1_30' title="bbox 2144 1725 3705 1800">
    <p class='ocr_par' dir='ltr' id='par_1_30' title="bbox 2144 1725 3705 1800">
     <span class='ocr_line' id='line_1_30' title="bbox 2144 1725 3705 1800; baseline -0.003 -17"><span class='ocrx_word' id='word_1_209' title='bbox 2144 1729 2386 1800; x_wconf 91' lang='lat' dir='ltr'>gundim</span> <span class='ocrx_word' id='word_1_210' title='bbox 2418 1729 2594 1784; x_wconf 83' lang='lat' dir='ltr'>tiliam</span> <span class='ocrx_word' id='word_1_211' title='bbox 2625 1727 2902 1783; x_wconf 89' lang='lat' dir='ltr'>Bertharii</span> <span class='ocrx_word' id='word_1_212' title='bbox 2932 1727 3086 1800; x_wconf 81' lang='lat' dir='ltr'>regis</span> <span class='ocrx_word' id='word_1_213' title='bbox 3115 1742 3312 1782; x_wconf 88' lang='lat' dir='ltr'>secum</span> <span class='ocrx_word' id='word_1_214' title='bbox 3339 1725 3579 1791; x_wconf 82' lang='lat' dir='ltr'>abduxit,</span> <span class='ocrx_word' id='word_1_215' title='bbox 3601 1741 3705 1796; x_wconf 57' lang='lat' dir='ltr'>qua;</span> 
     </span>
    </p>
   </div>
   <div class='ocr_carea' id='block_1_31' title="bbox 2145 1811 3706 1891">
    <p class='ocr_par' dir='ltr' id='par_1_31' title="bbox 2145 1811 3706 1891">
     <span class='ocr_line' id='line_1_31' title="bbox 2145 1811 3706 1891; baseline -0.005 -19"><span class='ocrx_word' id='word_1_216' title='bbox 2145 1818 2516 1888; x_wconf 89' lang='lat' dir='ltr'>postmodum</span> <span class='ocrx_word' id='word_1_217' title='bbox 2547 1818 2700 1891; x_wconf 91' lang='lat' dir='ltr'>apud</span> <span class='ocrx_word' id='word_1_218' title='bbox 2731 1817 3020 1873; x_wconf 88' lang='lat' dir='ltr'>Pictavam</span> <span class='ocrx_word' id='word_1_219' title='bbox 3055 1817 3264 1872; x_wconf 84' lang='lat' dir='ltr'>urbem</span> <span class='ocrx_word' id='word_1_220' title='bbox 3320 1812 3506 1870; x_wconf 81' lang='lat' dir='ltr'>multis</span> <span class='ocrx_word' id='word_1_221' title='bbox 3529 1811 3706 1868; x_wconf 78' lang='lat' dir='ltr'>effulsit</span> 
     </span>
    </p>
   </div>
   <div class='ocr_carea' id='block_1_32' title="bbox 439 1899 2462 1978">
    <p class='ocr_par' dir='ltr' id='par_1_32' title="bbox 439 1899 2462 1978">
     <span class='ocr_line' id='line_1_32' title="bbox 439 1899 2462 1978; baseline -0 -15"><span class='ocrx_word' id='word_1_222' title='bbox 439 1911 632 1964; x_wconf 89' lang='lat' dir='ltr'>ratore</span> <span class='ocrx_word' id='word_1_223' title='bbox 673 1906 1028 1962; x_wconf 89' lang='lat' dir='ltr'>evectionem</span> <span class='ocrx_word' id='word_1_224' title='bbox 1051 1905 1236 1978; x_wconf 88' lang='lat' dir='ltr'>petiit,</span> <span class='ocrx_word' id='word_1_225' title='bbox 1253 1921 1481 1960; x_wconf 88' lang='lat' dir='ltr'>causam</span> <span class='ocrx_word' id='word_1_226' title='bbox 1501 1904 1901 1976; x_wconf 90' lang='lat' dir='ltr'>eisimpliciler</span> <span class='ocrx_word' id='word_1_227' title='bbox 1929 1921 1940 1959; x_wconf 93' lang='lat'><strong>:</strong></span> <span class='ocrx_word' id='word_1_228' title='bbox 1963 1904 2044 1958; x_wconf 89' lang='lat' dir='ltr'>in-</span> <span class='ocrx_word' id='word_1_229' title='bbox 2068 1899 2118 1959; x_wconf 93' lang='lat' dir='ltr'>B</span> <span class='ocrx_word' id='word_1_230' title='bbox 2142 1906 2462 1962; x_wconf 88' lang='lat' dir='ltr'>virtutibus.</span> 
     </span>
    </p>
   </div>
   <div class='ocr_carea' id='block_1_33' title="bbox 435 1992 2040 2068">
    <p class='ocr_par' dir='ltr' id='par_1_33' title="bbox 435 1992 2040 2068">
     <span class='ocr_line' id='line_1_33' title="bbox 435 1992 2040 2068; baseline -0.001 -18"><span class='ocrx_word' id='word_1_231' title='bbox 435 1995 652 2063; x_wconf 90' lang='lat' dir='ltr'>dicans,</span> <span class='ocrx_word' id='word_1_232' title='bbox 671 1998 752 2064; x_wconf 91' lang='lat' dir='ltr'>et,</span> <span class='ocrx_word' id='word_1_233' title='bbox 770 1994 1015 2068; x_wconf 86' lang='lat' dir='ltr'>acceptis</span> <span class='ocrx_word' id='word_1_234' title='bbox 1029 1993 1102 2049; x_wconf 88' lang='lat' dir='ltr'>ad</span> <span class='ocrx_word' id='word_1_235' title='bbox 1116 1995 1476 2048; x_wconf 86' lang='lat' dir='ltr'>consularem</span> <span class='ocrx_word' id='word_1_236' title='bbox 1492 2009 1720 2066; x_wconf 91' lang='lat' dir='ltr'>quoque</span> <span class='ocrx_word' id='word_1_237' title='bbox 1741 1992 2040 2048; x_wconf 72' lang='lat' dir='ltr'>Palestinaa</span> 
     </span>
    </p>
   </div>
   <div class='ocr_carea' id='block_1_34' title="bbox 435 2081 2039 2154">
    <p class='ocr_par' dir='ltr' id='par_1_34' title="bbox 435 2081 2039 2154">
     <span class='ocr_line' id='line_1_34' title="bbox 435 2081 2039 2154; baseline -0.002 -15"><span class='ocrx_word' id='word_1_238' title='bbox 435 2083 662 2150; x_wconf 82' lang='lat' dir='ltr'>litteris,</span> <span class='ocrx_word' id='word_1_239' title='bbox 694 2099 826 2138; x_wconf 92' lang='lat' dir='ltr'>cum</span> <span class='ocrx_word' id='word_1_240' title='bbox 858 2083 1080 2154; x_wconf 86' lang='lat' dir='ltr'>ingenti</span> <span class='ocrx_word' id='word_1_241' title='bbox 1128 2083 1350 2137; x_wconf 90' lang='lat' dir='ltr'>honore</span> <span class='ocrx_word' id='word_1_242' title='bbox 1405 2099 1471 2138; x_wconf 90' lang='lat' dir='ltr'>ac</span> <span class='ocrx_word' id='word_1_243' title='bbox 1510 2081 1791 2138; x_wconf 90' lang='lat' dir='ltr'>comitatu</span> <span class='ocrx_word' id='word_1_244' title='bbox 1833 2081 2039 2136; x_wconf 89' lang='lat' dir='ltr'>Gazam</span> 
     </span>
    </p>
   </div>
   <div class='ocr_carea' id='block_1_35' title="bbox 439 2169 2042 2236">
    <p class='ocr_par' dir='ltr' id='par_1_35' title="bbox 439 2169 2042 2236">
     <span class='ocr_line' id='line_1_35' title="bbox 439 2169 2042 2236; baseline -0.002 -9"><span class='ocrx_word' id='word_1_245' title='bbox 439 2172 715 2228; x_wconf 88' lang='lat' dir='ltr'>deductus</span> <span class='ocrx_word' id='word_1_246' title='bbox 741 2174 844 2228; x_wconf 86' lang='lat' dir='ltr'>est.</span> <span class='ocrx_word' id='word_1_247' title='bbox 875 2170 981 2236; x_wconf 88' lang='lat' dir='ltr'>Qui</span> <span class='ocrx_word' id='word_1_248' title='bbox 1010 2187 1141 2226; x_wconf 91' lang='lat' dir='ltr'>cum</span> <span class='ocrx_word' id='word_1_249' title='bbox 1173 2188 1208 2224; x_wconf 92' lang='lat' dir='ltr'>a</span> <span class='ocrx_word' id='word_1_250' title='bbox 1261 2170 1664 2226; x_wconf 90' lang='lat' dir='ltr'>decurionibus</span> <span class='ocrx_word' id='word_1_251' title='bbox 1719 2169 1827 2224; x_wconf 92' lang='lat' dir='ltr'>loci</span> <span class='ocrx_word' id='word_1_252' title='bbox 1892 2169 2042 2224; x_wconf 91' lang='lat' dir='ltr'>illius</span> 
     </span>
    </p>
   </div>
   <div class='ocr_carea' id='block_1_36' title="bbox 436 2257 2042 2332">
    <p class='ocr_par' dir='ltr' id='par_1_36' title="bbox 436 2257 2042 2332">
     <span class='ocr_line' id='line_1_36' title="bbox 436 2257 2042 2332; baseline -0.002 -17"><span class='ocrx_word' id='word_1_253' title='bbox 436 2260 728 2332; x_wconf 68' lang='lat' dir='ltr'>quaesisset</span> <span class='ocrx_word' id='word_1_254' title='bbox 757 2259 852 2315; x_wconf 89' lang='lat' dir='ltr'>ubi</span> <span class='ocrx_word' id='word_1_255' title='bbox 878 2258 1166 2315; x_wconf 76' lang='lat' dir='ltr'>habitaret</span> <span class='ocrx_word' id='word_1_256' title='bbox 1202 2258 1457 2314; x_wconf 85' lang='lat' dir='ltr'>Hilarion</span> <span class='ocrx_word' id='word_1_257' title='bbox 1489 2259 1826 2325; x_wconf 90' lang='lat' dir='ltr'>monachus,</span> <span class='ocrx_word' id='word_1_258' title='bbox 1857 2257 2042 2312; x_wconf 89' lang='lat' dir='ltr'>territi</span> 
     </span>
    </p>
   </div>
   <div class='ocr_carea' id='block_1_37' title="bbox 435 2346 2042 2421">
    <p class='ocr_par' dir='ltr' id='par_1_37' title="bbox 435 2346 2042 2421">
     <span class='ocr_line' id='line_1_37' title="bbox 435 2346 2042 2421; baseline -0.002 -18"><span class='ocrx_word' id='word_1_259' title='bbox 435 2350 730 2416; x_wconf 87' lang='lat' dir='ltr'>Gazenses,</span> <span class='ocrx_word' id='word_1_260' title='bbox 760 2351 1172 2421; x_wconf 89' lang='lat' dir='ltr'>putanteseum</span> <span class='ocrx_word' id='word_1_261' title='bbox 1200 2347 1272 2402; x_wconf 87' lang='lat' dir='ltr'>ab</span> <span class='ocrx_word' id='word_1_262' title='bbox 1301 2347 1653 2418; x_wconf 86' lang='lat' dir='ltr'>imperatore</span> <span class='ocrx_word' id='word_1_263' title='bbox 1679 2346 1938 2412; x_wconf 90' lang='lat' dir='ltr'>missum,</span> <span class='ocrx_word' id='word_1_264' title='bbox 1969 2346 2042 2400; x_wconf 90' lang='lat' dir='ltr'>ad</span> 
     </span>
    </p>
   </div>
   <div class='ocr_carea' id='block_1_38' title="bbox 436 2437 2042 2507">
    <p class='ocr_par' dir='ltr' id='par_1_38' title="bbox 436 2437 2042 2507">
     <span class='ocr_line' id='line_1_38' title="bbox 436 2437 2042 2507; baseline -0.002 -14"><span class='ocrx_word' id='word_1_265' title='bbox 436 2437 856 2493; x_wconf 88' lang='lat' dir='ltr'>monasterium</span> <span class='ocrx_word' id='word_1_266' title='bbox 873 2439 1271 2507; x_wconf 84' lang='lat' dir='ltr'>perrexerunt,</span> <span class='ocrx_word' id='word_1_267' title='bbox 1287 2439 1348 2490; x_wconf 88' lang='lat' dir='ltr'>ut</span> <span class='ocrx_word' id='word_1_268' title='bbox 1363 2439 1421 2488; x_wconf 90' lang='lat' dir='ltr'>et</span> <span class='ocrx_word' id='word_1_269' title='bbox 1436 2437 1719 2490; x_wconf 88' lang='lat' dir='ltr'>honorem</span> <span class='ocrx_word' id='word_1_270' title='bbox 1749 2451 2042 2490; x_wconf 88' lang='lat' dir='ltr'>commen-</span> 
     </span>
    </p>
   </div>
   <div class='ocr_carea' id='block_1_39' title="bbox 433 2523 2040 2595">
    <p class='ocr_par' dir='ltr' id='par_1_39' title="bbox 433 2523 2040 2595">
     <span class='ocr_line' id='line_1_39' title="bbox 433 2523 2040 2595; baseline -0.001 -15"><span class='ocrx_word' id='word_1_271' title='bbox 433 2527 571 2580; x_wconf 92' lang='lat' dir='ltr'>dato</span> <span class='ocrx_word' id='word_1_272' title='bbox 593 2525 952 2593; x_wconf 84' lang='lat' dir='ltr'>exbiberent,</span> <span class='ocrx_word' id='word_1_273' title='bbox 983 2528 1061 2590; x_wconf 89' lang='lat' dir='ltr'>et,</span> <span class='ocrx_word' id='word_1_274' title='bbox 1093 2523 1138 2576; x_wconf 93' lang='lat' dir='ltr'>si</span> <span class='ocrx_word' id='word_1_275' title='bbox 1165 2523 1305 2594; x_wconf 90' lang='lat' dir='ltr'>quid</span> <span class='ocrx_word' id='word_1_276' title='bbox 1325 2541 1392 2578; x_wconf 84' lang='lat' dir='ltr'>ex</span> <span class='ocrx_word' id='word_1_277' title='bbox 1422 2523 2040 2595; x_wconf 66' lang='lat' dir='ltr'>prmteritisinjuriisin</span> 
     </span>
    </p>
   </div>
   <div class='ocr_carea' id='block_1_40' title="bbox 432 2611 2038 2678">
    <p class='ocr_par' dir='ltr' id='par_1_40' title="bbox 432 2611 2038 2678">
     <span class='ocr_line' id='line_1_40' title="bbox 432 2611 2038 2678; baseline 0 -11"><span class='ocrx_word' id='word_1_278' title='bbox 432 2613 786 2668; x_wconf 83' lang='lat' dir='ltr'>Hilarionem</span> <span class='ocrx_word' id='word_1_279' title='bbox 809 2614 956 2666; x_wconf 88' lang='lat' dir='ltr'>esset</span> <span class='ocrx_word' id='word_1_280' title='bbox 999 2611 1252 2678; x_wconf 70' lang='lat' dir='ltr'>offensze,</span> <span class='ocrx_word' id='word_1_281' title='bbox 1300 2627 1448 2666; x_wconf 91' lang='lat' dir='ltr'>novo</span> <span class='ocrx_word' id='word_1_282' title='bbox 1491 2611 1681 2666; x_wconf 81' lang='lat' dir='ltr'>officio</span> <span class='ocrx_word' id='word_1_283' title='bbox 1729 2612 2038 2669; x_wconf 88' lang='lat' dir='ltr'>deleretur.</span> 
     </span>
    </p>
   </div>
   <div class='ocr_carea' id='block_1_41' title="bbox 431 2695 2042 2758">
    <p class='ocr_par' dir='ltr' id='par_1_41' title="bbox 431 2695 2042 2758">
     <span class='ocr_line' id='line_1_41' title="bbox 431 2695 2042 2758; baseline -0.001 0"><span class='ocrx_word' id='word_1_284' title='bbox 431 2695 852 2758; x_wconf 79' lang='lat' dir='ltr'>Deambulabat</span> <span class='ocrx_word' id='word_1_285' title='bbox 880 2703 1074 2756; x_wconf 90' lang='lat' dir='ltr'>autem</span> <span class='ocrx_word' id='word_1_286' title='bbox 1103 2704 1236 2755; x_wconf 88' lang='lat' dir='ltr'>tunc</span> <span class='ocrx_word' id='word_1_287' title='bbox 1267 2718 1436 2756; x_wconf 83' lang='lat' dir='ltr'>senex</span> <span class='ocrx_word' id='word_1_288' title='bbox 1475 2701 1533 2756; x_wconf 92' lang='lat' dir='ltr'>in</span> <span class='ocrx_word' id='word_1_289' title='bbox 1564 2701 1754 2756; x_wconf 91' lang='lat' dir='ltr'>arenis</span> <span class='ocrx_word' id='word_1_290' title='bbox 1779 2701 2042 2757; x_wconf 88' lang='lat' dir='ltr'>mollibus</span> 
     </span>
    </p>
   </div>
   <div class='ocr_carea' id='block_1_42' title="bbox 433 2788 2036 2861">
    <p class='ocr_par' dir='ltr' id='par_1_42' title="bbox 433 2788 2036 2861">
     <span class='ocr_line' id='line_1_42' title="bbox 433 2788 2036 2861; baseline -0.001 -16"><span class='ocrx_word' id='word_1_291' title='bbox 433 2794 491 2846; x_wconf 92' lang='lat' dir='ltr'>et</span> <span class='ocrx_word' id='word_1_292' title='bbox 516 2806 709 2844; x_wconf 90' lang='lat' dir='ltr'>secum</span> <span class='ocrx_word' id='word_1_293' title='bbox 735 2789 808 2844; x_wconf 91' lang='lat' dir='ltr'>de</span> <span class='ocrx_word' id='word_1_294' title='bbox 837 2789 1071 2860; x_wconf 87' lang='lat' dir='ltr'>psalmis</span> <span class='ocrx_word' id='word_1_295' title='bbox 1099 2788 1288 2843; x_wconf 89' lang='lat' dir='ltr'>nescio</span> <span class='ocrx_word' id='word_1_296' title='bbox 1317 2789 1454 2861; x_wconf 86' lang='lat' dir='ltr'>quid</span> <span class='ocrx_word' id='word_1_297' title='bbox 1505 2789 2036 2844; x_wconf 88' lang='lat' dir='ltr'>submurmurabat.</span> 
     </span>
    </p>
   </div>
   <div class='ocr_carea' id='block_1_43' title="bbox 431 2877 2037 2950">
    <p class='ocr_par' dir='ltr' id='par_1_43' title="bbox 431 2877 2037 2950">
     <span class='ocr_line' id='line_1_43' title="bbox 431 2877 2037 2950; baseline 0.001 -19"><span class='ocrx_word' id='word_1_298' title='bbox 431 2879 757 2950; x_wconf 78' lang='lat' dir='ltr'>Videasque</span> <span class='ocrx_word' id='word_1_299' title='bbox 778 2880 1005 2932; x_wconf 87' lang='lat' dir='ltr'>tantam</span> <span class='ocrx_word' id='word_1_300' title='bbox 1035 2877 1266 2932; x_wconf 87' lang='lat' dir='ltr'>turbam</span> <span class='ocrx_word' id='word_1_301' title='bbox 1283 2877 1634 2944; x_wconf 89' lang='lat' dir='ltr'>venientem,</span> <span class='ocrx_word' id='word_1_302' title='bbox 1667 2877 1941 2945; x_wconf 86' lang='lat' dir='ltr'>subsistit,</span> <span class='ocrx_word' id='word_1_303' title='bbox 1960 2882 2037 2946; x_wconf 89' lang='lat' dir='ltr'>et,</span> 
     </span>
    </p>
   </div>
   <div class='ocr_carea' id='block_1_44' title="bbox 430 2965 2040 3038">
    <p class='ocr_par' dir='ltr' id='par_1_44' title="bbox 430 2965 2040 3038">
     <span class='ocr_line' id='line_1_44' title="bbox 430 2965 2040 3038; baseline -0.001 -15"><span class='ocrx_word' id='word_1_304' title='bbox 430 2966 756 3023; x_wconf 90' lang='lat' dir='ltr'>resalutatis</span> <span class='ocrx_word' id='word_1_305' title='bbox 787 2965 1055 3022; x_wconf 89' lang='lat' dir='ltr'>omnibus</span> <span class='ocrx_word' id='word_1_306' title='bbox 1075 2981 1366 3038; x_wconf 89' lang='lat' dir='ltr'>manuque</span> <span class='ocrx_word' id='word_1_307' title='bbox 1397 2966 1478 3020; x_wconf 87' lang='lat' dir='ltr'>eis</span> <span class='ocrx_word' id='word_1_308' title='bbox 1508 2965 1879 3035; x_wconf 89' lang='lat' dir='ltr'>benedicens,</span> <span class='ocrx_word' id='word_1_309' title='bbox 1911 2971 2040 3038; x_wconf 86' lang='lat' dir='ltr'>post</span> 
     </span>
    </p>
   </div>
   <div class='ocr_carea' id='block_1_45' title="bbox 430 3053 2036 3126">
    <p class='ocr_par' dir='ltr' id='par_1_45' title="bbox 430 3053 2036 3126">
     <span class='ocr_line' id='line_1_45' title="bbox 430 3053 2036 3126; baseline -0.002 -14"><span class='ocrx_word' id='word_1_310' title='bbox 430 3057 636 3112; x_wconf 89' lang='lat' dir='ltr'>horam</span> <span class='ocrx_word' id='word_1_311' title='bbox 669 3058 909 3110; x_wconf 60' lang='lat' dir='ltr'>caeteros</span> <span class='ocrx_word' id='word_1_312' title='bbox 938 3054 1097 3110; x_wconf 91' lang='lat' dir='ltr'>abire</span> <span class='ocrx_word' id='word_1_313' title='bbox 1149 3054 1474 3126; x_wconf 66' lang='lat' dir='ltr'>‘prmcepit;</span> <span class='ocrx_word' id='word_1_314' title='bbox 1507 3053 1670 3108; x_wconf 90' lang='lat' dir='ltr'>illum</span> <span class='ocrx_word' id='word_1_315' title='bbox 1714 3071 1848 3109; x_wconf 90' lang='lat' dir='ltr'>vero</span> <span class='ocrx_word' id='word_1_316' title='bbox 1905 3071 2036 3110; x_wconf 90' lang='lat' dir='ltr'>cum</span> 
     </span>
    </p>
   </div>
   <div class='ocr_carea' id='block_1_46' title="bbox 431 3142 2036 3216">
    <p class='ocr_par' dir='ltr' id='par_1_46' title="bbox 431 3142 2036 3216">
     <span class='ocr_line' id='line_1_46' title="bbox 431 3142 2036 3216; baseline -0.002 -15"><span class='ocrx_word' id='word_1_317' title='bbox 431 3145 608 3201; x_wconf 88' lang='lat' dir='ltr'>servis</span> <span class='ocrx_word' id='word_1_318' title='bbox 631 3144 747 3199; x_wconf 90' lang='lat' dir='ltr'>suis</span> <span class='ocrx_word' id='word_1_319' title='bbox 760 3147 818 3198; x_wconf 90' lang='lat' dir='ltr'>et</span> <span class='ocrx_word' id='word_1_320' title='bbox 838 3142 1262 3216; x_wconf 86' lang='lat' dir='ltr'>apparitoribus</span> <span class='ocrx_word' id='word_1_321' title='bbox 1289 3159 1546 3199; x_wconf 90' lang='lat' dir='ltr'>manere.</span> <span class='ocrx_word' id='word_1_322' title='bbox 1566 3144 1642 3197; x_wconf 84' lang='lat' dir='ltr'><strong>Ex</strong></span> <span class='ocrx_word' id='word_1_323' title='bbox 1676 3143 1854 3198; x_wconf 92' lang='lat' dir='ltr'>oculis</span> <span class='ocrx_word' id='word_1_324' title='bbox 1879 3143 2036 3198; x_wconf 90' lang='lat' dir='ltr'>enim</span> 
     </span>
    </p>
   </div>
   <div class='ocr_carea' id='block_1_47' title="bbox 2214 1992 3704 2069">
    <p class='ocr_par' dir='ltr' id='par_1_47' title="bbox 2214 1992 3704 2069">
     <span class='ocr_line' id='line_1_47' title="bbox 2214 1992 3704 2069; baseline -0.005 -19"><span class='ocrx_word' id='word_1_325' title='bbox 2214 1995 2355 2050; x_wconf 89' lang='lat' dir='ltr'>Cum</span> <span class='ocrx_word' id='word_1_326' title='bbox 2375 1995 2641 2068; x_wconf 89' lang='lat' dir='ltr'>igitur,ut</span> <span class='ocrx_word' id='word_1_327' title='bbox 2665 1995 2887 2069; x_wconf 67' lang='lat' dir='ltr'>praefati</span> <span class='ocrx_word' id='word_1_328' title='bbox 2905 1992 3542 2062; x_wconf 88' lang='lat' dir='ltr'>sumus,Theodoricum</span> <span class='ocrx_word' id='word_1_329' title='bbox 3561 1993 3704 2062; x_wconf 85' lang='lat' dir='ltr'>atque</span> 
     </span>
    </p>
   </div>
   <div class='ocr_carea' id='block_1_48' title="bbox 2143 2079 3701 2156">
    <p class='ocr_par' dir='ltr' id='par_1_48' title="bbox 2143 2079 3701 2156">
     <span class='ocr_line' id='line_1_48' title="bbox 2143 2079 3701 2156; baseline -0.004 -18"><span class='ocrx_word' id='word_1_330' title='bbox 2143 2082 2598 2150; x_wconf 87' lang='lat' dir='ltr'>Childehertum,</span> <span class='ocrx_word' id='word_1_331' title='bbox 2658 2101 2802 2156; x_wconf 92' lang='lat' dir='ltr'>quos</span> <span class='ocrx_word' id='word_1_332' title='bbox 2852 2085 3126 2155; x_wconf 82' lang='lat' dir='ltr'>junxerat</span> <span class='ocrx_word' id='word_1_333' title='bbox 3184 2085 3410 2148; x_wconf 90' lang='lat' dir='ltr'>natura,</span> <span class='ocrx_word' id='word_1_334' title='bbox 3460 2079 3701 2135; x_wconf 89' lang='lat' dir='ltr'>divideret</span> 
     </span>
    </p>
   </div>
   <div class='ocr_carea' id='block_1_49' title="bbox 2141 2167 3706 2238">
    <p class='ocr_par' dir='ltr' id='par_1_49' title="bbox 2141 2167 3706 2238">
     <span class='ocr_line' id='line_1_49' title="bbox 2141 2167 3706 2238; baseline -0.006 -11"><span class='ocrx_word' id='word_1_335' title='bbox 2141 2171 2447 2238; x_wconf 89' lang='lat' dir='ltr'>discordia,</span> <span class='ocrx_word' id='word_1_336' title='bbox 2473 2173 2712 2227; x_wconf 91' lang='lat' dir='ltr'>tandem</span> <span class='ocrx_word' id='word_1_337' title='bbox 2743 2172 3057 2228; x_wconf 89' lang='lat' dir='ltr'>domestico</span> <span class='ocrx_word' id='word_1_338' title='bbox 3091 2171 3311 2228; x_wconf 66' lang='lat' dir='ltr'>foedere</span> <span class='ocrx_word' id='word_1_339' title='bbox 3333 2168 3569 2224; x_wconf 88' lang='lat' dir='ltr'>civilium</span> <span class='ocrx_word' id='word_1_340' title='bbox 3597 2167 3706 2220; x_wconf 91' lang='lat' dir='ltr'>sunt</span> 
     </span>
    </p>
   </div>
   <div class='ocr_carea' id='block_1_50' title="bbox 2141 2253 3701 2331">
    <p class='ocr_par' dir='ltr' id='par_1_50' title="bbox 2141 2253 3701 2331">
     <span class='ocr_line' id='line_1_50' title="bbox 2141 2253 3701 2331; baseline -0.004 -17"><span class='ocrx_word' id='word_1_341' title='bbox 2141 2263 2498 2331; x_wconf 77' lang='lat' dir='ltr'>sequestrata</span> <span class='ocrx_word' id='word_1_342' title='bbox 2525 2261 2807 2316; x_wconf 90' lang='lat' dir='ltr'>bellorum</span> <span class='ocrx_word' id='word_1_343' title='bbox 2831 2259 3172 2315; x_wconf 87' lang='lat' dir='ltr'>certamina.</span> <span class='ocrx_word' id='word_1_344' title='bbox 3209 2258 3321 2313; x_wconf 88' lang='lat' dir='ltr'>Sed</span> <span class='ocrx_word' id='word_1_345' title='bbox 3351 2253 3701 2330; x_wconf 89' lang='lat' dir='ltr'>quorumdam</span> 
     </span>
    </p>
   </div>
   <div class='ocr_carea' id='block_1_51' title="bbox 2144 2340 3703 2418">
    <p class='ocr_par' dir='ltr' id='par_1_51' title="bbox 2144 2340 3703 2418">
     <span class='ocr_line' id='line_1_51' title="bbox 2144 2340 3703 2418; baseline -0.005 -16"><span class='ocrx_word' id='word_1_346' title='bbox 2144 2349 2527 2404; x_wconf 87' lang='lat' dir='ltr'>nefandorum</span> <span class='ocrx_word' id='word_1_347' title='bbox 2579 2349 2980 2404; x_wconf 90' lang='lat' dir='ltr'>molitionibus</span> <span class='ocrx_word' id='word_1_348' title='bbox 3009 2347 3344 2410; x_wconf 90' lang='lat' dir='ltr'>hominum,</span> <span class='ocrx_word' id='word_1_349' title='bbox 3382 2345 3476 2418; x_wconf 89' lang='lat' dir='ltr'>qui</span> <span class='ocrx_word' id='word_1_350' title='bbox 3503 2340 3703 2398; x_wconf 86' lang='lat' dir='ltr'>assiduis</span> 
     </span>
    </p>
   </div>
   <div class='ocr_carea' id='block_1_52' title="bbox 2142 2427 3704 2505">
    <p class='ocr_par' dir='ltr' id='par_1_52' title="bbox 2142 2427 3704 2505">
     <span class='ocr_line' id='line_1_52' title="bbox 2142 2427 3704 2505; baseline -0.006 -16"><span class='ocrx_word' id='word_1_351' title='bbox 2142 2435 2396 2505; x_wconf 82' lang='lat' dir='ltr'>gaudent</span> <span class='ocrx_word' id='word_1_352' title='bbox 2423 2437 2833 2492; x_wconf 89' lang='lat' dir='ltr'>mutationibus</span> <span class='ocrx_word' id='word_1_353' title='bbox 2863 2453 3080 2504; x_wconf 90' lang='lat' dir='ltr'>rerum,</span> <span class='ocrx_word' id='word_1_354' title='bbox 3113 2437 3327 2491; x_wconf 90' lang='lat' dir='ltr'>iterum</span> <span class='ocrx_word' id='word_1_355' title='bbox 3383 2435 3551 2505; x_wconf 68' lang='lat' dir='ltr'>pacta:</span> <span class='ocrx_word' id='word_1_356' title='bbox 3577 2427 3704 2502; x_wconf 87' lang='lat' dir='ltr'>pacis</span> 
     </span>
    </p>
   </div>
   <div class='ocr_carea' id='block_1_53' title="bbox 2141 2515 3700 2597">
    <p class='ocr_par' dir='ltr' id='par_1_53' title="bbox 2141 2515 3700 2597">
     <span class='ocr_line' id='line_1_53' title="bbox 2141 2515 3700 2597; baseline -0.006 -20"><span class='ocrx_word' id='word_1_357' title='bbox 2141 2522 2350 2578; x_wconf 86' lang='lat' dir='ltr'>violata</span> <span class='ocrx_word' id='word_1_358' title='bbox 2380 2527 2514 2579; x_wconf 91' lang='lat' dir='ltr'>sunt</span> <span class='ocrx_word' id='word_1_359' title='bbox 2532 2525 2685 2596; x_wconf 89' lang='lat' dir='ltr'>jura.</span> <span class='ocrx_word' id='word_1_360' title='bbox 2721 2526 3084 2597; x_wconf 88' lang='lat' dir='ltr'>Quapropter</span> <span class='ocrx_word' id='word_1_361' title='bbox 3114 2523 3285 2580; x_wconf 89' lang='lat' dir='ltr'>multi</span> <span class='ocrx_word' id='word_1_362' title='bbox 3319 2520 3581 2578; x_wconf 88' lang='lat' dir='ltr'>nobilium</span> <span class='ocrx_word' id='word_1_363' title='bbox 3601 2515 3700 2582; x_wconf 82' lang='lat' dir='ltr'>ﬁlii,</span> 
     </span>
    </p>
   </div>
   <div class='ocr_carea' id='block_1_54' title="bbox 2143 2603 3701 2686">
    <p class='ocr_par' dir='ltr' id='par_1_54' title="bbox 2143 2603 3701 2686">
     <span class='ocr_line' id='line_1_54' title="bbox 2143 2603 3701 2686; baseline -0.004 -21"><span class='ocrx_word' id='word_1_364' title='bbox 2143 2611 2368 2667; x_wconf 91' lang='lat' dir='ltr'>obsides</span> <span class='ocrx_word' id='word_1_365' title='bbox 2395 2617 2637 2686; x_wconf 89' lang='lat' dir='ltr'>utraque</span> <span class='ocrx_word' id='word_1_366' title='bbox 2665 2631 2733 2668; x_wconf 85' lang='lat' dir='ltr'>ex</span> <span class='ocrx_word' id='word_1_367' title='bbox 2759 2617 2922 2686; x_wconf 90' lang='lat' dir='ltr'>parte</span> <span class='ocrx_word' id='word_1_368' title='bbox 2944 2614 3041 2686; x_wconf 89' lang='lat' dir='ltr'>qui</span> <span class='ocrx_word' id='word_1_369' title='bbox 3072 2613 3307 2669; x_wconf 87' lang='lat' dir='ltr'>fuerant</span> <span class='ocrx_word' id='word_1_370' title='bbox 3331 2611 3466 2674; x_wconf 87' lang='lat' dir='ltr'>dati,</span> <span class='ocrx_word' id='word_1_371' title='bbox 3485 2603 3701 2662; x_wconf 86' lang='lat' dir='ltr'>servituti</span> 
     </span>
    </p>
   </div>
   <div class='ocr_carea' id='block_1_55' title="bbox 2141 2695 3699 2772">
    <p class='ocr_par' dir='ltr' id='par_1_55' title="bbox 2141 2695 3699 2772">
     <span class='ocr_line' id='line_1_55' title="bbox 2141 2695 3699 2772; baseline -0.004 -19"><span class='ocrx_word' id='word_1_372' title='bbox 2141 2699 2710 2772; x_wconf 88' lang='lat' dir='ltr'>subjiciuntur.lnter</span> <span class='ocrx_word' id='word_1_373' title='bbox 2735 2706 2970 2757; x_wconf 60' lang='lat' dir='ltr'>caeteros</span> <span class='ocrx_word' id='word_1_374' title='bbox 2992 2718 3124 2757; x_wconf 87' lang='lat' dir='ltr'>vere</span> <span class='ocrx_word' id='word_1_375' title='bbox 3148 2716 3330 2772; x_wconf 87' lang='lat' dir='ltr'>nepos</span> <span class='ocrx_word' id='word_1_376' title='bbox 3358 2695 3503 2753; x_wconf 84' lang='lat' dir='ltr'>beati</span> <span class='ocrx_word' id='word_1_377' title='bbox 3521 2697 3699 2764; x_wconf 90' lang='lat' dir='ltr'>Grego-</span> 
     </span>
    </p>
   </div>
   <div class='ocr_carea' id='block_1_56' title="bbox 2140 2781 3700 2863">
    <p class='ocr_par' dir='ltr' id='par_1_56' title="bbox 2140 2781 3700 2863">
     <span class='ocr_line' id='line_1_56' title="bbox 2140 2781 3700 2863; baseline -0.005 -22"><span class='ocrx_word' id='word_1_378' title='bbox 2140 2787 2210 2842; x_wconf 91' lang='lat' dir='ltr'>rii</span> <span class='ocrx_word' id='word_1_379' title='bbox 2235 2787 2562 2862; x_wconf 68' lang='lat' dir='ltr'>Lingonica:</span> <span class='ocrx_word' id='word_1_380' title='bbox 2616 2790 2770 2846; x_wconf 90' lang='lat' dir='ltr'>urbis</span> <span class='ocrx_word' id='word_1_381' title='bbox 2799 2790 3073 2863; x_wconf 88' lang='lat' dir='ltr'>episcopi,</span> <span class='ocrx_word' id='word_1_382' title='bbox 3107 2789 3252 2845; x_wconf 89' lang='lat' dir='ltr'>dum</span> <span class='ocrx_word' id='word_1_383' title='bbox 3281 2784 3568 2858; x_wconf 86' lang='lat' dir='ltr'>cujusdam</span> <span class='ocrx_word' id='word_1_384' title='bbox 3590 2781 3700 2836; x_wconf 88' lang='lat' dir='ltr'>bar-</span> 
     </span>
    </p>
   </div>
   <div class='ocr_carea' id='block_1_57' title="bbox 2140 2867 3698 2952">
    <p class='ocr_par' dir='ltr' id='par_1_57' title="bbox 2140 2867 3698 2952">
     <span class='ocr_line' id='line_1_57' title="bbox 2140 2867 3698 2952; baseline -0.006 -22"><span class='ocrx_word' id='word_1_385' title='bbox 2140 2875 2285 2931; x_wconf 89' lang='lat' dir='ltr'>barii</span> <span class='ocrx_word' id='word_1_386' title='bbox 2328 2879 2556 2934; x_wconf 87' lang='lat' dir='ltr'>servitio</span> <span class='ocrx_word' id='word_1_387' title='bbox 2609 2885 2990 2952; x_wconf 90' lang='lat' dir='ltr'>premeretur,</span> <span class='ocrx_word' id='word_1_388' title='bbox 3024 2897 3059 2934; x_wconf 89' lang='lat' dir='ltr'>a</span> <span class='ocrx_word' id='word_1_389' title='bbox 3110 2874 3418 2934; x_wconf 88' lang='lat' dir='ltr'>memorati</span> <span class='ocrx_word' id='word_1_390' title='bbox 3448 2867 3698 2946; x_wconf 84' lang='lat' dir='ltr'>pontificis</span> 
     </span>
    </p>
   </div>
   <div class='ocr_carea' id='block_1_58' title="bbox 2139 2956 3700 3039">
    <p class='ocr_par' dir='ltr' id='par_1_58' title="bbox 2139 2956 3700 3039">
     <span class='ocr_line' id='line_1_58' title="bbox 2139 2956 3700 3039; baseline -0.006 -21"><span class='ocrx_word' id='word_1_391' title='bbox 2139 2981 2322 3032; x_wconf 89' lang='lat' dir='ltr'>servo,</span> <span class='ocrx_word' id='word_1_392' title='bbox 2340 2967 2528 3022; x_wconf 85' lang='lat' dir='ltr'>Leone</span> <span class='ocrx_word' id='word_1_393' title='bbox 2551 2969 2853 3034; x_wconf 87' lang='lat' dir='ltr'>vocabulo,</span> <span class='ocrx_word' id='word_1_394' title='bbox 2877 2967 2972 3039; x_wconf 92' lang='lat' dir='ltr'>qui</span> <span class='ocrx_word' id='word_1_395' title='bbox 3005 2964 3400 3039; x_wconf 73' lang='lat' dir='ltr'>praeparandis</span> <span class='ocrx_word' id='word_1_396' title='bbox 3429 2959 3595 3035; x_wconf 89' lang='lat' dir='ltr'>epulis</span> <span class='ocrx_word' id='word_1_397' title='bbox 3615 2956 3700 3011; x_wconf 83' lang='lat' dir='ltr'>mi-</span> 
     </span>
    </p>
   </div>
   <div class='ocr_carea' id='block_1_59' title="bbox 2139 3045 3700 3128">
    <p class='ocr_par' dir='ltr' id='par_1_59' title="bbox 2139 3045 3700 3128">
     <span class='ocr_line' id='line_1_59' title="bbox 2139 3045 3700 3128; baseline -0.006 -22"><span class='ocrx_word' id='word_1_398' title='bbox 2139 3052 2439 3110; x_wconf 89' lang='lat' dir='ltr'>nisterium</span> <span class='ocrx_word' id='word_1_399' title='bbox 2463 3055 2788 3123; x_wconf 84' lang='lat' dir='ltr'>exhibebat,</span> <span class='ocrx_word' id='word_1_400' title='bbox 2807 3055 3161 3123; x_wconf 89' lang='lat' dir='ltr'>subducitur,</span> <span class='ocrx_word' id='word_1_401' title='bbox 3178 3053 3537 3128; x_wconf 61' lang='lat' dir='ltr'>pristina‘que</span> <span class='ocrx_word' id='word_1_402' title='bbox 3564 3045 3700 3102; x_wconf 88' lang='lat' dir='ltr'>liber-</span> 
     </span>
    </p>
   </div>
   <div class='ocr_carea' id='block_1_60' title="bbox 2138 3135 3693 3216">
    <p class='ocr_par' dir='ltr' id='par_1_60' title="bbox 2138 3135 3693 3216">
     <span class='ocr_line' id='line_1_60' title="bbox 2138 3135 3693 3216; baseline -0.006 -22"><span class='ocrx_word' id='word_1_403' title='bbox 2138 3141 2242 3195; x_wconf 90' lang='lat' dir='ltr'>tati</span> <span class='ocrx_word' id='word_1_404' title='bbox 2267 3145 2375 3198; x_wconf 91' lang='lat' dir='ltr'>boc</span> <span class='ocrx_word' id='word_1_405' title='bbox 2402 3144 2607 3199; x_wconf 86' lang='lat' dir='ltr'>ordine</span> <span class='ocrx_word' id='word_1_406' title='bbox 2627 3145 2966 3200; x_wconf 89' lang='lat' dir='ltr'>restituitur.</span> <span class='ocrx_word' id='word_1_407' title='bbox 2983 3143 3196 3199; x_wconf 90' lang='lat' dir='ltr'>Audito</span> <span class='ocrx_word' id='word_1_408' title='bbox 3225 3143 3433 3216; x_wconf 87' lang='lat' dir='ltr'>quippe</span> <span class='ocrx_word' id='word_1_409' title='bbox 3464 3135 3693 3210; x_wconf 69' lang='lat' dir='ltr'>praefatus</span> 
     </span>
    </p>
   </div>
   <div class='ocr_carea' id='block_1_61' title="bbox 430 3220 3692 3306">
    <p class='ocr_par' dir='ltr' id='par_1_61' title="bbox 430 3220 3692 3306">
     <span class='ocr_line' id='line_1_61' title="bbox 430 3220 3692 3306; baseline -0.002 -16"><span class='ocrx_word' id='word_1_410' title='bbox 430 3235 556 3306; x_wconf 90' lang='lat' dir='ltr'>ejus</span> <span class='ocrx_word' id='word_1_411' title='bbox 582 3250 646 3288; x_wconf 91' lang='lat' dir='ltr'>ac</span> <span class='ocrx_word' id='word_1_412' title='bbox 669 3233 847 3300; x_wconf 92' lang='lat' dir='ltr'>vultu,</span> <span class='ocrx_word' id='word_1_413' title='bbox 879 3247 980 3286; x_wconf 89' lang='lat' dir='ltr'>cur</span> <span class='ocrx_word' id='word_1_414' title='bbox 1001 3231 1267 3292; x_wconf 89' lang='lat' dir='ltr'>venisset,</span> <span class='ocrx_word' id='word_1_415' title='bbox 1287 3236 1619 3304; x_wconf 87' lang='lat' dir='ltr'>agnoverat.</span> <span class='ocrx_word' id='word_1_416' title='bbox 1651 3231 1858 3288; x_wconf 91' lang='lat' dir='ltr'>Statim</span> <span class='ocrx_word' id='word_1_417' title='bbox 1897 3247 2034 3302; x_wconf 91' lang='lat' dir='ltr'>ergo</span> <span class='ocrx_word' id='word_1_418' title='bbox 2069 3247 2116 3306; x_wconf 73' lang='grc' dir='ltr'>ο</span> <span class='ocrx_word' id='word_1_419' title='bbox 2137 3231 2402 3286; x_wconf 87' lang='lat' dir='ltr'>sacerdos</span> <span class='ocrx_word' id='word_1_420' title='bbox 2445 3249 2576 3287; x_wconf 90' lang='lat' dir='ltr'>eum</span> <span class='ocrx_word' id='word_1_421' title='bbox 2615 3233 2858 3288; x_wconf 88' lang='lat' dir='ltr'>Treviris</span> <span class='ocrx_word' id='word_1_422' title='bbox 2882 3233 3152 3300; x_wconf 90' lang='lat' dir='ltr'>detineri,</span> <span class='ocrx_word' id='word_1_423' title='bbox 3184 3231 3362 3287; x_wconf 90' lang='lat' dir='ltr'>mittit</span> <span class='ocrx_word' id='word_1_424' title='bbox 3386 3241 3578 3300; x_wconf 88' lang='lat' dir='ltr'>pueros</span> <span class='ocrx_word' id='word_1_425' title='bbox 3596 3220 3692 3294; x_wconf 63' lang='lat' dir='ltr'>qui.</span> 
     </span>
    </p>
   </div>
   <div class='ocr_carea' id='block_1_62' title="bbox 431 3313 3690 3394">
    <p class='ocr_par' dir='ltr' id='par_1_62' title="bbox 431 3313 3690 3394">
     <span class='ocr_line' id='line_1_62' title="bbox 431 3313 3690 3394; baseline -0.005 -16"><span class='ocrx_word' id='word_1_426' title='bbox 431 3323 504 3378; x_wconf 92' lang='lat' dir='ltr'>ad</span> <span class='ocrx_word' id='word_1_427' title='bbox 539 3320 1062 3394; x_wconf 87' lang='lat' dir='ltr'>interrogationem</span> <span class='ocrx_word' id='word_1_428' title='bbox 1108 3336 1411 3392; x_wconf 84' lang='lat' dir='ltr'>suspensus</span> <span class='ocrx_word' id='word_1_429' title='bbox 1434 3321 1634 3388; x_wconf 88' lang='lat' dir='ltr'>homo,</span> <span class='ocrx_word' id='word_1_430' title='bbox 1671 3320 1760 3375; x_wconf 82' lang='lat' dir='ltr'>vix</span> <span class='ocrx_word' id='word_1_431' title='bbox 1818 3324 2034 3376; x_wconf 89' lang='lat' dir='ltr'>terram</span> <span class='ocrx_word' id='word_1_432' title='bbox 2137 3318 2328 3374; x_wconf 90' lang='lat' dir='ltr'>oblato</span> <span class='ocrx_word' id='word_1_433' title='bbox 2347 3320 2586 3377; x_wconf 91' lang='lat' dir='ltr'>domino</span> <span class='ocrx_word' id='word_1_434' title='bbox 2607 3324 2656 3394; x_wconf 89' lang='lat' dir='ltr'>ej</span> <span class='ocrx_word' id='word_1_435' title='bbox 2667 3339 2730 3377; x_wconf 89' lang='lat' dir='ltr'>us</span> <span class='ocrx_word' id='word_1_436' title='bbox 2744 3321 3124 3394; x_wconf 87' lang='lat' dir='ltr'>pretio,illum</span> <span class='ocrx_word' id='word_1_437' title='bbox 3141 3319 3349 3376; x_wconf 85' lang='lat' dir='ltr'>exinde</span> <span class='ocrx_word' id='word_1_438' title='bbox 3363 3313 3690 3373; x_wconf 87' lang='lat' dir='ltr'>abducerent.</span> 
     </span>
    </p>
   </div>
   <div class='ocr_carea' id='block_1_63' title="bbox 429 3409 2033 3483">
    <p class='ocr_par' dir='ltr' id='par_1_63' title="bbox 429 3409 2033 3483">
     <span class='ocr_line' id='line_1_63' title="bbox 429 3409 2033 3483; baseline -0.002 -16"><span class='ocrx_word' id='word_1_439' title='bbox 429 3409 684 3483; x_wconf 89' lang='lat' dir='ltr'>pedibus</span> <span class='ocrx_word' id='word_1_440' title='bbox 717 3413 962 3482; x_wconf 88' lang='lat' dir='ltr'>tangens</span> <span class='ocrx_word' id='word_1_441' title='bbox 989 3411 1050 3464; x_wconf 88' lang='lat' dir='ltr'>et</span> <span class='ocrx_word' id='word_1_442' title='bbox 1076 3409 1330 3464; x_wconf 87' lang='lat' dir='ltr'>immane</span> <span class='ocrx_word' id='word_1_443' title='bbox 1359 3409 1614 3482; x_wconf 86' lang='lat' dir='ltr'>rugiens.</span> <span class='ocrx_word' id='word_1_444' title='bbox 1651 3409 1793 3482; x_wconf 83' lang='lat' dir='ltr'>Syro</span> <span class='ocrx_word' id='word_1_445' title='bbox 1820 3409 2033 3482; x_wconf 89' lang='lat' dir='ltr'>quoin-</span> 
     </span>
    </p>
   </div>
   <div class='ocr_carea' id='block_1_64' title="bbox 427 3498 2034 3572">
    <p class='ocr_par' dir='ltr' id='par_1_64' title="bbox 427 3498 2034 3572">
     <span class='ocr_line' id='line_1_64' title="bbox 427 3498 2034 3572; baseline -0.002 -16"><span class='ocrx_word' id='word_1_446' title='bbox 427 3503 755 3572; x_wconf 86' lang='lat' dir='ltr'>terrogatus</span> <span class='ocrx_word' id='word_1_447' title='bbox 801 3499 1009 3567; x_wconf 82' lang='lat' dir='ltr'>fuerat,</span> <span class='ocrx_word' id='word_1_448' title='bbox 1039 3515 1309 3555; x_wconf 89' lang='lat' dir='ltr'>sermone</span> <span class='ocrx_word' id='word_1_449' title='bbox 1343 3499 1656 3570; x_wconf 89' lang='lat' dir='ltr'>respondit.</span> <span class='ocrx_word' id='word_1_450' title='bbox 1679 3499 1912 3554; x_wconf 89' lang='lat' dir='ltr'>Videres</span> <span class='ocrx_word' id='word_1_451' title='bbox 1963 3498 2034 3553; x_wconf 90' lang='lat' dir='ltr'>de</span> 
     </span>
    </p>
   </div>
   <div class='ocr_carea' id='block_1_65' title="bbox 427 3586 2032 3661">
    <p class='ocr_par' dir='ltr' id='par_1_65' title="bbox 427 3586 2032 3661">
     <span class='ocr_line' id='line_1_65' title="bbox 427 3586 2032 3661; baseline -0.002 -17"><span class='ocrx_word' id='word_1_452' title='bbox 427 3605 528 3644; x_wconf 88' lang='lat' dir='ltr'>ore</span> <span class='ocrx_word' id='word_1_453' title='bbox 558 3589 829 3657; x_wconf 89' lang='lat' dir='ltr'>barbaro,</span> <span class='ocrx_word' id='word_1_454' title='bbox 864 3591 922 3644; x_wconf 90' lang='lat' dir='ltr'>et</span> <span class='ocrx_word' id='word_1_455' title='bbox 949 3588 1046 3661; x_wconf 91' lang='lat' dir='ltr'>qui</span> <span class='ocrx_word' id='word_1_456' title='bbox 1075 3589 1351 3643; x_wconf 87' lang='lat' dir='ltr'>Francam</span> <span class='ocrx_word' id='word_1_457' title='bbox 1382 3589 1610 3643; x_wconf 89' lang='lat' dir='ltr'>tantum</span> <span class='ocrx_word' id='word_1_458' title='bbox 1645 3603 1711 3642; x_wconf 90' lang='lat' dir='ltr'>ac</span> <span class='ocrx_word' id='word_1_459' title='bbox 1767 3586 2032 3642; x_wconf 86' lang='lat' dir='ltr'>Latinam</span> 
     </span>
    </p>
   </div>
   <div class='ocr_carea' id='block_1_66' title="bbox 427 3675 2028 3750">
    <p class='ocr_par' dir='ltr' id='par_1_66' title="bbox 427 3675 2028 3750">
     <span class='ocr_line' id='line_1_66' title="bbox 427 3675 2028 3750; baseline -0.002 -17"><span class='ocrx_word' id='word_1_460' title='bbox 427 3681 666 3734; x_wconf 89' lang='lat' dir='ltr'>noverat</span> <span class='ocrx_word' id='word_1_461' title='bbox 693 3678 976 3750; x_wconf 86' lang='lat' dir='ltr'>linguam,</span> <span class='ocrx_word' id='word_1_462' title='bbox 1009 3675 1151 3750; x_wconf 87' lang='lat' dir='ltr'>Syra</span> <span class='ocrx_word' id='word_1_463' title='bbox 1193 3677 1268 3732; x_wconf 91' lang='lat' dir='ltr'>ad</span> <span class='ocrx_word' id='word_1_464' title='bbox 1293 3693 1502 3748; x_wconf 91' lang='lat' dir='ltr'>purum</span> <span class='ocrx_word' id='word_1_465' title='bbox 1532 3675 1710 3730; x_wconf 88' lang='lat' dir='ltr'>verba</span> <span class='ocrx_word' id='word_1_466' title='bbox 1737 3692 2028 3742; x_wconf 89' lang='lat' dir='ltr'>resonare,</span> 
     </span>
    </p>
   </div>
   <div class='ocr_carea' id='block_1_67' title="bbox 426 3763 2032 3838">
    <p class='ocr_par' dir='ltr' id='par_1_67' title="bbox 426 3763 2032 3838">
     <span class='ocr_line' id='line_1_67' title="bbox 426 3763 2032 3838; baseline -0.002 -16"><span class='ocrx_word' id='word_1_467' title='bbox 426 3770 490 3822; x_wconf 92' lang='lat' dir='ltr'>ut</span> <span class='ocrx_word' id='word_1_468' title='bbox 514 3784 632 3823; x_wconf 90' lang='lat' dir='ltr'>non</span> <span class='ocrx_word' id='word_1_469' title='bbox 659 3766 870 3822; x_wconf 88' lang='lat' dir='ltr'>stridor</span> <span class='ocrx_word' id='word_1_470' title='bbox 891 3765 1275 3838; x_wconf 87' lang='lat' dir='ltr'>aspirationis.</span> <span class='ocrx_word' id='word_1_471' title='bbox 1301 3781 1416 3819; x_wconf 92' lang='lat' dir='ltr'>non</span> <span class='ocrx_word' id='word_1_472' title='bbox 1435 3764 1653 3819; x_wconf 90' lang='lat' dir='ltr'>idioma</span> <span class='ocrx_word' id='word_1_473' title='bbox 1677 3763 1910 3836; x_wconf 91' lang='lat' dir='ltr'>aliquod</span> <span class='ocrx_word' id='word_1_474' title='bbox 1925 3765 2032 3818; x_wconf 88' lang='lat' dir='ltr'>Pa-</span> 
     </span>
    </p>
   </div>
   <div class='ocr_carea' id='block_1_68' title="bbox 425 3852 2031 3926">
    <p class='ocr_par' dir='ltr' id='par_1_68' title="bbox 425 3852 2031 3926">
     <span class='ocr_line' id='line_1_68' title="bbox 425 3852 2031 3926; baseline -0.002 -17"><span class='ocrx_word' id='word_1_475' title='bbox 425 3855 631 3910; x_wconf 69' lang='lat' dir='ltr'>lwstini</span> <span class='ocrx_word' id='word_1_476' title='bbox 659 3856 882 3910; x_wconf 89' lang='lat' dir='ltr'>deesset</span> <span class='ocrx_word' id='word_1_477' title='bbox 910 3854 1142 3926; x_wconf 91' lang='lat' dir='ltr'>eloquii.</span> <span class='ocrx_word' id='word_1_478' title='bbox 1172 3854 1474 3909; x_wconf 86' lang='lat' dir='ltr'>Confessus</span> <span class='ocrx_word' id='word_1_479' title='bbox 1505 3856 1592 3908; x_wconf 89' lang='lat' dir='ltr'>est</span> <span class='ocrx_word' id='word_1_480' title='bbox 1617 3852 1810 3923; x_wconf 88' lang='lat' dir='ltr'>itaque</span> <span class='ocrx_word' id='word_1_481' title='bbox 1833 3869 1945 3924; x_wconf 89' lang='lat' dir='ltr'>quo</span> <span class='ocrx_word' id='word_1_482' title='bbox 1971 3853 2031 3907; x_wconf 90' lang='lat' dir='ltr'>in</span> 
     </span>
    </p>
   </div>
   <div class='ocr_carea' id='block_1_69' title="bbox 427 3941 2032 4014">
    <p class='ocr_par' dir='ltr' id='par_1_69' title="bbox 427 3941 2032 4014">
     <span class='ocr_line' id='line_1_69' title="bbox 427 3941 2032 4014; baseline -0.001 -15"><span class='ocrx_word' id='word_1_483' title='bbox 427 3959 560 3999; x_wconf 88' lang='lat' dir='ltr'>eum</span> <span class='ocrx_word' id='word_1_484' title='bbox 584 3945 761 4000; x_wconf 90' lang='lat' dir='ltr'>modo</span> <span class='ocrx_word' id='word_1_485' title='bbox 786 3944 1019 3999; x_wconf 54' lang='lat' dir='ltr'>daemon</span> <span class='ocrx_word' id='word_1_486' title='bbox 1045 3942 1347 4009; x_wconf 88' lang='lat' dir='ltr'>intrasset;</span> <span class='ocrx_word' id='word_1_487' title='bbox 1377 3945 1454 4008; x_wconf 91' lang='lat' dir='ltr'>et,</span> <span class='ocrx_word' id='word_1_488' title='bbox 1473 3941 1897 4014; x_wconf 89' lang='lat' dir='ltr'>utinterpretes</span> <span class='ocrx_word' id='word_1_489' title='bbox 1911 3942 2032 4014; x_wconf 86' lang='lat' dir='ltr'>ejus</span> 
     </span>
    </p>
   </div>
   <div class='ocr_carea' id='block_1_70' title="bbox 425 4028 2034 4103">
    <p class='ocr_par' dir='ltr' id='par_1_70' title="bbox 425 4028 2034 4103">
     <span class='ocr_line' id='line_1_70' title="bbox 425 4028 2034 4103; baseline -0.001 -16"><span class='ocrx_word' id='word_1_490' title='bbox 425 4031 826 4103; x_wconf 89' lang='lat' dir='ltr'>intelligerent</span> <span class='ocrx_word' id='word_1_491' title='bbox 852 4028 952 4102; x_wconf 89' lang='lat' dir='ltr'>qui</span> <span class='ocrx_word' id='word_1_492' title='bbox 971 4030 1227 4085; x_wconf 66' lang='lat' dir='ltr'>Grecam</span> <span class='ocrx_word' id='word_1_493' title='bbox 1245 4033 1470 4085; x_wconf 91' lang='lat' dir='ltr'>tantum</span> <span class='ocrx_word' id='word_1_494' title='bbox 1500 4047 1565 4085; x_wconf 88' lang='lat' dir='ltr'>ac</span> <span class='ocrx_word' id='word_1_495' title='bbox 1586 4029 1847 4085; x_wconf 88' lang='lat' dir='ltr'>Latinam</span> <span class='ocrx_word' id='word_1_496' title='bbox 1865 4048 2034 4087; x_wconf 84' lang='lat' dir='ltr'>nove-</span> 
     </span>
    </p>
   </div>
   <div class='ocr_carea' id='block_1_71' title="bbox 423 4119 2030 4194">
    <p class='ocr_par' dir='ltr' id='par_1_71' title="bbox 423 4119 2030 4194">
     <span class='ocr_line' id='line_1_71' title="bbox 423 4119 2030 4194; baseline 0.002 -19"><span class='ocrx_word' id='word_1_497' title='bbox 423 4124 559 4176; x_wconf 90' lang='lat' dir='ltr'>rant</span> <span class='ocrx_word' id='word_1_498' title='bbox 577 4121 858 4192; x_wconf 89' lang='lat' dir='ltr'>linguam,</span> <span class='ocrx_word' id='word_1_499' title='bbox 877 4121 1068 4175; x_wconf 73' lang='lat' dir='ltr'>Grasce</span> <span class='ocrx_word' id='word_1_500' title='bbox 1086 4135 1314 4192; x_wconf 87' lang='lat' dir='ltr'>quoque</span> <span class='ocrx_word' id='word_1_501' title='bbox 1337 4135 1472 4175; x_wconf 90' lang='lat' dir='ltr'>eum</span> <span class='ocrx_word' id='word_1_502' title='bbox 1491 4119 1886 4194; x_wconf 87' lang='lat' dir='ltr'>interrogavit.</span> <span class='ocrx_word' id='word_1_503' title='bbox 1907 4123 2030 4187; x_wconf 92' lang='lat' dir='ltr'>Quo</span> 
     </span>
    </p>
   </div>
   <div class='ocr_carea' id='block_1_72' title="bbox 424 4207 2028 4278">
    <p class='ocr_par' dir='ltr' id='par_1_72' title="bbox 424 4207 2028 4278">
     <span class='ocr_line' id='line_1_72' title="bbox 424 4207 2028 4278; baseline 0.001 -14"><span class='ocrx_word' id='word_1_504' title='bbox 424 4208 641 4264; x_wconf 85' lang='lat' dir='ltr'>similia</span> <span class='ocrx_word' id='word_1_505' title='bbox 693 4207 865 4263; x_wconf 85' lang='lat' dir='ltr'>verba</span> <span class='ocrx_word' id='word_1_506' title='bbox 911 4207 1116 4262; x_wconf 91' lang='lat' dir='ltr'>eodem</span> <span class='ocrx_word' id='word_1_507' title='bbox 1147 4207 1552 4278; x_wconf 89' lang='lat' dir='ltr'>respondente,</span> <span class='ocrx_word' id='word_1_508' title='bbox 1585 4209 1852 4265; x_wconf 87' lang='lat' dir='ltr'>admirati</span> <span class='ocrx_word' id='word_1_509' title='bbox 1877 4214 2028 4266; x_wconf 91' lang='lat' dir='ltr'>sunt.</span> 
     </span>
    </p>
   </div>
   <div class='ocr_carea' id='block_1_73' title="bbox 386 4294 2031 4368">
    <p class='ocr_par' dir='ltr' id='par_1_73' title="bbox 386 4294 2031 4368">
     <span class='ocr_line' id='line_1_73' title="bbox 386 4294 2031 4368; baseline 0.002 -18"><span class='ocrx_word' id='word_1_510' title='bbox 386 4338 405 4350; x_wconf 87' lang='lat'>..</span> <span class='ocrx_word' id='word_1_511' title='bbox 423 4297 627 4351; x_wconf 79' lang='lat' dir='ltr'>Multas</span> <span class='ocrx_word' id='word_1_512' title='bbox 637 4296 888 4368; x_wconf 83' lang='lat' dir='ltr'>denique</span> <span class='ocrx_word' id='word_1_513' title='bbox 901 4294 1356 4351; x_wconf 86' lang='lat' dir='ltr'>incantationum</span> <span class='ocrx_word' id='word_1_514' title='bbox 1371 4296 1424 4352; x_wconf 90' lang='lat' dir='ltr'>ei</span> <span class='ocrx_word' id='word_1_515' title='bbox 1435 4297 1759 4354; x_wconf 88' lang='lat' dir='ltr'>occasiones</span> <span class='ocrx_word' id='word_1_516' title='bbox 1771 4301 1830 4354; x_wconf 91' lang='lat' dir='ltr'>et</span> <span class='ocrx_word' id='word_1_517' title='bbox 1843 4316 2031 4354; x_wconf 85' lang='lat' dir='ltr'>neces-</span> 
     </span>
    </p>
   </div>
   <div class='ocr_carea' id='block_1_74' title="bbox 421 4383 2027 4457">
    <p class='ocr_par' dir='ltr' id='par_1_74' title="bbox 421 4383 2027 4457">
     <span class='ocr_line' id='line_1_74' title="bbox 421 4383 2027 4457; baseline 0.004 -18"><span class='ocrx_word' id='word_1_518' title='bbox 421 4383 653 4441; x_wconf 89' lang='lat' dir='ltr'>sitatem</span> <span class='ocrx_word' id='word_1_519' title='bbox 666 4386 1024 4456; x_wconf 89' lang='lat' dir='ltr'>magicarum</span> <span class='ocrx_word' id='word_1_520' title='bbox 1045 4385 1378 4442; x_wconf 88' lang='lat' dir='ltr'>oblendenti</span> <span class='ocrx_word' id='word_1_521' title='bbox 1403 4387 1612 4442; x_wconf 88' lang='lat' dir='ltr'>artium</span> <span class='ocrx_word' id='word_1_522' title='bbox 1642 4405 1655 4442; x_wconf 89' lang='lat'>:</span> <span class='ocrx_word' id='word_1_523' title='bbox 1676 4407 1708 4440; x_wconf 81' lang='grc'>«</span> <span class='ocrx_word' id='word_1_524' title='bbox 1724 4389 1848 4444; x_wconf 90' lang='lat' dir='ltr'>Non</span> <span class='ocrx_word' id='word_1_525' title='bbox 1867 4406 2027 4457; x_wconf 90' lang='lat' dir='ltr'>curo,</span> 
     </span>
    </p>
   </div>
   <div class='ocr_carea' id='block_1_75' title="bbox 421 4473 2104 4560">
    <p class='ocr_par' dir='ltr' id='par_1_75' title="bbox 421 4473 2104 4560">
     <span class='ocr_line' id='line_1_75' title="bbox 421 4473 2104 4560; baseline 0.003 -32"><span class='ocrx_word' id='word_1_526' title='bbox 421 4473 525 4540; x_wconf 88' lang='lat' dir='ltr'>ait,</span> <span class='ocrx_word' id='word_1_527' title='bbox 559 4475 855 4546; x_wconf 86' lang='lat' dir='ltr'>quomodo</span> <span class='ocrx_word' id='word_1_528' title='bbox 904 4473 1226 4538; x_wconf 88' lang='lat' dir='ltr'>intraveris,</span> <span class='ocrx_word' id='word_1_529' title='bbox 1256 4475 1356 4531; x_wconf 91' lang='lat' dir='ltr'>sed</span> <span class='ocrx_word' id='word_1_530' title='bbox 1386 4479 1449 4531; x_wconf 93' lang='lat' dir='ltr'>ut</span> <span class='ocrx_word' id='word_1_531' title='bbox 1473 4493 1642 4532; x_wconf 86' lang='lat' dir='ltr'>exeas</span> <span class='ocrx_word' id='word_1_532' title='bbox 1673 4476 1731 4532; x_wconf 90' lang='lat' dir='ltr'>in</span> <span class='ocrx_word' id='word_1_533' title='bbox 1789 4479 2030 4534; x_wconf 90' lang='lat' dir='ltr'>nomine</span> <span class='ocrx_word' id='word_1_534' title='bbox 2051 4501 2104 4560; x_wconf 76' lang='grc' dir='ltr'>Ι)</span> 
     </span>
    </p>
   </div>
   <div class='ocr_carea' id='block_1_76' title="bbox 382 4562 2030 4638">
    <p class='ocr_par' dir='ltr' id='par_1_76' title="bbox 382 4562 2030 4638">
     <span class='ocr_line' id='line_1_76' title="bbox 382 4562 2030 4638; baseline 0.002 -19"><span class='ocrx_word' id='word_1_535' title='bbox 382 4604 392 4614; x_wconf 85' lang='grc'>.</span> <span class='ocrx_word' id='word_1_536' title='bbox 422 4562 660 4619; x_wconf 90' lang='lat' dir='ltr'>Domini</span> <span class='ocrx_word' id='word_1_537' title='bbox 676 4563 854 4619; x_wconf 90' lang='lat' dir='ltr'>nostri</span> <span class='ocrx_word' id='word_1_538' title='bbox 867 4565 994 4619; x_wconf 86' lang='lat' dir='ltr'>Jesu</span> <span class='ocrx_word' id='word_1_539' title='bbox 1017 4563 1222 4620; x_wconf 89' lang='lat' dir='ltr'>Christi</span> <span class='ocrx_word' id='word_1_540' title='bbox 1243 4564 1787 4638; x_wconf 85' lang='lat' dir='ltr'>impero.»Cumque</span> <span class='ocrx_word' id='word_1_541' title='bbox 1803 4569 2030 4622; x_wconf 91' lang='lat' dir='ltr'>curatus</span> 
     </span>
    </p>
   </div>
   <div class='ocr_carea' id='block_1_77' title="bbox 382 4651 2026 4725">
    <p class='ocr_par' dir='ltr' id='par_1_77' title="bbox 382 4651 2026 4725">
     <span class='ocr_line' id='line_1_77' title="bbox 382 4651 2026 4725; baseline 0.002 -18"><span class='ocrx_word' id='word_1_542' title='bbox 382 4692 390 4699; x_wconf 67' lang='grc' dir='ltr'><strong>ρ</strong></span> <span class='ocrx_word' id='word_1_543' title='bbox 421 4655 591 4718; x_wconf 84' lang='lat' dir='ltr'>esset,</span> <span class='ocrx_word' id='word_1_544' title='bbox 629 4651 995 4725; x_wconf 89' lang='lat' dir='ltr'>simplicitate</span> <span class='ocrx_word' id='word_1_545' title='bbox 1039 4653 1248 4709; x_wconf 90' lang='lat' dir='ltr'>rustica</span> <span class='ocrx_word' id='word_1_546' title='bbox 1282 4654 1482 4710; x_wconf 90' lang='lat' dir='ltr'>decem</span> <span class='ocrx_word' id='word_1_547' title='bbox 1515 4655 1638 4710; x_wconf 85' lang='lat' dir='ltr'>auri</span> <span class='ocrx_word' id='word_1_548' title='bbox 1670 4655 1845 4710; x_wconf 79' lang='lat' dir='ltr'>libras</span> <span class='ocrx_word' id='word_1_549' title='bbox 1889 4655 2026 4711; x_wconf 81' lang='lat' dir='ltr'>offe-</span> 
     </span>
    </p>
   </div>
   <div class='ocr_carea' id='block_1_78' title="bbox 383 4741 2030 4815">
    <p class='ocr_par' dir='ltr' id='par_1_78' title="bbox 383 4741 2030 4815">
     <span class='ocr_line' id='line_1_78' title="bbox 383 4741 2030 4815; baseline 0.002 -19"><span class='ocrx_word' id='word_1_550' title='bbox 383 4758 577 4808; x_wconf 84' lang='lat' dir='ltr'>.rens,</span> <span class='ocrx_word' id='word_1_551' title='bbox 605 4741 992 4798; x_wconf 88' lang='lat' dir='ltr'>hordeaceum</span> <span class='ocrx_word' id='word_1_552' title='bbox 1051 4743 1122 4797; x_wconf 90' lang='lat' dir='ltr'>ab</span> <span class='ocrx_word' id='word_1_553' title='bbox 1152 4758 1221 4798; x_wconf 87' lang='lat' dir='ltr'>eo</span> <span class='ocrx_word' id='word_1_554' title='bbox 1267 4743 1488 4815; x_wconf 88' lang='lat' dir='ltr'>accepit</span> <span class='ocrx_word' id='word_1_555' title='bbox 1525 4759 1760 4815; x_wconf 89' lang='lat' dir='ltr'>panem,</span> <span class='ocrx_word' id='word_1_556' title='bbox 1792 4743 2030 4800; x_wconf 89' lang='lat' dir='ltr'>audiens</span> 
     </span>
    </p>
   </div>
   <div class='ocr_carea' id='block_1_79' title="bbox 381 4830 2028 4905">
    <p class='ocr_par' dir='ltr' id='par_1_79' title="bbox 381 4830 2028 4905">
     <span class='ocr_line' id='line_1_79' title="bbox 381 4830 2028 4905; baseline 0.001 -19"><span class='ocrx_word' id='word_1_557' title='bbox 381 4870 394 4879; x_wconf 84' lang='lat'>.</span> <span class='ocrx_word' id='word_1_558' title='bbox 419 4830 576 4904; x_wconf 88' lang='lat' dir='ltr'>quod</span> <span class='ocrx_word' id='word_1_559' title='bbox 613 4830 712 4903; x_wconf 91' lang='lat' dir='ltr'>qui</span> <span class='ocrx_word' id='word_1_560' title='bbox 740 4832 838 4887; x_wconf 90' lang='lat' dir='ltr'>tali</span> <span class='ocrx_word' id='word_1_561' title='bbox 869 4831 997 4886; x_wconf 90' lang='lat' dir='ltr'>cibo</span> <span class='ocrx_word' id='word_1_562' title='bbox 1028 4832 1319 4888; x_wconf 87' lang='lat' dir='ltr'>alerentur</span> <span class='ocrx_word' id='word_1_563' title='bbox 1339 4847 1543 4887; x_wconf 89' lang='lat' dir='ltr'>aurum</span> <span class='ocrx_word' id='word_1_564' title='bbox 1572 4848 1675 4905; x_wconf 93' lang='lat' dir='ltr'>pro</span> <span class='ocrx_word' id='word_1_565' title='bbox 1702 4834 1822 4888; x_wconf 88' lang='lat' dir='ltr'>luto</span> <span class='ocrx_word' id='word_1_566' title='bbox 1856 4833 2028 4888; x_wconf 88' lang='lat' dir='ltr'>duce-</span> 
     </span>
    </p>
   </div>
   <div class='ocr_carea' id='block_1_80' title="bbox 418 4920 2026 4992">
    <p class='ocr_par' dir='ltr' id='par_1_80' title="bbox 418 4920 2026 4992">
     <span class='ocr_line' id='line_1_80' title="bbox 418 4920 2026 4992; baseline 0.002 -17"><span class='ocrx_word' id='word_1_567' title='bbox 418 4925 570 4976; x_wconf 90' lang='lat' dir='ltr'>rent.</span> <span class='ocrx_word' id='word_1_568' title='bbox 595 4940 626 4972; x_wconf 84' lang='lat'><strong>»</strong></span> <span class='ocrx_word' id='word_1_569' title='bbox 656 4921 783 4976; x_wconf 58' lang='lat' dir='ltr'>Haec</span> <span class='ocrx_word' id='word_1_570' title='bbox 813 4921 953 4975; x_wconf 76' lang='lat' dir='ltr'>dixit</span> <span class='ocrx_word' id='word_1_571' title='bbox 984 4921 1383 4992; x_wconf 82' lang='lat' dir='ltr'>Hieronymus,</span> <span class='ocrx_word' id='word_1_572' title='bbox 1414 4920 1498 4976; x_wconf 93' lang='lat' dir='ltr'>vir</span> <span class='ocrx_word' id='word_1_573' title='bbox 1526 4922 1584 4976; x_wconf 92' lang='lat' dir='ltr'>in</span> <span class='ocrx_word' id='word_1_574' title='bbox 1614 4927 1812 4978; x_wconf 88' lang='lat' dir='ltr'>sancta</span> <span class='ocrx_word' id='word_1_575' title='bbox 1837 4923 2026 4978; x_wconf 87' lang='lat' dir='ltr'>Eccle-</span> 
     </span>
    </p>
   </div>
   <div class='ocr_carea' id='block_1_81' title="bbox 382 5008 2026 5082">
    <p class='ocr_par' dir='ltr' id='par_1_81' title="bbox 382 5008 2026 5082">
     <span class='ocr_line' id='line_1_81' title="bbox 382 5008 2026 5082; baseline 0.002 -20"><span class='ocrx_word' id='word_1_576' title='bbox 382 5010 502 5064; x_wconf 83' lang='lat' dir='ltr'>.sia</span> <span class='ocrx_word' id='word_1_577' title='bbox 521 5009 685 5064; x_wconf 90' lang='lat' dir='ltr'>omni</span> <span class='ocrx_word' id='word_1_578' title='bbox 714 5008 952 5064; x_wconf 87' lang='lat' dir='ltr'>laudum</span> <span class='ocrx_word' id='word_1_579' title='bbox 1002 5009 1292 5082; x_wconf 67' lang='lat' dir='ltr'>praeconio</span> <span class='ocrx_word' id='word_1_580' title='bbox 1327 5009 1555 5081; x_wconf 77' lang='lat' dir='ltr'>dignus.</span> <span class='ocrx_word' id='word_1_581' title='bbox 1587 5011 1699 5066; x_wconf 88' lang='lat' dir='ltr'>Nos</span> <span class='ocrx_word' id='word_1_582' title='bbox 1727 5015 1922 5067; x_wconf 90' lang='lat' dir='ltr'>autem</span> <span class='ocrx_word' id='word_1_583' title='bbox 1953 5011 2026 5067; x_wconf 89' lang='lat' dir='ltr'>ad</span> 
     </span>
    </p>
   </div>
   <div class='ocr_carea' id='block_1_82' title="bbox 417 5097 1502 5170">
    <p class='ocr_par' dir='ltr' id='par_1_82' title="bbox 417 5097 1502 5170">
     <span class='ocr_line' id='line_1_82' title="bbox 417 5097 1502 5170; baseline 0.004 -18"><span class='ocrx_word' id='word_1_584' title='bbox 417 5115 543 5153; x_wconf 89' lang='lat' dir='ltr'>rem</span> <span class='ocrx_word' id='word_1_585' title='bbox 573 5101 822 5170; x_wconf 68' lang='lat' dir='ltr'>coeptam</span> <span class='ocrx_word' id='word_1_586' title='bbox 855 5100 1145 5153; x_wconf 89' lang='lat' dir='ltr'>vertamus</span> <span class='ocrx_word' id='word_1_587' title='bbox 1174 5097 1502 5157; x_wconf 87' lang='lat' dir='ltr'>articulum.</span> 
     </span>
    </p>
   </div>
   <div class='ocr_carea' id='block_1_83' title="bbox 1057 5187 1384 5244">
    <p class='ocr_par' dir='ltr' id='par_1_83' title="bbox 1057 5187 1384 5244">
     <span class='ocr_line' id='line_1_83' title="bbox 1057 5187 1384 5244; baseline 0.003 -2"><span class='ocrx_word' id='word_1_588' title='bbox 1057 5187 1280 5242; x_wconf 85' lang='lat' dir='ltr'>CAPUT</span> <span class='ocrx_word' id='word_1_589' title='bbox 1300 5187 1384 5244; x_wconf 81' lang='lat' dir='ltr'>XI.</span> 
     </span>
    </p>
   </div>
   <div class='ocr_carea' id='block_1_84' title="bbox 618 5273 1832 5347">
    <p class='ocr_par' dir='ltr' id='par_1_84' title="bbox 618 5273 1832 5347">
     <span class='ocr_line' id='line_1_84' title="bbox 618 5273 1832 5347; baseline 0.002 -17"><span class='ocrx_word' id='word_1_590' title='bbox 618 5273 702 5330; x_wconf 84' lang='lat' dir='ltr'>De</span> <span class='ocrx_word' id='word_1_591' title='bbox 729 5275 944 5347; x_wconf 66' lang='lat' dir='ltr'>reliyuis</span> <span class='ocrx_word' id='word_1_592' title='bbox 977 5273 1210 5331; x_wconf 82' lang='lat' dir='ltr'>Clotarii</span> <span class='ocrx_word' id='word_1_593' title='bbox 1235 5282 1285 5330; x_wconf 84' lang='lat' dir='ltr'>et</span> <span class='ocrx_word' id='word_1_594' title='bbox 1316 5275 1631 5332; x_wconf 76' lang='lat' dir='ltr'>Theoderici</span> <span class='ocrx_word' id='word_1_595' title='bbox 1653 5279 1832 5346; x_wconf 77' lang='lat' dir='ltr'>gestis.</span> 
     </span>
    </p>
   </div>
   <div class='ocr_carea' id='block_1_85' title="bbox 485 5361 2024 5436">
    <p class='ocr_par' dir='ltr' id='par_1_85' title="bbox 485 5361 2024 5436">
     <span class='ocr_line' id='line_1_85' title="bbox 485 5361 2024 5436; baseline 0.001 -19"><span class='ocrx_word' id='word_1_596' title='bbox 485 5361 746 5436; x_wconf 85' lang='lat' dir='ltr'>Denique</span> <span class='ocrx_word' id='word_1_597' title='bbox 787 5363 926 5418; x_wconf 90' lang='lat' dir='ltr'>dum</span> <span class='ocrx_word' id='word_1_598' title='bbox 959 5364 1113 5434; x_wconf 91' lang='lat' dir='ltr'>apud</span> <span class='ocrx_word' id='word_1_599' title='bbox 1163 5363 1519 5436; x_wconf 87' lang='lat' dir='ltr'>Thoringam</span> <span class='ocrx_word' id='word_1_600' title='bbox 1567 5381 1746 5420; x_wconf 68' lang='lat' dir='ltr'>mora:</span> <span class='ocrx_word' id='word_1_601' title='bbox 1796 5363 2024 5429; x_wconf 85' lang='lat' dir='ltr'>fierent,</span> 
     </span>
    </p>
   </div>
   <div class='ocr_carea' id='block_1_86' title="bbox 412 5450 2022 5524">
    <p class='ocr_par' dir='ltr' id='par_1_86' title="bbox 412 5450 2022 5524">
     <span class='ocr_line' id='line_1_86' title="bbox 412 5450 2022 5524; baseline 0.001 -20"><span class='ocrx_word' id='word_1_602' title='bbox 412 5450 798 5506; x_wconf 87' lang='lat' dir='ltr'>Theodericus</span> <span class='ocrx_word' id='word_1_603' title='bbox 824 5451 989 5507; x_wconf 88' lang='lat' dir='ltr'>fratri</span> <span class='ocrx_word' id='word_1_604' title='bbox 1017 5451 1264 5508; x_wconf 88' lang='lat' dir='ltr'>Clotario</span> <span class='ocrx_word' id='word_1_605' title='bbox 1295 5453 1545 5508; x_wconf 91' lang='lat' dir='ltr'>occultas</span> <span class='ocrx_word' id='word_1_606' title='bbox 1581 5455 1742 5524; x_wconf 89' lang='lat' dir='ltr'>parat</span> <span class='ocrx_word' id='word_1_607' title='bbox 1767 5451 2022 5520; x_wconf 89' lang='lat' dir='ltr'>insidias,</span> 
     </span>
    </p>
   </div>
   <div class='ocr_carea' id='block_1_87' title="bbox 415 5540 2024 5612">
    <p class='ocr_par' dir='ltr' id='par_1_87' title="bbox 415 5540 2024 5612">
     <span class='ocr_line' id='line_1_87' title="bbox 415 5540 2024 5612; baseline 0.002 -20"><span class='ocrx_word' id='word_1_608' title='bbox 415 5553 783 5610; x_wconf 82' lang='lat' dir='ltr'>expansoque</span> <span class='ocrx_word' id='word_1_609' title='bbox 811 5540 869 5594; x_wconf 91' lang='lat' dir='ltr'>in</span> <span class='ocrx_word' id='word_1_610' title='bbox 896 5543 1060 5611; x_wconf 89' lang='lat' dir='ltr'>parte</span> <span class='ocrx_word' id='word_1_611' title='bbox 1077 5541 1284 5595; x_wconf 91' lang='lat' dir='ltr'>domus</span> <span class='ocrx_word' id='word_1_612' title='bbox 1303 5542 1708 5608; x_wconf 88' lang='lat' dir='ltr'>velo,armatos</span> <span class='ocrx_word' id='word_1_613' title='bbox 1728 5544 1858 5612; x_wconf 88' lang='lat' dir='ltr'>post</span> <span class='ocrx_word' id='word_1_614' title='bbox 1883 5541 2024 5596; x_wconf 88' lang='lat' dir='ltr'>illud</span> 
     </span>
    </p>
   </div>
   <div class='ocr_carea' id='block_1_88' title="bbox 417 5625 2022 5700">
    <p class='ocr_par' dir='ltr' id='par_1_88' title="bbox 417 5625 2022 5700">
     <span class='ocr_line' id='line_1_88' title="bbox 417 5625 2022 5700; baseline 0.003 -20"><span class='ocrx_word' id='word_1_615' title='bbox 417 5637 571 5680; x_wconf 80' lang='lat' dir='ltr'>stare</span> <span class='ocrx_word' id='word_1_616' title='bbox 593 5625 762 5695; x_wconf 86' lang='lat' dir='ltr'>jubet</span> <span class='ocrx_word' id='word_1_617' title='bbox 789 5629 884 5700; x_wconf 88' lang='lat' dir='ltr'>qui</span> <span class='ocrx_word' id='word_1_618' title='bbox 918 5628 1232 5684; x_wconf 81' lang='lat' dir='ltr'>Clotarium</span> <span class='ocrx_word' id='word_1_619' title='bbox 1261 5630 1332 5683; x_wconf 89' lang='lat' dir='ltr'>ad</span> <span class='ocrx_word' id='word_1_620' title='bbox 1353 5647 1520 5684; x_wconf 91' lang='lat' dir='ltr'>suum</span> <span class='ocrx_word' id='word_1_621' title='bbox 1550 5630 1876 5688; x_wconf 89' lang='lat' dir='ltr'>venientem</span> <span class='ocrx_word' id='word_1_622' title='bbox 1908 5631 2022 5685; x_wconf 91' lang='lat' dir='ltr'>col-</span> 
     </span>
    </p>
   </div>
   <div class='ocr_carea' id='block_1_89' title="bbox 411 5711 2024 5792">
    <p class='ocr_par' dir='ltr' id='par_1_89' title="bbox 411 5711 2024 5792">
     <span class='ocr_line' id='line_1_89' title="bbox 411 5711 2024 5792; baseline 0.004 -22"><span class='ocrx_word' id='word_1_623' title='bbox 411 5711 675 5792; x_wconf 74' lang='lat' dir='ltr'>loquium</span> <span class='ocrx_word' id='word_1_624' title='bbox 697 5713 1093 5786; x_wconf 82' lang='lat' dir='ltr'>eximproviso</span> <span class='ocrx_word' id='word_1_625' title='bbox 1111 5714 1532 5771; x_wconf 89' lang='lat' dir='ltr'>interimerent.</span> <span class='ocrx_word' id='word_1_626' title='bbox 1558 5718 1808 5774; x_wconf 78' lang='lat' dir='ltr'>Clotario</span> <span class='ocrx_word' id='word_1_627' title='bbox 1830 5719 2024 5792; x_wconf 88' lang='lat' dir='ltr'>itaque</span> 
     </span>
    </p>
   </div>
   <div class='ocr_carea' id='block_1_90' title="bbox 2137 3405 3692 3485">
    <p class='ocr_par' dir='ltr' id='par_1_90' title="bbox 2137 3405 3692 3485">
     <span class='ocr_line' id='line_1_90' title="bbox 2137 3405 3692 3485; baseline -0.006 -23"><span class='ocrx_word' id='word_1_628' title='bbox 2137 3405 2352 3470; x_wconf 89' lang='lat' dir='ltr'>Quibus</span> <span class='ocrx_word' id='word_1_629' title='bbox 2380 3410 2656 3466; x_wconf 88' lang='lat' dir='ltr'>barbarus</span> <span class='ocrx_word' id='word_1_630' title='bbox 2702 3412 3005 3485; x_wconf 88' lang='lat' dir='ltr'>respondit</span> <span class='ocrx_word' id='word_1_631' title='bbox 3036 3427 3048 3467; x_wconf 92' lang='lat'><strong>:</strong></span> <span class='ocrx_word' id='word_1_632' title='bbox 3087 3433 3117 3462; x_wconf 88' lang='lat'><strong>«</strong></span> <span class='ocrx_word' id='word_1_633' title='bbox 3148 3411 3270 3479; x_wconf 86' lang='lat' dir='ltr'>Hic,</span> <span class='ocrx_word' id='word_1_634' title='bbox 3303 3407 3570 3482; x_wconf 85' lang='lat' dir='ltr'>inquiens,</span> <span class='ocrx_word' id='word_1_635' title='bbox 3593 3406 3692 3457; x_wconf 86' lang='lat' dir='ltr'>tam</span> 
     </span>
    </p>
   </div>
   <div class='ocr_carea' id='block_1_91' title="bbox 2132 3491 3690 3571">
    <p class='ocr_par' dir='ltr' id='par_1_91' title="bbox 2132 3491 3690 3571">
     <span class='ocr_line' id='line_1_91' title="bbox 2132 3491 3690 3571; baseline -0.002 -21"><span class='ocrx_word' id='word_1_636' title='bbox 2132 3496 2394 3566; x_wconf 67' lang='lat' dir='ltr'>praeclari</span> <span class='ocrx_word' id='word_1_637' title='bbox 2425 3499 2652 3569; x_wconf 90' lang='lat' dir='ltr'>generis</span> <span class='ocrx_word' id='word_1_638' title='bbox 2701 3515 2846 3571; x_wconf 91' lang='lat' dir='ltr'>puer</span> <span class='ocrx_word' id='word_1_639' title='bbox 2897 3516 3012 3556; x_wconf 88' lang='lat' dir='ltr'>non</span> <span class='ocrx_word' id='word_1_640' title='bbox 3070 3499 3414 3567; x_wconf 89' lang='lat' dir='ltr'>dimittetur,</span> <span class='ocrx_word' id='word_1_641' title='bbox 3453 3491 3690 3551; x_wconf 90' lang='lat' dir='ltr'>nisimihi</span> 
     </span>
    </p>
   </div>
   <div class='ocr_carea' id='block_1_92' title="bbox 2135 3583 3692 3660">
    <p class='ocr_par' dir='ltr' id='par_1_92' title="bbox 2135 3583 3692 3660">
     <span class='ocr_line' id='line_1_92' title="bbox 2135 3583 3692 3660; baseline -0.002 -22"><span class='ocrx_word' id='word_1_642' title='bbox 2135 3583 2336 3640; x_wconf 88' lang='lat' dir='ltr'>decem</span> <span class='ocrx_word' id='word_1_643' title='bbox 2365 3586 2524 3642; x_wconf 71' lang='lat' dir='ltr'>libras</span> <span class='ocrx_word' id='word_1_644' title='bbox 2552 3588 2674 3643; x_wconf 89' lang='lat' dir='ltr'>auri</span> <span class='ocrx_word' id='word_1_645' title='bbox 2706 3589 2933 3643; x_wconf 87' lang='lat' dir='ltr'>dentur.</span> <span class='ocrx_word' id='word_1_646' title='bbox 2958 3609 2986 3638; x_wconf 87' lang='lat'>»</span> <span class='ocrx_word' id='word_1_647' title='bbox 3017 3588 3130 3644; x_wconf 81' lang='lat' dir='ltr'>Illis</span> <span class='ocrx_word' id='word_1_648' title='bbox 3154 3589 3278 3643; x_wconf 53' lang='lat' dir='ltr'>haec</span> <span class='ocrx_word' id='word_1_649' title='bbox 3305 3587 3555 3660; x_wconf 91' lang='lat' dir='ltr'>episcopo</span> <span class='ocrx_word' id='word_1_650' title='bbox 3577 3598 3692 3636; x_wconf 90' lang='lat' dir='ltr'>nun-</span> 
     </span>
    </p>
   </div>
   <div class='ocr_carea' id='block_1_93' title="bbox 2132 3671 3692 3737">
    <p class='ocr_par' dir='ltr' id='par_1_93' title="bbox 2132 3671 3692 3737">
     <span class='ocr_line' id='line_1_93' title="bbox 2132 3671 3692 3737; baseline -0.002 -12"><span class='ocrx_word' id='word_1_651' title='bbox 2132 3671 2430 3737; x_wconf 89' lang='lat' dir='ltr'>tiantibus,</span> <span class='ocrx_word' id='word_1_652' title='bbox 2453 3675 2564 3730; x_wconf 90' lang='lat' dir='ltr'>Leo</span> <span class='ocrx_word' id='word_1_653' title='bbox 2585 3692 2646 3730; x_wconf 90' lang='lat' dir='ltr'>se</span> <span class='ocrx_word' id='word_1_654' title='bbox 2667 3677 2874 3731; x_wconf 88' lang='lat' dir='ltr'>obtulit</span> <span class='ocrx_word' id='word_1_655' title='bbox 2900 3676 3127 3732; x_wconf 88' lang='lat' dir='ltr'>dicens:</span> <span class='ocrx_word' id='word_1_656' title='bbox 3159 3698 3191 3727; x_wconf 83' lang='lat'><strong><em>«</em></strong></span> <span class='ocrx_word' id='word_1_657' title='bbox 3223 3675 3489 3732; x_wconf 89' lang='lat' dir='ltr'>Permitte</span> <span class='ocrx_word' id='word_1_658' title='bbox 3521 3687 3620 3737; x_wconf 88' lang='lat' dir='ltr'>me,</span> <span class='ocrx_word' id='word_1_659' title='bbox 3646 3671 3692 3723; x_wconf 91' lang='lat' dir='ltr'>et</span> 
     </span>
    </p>
   </div>
   <div class='ocr_carea' id='block_1_94' title="bbox 2133 3761 3689 3838">
    <p class='ocr_par' dir='ltr' id='par_1_94' title="bbox 2133 3761 3689 3838">
     <span class='ocr_line' id='line_1_94' title="bbox 2133 3761 3689 3838; baseline -0.007 -18"><span class='ocrx_word' id='word_1_660' title='bbox 2133 3775 2242 3831; x_wconf 83' lang='lat' dir='ltr'>ego</span> <span class='ocrx_word' id='word_1_661' title='bbox 2259 3779 2366 3834; x_wconf 89' lang='lat' dir='ltr'>per</span> <span class='ocrx_word' id='word_1_662' title='bbox 2387 3764 2490 3820; x_wconf 91' lang='lat' dir='ltr'>Dei</span> <span class='ocrx_word' id='word_1_663' title='bbox 2511 3763 2784 3820; x_wconf 79' lang='lat' dir='ltr'>auxilium</span> <span class='ocrx_word' id='word_1_664' title='bbox 2815 3781 3058 3838; x_wconf 91' lang='lat' dir='ltr'>puerum</span> <span class='ocrx_word' id='word_1_665' title='bbox 3083 3765 3360 3820; x_wconf 87' lang='lat' dir='ltr'>liberabo.</span> <span class='ocrx_word' id='word_1_666' title='bbox 3391 3784 3419 3813; x_wconf 85' lang='lat'><strong>»</strong></span> <span class='ocrx_word' id='word_1_667' title='bbox 3452 3761 3562 3826; x_wconf 90' lang='lat' dir='ltr'>Quo</span> <span class='ocrx_word' id='word_1_668' title='bbox 3585 3772 3689 3832; x_wconf 85' lang='lat' dir='ltr'>per-</span> 
     </span>
    </p>
   </div>
   <div class='ocr_carea' id='block_1_95' title="bbox 2133 3846 3691 3926">
    <p class='ocr_par' dir='ltr' id='par_1_95' title="bbox 2133 3846 3691 3926">
     <span class='ocr_line' id='line_1_95' title="bbox 2133 3846 3691 3926; baseline -0.001 -23"><span class='ocrx_word' id='word_1_669' title='bbox 2133 3849 2400 3906; x_wconf 89' lang='lat' dir='ltr'>mittente</span> <span class='ocrx_word' id='word_1_670' title='bbox 2411 3853 2756 3924; x_wconf 55' lang='lat' dir='ltr'>{quaesitum</span> <span class='ocrx_word' id='word_1_671' title='bbox 2781 3853 2874 3908; x_wconf 91' lang='lat' dir='ltr'>ille</span> <span class='ocrx_word' id='word_1_672' title='bbox 2896 3853 3214 3926; x_wconf 90' lang='lat' dir='ltr'>quemdam</span> <span class='ocrx_word' id='word_1_673' title='bbox 3244 3851 3530 3910; x_wconf 88' lang='lat' dir='ltr'>hominem</span> <span class='ocrx_word' id='word_1_674' title='bbox 3553 3846 3691 3916; x_wconf 80' lang='lat' dir='ltr'>rogat</span> 
     </span>
    </p>
   </div>
   <div class='ocr_carea' id='block_1_96' title="bbox 2132 3940 3690 4016">
    <p class='ocr_par' dir='ltr' id='par_1_96' title="bbox 2132 3940 3690 4016">
     <span class='ocr_line' id='line_1_96' title="bbox 2132 3940 3690 4016; baseline -0.004 -25"><span class='ocrx_word' id='word_1_675' title='bbox 2132 3941 2195 3992; x_wconf 89' lang='lat' dir='ltr'>ut</span> <span class='ocrx_word' id='word_1_676' title='bbox 2213 3955 2274 3994; x_wconf 89' lang='lat' dir='ltr'>se</span> <span class='ocrx_word' id='word_1_677' title='bbox 2305 3941 2542 3996; x_wconf 89' lang='lat' dir='ltr'>domino</span> <span class='ocrx_word' id='word_1_678' title='bbox 2567 3941 2752 4013; x_wconf 91' lang='lat' dir='ltr'>pueri,</span> <span class='ocrx_word' id='word_1_679' title='bbox 2772 3941 2930 4014; x_wconf 88' lang='lat' dir='ltr'>quasi</span> <span class='ocrx_word' id='word_1_680' title='bbox 2954 3941 3256 4016; x_wconf 89' lang='lat' dir='ltr'>proprium</span> <span class='ocrx_word' id='word_1_681' title='bbox 3282 3940 3568 4004; x_wconf 87' lang='lat' dir='ltr'>famulum,</span> <span class='ocrx_word' id='word_1_682' title='bbox 3583 3949 3690 3988; x_wconf 83' lang='lat' dir='ltr'>ven-</span> 
     </span>
    </p>
   </div>
   <div class='ocr_carea' id='block_1_97' title="bbox 2132 4024 3684 4099">
    <p class='ocr_par' dir='ltr' id='par_1_97' title="bbox 2132 4024 3684 4099">
     <span class='ocr_line' id='line_1_97' title="bbox 2132 4024 3684 4099; baseline -0.005 -18"><span class='ocrx_word' id='word_1_683' title='bbox 2132 4025 2253 4093; x_wconf 89' lang='lat' dir='ltr'>dat,</span> <span class='ocrx_word' id='word_1_684' title='bbox 2281 4032 2341 4082; x_wconf 91' lang='lat' dir='ltr'>et</span> <span class='ocrx_word' id='word_1_685' title='bbox 2363 4029 2612 4099; x_wconf 90' lang='lat' dir='ltr'>pretium</span> <span class='ocrx_word' id='word_1_686' title='bbox 2642 4031 2767 4086; x_wconf 91' lang='lat' dir='ltr'>loco</span> <span class='ocrx_word' id='word_1_687' title='bbox 2800 4031 3063 4086; x_wconf 82' lang='lat' dir='ltr'>beneﬁcii</span> <span class='ocrx_word' id='word_1_688' title='bbox 3092 4030 3150 4086; x_wconf 90' lang='lat' dir='ltr'>in</span> <span class='ocrx_word' id='word_1_689' title='bbox 3182 4047 3316 4086; x_wconf 89' lang='lat' dir='ltr'>suos</span> <span class='ocrx_word' id='word_1_690' title='bbox 3344 4046 3469 4086; x_wconf 91' lang='lat' dir='ltr'>usus</span> <span class='ocrx_word' id='word_1_691' title='bbox 3491 4024 3684 4081; x_wconf 87' lang='lat' dir='ltr'>habeat.</span> 
     </span>
    </p>
   </div>
   <div class='ocr_carea' id='block_1_98' title="bbox 2133 4114 3688 4180">
    <p class='ocr_par' dir='ltr' id='par_1_98' title="bbox 2133 4114 3688 4180">
     <span class='ocr_line' id='line_1_98' title="bbox 2133 4114 3688 4180; baseline -0.004 -11"><span class='ocrx_word' id='word_1_692' title='bbox 2133 4114 2382 4172; x_wconf 89' lang='lat' dir='ltr'>Obaudit</span> <span class='ocrx_word' id='word_1_693' title='bbox 2402 4116 2496 4172; x_wconf 91' lang='lat' dir='ltr'>ille</span> <span class='ocrx_word' id='word_1_694' title='bbox 2527 4117 2703 4180; x_wconf 88' lang='lat' dir='ltr'>dicto,</span> <span class='ocrx_word' id='word_1_695' title='bbox 2728 4121 2787 4172; x_wconf 90' lang='lat' dir='ltr'>et</span> <span class='ocrx_word' id='word_1_696' title='bbox 2812 4134 2947 4173; x_wconf 91' lang='lat' dir='ltr'>eum</span> <span class='ocrx_word' id='word_1_697' title='bbox 2974 4119 3280 4174; x_wconf 89' lang='lat' dir='ltr'>duodecim</span> <span class='ocrx_word' id='word_1_698' title='bbox 3303 4116 3483 4174; x_wconf 89' lang='lat' dir='ltr'>aureis</span> <span class='ocrx_word' id='word_1_699' title='bbox 3506 4125 3688 4168; x_wconf 90' lang='lat' dir='ltr'>memo-</span> 
     </span>
    </p>
   </div>
   <div class='ocr_carea' id='block_1_99' title="bbox 2131 4202 3684 4271">
    <p class='ocr_par' dir='ltr' id='par_1_99' title="bbox 2131 4202 3684 4271">
     <span class='ocr_line' id='line_1_99' title="bbox 2131 4202 3684 4271; baseline -0.006 -13"><span class='ocrx_word' id='word_1_700' title='bbox 2131 4207 2256 4259; x_wconf 92' lang='lat' dir='ltr'>rato</span> <span class='ocrx_word' id='word_1_701' title='bbox 2287 4206 2546 4261; x_wconf 90' lang='lat' dir='ltr'>vendidit</span> <span class='ocrx_word' id='word_1_702' title='bbox 2575 4205 2714 4264; x_wconf 91' lang='lat' dir='ltr'>viro.</span> <span class='ocrx_word' id='word_1_703' title='bbox 2750 4207 2926 4271; x_wconf 83' lang='lat' dir='ltr'>Qaerit</span> <span class='ocrx_word' id='word_1_704' title='bbox 2955 4207 3164 4263; x_wconf 90' lang='lat' dir='ltr'>deinde</span> <span class='ocrx_word' id='word_1_705' title='bbox 3190 4207 3448 4263; x_wconf 90' lang='lat' dir='ltr'>detenter</span> <span class='ocrx_word' id='word_1_706' title='bbox 3473 4220 3505 4258; x_wconf 91' lang='lat' dir='ltr'>a</span> <span class='ocrx_word' id='word_1_707' title='bbox 3529 4202 3684 4255; x_wconf 87' lang='lat' dir='ltr'>Leone</span> 
     </span>
    </p>
   </div>
   <div class='ocr_carea' id='block_1_100' title="bbox 2130 4285 3680 4368">
    <p class='ocr_par' dir='ltr' id='par_1_100' title="bbox 2130 4285 3680 4368">
     <span class='ocr_line' id='line_1_100' title="bbox 2130 4285 3680 4368; baseline 0.001 -22"><span class='ocrx_word' id='word_1_708' title='bbox 2130 4292 2269 4365; x_wconf 89' lang='lat' dir='ltr'>quid</span> <span class='ocrx_word' id='word_1_709' title='bbox 2292 4294 2485 4368; x_wconf 88' lang='lat' dir='ltr'>operis</span> <span class='ocrx_word' id='word_1_710' title='bbox 2509 4295 2614 4350; x_wconf 88' lang='lat' dir='ltr'>scit</span> <span class='ocrx_word' id='word_1_711' title='bbox 2629 4312 2825 4368; x_wconf 86' lang='lat' dir='ltr'>agere.</span> <span class='ocrx_word' id='word_1_712' title='bbox 2849 4295 2949 4351; x_wconf 89' lang='lat' dir='ltr'>Cui</span> <span class='ocrx_word' id='word_1_713' title='bbox 2970 4296 3081 4350; x_wconf 91' lang='lat' dir='ltr'>Leo</span> <span class='ocrx_word' id='word_1_714' title='bbox 3111 4313 3124 4352; x_wconf 88' lang='lat'>:</span> <span class='ocrx_word' id='word_1_715' title='bbox 3161 4319 3190 4347; x_wconf 86' lang='lat'>«</span> <span class='ocrx_word' id='word_1_716' title='bbox 3222 4298 3284 4351; x_wconf 87' lang='lat' dir='ltr'>In</span> <span class='ocrx_word' id='word_1_717' title='bbox 3315 4285 3680 4368; x_wconf 66' lang='lat' dir='ltr'>praeparandis.</span> 
     </span>
    </p>
   </div>
   <div class='ocr_carea' id='block_1_101' title="bbox 2129 4375 3680 4457">
    <p class='ocr_par' dir='ltr' id='par_1_101' title="bbox 2129 4375 3680 4457">
     <span class='ocr_line' id='line_1_101' title="bbox 2129 4375 3680 4457; baseline -0.007 -19"><span class='ocrx_word' id='word_1_718' title='bbox 2129 4383 2339 4456; x_wconf 91' lang='lat' dir='ltr'>inquit,</span> <span class='ocrx_word' id='word_1_719' title='bbox 2359 4385 2543 4457; x_wconf 83' lang='lat' dir='ltr'>epulis</span> <span class='ocrx_word' id='word_1_720' title='bbox 2575 4385 2763 4440; x_wconf 91' lang='lat' dir='ltr'>nullus</span> <span class='ocrx_word' id='word_1_721' title='bbox 2787 4401 2880 4440; x_wconf 92' lang='lat' dir='ltr'>me</span> <span class='ocrx_word' id='word_1_722' title='bbox 2909 4385 3191 4457; x_wconf 82' lang='lat' dir='ltr'>praeteriit</span> <span class='ocrx_word' id='word_1_723' title='bbox 3216 4382 3503 4454; x_wconf 77' lang='lat' dir='ltr'>disciplina</span> <span class='ocrx_word' id='word_1_724' title='bbox 3521 4375 3680 4434; x_wconf 79' lang='lat' dir='ltr'>artis»</span> 
     </span>
    </p>
   </div>
   <div class='ocr_carea' id='block_1_102' title="bbox 2128 4459 3680 4546">
    <p class='ocr_par' dir='ltr' id='par_1_102' title="bbox 2128 4459 3680 4546">
     <span class='ocr_line' id='line_1_102' title="bbox 2128 4459 3680 4546; baseline -0.009 -17"><span class='ocrx_word' id='word_1_725' title='bbox 2128 4474 2382 4546; x_wconf 85' lang='lat' dir='ltr'>Imperat</span> <span class='ocrx_word' id='word_1_726' title='bbox 2407 4490 2547 4546; x_wconf 89' lang='lat' dir='ltr'>ergo</span> <span class='ocrx_word' id='word_1_727' title='bbox 2580 4473 2852 4530; x_wconf 88' lang='lat' dir='ltr'>dominus</span> <span class='ocrx_word' id='word_1_728' title='bbox 2874 4477 2937 4528; x_wconf 91' lang='lat' dir='ltr'>ut</span> <span class='ocrx_word' id='word_1_729' title='bbox 2965 4473 3314 4529; x_wconf 89' lang='lat' dir='ltr'>adveniente</span> <span class='ocrx_word' id='word_1_730' title='bbox 3335 4471 3425 4527; x_wconf 88' lang='lat' dir='ltr'>die</span> <span class='ocrx_word' id='word_1_731' title='bbox 3454 4465 3582 4525; x_wconf 91' lang='lat' dir='ltr'>Solis</span> <span class='ocrx_word' id='word_1_732' title='bbox 3605 4459 3680 4534; x_wconf 85' lang='lat' dir='ltr'>(sic</span> 
     </span>
    </p>
   </div>
   <div class='ocr_carea' id='block_1_103' title="bbox 2129 4551 3680 4625">
    <p class='ocr_par' dir='ltr' id='par_1_103' title="bbox 2129 4551 3680 4625">
     <span class='ocr_line' id='line_1_103' title="bbox 2129 4551 3680 4625; baseline -0.004 -8"><span class='ocrx_word' id='word_1_733' title='bbox 2129 4561 2286 4617; x_wconf 86' lang='lat' dir='ltr'>enim</span> <span class='ocrx_word' id='word_1_734' title='bbox 2326 4561 2557 4616; x_wconf 90' lang='lat' dir='ltr'>barbari</span> <span class='ocrx_word' id='word_1_735' title='bbox 2587 4561 2738 4617; x_wconf 89' lang='lat' dir='ltr'>diem</span> <span class='ocrx_word' id='word_1_736' title='bbox 2773 4566 2979 4617; x_wconf 89' lang='lat' dir='ltr'>vocant</span> <span class='ocrx_word' id='word_1_737' title='bbox 3009 4561 3390 4625; x_wconf 89' lang='lat' dir='ltr'>Dominicam)</span> <span class='ocrx_word' id='word_1_738' title='bbox 3420 4558 3522 4614; x_wconf 85' lang='lat' dir='ltr'>tale</span> <span class='ocrx_word' id='word_1_739' title='bbox 3548 4551 3680 4625; x_wconf 67' lang='lat' dir='ltr'>paret-</span> 
     </span>
    </p>
   </div>
   <div class='ocr_carea' id='block_1_104' title="bbox 2127 4638 3679 4722">
    <p class='ocr_par' dir='ltr' id='par_1_104' title="bbox 2127 4638 3679 4722">
     <span class='ocr_line' id='line_1_104' title="bbox 2127 4638 3679 4722; baseline -0.004 -18"><span class='ocrx_word' id='word_1_740' title='bbox 2127 4650 2474 4716; x_wconf 87' lang='lat' dir='ltr'>convivium,</span> <span class='ocrx_word' id='word_1_741' title='bbox 2505 4651 2660 4722; x_wconf 89' lang='lat' dir='ltr'>quod</span> <span class='ocrx_word' id='word_1_742' title='bbox 2687 4650 2910 4706; x_wconf 81' lang='lat' dir='ltr'>venturi</span> <span class='ocrx_word' id='word_1_743' title='bbox 2952 4651 3027 4706; x_wconf 89' lang='lat' dir='ltr'>ad</span> <span class='ocrx_word' id='word_1_744' title='bbox 3079 4667 3215 4706; x_wconf 85' lang='lat' dir='ltr'>eum</span> <span class='ocrx_word' id='word_1_745' title='bbox 3252 4647 3418 4706; x_wconf 84' lang='lat' dir='ltr'>amici</span> <span class='ocrx_word' id='word_1_746' title='bbox 3467 4638 3679 4700; x_wconf 61' lang='lat' dir='ltr'>habeant</span> 
     </span>
    </p>
   </div>
   <div class='ocr_carea' id='block_1_105' title="bbox 2129 4726 3678 4812">
    <p class='ocr_par' dir='ltr' id='par_1_105' title="bbox 2129 4726 3678 4812">
     <span class='ocr_line' id='line_1_105' title="bbox 2129 4726 3678 4812; baseline -0.008 -18"><span class='ocrx_word' id='word_1_747' title='bbox 2129 4739 2504 4795; x_wconf 89' lang='lat' dir='ltr'>admiratum.</span> <span class='ocrx_word' id='word_1_748' title='bbox 2530 4741 2822 4808; x_wconf 87' lang='lat' dir='ltr'>Quodille,</span> <span class='ocrx_word' id='word_1_749' title='bbox 2843 4744 3196 4812; x_wconf 87' lang='lat' dir='ltr'>congregata</span> <span class='ocrx_word' id='word_1_750' title='bbox 3224 4734 3571 4795; x_wconf 88' lang='lat' dir='ltr'>multitudine</span> <span class='ocrx_word' id='word_1_751' title='bbox 3585 4726 3678 4800; x_wconf 84' lang='lat' dir='ltr'>gal-</span> 
     </span>
    </p>
   </div>
   <div class='ocr_carea' id='block_1_106' title="bbox 2129 4815 3678 4902">
    <p class='ocr_par' dir='ltr' id='par_1_106' title="bbox 2129 4815 3678 4902">
     <span class='ocr_line' id='line_1_106' title="bbox 2129 4815 3678 4902; baseline -0.008 -17"><span class='ocrx_word' id='word_1_752' title='bbox 2129 4831 2316 4886; x_wconf 90' lang='lat' dir='ltr'>lorum</span> <span class='ocrx_word' id='word_1_753' title='bbox 2350 4830 2826 4902; x_wconf 88' lang='lat' dir='ltr'>gallinaceorum,</span> <span class='ocrx_word' id='word_1_754' title='bbox 2857 4829 2934 4884; x_wconf 89' lang='lat' dir='ltr'>ita</span> <span class='ocrx_word' id='word_1_755' title='bbox 2967 4830 3311 4901; x_wconf 66' lang='lat' dir='ltr'>praeparavit</span> <span class='ocrx_word' id='word_1_756' title='bbox 3353 4830 3412 4882; x_wconf 93' lang='lat' dir='ltr'>ut</span> <span class='ocrx_word' id='word_1_757' title='bbox 3461 4815 3678 4880; x_wconf 65' lang='lat' dir='ltr'>dicerent</span> 
     </span>
    </p>
   </div>
   <div class='ocr_carea' id='block_1_107' title="bbox 2127 4913 3673 4990">
    <p class='ocr_par' dir='ltr' id='par_1_107' title="bbox 2127 4913 3673 4990">
     <span class='ocr_line' id='line_1_107' title="bbox 2127 4913 3673 4990; baseline -0.008 -17"><span class='ocrx_word' id='word_1_758' title='bbox 2127 4920 2380 4975; x_wconf 75' lang='lat' dir='ltr'>convivae</span> <span class='ocrx_word' id='word_1_759' title='bbox 2410 4937 2469 4974; x_wconf 92' lang='lat' dir='ltr'>se</span> <span class='ocrx_word' id='word_1_760' title='bbox 2500 4935 2607 4974; x_wconf 89' lang='lat' dir='ltr'>nec</span> <span class='ocrx_word' id='word_1_761' title='bbox 2635 4919 2692 4973; x_wconf 89' lang='lat' dir='ltr'>in</span> <span class='ocrx_word' id='word_1_762' title='bbox 2727 4935 2929 4974; x_wconf 90' lang='lat' dir='ltr'>mensa</span> <span class='ocrx_word' id='word_1_763' title='bbox 2956 4919 3110 4990; x_wconf 89' lang='lat' dir='ltr'>regis</span> <span class='ocrx_word' id='word_1_764' title='bbox 3140 4919 3252 4973; x_wconf 90' lang='lat' dir='ltr'>tale</span> <span class='ocrx_word' id='word_1_765' title='bbox 3278 4914 3411 4990; x_wconf 91' lang='lat' dir='ltr'>quid</span> <span class='ocrx_word' id='word_1_766' title='bbox 3441 4913 3673 4984; x_wconf 72' lang='lat' dir='ltr'>gustasse.</span> 
     </span>
    </p>
   </div>
   <div class='ocr_carea' id='block_1_108' title="bbox 2127 4998 3676 5081">
    <p class='ocr_par' dir='ltr' id='par_1_108' title="bbox 2127 4998 3676 5081">
     <span class='ocr_line' id='line_1_108' title="bbox 2127 4998 3676 5081; baseline -0.008 -19"><span class='ocrx_word' id='word_1_767' title='bbox 2127 5009 2356 5064; x_wconf 86' lang='lat' dir='ltr'>Gavisus</span> <span class='ocrx_word' id='word_1_768' title='bbox 2379 5008 2650 5064; x_wconf 91' lang='lat' dir='ltr'>dominus</span> <span class='ocrx_word' id='word_1_769' title='bbox 2672 5009 2923 5062; x_wconf 79' lang='lat' dir='ltr'>Leonem</span> <span class='ocrx_word' id='word_1_770' title='bbox 2949 5006 3347 5081; x_wconf 87' lang='lat' dir='ltr'>promptuario</span> <span class='ocrx_word' id='word_1_771' title='bbox 3371 4998 3603 5077; x_wconf 64' lang='lat' dir='ltr'>praeficit,</span> <span class='ocrx_word' id='word_1_772' title='bbox 3626 5005 3676 5044; x_wconf 78' lang='lat' dir='ltr'>ac</span> 
     </span>
    </p>
   </div>
   <div class='ocr_carea' id='block_1_109' title="bbox 2127 5097 3120 5170">
    <p class='ocr_par' dir='ltr' id='par_1_109' title="bbox 2127 5097 3120 5170">
     <span class='ocr_line' id='line_1_109' title="bbox 2127 5097 3120 5170; baseline -0.002 -16"><span class='ocrx_word' id='word_1_773' title='bbox 2127 5115 2418 5154; x_wconf 86' lang='lat' dir='ltr'>summam</span> <span class='ocrx_word' id='word_1_774' title='bbox 2447 5097 2532 5153; x_wconf 90' lang='lat' dir='ltr'>sui</span> <span class='ocrx_word' id='word_1_775' title='bbox 2563 5098 2814 5170; x_wconf 89' lang='lat' dir='ltr'>gratiam</span> <span class='ocrx_word' id='word_1_776' title='bbox 2840 5097 3120 5169; x_wconf 89' lang='lat' dir='ltr'>impertit.</span> 
     </span>
    </p>
   </div>
   <div class='ocr_carea' id='block_1_110' title="bbox 2203 5183 3675 5259">
    <p class='ocr_par' dir='ltr' id='par_1_110' title="bbox 2203 5183 3675 5259">
     <span class='ocr_line' id='line_1_110' title="bbox 2203 5183 3675 5259; baseline -0.011 -15"><span class='ocrx_word' id='word_1_777' title='bbox 2203 5191 2336 5244; x_wconf 88' lang='lat' dir='ltr'>Post</span> <span class='ocrx_word' id='word_1_778' title='bbox 2360 5187 2498 5242; x_wconf 90' lang='lat' dir='ltr'>anni</span> <span class='ocrx_word' id='word_1_779' title='bbox 2519 5186 2794 5242; x_wconf 89' lang='lat' dir='ltr'>circulum</span> <span class='ocrx_word' id='word_1_780' title='bbox 2817 5203 2946 5242; x_wconf 91' lang='lat' dir='ltr'>cum</span> <span class='ocrx_word' id='word_1_781' title='bbox 2963 5187 3152 5242; x_wconf 84' lang='lat' dir='ltr'>Attalo</span> <span class='ocrx_word' id='word_1_782' title='bbox 3179 5185 3257 5259; x_wconf 91' lang='lat' dir='ltr'>(id</span> <span class='ocrx_word' id='word_1_783' title='bbox 3279 5183 3484 5258; x_wconf 89' lang='lat' dir='ltr'>quippe</span> <span class='ocrx_word' id='word_1_784' title='bbox 3497 5184 3675 5234; x_wconf 83' lang='lat' dir='ltr'>nomen</span> 
     </span>
    </p>
   </div>
   <div class='ocr_carea' id='block_1_111' title="bbox 2129 5263 3678 5350">
    <p class='ocr_par' dir='ltr' id='par_1_111' title="bbox 2129 5263 3678 5350">
     <span class='ocr_line' id='line_1_111' title="bbox 2129 5263 3678 5350; baseline -0.01 -18"><span class='ocrx_word' id='word_1_785' title='bbox 2129 5277 2353 5350; x_wconf 88' lang='lat' dir='ltr'>nepotis</span> <span class='ocrx_word' id='word_1_786' title='bbox 2381 5275 2633 5347; x_wconf 87' lang='lat' dir='ltr'>episcopi</span> <span class='ocrx_word' id='word_1_787' title='bbox 2654 5279 2797 5341; x_wconf 80' lang='lat' dir='ltr'>erat)</span> <span class='ocrx_word' id='word_1_788' title='bbox 2823 5275 2880 5330; x_wconf 91' lang='lat' dir='ltr'>in</span> <span class='ocrx_word' id='word_1_789' title='bbox 2914 5279 3102 5350; x_wconf 91' lang='lat' dir='ltr'>prato,</span> <span class='ocrx_word' id='word_1_790' title='bbox 3133 5291 3202 5331; x_wconf 89' lang='lat' dir='ltr'>eo</span> <span class='ocrx_word' id='word_1_791' title='bbox 3229 5272 3379 5347; x_wconf 92' lang='lat' dir='ltr'>quod</span> <span class='ocrx_word' id='word_1_792' title='bbox 3406 5270 3494 5326; x_wconf 90' lang='lat' dir='ltr'>ille</span> <span class='ocrx_word' id='word_1_793' title='bbox 3519 5263 3678 5319; x_wconf 72' lang='lat' dir='ltr'>custos</span> 
     </span>
    </p>
   </div>
   <div class='ocr_carea' id='block_1_112' title="bbox 2127 5351 3675 5444">
    <p class='ocr_par' dir='ltr' id='par_1_112' title="bbox 2127 5351 3675 5444">
     <span class='ocr_line' id='line_1_112' title="bbox 2127 5351 3675 5444; baseline -0.014 -20"><span class='ocrx_word' id='word_1_794' title='bbox 2127 5382 2411 5440; x_wconf 89' lang='lat' dir='ltr'>equorum</span> <span class='ocrx_word' id='word_1_795' title='bbox 2464 5369 2632 5433; x_wconf 88' lang='lat' dir='ltr'>esset,</span> <span class='ocrx_word' id='word_1_796' title='bbox 2665 5364 2980 5420; x_wconf 88' lang='lat' dir='ltr'>descendit.</span> <span class='ocrx_word' id='word_1_797' title='bbox 3015 5365 3082 5419; x_wconf 84' lang='lat' dir='ltr'>Et</span> <span class='ocrx_word' id='word_1_798' title='bbox 3109 5363 3280 5419; x_wconf 89' lang='lat' dir='ltr'>versis</span> <span class='ocrx_word' id='word_1_799' title='bbox 3317 5359 3418 5416; x_wconf 92' lang='lat' dir='ltr'>sibi</span> <span class='ocrx_word' id='word_1_800' title='bbox 3472 5351 3675 5444; x_wconf 64' lang='lat' dir='ltr'>invicem</span> 
     </span>
    </p>
   </div>
   <div class='ocr_carea' id='block_1_113' title="bbox 2127 5446 3674 5526">
    <p class='ocr_par' dir='ltr' id='par_1_113' title="bbox 2127 5446 3674 5526">
     <span class='ocr_line' id='line_1_113' title="bbox 2127 5446 3674 5526; baseline -0.01 -14"><span class='ocrx_word' id='word_1_801' title='bbox 2127 5455 2332 5519; x_wconf 80' lang='lat' dir='ltr'>dorsis,</span> <span class='ocrx_word' id='word_1_802' title='bbox 2365 5472 2438 5510; x_wconf 90' lang='lat' dir='ltr'>ne</span> <span class='ocrx_word' id='word_1_803' title='bbox 2489 5459 2960 5526; x_wconf 88' lang='lat' dir='ltr'>agnoscerentur,</span> <span class='ocrx_word' id='word_1_804' title='bbox 2991 5454 3311 5526; x_wconf 80' lang='lat' dir='ltr'>ioquentes,</span> <span class='ocrx_word' id='word_1_805' title='bbox 3342 5446 3577 5504; x_wconf 89' lang='lat' dir='ltr'>Attalum</span> <span class='ocrx_word' id='word_1_806' title='bbox 3614 5449 3674 5489; x_wconf 77' lang='lat' dir='ltr'>sic</span> 
     </span>
    </p>
   </div>
   <div class='ocr_carea' id='block_1_114' title="bbox 2125 5539 3672 5616">
    <p class='ocr_par' dir='ltr' id='par_1_114' title="bbox 2125 5539 3672 5616">
     <span class='ocr_line' id='line_1_114' title="bbox 2125 5539 3672 5616; baseline 0.002 -16"><span class='ocrx_word' id='word_1_807' title='bbox 2125 5545 2475 5615; x_wconf 87' lang='lat' dir='ltr'>compellare</span> <span class='ocrx_word' id='word_1_808' title='bbox 2504 5543 2676 5616; x_wconf 67' lang='lat' dir='ltr'>coepit</span> <span class='ocrx_word' id='word_1_809' title='bbox 2703 5560 2715 5597; x_wconf 94' lang='lat'><strong>:</strong></span> <span class='ocrx_word' id='word_1_810' title='bbox 2753 5545 3050 5614; x_wconf 79' lang='lat' dir='ltr'>«Tempus</span> <span class='ocrx_word' id='word_1_811' title='bbox 3070 5547 3176 5611; x_wconf 90' lang='lat' dir='ltr'>est,</span> <span class='ocrx_word' id='word_1_812' title='bbox 3207 5541 3457 5612; x_wconf 68' lang='lat' dir='ltr'>inquam.</span> <span class='ocrx_word' id='word_1_813' title='bbox 3487 5549 3518 5588; x_wconf 84' lang='grc' dir='ltr'><strong>ο</strong></span> <span class='ocrx_word' id='word_1_814' title='bbox 3541 5539 3672 5602; x_wconf 57' lang='lat' dir='ltr'>PM&quot;</span> 
     </span>
    </p>
   </div>
   <div class='ocr_carea' id='block_1_115' title="bbox 2139 5626 3676 5705">
    <p class='ocr_par' dir='ltr' id='par_1_115' title="bbox 2139 5626 3676 5705">
     <span class='ocr_line' id='line_1_115' title="bbox 2139 5626 3676 5705; baseline -0.01 -18"><span class='ocrx_word' id='word_1_815' title='bbox 2139 5638 2194 5687; x_wconf 91' lang='lat' dir='ltr'>ut</span> <span class='ocrx_word' id='word_1_816' title='bbox 2222 5634 2291 5687; x_wconf 91' lang='lat' dir='ltr'>de</span> <span class='ocrx_word' id='word_1_817' title='bbox 2311 5633 2495 5705; x_wconf 85' lang='lat' dir='ltr'>patria</span> <span class='ocrx_word' id='word_1_818' title='bbox 2515 5632 2974 5704; x_wconf 80' lang='lat' dir='ltr'>cogitemus.Hac</span> <span class='ocrx_word' id='word_1_819' title='bbox 2997 5631 3170 5704; x_wconf 89' lang='lat' dir='ltr'>igitur</span> <span class='ocrx_word' id='word_1_820' title='bbox 3190 5632 3352 5685; x_wconf 88' lang='lat' dir='ltr'>nocte</span> <span class='ocrx_word' id='word_1_821' title='bbox 3377 5626 3505 5681; x_wconf 90' lang='lat' dir='ltr'>dum</span> <span class='ocrx_word' id='word_1_822' title='bbox 3531 5626 3676 5705; x_wconf 46' lang='lat' dir='ltr'>equo?“</span> 
     </span>
    </p>
   </div>
   <div class='ocr_carea' id='block_1_116' title="bbox 2132 5699 3674 5794">
    <p class='ocr_par' dir='ltr' id='par_1_116' title="bbox 2132 5699 3674 5794">
     <span class='ocr_line' id='line_1_116' title="bbox 2132 5699 3674 5794; baseline -0.007 -17"><span class='ocrx_word' id='word_1_823' title='bbox 2132 5739 2164 5778; x_wconf 90' lang='lat' dir='ltr'>e</span> <span class='ocrx_word' id='word_1_824' title='bbox 2193 5725 2360 5794; x_wconf 90' lang='lat' dir='ltr'>pastu</span> <span class='ocrx_word' id='word_1_825' title='bbox 2382 5721 2694 5789; x_wconf 81' lang='lat' dir='ltr'>reduxeris,</span> <span class='ocrx_word' id='word_1_826' title='bbox 2723 5737 2857 5776; x_wconf 90' lang='lat' dir='ltr'>cave</span> <span class='ocrx_word' id='word_1_827' title='bbox 2884 5737 2956 5776; x_wconf 92' lang='lat' dir='ltr'>ne</span> <span class='ocrx_word' id='word_1_828' title='bbox 2985 5735 3192 5776; x_wconf 89' lang='lat' dir='ltr'>somno</span> <span class='ocrx_word' id='word_1_829' title='bbox 3220 5713 3480 5791; x_wconf 87' lang='lat' dir='ltr'>graveris,</span> <span class='ocrx_word' id='word_1_830' title='bbox 3509 5699 3674 5765; x_wconf 68' lang='lat' dir='ltr'>sed.ul</span> 
     </span>
    </p>
   </div>
  </div>
