3862 6210
169 432 269 497 6'13

1234 422 1556 486 HISTORIA
1583 414 2037 482 FRANCORUM.
2069 455 2138 465 —
2167 414 2299 482 ΠΒ.
2329 416 2397 481 ll.

3392 418 3501 489 87K

185 580 215 617 a
236 576 324 615 me
349 561 589 614 vocatus
616 555 818 621 fueris,
833 554 943 610 iter
962 553 1010 609 si
1034 553 1182 625 sapis
1203 556 1463 608 nostrum
1486 551 1735 622 parabis.
1761 570 1790 598 ››
1810 544 1861 610 Α
1898 547 1957 601 et
1987 545 2067 601 ait
2098 563 2114 600 :
2141 569 2169 597 ‹‹
2200 545 2363 601 Nunc
2397 546 2539 602 mihi
2575 547 2798 603 bonum
2852 548 2939 602 est
2994 541 3147 603 mori
3176 551 3443 607 cumﬁliis

183 650 421 704 Eaforte
467 648 642 702 nocte
670 646 805 712 Leo,
852 659 1131 714 generum
1176 641 1398 698 domini
1439 641 1510 696 ad
1551 641 1790 696 domum

180 737 517 792 redeuntem
549 737 909 806 prosecutus,
941 733 1071 786 vina
1109 732 1380 803 porrexit.
1411 731 1510 785 Cui
1542 730 1636 785 ille
1651 730 1785 801 joco

182 827 280 881 ait:
313 848 341 874 «
378 823 501 891 Dic,
535 841 570 879 o
605 838 770 894 puer,
795 822 839 876 si
863 822 1070 887 valeas,
1100 837 1215 892 qua
1239 823 1408 875 nocte
1440 820 1505 874 ad
1537 820 1785 890 patriam

180 914 381 969 reverti
398 912 656 967 destinas
671 914 700 965 ?
722 933 750 959 »
772 911 859 966 Ad
876 926 1048 981 quem
1072 910 1183 963 Leo
1206 909 1344 963 item
1358 909 1631 979 jocaudo,
1647 907 1789 961 veri-

181 1008 354 1060 tatem
387 1014 590 1056 tamen
618 1002 851 1056 etfatus:
881 1020 912 1051 ‹‹
939 1001 1073 1065 Hac,
1123 999 1312 1070 inquit
1353 1001 1542 1064 nocte,
1575 998 1619 1051 si
1642 999 1789 1052 Deus

180 1090 639 1167 permiserit.»—
666 1112 692 1142 σ
710 1088 1051 1158 Utinam,ait
1061 1086 1787 1154 alter,mecustodiantmei

179 1181 402 1247 famuli,
438 1197 512 1234 ne
549 1178 687 1251 quid
719 1178 790 1232 de
822 1178 997 1233 domo
1027 1192 1159 1230 mea
1190 1176 1433 1230 auferas.
1470 1196 1496 1223 »
1530 1174 1785 1228 Necdum

178 1271 366 1342 itaque
400 1268 596 1339 prima
623 1266 806 1321 noctis
827 1265 1021 1337 quiete
1066 1266 1376 1330 transacta,
1427 1264 1538 1317 Leo
1575 1262 1648 1316 ad
1692 1264 1784 1316 At-

180 1360 352 1414 talum
385 1372 710 1429 properans
733 1353 940 1426 quaerit
965 1370 1037 1408 an
1077 1353 1317 1407 haberet
1343 1352 1629 1423 spatham.
1661 1349 1784 1414 Quo

180 1449 433 1519 negante
476 1445 575 1499 ille
623 1461 657 1499 a
704 1442 891 1515 capite
940 1442 1161 1496 domini
1209 1441 1293 1495 sui
1340 1443 1563 1494 scutum
1616 1439 1784 1494 simul

177 1553 301 1592 cum
355 1534 588 1588 framea
638 1531 849 1595 aufert,
916 1529 1339 1601 sciscitantique
1401 1529 1639 1584 domino
1692 1546 1782 1585 re-

175 1624 409 1699 spondit
449 1641 510 1678 se
542 1639 685 1690 esse,
732 1622 990 1692 velleque
1029 1621 1304 1686 Attalum,
1351 1618 1447 1691 qui
1504 1621 1784 1690 tanquam

173 1713 359 1769 ebrius
390 1712 747 1784 quiescebat,
780 1711 1075 1776 suscitare,
1117 1712 1178 1763 ut
1216 1708 1289 1764 ad
1340 1712 1570 1781 pastum
1608 1725 1786 1779 equos

175 1801 440 1857 deducat.
476 1801 576 1854 lllo
614 1815 750 1854 vero
784 1814 901 1853 non
937 1798 1251 1864 abnuente,
1286 1797 1575 1868 profectus
1603 1800 1688 1850 est
1715 1797 1785 1850 ad

1896 634 2057 689 meis.
2092 636 2311 690 Mortua
2370 638 2454 690 est
2486 636 2685 707 pietas.
2722 637 2881 690 Nunc
2912 637 3169 709 profecto
3220 637 3361 694 illud
3415 644 3501 696 est

1889 724 2117 793 tempus
2141 739 2277 794 quo,
2304 723 2347 777 si
2374 740 2577 777 omnes
2596 741 2699 779 sua
2729 724 2870 778 dent
2899 724 3157 792 consilia,
3183 725 3315 780 huic
3348 730 3499 784 malo

1888 811 2212 865 remedium
2233 811 3015 867 inveniantnnllum.Novum
3036 813 3146 867 hoc
3177 814 3379 885 ﬂagitii
3398 833 3499 888 ge-

1888 914 1997 952 nus
2013 901 2247 969 est,qao
2272 900 2459 970 patrui
2488 900 2885 955 innocentium
2908 902 3375 971 appetuntvitam
3404 922 3499 960 ne-

1890 987 2113 1055 potum.
2134 987 2869 1060 Doleo,fateor,parricidas
2884 1006 3187 1060 generasse
3216 1008 3312 1047 me
3326 992 3494 1062 ﬁlios,

1889 1073 1986 1145 qui
2004 1092 2123 1128 non
2141 1080 2372 1146 possent
2384 1094 2619 1149 parcere
2637 1077 3191 1148 parentibus.Sedde
3210 1080 3321 1135 illis
3335 1085 3495 1137 taceo

1889 1179 2032 1233 quos
2044 1163 2202 1233 justa
2222 1165 2491 1236 allegatio
2524 1169 2808 1223 materna:
2829 1168 3171 1222 calamitatis
3196 1186 3396 1226 exosos
3408 1171 3498 1227 fe-

1887 1254 2064 1304 cerat.
2098 1251 2307 1306 Verum
2330 1252 2390 1307 in
2414 1254 2535 1308 istis
2552 1255 2723 1308 nulla:
2738 1254 3302 1327 reperiunturcausm
3320 1258 3497 1313 offen-

1885 1338 2085 1405 sionis,
2120 1339 2391 1411 nisiquod
2408 1341 2466 1395 in
2489 1359 2671 1413 regno
2690 1344 2838 1397 natis
2862 1343 3129 1416 regisque
3147 1345 3497 1414 ﬁliis,debita

1885 1423 2174 1480 invidetur
2182 1428 2373 1497 portio
2393 1433 2649 1500 paterna:
2663 1430 3018 1487 hereditatis.
3040 1434 3494 1507 Pereuntitaqne

1886 1513 1960 1567 ad
1992 1514 2254 1571 dolorem
2281 1518 2447 1586 mihi,
2480 1518 2553 1573 ad
2578 1519 2834 1573 fructum
2860 1519 2987 1575 illis.
3016 1523 3090 1576 At
3120 1526 3343 1594 quaerat
3365 1523 3493 1596 quis

1889 1605 1948 1656 ut
1978 1602 2117 1673 quid
2144 1620 2241 1659 eos
2252 1605 2515 1661 occidere
2537 1607 2736 1665 velint.
2758 1608 3082 1679 Cognoscat
3102 1610 3236 1682 quia
3256 1612 3330 1668 ad
3350 1629 3494 1683 prae-

1886 1706 2016 1744 sens
2044 1690 2181 1761 ipsis
2198 1708 2353 1747 mors
2373 1710 2574 1749 eorum
2608 1696 2887 1767 proﬁciet.
2925 1697 3187 1753 Miseram
3218 1716 3335 1768 me,
3363 1717 3491 1772 qua:

1886 1780 1959 1834 ad
1989 1780 2093 1835 hos
2118 1782 2334 1837 fructus
2360 1784 2733 1840 fecunditatis
2750 1803 2876 1841 sum
2911 1793 3220 1857 reservata,
3254 1793 3317 1844 ut
3344 1790 3492 1846 infe-

171 1890 460 1956 Attalum;
495 1886 859 1959 ascensisque
905 1886 1066 1958 equis
1118 1866 1412 1957 raptisque
1443 1885 1781 1956 quibusdam

1910 1866 2016 1921 icia
2044 1868 2126 1922 eis
2156 1871 2517 1942 porrigerem
2540 1873 2718 1927 ubera
2745 1874 2841 1945 qui
2854 1875 2997 1929 mihi
3014 1877 3188 1931 chara
3212 1884 3492 1951 nepotum

172 1977 421 2032 vestibus
451 1977 566 2031 sive
611 1975 989 2042 ornamentis,
1037 1974 1229 2028 triduo
1273 1973 1460 2044 jejuni
1493 1974 1599 2028 iter
1625 1991 1786 2046 pera-

172 2069 334 2139 gunt.
366 2064 684 2120 Venientes
708 2080 839 2118 vero
873 2078 1045 2133 super
1067 2063 1301 2129 Mosam,
1330 2063 1467 2116 dum
1494 2079 1528 2116 a
1557 2062 1786 2133 quibus-

172 2155 299 2209 dam
330 2153 761 2219 detinerentur,
796 2151 1008 2206 relictis
1039 2150 1203 2222 equis
1227 2167 1397 2222 super
1422 2166 1653 2221 parmas
1684 2152 1789 2205 ﬁu-

170 2243 320 2298 vium
353 2243 831 2309 transmearunt;
859 2240 1209 2310 inventaque
1226 2239 1434 2294 arbore
1458 2238 1788 2311 pruni,ejus

171 2332 357 2387 ablato
394 2332 610 2397 fructu,
660 2330 815 2384 inter
842 2330 955 2384 iter
1003 2328 1296 2399 agendum
1344 2345 1411 2383 eo
1451 2346 1508 2383 se
1553 2330 1783 2386 satiant.

174 2423 352 2476 Porro
380 2420 537 2474 viam
570 2417 813 2490 ingressi
845 2417 1197 2490 Campaniaz,
1215 2420 1383 2472 nocte
1404 2418 1655 2489 quadam
1684 2436 1783 2473 au-

173 2509 333 2564 diunt
350 2508 611 2564 sonitum
630 2510 758 2578 post
769 2510 933 2578 terga
948 2506 1301 2561 currentium
1313 2523 1592 2578 equorum
1605 2551 1617 2563 .
1630 2508 1786 2563 Tunc

174 2595 278 2651 Leo
309 2595 385 2650 ad
412 2610 696 2667 puerum:
732 2616 759 2643 «
796 2594 1263 2660 Prosternamur,
1280 2592 1485 2665 inquit,
1504 2597 1693 2663 terrae,
1712 2613 1784 2651 ne

175 2683 497 2738 videamur.
534 2704 562 2731 ››
587 2683 743 2737 Tunc
768 2683 897 2753 post
924 2685 1192 2736 truncum
1217 2680 1344 2735 rubi
1376 2698 1433 2736 se
1476 2684 1782 2752 collocant,

175 2772 439 2827 extractis
468 2775 667 2826 tamen
706 2770 933 2841 gladiis,
965 2774 1047 2837 ut,
1079 2770 1123 2825 si
1156 2786 1385 2825 necesse
1415 2770 1585 2839 foret,
1608 2771 1695 2826 his
1725 2790 1783 2828 se

180 2859 569 2915 defensarent.
599 2859 831 2931 Equites
851 2875 984 2913 vero
1012 2876 1080 2914 eo
1111 2858 1217 2914 loci
1241 2858 1782 2932 constiterunt,spe-

179 2952 393 3004 ctantes
417 2949 605 3004 donec
634 2948 764 3019 equi
790 2947 958 3002 urina
974 2949 1323 3003 selevarent.
1357 2947 1617 3020 Dixitque
1641 2950 1786 3005 alter

181 3036 246 3090 ad
268 3038 515 3091 alterum
535 3053 548 3090 :
575 3059 601 3087 «
622 3036 715 3091 Vae
731 3035 894 3104 mihi,
913 3035 1047 3108 quia
1059 3036 1288 3107 fugiunt
1308 3036 1367 3090 hi
1389 3036 1778 3092 detestabiles!

179 3123 382 3179 Verum
418 3124 463 3178 si
497 3123 915 3191 invenirentur,
939 3141 1116 3178 unum
1142 3140 1205 3178 ex
1221 3124 1301 3178 eis
1314 3125 1591 3196 patibulo,
1608 3124 1781 3180 alium

1888 1956 2184 2011 auferrent
2198 1959 2445 2029 pignora
2464 1958 2477 2012 l
2501 1961 2642 2031 Ego,
2659 1960 2749 2015 inf
2749 1963 2951 2030 antuli,
2966 1966 3165 2019 vestra:
3177 1982 3347 2021 causa
3362 1984 3489 2023 sum

1888 2043 2247 2115 perditionis,
2271 2062 2398 2116 qua:
2428 2047 2866 2104 inconsideratis
2905 2052 3374 2120 persuasionibus
3394 2070 3495 2126 pa-

1889 2134 2039 2186 trem
2060 2137 2313 2187 vestrum
2347 2136 2534 2205 objeci
2560 2136 2833 2206 periculis
2864 2139 3086 2197 mortis.
3120 2140 3269 2196 Satis
3297 2140 3493 2199 infelia

1887 2223 2077 2274 mater
2100 2221 2347 2291 fueram,
2394 2224 2521 2278 avia
2568 2225 2717 2279 volui
2749 2242 2871 2281 esse
2926 2228 3238 2285 sollicitior.
3284 2231 3494 2288 Videns

1885 2308 2030 2363 mihi
2058 2313 2291 2366 (etatem
2315 2312 2646 2384 precedere,
2679 2315 2895 2370 tentavi
2921 2319 3216 2374 consulere
3246 2324 3376 2392 post
3396 2338 3491 2378 me

1886 2399 2191 2469 nepotibus
2212 2404 2414 2473 ;atque
2440 2402 2665 2457 utinam
2696 2405 3141 2461 consuluissem!
3201 2407 3312 2464 Sed
3339 2427 3491 2467 nunc

1885 2503 1985 2542 eos
2004 2488 2147 2541 mihi
2170 2490 2407 2561 quidem
2434 2491 2606 2565 eripit
2635 2492 3015 2549 intolerabilis
3035 2512 3317 2566 aerumna,
3350 2517 3494 2572 quos

1885 2575 2072 2647 magis
2103 2578 2403 2649 magisque
2434 2581 3172 2639 commendaveratnatura
3187 2589 3246 2640 et
3275 2587 3492 2643 miseri-

1885 2664 2102 2722 cordia.
2120 2665 2357 2721 Summe
2384 2668 2554 2737 Deus,
2570 2686 2644 2724 ne
2670 2670 2825 2725 inter
2840 2687 3047 2743 greges
3063 2673 3367 2730 noxiorum
3390 2677 3490 2731 de-

1885 2756 2051 2823 putes
2082 2755 2307 2811 animas
2327 2757 2748 2827 innocentium,
2774 2776 2879 2814 nec
2899 2776 3155 2816 eassaava
3170 2762 3490 2819 inferorum

1886 2841 2469 2915 crucientsupplicia;
2500 2846 2600 2901 sed
2627 2847 2848 2902 mundo
2870 2865 3186 2920 supernum
3220 2850 3334 2906 iter
3364 2869 3489 2908 car-

1884 2931 2153 3002 pentibus
2167 2948 2198 2986 e
2216 2932 2452 3004 vestigio
2470 2935 2782 3006 tranquilla
2797 2939 3030 2992 (eterna;
3042 2938 3170 2993 vitae
3182 2941 3491 2997 succedant

1885 3019 2277 3075 habitacula.»
2313 3022 2407 3076 His
2431 3022 3023 3096 dictis,indignatione
3051 3026 3219 3082 simul
3253 3031 3310 3083 et
3328 3045 3488 3085 com-

1885 3110 2151 3179 passione
2180 3127 2289 3166 vox
2318 3115 2405 3165 est
2433 3112 2755 3185 intercepta
2786 3115 3093 3186 loquentis.
3124 3117 3333 3173 Verum
3392 3119 3490 3175 ubi

183 3214 506 3284 gladiorum
532 3212 738 3267 ictibus
758 3182 1086 3283 perderem.
1116 3232 1144 3261 ››
1175 3182 1525 3267 Erat‘autem
1551 3182 1781 3285 quith

1908 3199 2151 3269 .piritum
2177 3201 2488 3272 resumpsit
2523 3219 2535 3256 :
2583 3224 2612 3253 «
2656 3182 2733 3256 _Et
2760 3182 2922 3274 quid,
2955 3205 3054 3273 ait,
3082 3206 3237 3261 aliud
3262 3211 3442 3264 restat
3464 3209 3492 3264 ?

180 3301 517 3374 loquebatur
545 3300 817 3356 dominus
846 3301 1096 3356 illorum.
1131 3300 1235 3364 Qui
1265 3301 1433 3355 motis
1466 3301 1627 3372 equis
1650 3317 1782 3356 cum

178 3389 321 3444 socio
349 3389 585 3445 recessit
610 3407 643 3443 a
675 3391 819 3444 loco.
854 3389 933 3443 Illi
962 3406 1096 3444 vero
1140 3388 1344 3443 eadem
1376 3391 1545 3443 nocte
1594 3389 1785 3443 Remis

179 3478 484 3546 venientes,
515 3496 549 3532 a
604 3478 938 3549 presbytero
986 3478 1238 3532 Paulello
1290 3494 1395 3550 per
1433 3477 1672 3532 biduum
1700 3494 1787 3532 re-

176 3567 363 3635 creati,
401 3567 477 3621 ad
502 3567 740 3621 beatum
754 3566 1093 3638 Gregorium
1115 3568 1248 3620 sunt
1266 3564 1532 3637 regressi.
1563 3566 1786 3621 Attalus

174 3669 294 3709 cum
331 3654 544 3727 gaudio
567 3658 882 3727 susceptus,
904 3656 1016 3710 Leo
1036 3672 1167 3709 cum
1186 3671 1358 3710 uxore
1380 3672 1445 3709 ac
1465 3654 1596 3709 filiis
1616 3655 1786 3710 liber-

174 3744 282 3797 tate
310 3743 679 3816 praamioque
708 3746 878 3798 terra:
906 3743 1152 3798 donatus
1177 3747 1283 3798 est.

791 3831 1015 3887 CAPUT
1047 3833 1159 3889 Xll.

544 3921 630 3977 De
663 3921 783 3977 dolo
816 3923 871 3975 in
914 3920 1053 3992 ﬁlios
1084 3918 1399 3977 Clodomz'rz'.

235 4014 461 4069 Interea
496 4010 756 4068 Clotildis
785 4010 991 4082 regina
1028 4009 1271 4065 Parisius
1307 4010 1586 4078 residens,
1634 4012 1782 4069 ﬁlios

168 4100 749 4172 Clodomiri,nepotes
764 4116 914 4162 suos,
931 4098 1128 4154 solerti
1149 4099 1437 4153 nutrichat
1455 4099 1777 4171 diligentia.

172 4190 565 4247 Childebertus
587 4192 780 4244 autem
804 4189 923 4243 zelo
954 4188 1177 4256 ductus,
1207 4188 1363 4259 quod
1384 4187 1616 4244 videbat
1636 4190 1784 4261 regi-

164 4295 293 4335 nam
324 4285 665 4336 maternum
680 4293 851 4348 super
865 4293 962 4331 eos
976 4276 1293 4331 declinasse
1313 4276 1597 4344 animum,
1616 4283 1781 4333 autu-

164 4383 324 4425 mans
351 4367 618 4442 deperire
636 4365 743 4421 sibi
767 4364 1044 4438 quidquid
1068 4364 1316 4420 materni
1341 4365 1575 4421 affectus
1594 4367 1653 4421 in
1675 4366 1782 4421 illis

166 4456 705 4523 transfundebatur,
739 4454 1051 4510 Clotarium
1079 4453 1289 4509 excitat
1323 4457 1383 4508 ut
1407 4470 1438 4508 e
1472 4455 1662 4509 medio
1684 4456 1783 4511 ho-

166 4546 385 4600 minum
417 4544 663 4600 tollendi
694 4543 1084 4597 adolescentes
1120 4541 1483 4596 occasionem
1537 4547 1777 4614 qumrat.

166 4632 486 4706 Dolasaque
501 4630 825 4687 adinvicem
848 4632 1143 4701 captantes
1156 4629 1412 4698 consilia,
1435 4630 1508 4685 ad
1529 4635 1780 4687 matrem

162 4720 417 4793 dirigunt
438 4720 538 4793 qui
561 4721 920 4775 memoratos
935 4719 1176 4789 juvenes
1197 4719 1267 4773 ab
1292 4735 1360 4773 ea
1385 4722 1673 4789 susceptos
1706 4721 1779 4775 ad

162 4827 216 4865 se
229 4812 597 4883 perduceret,
623 4812 941 4865 asserentes
956 4809 1096 4863 velle
1110 4826 1169 4863 se
1184 4807 1441 4863 debitam
1463 4807 1598 4879 ipsis
1611 4810 1777 4881 regni

160 4899 397 4955 reddere
412 4897 984 4971 portionem.Dolum
997 4896 1200 4967 regina
1214 4913 1329 4951 non
1344 4896 1604 4966 praevidit
1621 4914 1780 4953 man-

162 4987 410 5061 datoque
428 4988 688 5044 ﬁliorum
707 4986 975 5058 paruiteo
991 4986 1297 5040 studiosius
1311 5002 1422 5057 quo
1442 4986 1776 5042 adolescen-

163 5077 292 5132 tulis
319 5078 471 5132 bene
502 5093 627 5131 esse
680 5075 1082 5147 gratulabatur
1125 5075 1469 5129 consultum.
1520 5073 1780 5148 Suscepit

160 5165 380 5238 legatus
405 5167 675 5238 juvenes,
694 5168 758 5218 ut
770 5180 866 5219 eos
889 5164 1199 5219 deduceret
1219 5162 1289 5217 ad
1301 5179 1467 5235 reges
1485 5164 1565 5219 Eo
1595 5164 1774 5220 disce-

166 5252 360 5323 dente,
375 5270 408 5309 e
439 5252 684 5325 vestigio
711 5252 866 5307 venit
895 5251 1317 5321 alter,forcipes
1336 5255 1393 5306 et
1405 5251 1661 5323 gladium
1675 5253 1772 5308 de-

159 5341 367 5399 ferens.
403 5342 627 5407 Quibus
652 5339 858 5412 regina
899 5338 1029 5395 visis
1068 5339 1307 5413 inquirit
1347 5338 1484 5412 quid
1524 5340 1629 5395 sibi
1665 5340 1775 5395 ista

160 5434 350 5489 velint.
387 5433 488 5489 Cui
522 5429 887 5487 veredarius:
922 5454 950 5482 «
982 5430 1092 5498 Sic,
1137 5429 1346 5502 inquit,
1372 5429 1650 5485 mandant
1672 5429 1772 5483 ﬁlii

160 5522 261 5591 tui,
280 5523 417 5579 velis
444 5539 522 5578 ne
543 5522 791 5592 nepotes
814 5526 938 5575 tuos
949 5519 1198 5586 tonderi,
1217 5535 1289 5573 an
1304 5518 1499 5590 gladio
1514 5517 1775 5589 percuti?

161 5609 445 5668 Delibera.
475 5610 672 5665 Unum
696 5607 854 5661 enim
873 5624 1075 5664 eorum
1089 5624 1319 5664 necesse
1335 5611 1421 5663 est
1438 5606 1580 5662 fieri.
1612 5631 1630 5654 ιο
1651 5606 1773 5673 Quo

158 5697 255 5758 illa
267 5702 485 5775 audito,
507 5699 630 5755 alta
647 5696 882 5754 trahens
895 5714 928 5753 a
943 5702 1175 5771 pectore
1189 5696 1450 5773 suspiria,
1464 5695 1769 5770 ingemuit,

1886 3288 2151 3343 Conditio
2172 3288 2316 3342 mihi
2336 3290 2575 3345 offertur
2595 3294 2787 3346 utrum
2808 3293 3009 3347 malim
3037 3310 3135 3350 eos
3160 3296 3491 3362 tonderi,an

1886 3378 2076 3449 gladio
2116 3379 2357 3449 percuti.
2391 3380 2505 3434 Sed
2539 3383 2829 3452 utcunque
2856 3399 2915 3438 se
2945 3400 3037 3439 res
3064 3386 3280 3441 habeat
3303 3389 3489 3443 nulla-

1886 3469 2053 3521 tenus
2071 3467 2306 3521 clericos
2338 3467 2464 3522 ﬁeri
2494 3469 2702 3541 patiar.
2741 3488 2773 3521 »

1957 3557 2085 3612 Haec
2101 3556 2478 3631 dixit,putans
2494 3560 2649 3631 quod
2664 3558 2877 3631 pietate
2894 3560 3026 3615 ﬂexi
3039 3566 3267 3618 natura:
3281 3567 3488 3621 atanto

1886 3646 2224 3703 desisterent
2243 3647 2753 3712 scelere.Quamvis
2771 3648 2930 3705 enim
2948 3650 3001 3705 ei
3027 3655 3167 3706 nota
3186 3656 3335 3707 esset
3361 3653 3490 3709 Clo-

1884 3738 2017 3792 tarii
2045 3736 2262 3806 feritas,
2294 3754 2592 3810 nunquam
2630 3741 2829 3793 tamen
2857 3739 3095 3795 credere
3120 3741 3311 3812 potuit
3335 3743 3492 3815 quod

1884 3845 2062 3900 usque
2084 3828 2156 3883 ad
2186 3828 2561 3900 parricidium
2583 3831 3076 3900 perseveraret.At
3106 3830 3200 3884 ille
3228 3831 3403 3903 longe
3417 3831 3489 3886 ab

1883 3916 2005 3987 ejus
2035 3917 2322 3973 sententia
2362 3917 2658 3985 aberrans,
2692 3920 2989 3990 arreptum
3026 3918 3317 3974 seniorem
3351 3923 3501 3993 natq

1881 4023 2126 4079 puerum
2144 4006 2217 4061 ad
2230 4009 2449 4061 terram
2467 4007 2987 4079 elisit,cultelloque
3002 4008 3148 4062 latus
3162 4007 3492 4079 perfodiens

1881 4096 1997 4150 vita
2014 4096 2276 4168 privavit.
2303 4096 2467 4160 Quod
2486 4113 2729 4152 cernens
2744 4095 3043 4168 junior,ad
3055 4097 3488 4154 Childebertum

1881 4202 1941 4240 se
1971 4186 2240 4255 contulit;
2280 4189 2338 4241 et
2376 4186 2618 4242 suffusus
2647 4187 2918 4259 lacrymis
2940 4187 3127 4261 specie
3150 4187 3489 4257 miserabili,

1883 4274 2074 4346 patrui
2094 4274 2384 4329 inhaerens
2406 4275 2678 4347 vestigiis,
2705 4292 2872 4331 orare
2897 4277 3151 4344 veniam,
3177 4293 3242 4333 ac
3273 4282 3336 4333 ut
3364 4279 3489 4334 ani-

1885 4380 2047 4417 mum
2081 4363 2185 4418 sibi
2214 4364 2366 4435 regis
2392 4363 2626 4419 Clotarii
2644 4365 3017 4421 conciliatum
3034 4367 3304 4422 redderet
3322 4368 3489 4423 obse-

1883 4452 2250 4507 crare.Motus
2272 4452 2366 4507 ille
2384 4452 2758 4508 miseratione
2788 4455 3032 4510 fratrem
3064 4455 3486 4527 deprecabatur

1882 4544 1947 4597 ut
1972 4544 2192 4596 natura;
2206 4541 2697 4612 contemplatione
2716 4543 3155 4611 molliretiram,
3176 4544 3488 4618 nepotique

1879 4633 2165 4701 parceret,
2196 4647 2369 4705 supra
2399 4630 2546 4685 iram
2575 4631 2931 4687 constituens
2953 4633 3046 4703 jus
3073 4636 3313 4689 naturae.
3348 4635 3491 4690 Pro-

1882 4719 2152 4774 mittebat
2170 4719 2344 4774 etiam
2377 4735 2553 4790 sepro
2571 4720 2740 4791 hujus
2770 4720 2853 4776 rei
2880 4721 3263 4777 vicissitudine
3276 4723 3491 4777 beneﬁ-

1879 4807 2032 4861 cium
2064 4809 2222 4881 quod
2255 4809 2375 4880 ipse
2396 4810 2567 4864 vellet
2618 4824 3088 4879 recompensare.
3140 4809 3241 4864 Cui
3266 4810 3531 4866 fraterz'

1885 4920 1912 4947 ‹‹
1946 4897 2097 4952 Dum
2132 4900 2216 4966 tu,
2250 4897 2455 4971 inquit,
2485 4898 2653 4968 hujus
2676 4900 2811 4951 tacti
2860 4897 3125 4951 minister
3179 4897 3390 4967 existis,
3425 4904 3488 4954 ut

1880 4987 2018 5059 quid
2040 4978 2307 5043 misereri
2334 4989 2477 5042 velle
2507 4992 2559 5043 te
2580 4986 2844 5042 simulas?
2863 4985 3010 5050 Quin
3031 4986 3221 5057 potius
3240 5002 3486 5057 puerum

1880 5079 1988 5130 ate
2015 5078 2361 5148 expelle,aut
2386 5092 2490 5147 pro
2513 5092 2581 5131 eo
2614 5091 2863 5131 morere.
2919 5093 2952 5127 »
3012 5074 3222 5128 veritus
3249 5074 3477 5130 Childe-

1878 5164 2077 5218 bertus
2107 5164 2281 5218 verba
2310 5163 2523 5234 fratris,
2558 5182 2663 5219 nec
2689 5164 2812 5237 ejus
2838 5165 3055 5230 valens,
3110 5163 3228 5218 imo
3260 5164 3482 5232 nolens,

1878 5252 2169 5308 contraire
2190 5252 2746 5325 voluntati,puerum
2767 5272 2801 5309 a
2822 5272 2882 5310 se
2898 5252 3331 5326 repulit.'Quem
3357 5254 3484 5310 Clo-

1877 5342 2054 5398 tarius
2078 5359 2145 5397 eo
2170 5357 2286 5414 quo
2310 5341 2553 5395 fratrem
2581 5342 2724 5411 ejus,
2761 5343 3059 5399 interemit
3102 5342 3299 5400 modo.
3334 5342 3484 5399 Reli-

1875 5448 2019 5502 quus
2050 5430 2147 5502 qui
2179 5431 2479 5501 supererat
2498 5446 2528 5483 e
2567 5430 2859 5499 fratribus,
2881 5432 3010 5486 vita:
3033 5434 3222 5505 potius
3238 5450 3303 5489 ac
3318 5432 3485 5490 saluti

1878 5535 2055 5591 quam
2071 5534 2251 5589 regno
2271 5516 2547 5580 intentus,
2564 5521 2835 5590 prompta
2854 5517 3267 5578 ﬁdissimorum
3283 5523 3483 5579 sibifa-

1876 5606 2170 5661 mulorum
2198 5621 2305 5677 ope
2340 5622 2489 5674 usus,
2544 5605 2685 5678 fuga
2735 5621 2796 5659 se
2843 5605 3059 5662 exemit
3109 5610 3388 5681 periculo.
3420 5596 3482 5667 Ei

1877 5710 2095 5752 nomen
2126 5694 2461 5753 Clodoaldo.
2492 5693 2598 5762 Qui
2619 5699 2820 5771 postea
2856 5691 3094 5752 clericus
3120 5697 3324 5769 factus,
3350 5718 3484 5776 pre-
