3862 6210
484 405 549 465 75
1544 400 1808 458 AlMOlNl
1839 399 2148 456 MONACHI
2170 398 2680 458 FLORIACENSIS'

3625 415 3709 470 676

445 533 750 604 sbyterque
773 528 1092 590 ordinatus,
1117 525 1290 598 digne
1314 528 1399 579 est
1421 528 1806 580 conversatus.
1832 525 1898 577 Et
1920 524 2045 577 vitae
2068 529 2123 587 Α
2147 523 2368 594 legatos
2392 525 2465 578 ad
2495 528 2746 579 castrum
2780 525 3146 596 Caprariam,
3206 531 3267 582 ut
3321 527 3423 583 sibi
3450 530 3580 586 cives
3606 550 3714 607 ape-

447 622 625 676 finem
662 618 914 684 sortitus,
967 615 1246 670 Noviento
1273 613 1407 668 villa
1436 612 1711 667 territorii
1753 613 2050 667 Parisiacae

449 707 604 762 urbis
623 707 897 780 sepultus,
932 704 1130 759 multis
1175 703 1592 757 miraculorum
1615 700 1794 770 signis
1824 702 1968 754 caelo
1991 717 2050 753 se

446 797 634 852 vivere
655 795 928 850 declarat.
947 793 1228 848 Clotarius
1243 789 1618 856 autem,nutri
1629 789 1716 844 liis
1737 804 2049 860 puerorum

443 885 662 958 pariter
685 883 811 939 neci
841 882 1086 948 traditis,
1121 897 1356 936 ascenso
1386 895 1556 951 equo,
1589 878 1661 933 ab
1699 894 1766 932 eo
1817 877 2052 932 recessit

446 973 572 1027 loco
604 988 720 1026 una
771 987 902 1025 cum
935 971 1068 1024 suis.
1123 970 1280 1023 Tunc
1324 966 1578 1022 Clotildis
1608 965 1811 1036 regina
1859 966 2052 1020 ablata

445 1046 726 1115 nepotum
752 1042 1087 1114 corpuscula
1107 1040 1381 1096 condiens
1403 1036 1842 1103 aromatibus,in
1869 1037 2048 1091 sancti

447 1131 597 1186 Petri
625 1131 856 1186 basilica
876 1129 1010 1185 fecit
1029 1130 1289 1184 humare.

1048 1218 1272 1274 CAPUT
1297 1219 1429 1272 Xlll.

729 1308 811 1362 De
839 1305 1312 1376 Langobardorum
1341 1307 1550 1375 origine
1571 1311 1619 1358 et
1642 1306 1821 1374 gestis.

510 1393 898 1451 Theodericus
924 1393 1528 1449 autem'l‘heodeberto
1553 1391 1668 1446 lilio
1687 1408 1788 1446 suo
1809 1391 2052 1461 despon-

445 1486 531 1540 dit
557 1501 816 1551 uxorem,
838 1483 1116 1538 vocabulo
1132 1481 1548 1553 Wisegardam,
1565 1477 2052 1534 ﬂliamWachonis

442 1573 596 1645 regis
634 1571 1169 1644 Langobardorum.
1197 1569 1298 1624 llic
1326 1571 1486 1624 locus
1511 1585 1616 1623 nos
1641 1568 1937 1634 admonet,
1962 1565 2048 1620 in-

445 1671 710 1726 termissa
738 1669 1036 1743 paululum
1059 1670 1259 1738 cmptm
1301 1666 1382 1722 rei
1414 1667 1579 1732 serie,
1611 1665 1911 1720 exordium
1945 1681 2050 1718 nos

444 1760 614 1831 hujus
624 1757 878 1830 pandere
901 1757 1109 1827 gentis,
1127 1759 1185 1809 et
1199 1755 1490 1827 praeterita
1501 1757 1656 1808 retro
1676 1757 1945 1824 tempora
1965 1769 2048 1806 re-

2150 615 2324 678 riant,
2360 611 2576 683 dirigit.
2611 613 2920 667 Deutlieria
2963 629 3096 668 vero
3137 614 3342 669 mulier
3359 617 3552 672 nobilis
3577 625 3710 677 etsa-

2150 700 2332 770 piens,
2361 701 2522 771 cujus
2552 701 2636 754 vir
2665 701 2736 754 ad
2761 701 3099 770 prazdictam
3120 703 3320 757 urbem
3336 709 3556 775 propter
3571 707 3712 764 hosti-

2152 787 2267 840 lem
2313 787 2620 842 transierat
2662 787 2980 855 incursum,
3027 789 3416 845 Theodeberto
3460 795 3712 851 mandavit

2151 874 2308 944 quod
2333 875 2566 930 veniens
2588 891 2721 930 cum
2751 891 2891 946 pace
2939 877 3336 948 susciperetur.
3379 878 3493 942 Quo
3528 882 3706 938 adven-

2153 965 2331 1028 tante,
2351 963 2446 1018 illa
2475 964 2527 1018 ei
2551 963 2778 1018 obviam
2805 967 2888 1018 est
2914 980 3230 1035 progressa.
3261 966 3426 1037 Cujus
3443 969 3610 1039 specie
3629 989 3705 1026 rex

2153 1055 2370 1123 captus,
2404 1067 2504 1106 suo
2536 1067 2666 1106 eam
2697 1052 2995 1123 conjunxit
3021 1056 3222 1108 stratu.

2755 1140 2978 1195 CAPUT
3016 1141 3146 1194 XIV.

2473 1228 2556 1281 De
2587 1228 2913 1283 T/ieodorica
2945 1235 2994 1281 et
3027 1229 3396 1284 Theodeberta.

2223 1317 2284 1368 lu
2318 1315 2518 1371 diebus
2539 1316 3066 1382 illisTbeodoricus,
3093 1317 3434 1388 Sigivaldum
3451 1323 3706 1390 parentem

2153 1421 2319 1458 suum
2354 1404 2620 1458 occidens
2650 1403 2866 1476 gladio,
2898 1405 3046 1459 clam
3065 1405 3706 1462 mandavitTheodeberto

2154 1495 2216 1547 ut
2241 1492 2421 1546 filium
2455 1494 2596 1564 ejus,
2629 1492 2725 1564 qui
2761 1509 2876 1547 una
2915 1510 3044 1548 cum
3077 1510 3146 1547 eo
3180 1493 3342 1562 ierat,
3373 1495 3705 1554 interimeret.

2153 1581 2266 1636 Sed
2291 1581 2406 1647 ille,
2459 1598 2526 1636 eo
2558 1581 2712 1652 quod
2755 1581 2917 1635 illum
2963 1581 3033 1636 de
3086 1598 3246 1636 sacro
3292 1583 3446 1636 fonte
3490 1583 3706 1646 levasset,

2153 1669 2390 1723 ostensis
2423 1668 2675 1741 paternis
2729 1668 2930 1724 litteris
2957 1669 3158 1740 fugam
3191 1669 3380 1738 suasit,
3413 1669 3579 1724 donec
3605 1674 3707 1742 post

2151 1760 2402 1812 mortem
2431 1757 2609 1828 patris
2640 1757 2761 1828 ipso
2793 1762 3076 1830 regnante
3091 1757 3164 1812 ad
3192 1775 3324 1814 eum
3350 1762 3702 1814 reverteretur.

445 1846 746 1902 tractando
774 1843 1312 1917 repetere;maxime
1329 1858 1458 1897 cum
1489 1841 2045 1914 praeelaraquzedam
2078 1847 2130 1907 B
2151 1845 2256 1910 Qui
2286 1846 2513 1916 fugiens
2531 1845 2684 1916 apud
2710 1845 2934 1901 Latium
2955 1846 3143 1901 latuit.
3167 1848 3300 1902 Post
3317 1847 3434 1901 haec
3454 1845 3708 1900 nuntiatur

445 1936 797 1990 Francorum
829 1936 990 2002 gesta
1021 1932 1078 1985 in
1106 1931 1352 1986 llistoria
1372 1929 1788 1986 contineantur
1825 1929 2047 2000 Longo-

442 2023 780 2078 bardorum.
815 2020 1002 2075 Winili
1021 2019 1216 2091 igitur,
1247 2020 1343 2092 qui
1369 2023 1426 2074 et
1446 2018 1837 2090 Langobardi,
1863 2019 1935 2073 ab
1956 2019 2046 2072 in-

436 2112 560 2165 sula
599 2109 941 2176 Germanitp,
965 2127 1093 2182 quae
1133 2108 1514 2163 Scandinavia
1544 2107 1772 2174 dicitur,
1807 2107 2042 2179 egressi,

439 2199 575 2254 Ibor
595 2215 660 2254 ac
688 2199 871 2254 Aione
886 2198 1142 2264 ducibus,
1166 2197 1468 2269 regionem
1483 2213 1610 2268 qua:
1635 2196 1953 2267 Scoringua
1966 2196 2046 2250 di-

441 2288 609 2351 citur,
639 2287 799 2360 quasi
827 2287 1139 2342 habitaturi
1153 2289 1285 2340 sunt
1309 2285 1570 2356 ingressi.
1585 2287 1666 2340 De
1681 2301 1791 2356 qua
1808 2288 2046 2357 propter

437 2375 618 2431 victus
633 2376 938 2448 penuriam
959 2375 1112 2430 exire
1135 2374 1436 2446 compulsi,
1457 2373 1877 2428 transieruntin
1893 2374 2041 2428 Mau-

435 2464 664 2536 ringua.
697 2463 860 2518 Unde
892 2462 1188 2534 progressi
1217 2462 1626 2516 habitaverunt
1655 2461 1713 2515 in
1741 2462 2038 2516 Gollanda.

436 2552 787 2623 Mortuisque
801 2549 1270 2620 ducibus,regem
1284 2549 1389 2604 sibi
1407 2551 1544 2621 Agel
1556 2549 1838 2604 mundum
1859 2550 2040 2605 ﬁlium

438 2638 637 2694 Aionis
669 2637 828 2692 ducis
857 2640 1202 2704 statuerunt,
1235 2637 1332 2708 qui
1378 2653 1483 2708 per
1509 2637 1748 2708 triginta
1778 2641 1836 2691 et
1865 2638 2039 2694 trium

443 2726 726 2783 curricula
752 2742 1044 2781 annorum
1073 2725 1184 2780 illis
1213 2725 1460 2797 praefuit.
1514 2724 1614 2779 Cui
1645 2725 1912 2780 successit
1938 2727 2040 2782 La-

438 2816 655 2872 missio.
694 2815 1034 2870 Lamissioni
1065 2833 1295 2888 quoque
1336 2817 1536 2870 Letliu.
1574 2818 1706 2870 Post
1736 2815 1920 2870 Lethu
1949 2833 2039 2872 re-

443 2907 642 2980 gnavit
666 2906 958 2960 Hildehoc.
993 2904 1116 2969 Quo
1171 2905 1466 2973 defuncto,
1498 2905 1731 2976 quintus
1774 2906 2042 2960 Gudehoc

437 3010 688 3066 regnum
715 2992 980 3064 suscepit.
1013 2992 1229 3048 Deinde
1242 2997 1371 3064 post
1390 3009 1670 3064 pugnam,
1697 3010 1872 3065 quam
1893 2993 2043 3048 inter

2144 1933 2541 1988 Theodeberto
2570 1937 2796 2004 patrem
2829 1935 3082 2004 graviter
3133 1937 3430 2004 tegrotare.
3461 1933 3557 1998 Qui
3580 1937 3703 2004 post-

2147 2021 2342 2094 positis
2367 2021 2586 2075 cazteris
2612 2023 2782 2076 rebus
2809 2039 2876 2076 eo
2925 2023 3134 2090 tendit,
3167 2023 3465 2078 Deutheria
3491 2028 3704 2076 Arverno

2145 2110 2363 2164 relicta.
2389 2109 2775 2164 Theodorieus
2787 2110 2964 2178 enim,
2983 2127 3115 2165 cum
3137 2112 3260 2182 jam
3286 2109 3480 2182 viginti
3498 2113 3706 2181 quatuor

2146 2197 2313 2252 annis
2325 2214 2569 2268 regnum
2586 2197 2879 2266 tenuisset,
2895 2198 3011 2252 vita
3031 2199 3335 2266 decedens,
3356 2197 3703 2252 Theodeberto

2145 2285 2262 2340 filio
2289 2285 2484 2340 sedem
2503 2287 2593 2339 sui
2626 2285 2858 2359 reliquit
2887 2287 3072 2357 regni.
3109 2286 3238 2354 Qui,
3271 2288 3584 2342 mansuetus
3600 2301 3707 2338 cun-

2145 2374 2250 2428 ctis
2289 2376 2460 2446 atque
2513 2374 2825 2442 modestus,
2863 2375 3100 2445 juintiaa
3152 2391 3379 2448 quoque
3418 2374 3518 2428 fuit
3558 2375 3706 2426 cultor

2145 2463 2428 2534 egregius.
2481 2463 2907 2534 Consurgentes
2955 2480 3090 2518 vero
3141 2463 3525 2518 Childebertus
3567 2464 3704 2533 atque

2146 2549 2427 2604 Clotarius
2455 2567 2584 2605 eum
2617 2567 2796 2620 regno
2824 2551 3037 2622 pellere
3079 2550 3271 2605 conati
3293 2553 3440 2604 sunt.
3472 2548 3606 2612 Quos
3633 2547 3708 2600 de-

2143 2638 2404 2692 mulcens
2446 2639 2539 2692 ille
2590 2655 2838 2710 regnum
2881 2638 3166 2710 sagaciter
3191 2640 3430 2710 recepit;
3462 2637 3704 2707 missoque

2144 2727 2369 2794 nuntio,
2394 2727 2762 2782 Deutheriam
2791 2728 2863 2782 ab
2893 2729 3151 2782 Arverno
3203 2743 3456 2792 evocans,
3485 2725 3576 2780 sibi
3602 2739 3703 2778 eam

2143 2814 2200 2870 in
2235 2815 2670 2870 matrimonium
2705 2815 3011 2887 copulavit.
3056 2815 3314 2871 Cernens
3361 2814 3704 2870 Childebertus

2144 2903 2295 2974 quod
2329 2920 2460 2958 eum
2494 2905 2545 2958 vi
2577 2904 2681 2958 sibi
2721 2903 2966 2958 subdere
3016 2905 3303 2976 nequiret,
3352 2903 3586 2958 amicitia
3619 2899 3702 2954 sibi

2143 2991 2291 3044 necti
2315 2991 2677 3046 commodius
2691 2991 2869 3061 duxit,
2889 2992 3346 3064 accersitumque
3358 2989 3644 3063 triplicibus
3654 3003 3704 3040 ex

443 3083 762 3138 Odoacrem
785 3081 1175 3136 etFeletheum
1190 3081 1359 3136 fuisse
1378 3081 1654 3153 superiori
1679 3098 2040 3136 commemo-
2067 3097 2113 3160 α
2146 3079 2306 3134 omni
2333 3079 2666 3152 supellectili
2695 3098 2797 3136 sua
2817 3082 3180 3138 ornamentis
3209 3081 3456 3137 donavit.
3478 3075 3701 3133 Givaldus

439 3171 690 3225 ravimus
721 3170 934 3237 libello,
968 3168 1208 3240 profecti
1249 3168 1611 3240 Langobardi
1645 3169 1715 3223 de
1763 3169 2043 3224 Gollanda

438 3261 822 3330 pervenerunt
841 3257 899 3311 in
923 3257 1229 3329 Rugiland,
1254 3273 1381 3328 qua:
1410 3257 1606 3311 Latine
1628 3257 1921 3328 Rugorum
1947 3274 2044 3329 pa-

436 3347 548 3402 tria
577 3346 801 3402 dicitur.
831 3345 974 3400 Nam
1001 3345 1127 3399 land
1156 3346 1353 3416 lingua
1377 3345 1821 3413 Germanorum,
1855 3347 2042 3419 patria

439 3436 649 3491 dicitur
675 3435 848 3490 verbo
863 3434 1220 3490 Latinorum.
1249 3435 1530 3505 Exemplo
1545 3438 1737 3488 autem
1769 3435 2041 3490 humanis

441 3525 614 3580 rebus
642 3523 932 3591 Gudehoc,
961 3521 1225 3578 successit
1250 3522 1300 3576 ci
1323 3522 1472 3576 filius
1498 3521 1696 3578 Claffo.
1715 3523 2038 3578 Decedente

436 3629 667 3686 quoque
689 3611 964 3668 Claﬂ‘one.
982 3612 1122 3666 Tato
1145 3627 1390 3682 regnum
1415 3611 1614 3665 tenuit.
1635 3609 1756 3674 Quo
1776 3615 2038 3684 tempore

435 3700 826 3772 Langobardi,
855 3700 1054 3755 relicta
1096 3700 1398 3770 Rugorum
1427 3697 1635 3771 patria,
1665 3702 1949 3754 venerunt
1979 3699 2038 3754 in

435 3788 654 3861 campis
689 3789 1040 3861 patentibus,
1099 3788 1199 3859 qui
1248 3802 1519 3841 sermone
1548 3785 1852 3842 barbarico
1908 3787 2042 3858 felth

435 3877 822 3950 appellantur,
837 3878 1288 3946 manseruntque
1306 3873 1406 3930 ibi.
1429 3873 1553 3937 Quo
1575 3874 1712 3928 dum
1733 3874 2042 3930 demoran-

435 3963 850 4032 tur,Badulfus,
879 3961 1540 4022 rexHerulorumedus
1553 3961 1707 4032 quod
1727 3979 1860 4017 cum
1881 3965 2044 4020 Tato-

427 4069 501 4114 ne
513 4051 817 4124 pepigerat
827 4051 1248 4121 irrumpens,eo
1263 4049 1419 4120 quod
1430 4054 1794 4120 compererat
1805 4051 2044 4108 fratrem

433 4155 602 4204 suum
627 4154 1023 4216 germanuma
1049 4137 1166 4191 filia
1196 4132 1846 4195 Tatonisnefandissime
1865 4141 2042 4198 inter-

437 4237 725 4307 emptum,
756 4227 975 4284 bellum
1017 4224 1069 4279 ei
1123 4224 1336 4282 intulit.
1370 4225 1483 4281 Sed
1527 4226 1645 4298 ipse
1677 4244 1806 4283 cum
1839 4230 1952 4285 suis
2009 4249 2044 4287 a

437 4315 833 4392 Longobardis
861 4316 1180 4386 superatus,
1227 4312 1342 4368 vita
1374 4314 1590 4386 pariter
1639 4320 1698 4372 et
1743 4333 1926 4392 regno
1957 4324 2042 4375 est

2145 3171 2362 3235 autem,
2397 3169 2666 3240 Sigivaldi
2701 3169 2848 3223 Illius
2878 3169 3119 3224 audiens
3145 3169 3586 3224 Tlieodeberlum
3605 3166 3704 3219 loco

2143 3257 2321 3328 patris
2336 3273 2604 3328 regnare,
2631 3257 2702 3311 ad
2721 3275 2853 3312 eum
2877 3257 3067 3312 rediit.
3094 3258 3280 3324 Quem
3299 3275 3394 3313 rex
3418 3255 3703 3312 .leosculaus

2123 3348 2376 3422 .cunctas
2407 3345 2458 3399 ei
2503 3349 2774 3416 paternas
2816 3344 3066 3400 restituit
3111 3347 3489 3412 hmreditates,
3525 3345 3640 3399 data
3662 3335 3701 3393 ei

2143 3432 2313 3487 tertia
2325 3450 2500 3492 exom
2511 3434 2676 3487 nibus
2689 3450 2816 3506 qua:
2832 3451 2865 3488 a
2885 3438 3092 3506 patruo
3107 3437 3404 3507 acceperat
3416 3429 3702 3488 muneribus

2140 3525 2326 3593 parte.
2348 3521 2558 3576 Verum
2576 3523 2890 3578 Deutheria
2909 3539 3155 3578 cernens
3173 3525 3348 3580 filiam
3369 3539 3539 3588 suam,
3560 3533 3700 3591 quam

2140 3625 2205 3664 ex
2239 3609 2416 3681 priori
2449 3615 2778 3682 susceperat
2806 3611 2950 3679 viro,
2971 3613 3137 3668 valde
3169 3614 3443 3679 adultam,
3467 3611 3626 3665 verita
3647 3621 3701 3659 ne

2143 3714 2322 3769 arege
2335 3699 2856 3770 concupisceretur,
2878 3699 3140 3756 vehiculo
3156 3701 3477 3775 impositam
3499 3694 3704 3754 indomi-

2141 3787 2327 3859 tisque
2359 3787 2540 3842 bobus
2571 3791 2813 3842 tractam
2843 3789 2996 3860 apud
3027 3789 3345 3844 Virdunum
3387 3789 3454 3843 de
3478 3787 3630 3860 ponte
3656 3781 3700 3836 in

2143 3875 2356 3931 Mosam
2373 3875 2718 3947 praecipitari
2739 3876 2930 3948 jussit.
2967 3877 3100 3932 Erat
3124 3895 3300 3951 porro
3327 3875 3702 3933 Theodebcrtus

2145 3977 2244 4016 rex
2256 3961 2486 4034 egregie
2500 3965 3116 4035 moratus.Agnoseens
3129 3981 3262 4020 vero
3275 3963 3426 4036 quod
3438 3955 3700 4016 Deutheria

2146 4067 2332 4114 suam,
2360 4054 2424 4105 ut
2439 4051 2778 4122 przrdictum
2810 4054 2916 4119 est,
2943 4051 3329 4107 interemisset
3350 4052 3540 4120 filiam,
3561 4061 3700 4116 repu-

2149 4137 2302 4192 diata
2333 4138 2474 4210 ipsa,
2504 4139 2876 4210 Visegardam
2908 4138 3119 4194 iterum
3152 4141 3258 4196 sibi
3284 4138 3522 4196 sociavit.

2768 4229 2990 4284 CAPUT
3027 4228 3133 4282 XV.

2453 4315 2535 4388 De
2565 4313 2833 4370 Belisarii
2859 4316 3071 4388 reliquis
3099 4317 3432 4373 successibus.

439 4378 714 4484 privatus.
748 4404 932 4459 Tanta
961 4404 1157 4457 autem
1195 4405 1583 4460 consternatio
1610 4421 1676 4460 ac
1732 4378 1842 4478 (ιιιυ
1855 4407 2039 4462 verius
2063 4388 2115 4447 D
2185 4387 2386 4484 _P°“'°
2413 4387 2854 4484 Βοξξδίξνίυεροδί
2873 4378 3153 4484 ίηξδίγιιιπι
3173 4406 3344 4460 quem
3379 4388 3446 4442 de
3475 4378 3697 4484 Yanda“:

440 4491 1228 4570 dicam)ment_ium_ali_enatio
1249 4492 1372 4564 ejus
1395 4493 1601 4570 invasit
1613 4496 1947 4570 exercitum,
1976 4501 2038 4552 ut

433 4563 646 4627 virides
673 4568 915 4638 segetes,
943 4563 1047 4618 lini
1104 4563 1357 4636 campos,
1418 4564 1662 4620 ﬂumina
1713 4567 2036 4624 crederent.

438 4661 706 4732 Dumque
736 4653 973 4712 brachia
1002 4651 1164 4725 quasi
1185 4652 1437 4708 nataturi
1457 4655 1855 4723 extenderent,
1889 4673 1923 4710 a
1943 4674 2039 4712 su-

375 4797 400 4818 .
435 4743 1034 4824 pervenientibussine
1076 4742 1410 4797 difﬁcultate
1449 4743 1824 4800 caedebantur
1859 4747 2036 4802 hosti-

435 4837 936 4898 bus.lrruitautem
961 4848 1131 4904 super
1169 4830 1472 4886 Tationem
1525 4832 1733 4888 Wacho
1756 4833 2038 4891 filiusfra-

431 4930 536 4986 tris
551 4927 633 4983 sui
644 4923 1084 4993 :interfectoque
1101 4919 1213 4988 eo,i
1220 4934 1318 4990 pse
1324 4919 1448 4990 jam
1463 4923 1692 4976 octavus
1703 4939 1876 4994 super
1887 4924 2034 4980 Lon-

434 5015 722 5090 gobardos
737 5026 984 5083 regnum
1003 5007 1390 5078 tenuit.Huius
1405 5007 1582 5063 filiam
1593 5052 1606 5077 ,
1622 5012 1684 5064 ut
1695 5011 2036 5082 praedictum

433 5109 540 5175 est,
568 5101 956 5160 Theodorieus
997 5097 1116 5154 filio
1149 5113 1252 5152 suo
1277 5097 1678 5154 'l‘heodeberto
1700 5099 2031 5173 despondit.

434 5196 620 5260 Quam
663 5193 756 5247 ille
779 5191 910 5262 post
929 5190 1182 5242 mortem
1207 5185 1386 5258 patris
1401 5186 1756 5259 relinquens,
1790 5189 2033 5248 Denthe-

429 5285 579 5340 riam
608 5278 853 5337 Romani
869 5276 1100 5349 generis
1115 5276 1396 5332 feminam
1426 5277 1532 5331 hac
1551 5277 1621 5331 de
1664 5294 1834 5334 causa
1875 5279 2036 5338 duxit

432 5387 692 5428 uxorem:
712 5371 862 5425 Dum
873 5365 1458 5438 Gothi,postmortem
1472 5365 1949 5434 Clodovei,multa
1961 5370 2032 5426 de

430 5461 521 5517 his
536 5475 668 5531 quae
687 5457 808 5529 ipse
823 5457 902 5510 eis
932 5453 1248 5509 abstulerat
1282 5454 1683 5525 pervasissent,
1713 5456 2034 5514 Theodori-

431 5563 531 5603 eus
556 5545 1020 5601 Theodebertum
1043 5541 1224 5596 filium
1245 5559 1412 5598 suum
1443 5542 1516 5598 ad
1546 5559 1615 5598 ea
1638 5547 2034 5618 recuperanda

433 5630 860 5698 direxit.Quiad
881 5627 2031 5711 urbemBiturislal.,Biterrisjaccendens,

2142 4478 2204 4529 ut
2255 4491 2426 4548 supra
2477 4475 2746 4544 diximus,
2804 4476 2956 4547 apud
3025 4475 3569 4547 Constantinopolim
3604 4467 3694 4538 egit

2139 4563 2521 4636 triumphum,
2545 4563 2784 4619 intimus
2804 4565 3125 4620 amicorum
3151 4564 3452 4621 Iustiniani
3471 4554 3695 4635 principis

2139 4651 2924 4725 habebatur.Et,astipulante
2939 4654 3147 4725 prioris
3158 4653 3442 4710 societatis
3453 4659 3696 4722 praeroga-

2140 4739 2272 4808 tiva,
2295 4757 2426 4796 cum
2446 4741 2599 4796 inter
2613 4741 2829 4812 primos
2845 4745 3198 4797 secretorum
3218 4741 3460 4796 arbitros
3482 4738 3589 4810 ipse
3601 4730 3693 4805 pri-

2139 4845 2268 4884 mus
2281 4829 2674 4898 accersiretur,
2693 4832 3009 4885 multorum
3024 4835 3228 4886 contra
3241 4828 3612 4885 seinvidorum
3626 4835 3696 4874 cx-

2137 4917 2330 4972 citavit
2348 4917 2544 4972 corda.
2565 4916 2670 4981 Qui
2687 4917 2948 4974 dolentes
2963 4919 3229 4974 uberiore
3243 4920 3399 4974 illum
3416 4915 3608 4990 pollere
3620 4923 3695 4980 p0-

2136 5005 2572 5078 tentia,sibiquc
2591 5005 2934 5078 deputantes
2946 5007 3010 5063 of
3009 5009 3176 5062 [icere
3191 5007 3250 5062 in
3271 5024 3382 5080 quo
3396 5005 3484 5060 ille
3501 4998 3698 5075 profice-

2139 5099 2246 5164 ret,
2265 5095 2425 5168 quasi
2439 5095 2633 5150 salutis
2650 5094 2884 5150 Cresaris
2897 5095 3144 5164 solliciti,
3157 5096 3360 5151 crebro
3377 5094 3426 5148 ei
3440 5083 3696 5148 denuntia-

2134 5185 2276 5240 bant
2293 5207 2312 5231 ι
2342 5183 2412 5237 ab
2432 5182 2654 5238 insidiis
2671 5183 2923 5239 Belisarii
2941 5184 3064 5240 fore
3083 5183 3418 5239 cavendum.
3435 5180 3597 5246 Quem
3612 5170 3693 5229 nisi

2133 5273 2238 5346 ipsi
2295 5271 2666 5328 simulatione
2715 5271 2989 5328 fidelioris
3036 5271 3258 5329 consilii
3305 5262 3692 5326 revocavissent,

2125 5361 2456 5434 jamdulum
2471 5361 2725 5416 Belisarii
2739 5361 2932 5433 gladio
2948 5361 3317 5416 interfectum
3332 5355 3692 5414 Iustinianum,

2131 5467 2494 5523 regnumque
2529 5450 2771 5523 indigno
2821 5450 3038 5505 lunredi
3086 5449 3494 5505 vacuefactum.
3547 5463 3571 5492 »
3619 5436 3693 5492 Hi3

2133 5553 2304 5622 atque
2333 5548 2664 5621 hujusmodi
2693 5547 2992 5620 regiorum
3031 5547 3365 5615 satellitum,
3412 5559 3504 5600 seu
3548 5536 3692 5594 etiam

2131 5637 2456 5714 primorum
2469 5637 2666 5712 palatii
2679 5636 3042 5693 sermonibus
3050 5637 3337 5711 Augustus
3345 5624 3692 5708 perinvidiam
