3862 6210
453 387 559 447 679

1553 378 1818 446 ᾹΙΜΟΙΝῙ
1850 386 2165 448 MONACHI
2195 387 2686 447 FLORIACENSIS

3607 411 3688 466 680

459 511 718 567 miserat.
751 507 926 581 Hujus
946 508 1220 582 praecepti
1249 510 1517 566 tenorem
1535 511 1824 584 suscipens
1845 511 2050 567 Belisa-
2071 517 2128 578 Α
2157 514 2362 568 contra
2375 511 2710 566 violentiam
2726 509 3002 565 imbrium
3028 515 3279 569 conlecta
3294 516 3690 589 clypeis,miseri-

457 597 1614 671 rius:«Ego,inquit,voluntatiprincipum
1635 601 1919 655 contraire
1944 617 2059 656 non

455 689 830 756 audens,licet
850 687 1080 754 invitus,
1100 686 1419 757 jussionem
1435 689 1865 759 adimpleo.Sed
1895 689 2062 760 hujus

452 777 816 832 machinator
835 775 1061 832 sceleris
1084 775 1230 830 iram
1247 793 1362 830 non
1385 776 1618 846 elt'ugiet
1628 776 1840 846 judicis
1857 782 2062 832 cuncta

454 865 800 922 cernentis.»
829 864 1168 920 Subornatis
1190 864 1382 935 itaque
1410 865 1649 919 testibus
1679 866 1778 936 qui
1800 866 2062 920 dicerent

455 955 739 1010 domnum
769 970 980 1026 papam
1006 952 1204 1007 Gothis
1232 953 1520 1007 civitatem
1567 953 1852 1025 simulque
1883 955 2060 1025 patri-

459 1043 610 1098 cium
641 1041 871 1096 tradere
905 1039 1168 1107 voluisse,
1194 1041 1386 1112 jussus
1413 1045 1497 1095 est
1517 1046 1870 1113 praesentare
1899 1059 1957 1096 se
1987 1043 2060 1095 ad

449 1131 812 1188 audientiam
838 1131 898 1186 in
927 1129 1204 1201 palatium
1231 1131 1602 1202 principis.Et
1631 1131 2056 1202 ingredientem

453 1236 586 1276 cum
627 1221 750 1276 solo
777 1219 980 1290 Vigilio
1011 1219 1306 1274 Antonina
1336 1220 1576 1290 patricia
1605 1219 1682 1272 sic
1706 1219 2017 1291 alloquitur
2042 1235 2055 1273 :

451 1331 480 1358 ‹‹
516 1307 635 1376 Dic,
669 1307 886 1362 domne
909 1307 1130 1374 Silveri,
1158 1307 1572 1378 quidfecimus,
1610 1310 1674 1361 ut
1691 1324 1796 1362 nos
1827 1307 2056 1362 tradere

449 1395 511 1451 in
539 1413 744 1451 manus
771 1395 1089 1450 Gothorum
1118 1397 1326 1451 velles?
1359 1417 1386 1443 ››
1426 1395 1633 1451 Adhuc
1664 1411 1733 1449 ea
1762 1396 2053 1467 loquente,

450 1486 741 1558 ingressus
769 1483 1440 1552 Joannes,subdiaconus
1467 1484 1829 1555 regionarius
1854 1485 2058 1557 primae

449 1573 758 1642 sedis,tulit
789 1572 1028 1645 pallium
1071 1573 1142 1627 de
1187 1573 1333 1628 collo
1383 1573 1506 1644 ejus
1553 1572 1852 1644 induitquc
1904 1577 2056 1628 veste

461 1662 804 1718 monastica.
838 1661 945 1725 Qui
966 1661 1119 1732 apud
1151 1661 1416 1716 Pontiam
1447 1661 1696 1715 insulam
1717 1660 1775 1715 in
1799 1661 2057 1716 exsilium

462 1753 774 1822 relegatus,
827 1749 969 1804 inibi
1017 1749 1310 1804 confessor
1345 1749 1459 1804 vita
1513 1748 1770 1803 decessit.
1827 1748 2060 1820 Vigilius

2145 601 2412 656 cordiam
2466 598 2695 654 Domini
2740 598 3133 670 efflagitatum
3171 601 3322 658 humi
3351 613 3688 681 prosternitur,

2165 693 2337 760 utque
2353 687 2726 744 moderatiori
2743 705 2918 760 quam
2941 689 3302 746 merebantur
3307 693 3691 772 yindictzepogna

2161 777 2476 832 ferirentur
2508 780 2770 842 exorant,
2815 775 3099 848 Quodque
3142 779 3502 839 admirabilius
3519 791 3605 854 est,
3648 792 3689 845 in

2164 867 2364 921 castris
2388 864 2622 920 Cletarii
2641 881 2746 919 nec
2772 865 3007 936 spiritus
3035 866 3192 921 ﬂavit
3221 870 3382 937 venti,
3412 889 3506 928 nec
3530 876 3690 947 pluvia:

2162 954 2366 1010 cecidit
2399 956 2584 1026 gutta,
2613 969 2719 1008 nec
2750 954 2866 1007 ulla
2891 969 3122 1025 prorsus
3148 959 3527 1015 coruscationis
3551 980 3688 1036 appa-

2158 1047 2402 1098 ruerunt
2433 1043 2620 1112 signa.
2641 1041 2786 1095 Tum
2813 1041 3177 1114 demum,qui
3201 1052 3692 1107 venerantextermio

2162 1135 2388 1193 natum,
2417 1131 2638 1201 legatos
2667 1129 2954 1185 miserunt
2979 1131 3054 1185 ad
3084 1132 3406 1202 Clotarium,
3437 1138 3520 1208 qui
3534 1157 3690 1210 pacem

2157 1222 2430 1290 peterent
2463 1219 2764 1289 foedusque
2791 1223 3132 1290 perpetuum
3184 1221 3404 1276 inirent.
3439 1224 3578 1288 Quod
3623 1230 3691 1282 ille

2155 1307 2350 1361 volens
2374 1306 2739 1372 concessit,et
2768 1292 2846 1359 ex‘
2868 1305 3162 1378 utriusque
3185 1311 3447 1365 exercitus
3465 1328 3692 1369 consensu

2157 1391 2429 1465 utrinque
2458 1393 2794 1448 discessum.
2831 1395 2914 1448 Ita
2947 1395 3208 1465 precibus
3237 1397 3348 1450 Deo
3378 1397 3692 1456 devotissimze

2156 1481 2648 1548 mulieris,matris
2679 1480 2946 1536 videlicet
2959 1483 3176 1550 suae,ab
3194 1483 3501 1540 imminenti
3518 1486 3692 1558 piaculo

2155 1569 2328 1622 simul
2359 1573 2418 1624 et
2444 1569 2680 1624 interitu
2710 1569 2918 1624 fratres
2976 1571 3182 1643 erepti,
3213 1571 3457 1628 immane
3504 1575 3692 1642 facinus,

2157 1657 2314 1728 quod
2343 1660 2537 1712 mente
2556 1659 3202 1728 conceperant,explere
3222 1661 3468 1732 permissi
3480 1679 3581 1718 non
3591 1667 3690 1718 sunt

2157 1745 2334 1800 Fuere
2349 1747 2613 1818 plerique
2645 1746 3270 1823 lasti,quihusplacebat
3286 1751 3568 1806 concordia
3599 1769 3692 1824 ger-

449 1855 586 1894 vero
628 1840 688 1894 in
716 1837 1032 1910 pontificali
1059 1837 1191 1892 sede
1231 1836 1460 1892 resedit.
1491 1838 1704 1894 Iterato
1760 1837 2058 1892 Belisarius
2081 1825 2133 1886 Β
2157 1833 2474 1892 manitatis.

451 1945 584 1983 cum
634 1927 878 2000 Withige
898 1943 1034 1998 rege
1063 1926 1379 1981 Gothorum
1417 1925 1718 1990 dimicans,
1745 1926 2055 1982 exercitum

446 2017 569 2088 ejus
597 2016 852 2071 maxima
869 2015 1025 2070 caede
1055 2014 1439 2083 labefactavit,
1471 2015 1778 2088 ipsumque
1822 2020 2055 2088 captum

453 2103 1015 2176 Constantinopolim
1042 2103 1408 2176 triumphans
1436 2103 1720 2176 perduxit.

1045 2245 1270 2301 CAPUT
1293 2245 1482 2300 XVIII.

511 2351 596 2408 De
633 2351 964 2409 Childeberto
994 2370 1114 2423 rege
1137 2359 1186 2407 et
1218 2352 1365 2407 beato
1418 2353 1690 2409 Germano
1720 2355 1978 2424 episcopo.

513 2461 725 2514 Verum
777 2459 1172 2514 Childebertus
1192 2475 1291 2514 rex
1321 2459 1697 2528 Francorum,
1758 2460 1934 2516 ascito
1993 2461 2052 2515 in

447 2547 718 2602 auxilium
737 2547 1157 2614 Theodeberto,
1186 2546 1516 2602 Theoderici
1531 2547 1668 2614 ﬁlio,
1691 2551 1901 2620 nepote
1919 2565 2051 2603 suo-

445 2634 720 2689 adversus
768 2633 1082 2689 Clotarium
1112 2633 1352 2688 fratrem
1379 2651 1544 2689 suum
1578 2639 1938 2706 pugnaturus
1967 2637 2050 2692 ire

447 2721 743 2793 disposuit.
793 2722 1033 2776 Nuntius
1063 2722 1136 2776 ad
1167 2721 1514 2778 Cblotildem
1566 2727 1818 2778 matrem
1847 2741 2048 2796 supra-

445 2809 732 2864 dictornm
759 2813 1033 2882 properat
1046 2826 1252 2881 regum
1274 2812 1424 2883 (qua:
1439 2814 1570 2866 tunc
1593 2812 1839 2867 Parisius
1862 2830 2048 2869 mora-

449 2897 642 2968 batur)
672 2915 930 2952 asserens
958 2901 1229 2970 utrosque
1254 2915 1568 2970 germanos
1597 2901 1803 2956 fratres
1832 2901 1891 2955 in
1917 2919 2044 2956 mu-

442 2988 604 3042 tuam
633 2986 949 3062 perniciem
980 2988 1258 3042 exercitus
1288 2989 1543 3044 adunare
1580 2989 2036 3046 multitudinem.

441 3075 565 3140 Quo
583 3079 902 3146 comperto,
937 3079 1126 3132 mater
1145 3076 1394 3131 filiorum
1417 3079 1730 3133 condolens
1746 3079 2039 3150 nequitiai,

2778 1922 3002 1978 CAPUT
3037 1925 3166 1980 XIX.

2536 2012 2621 2067 De
2651 2011 2862 2082 reliquis
2896 2011 3224 2069 Childeberti
3245 2018 3414 2084 gestis.

2226 2098 2624 2154 Childebertus
2651 2104 2846 2154 autem
2875 2103 3097 2174 rex,qui
3113 2104 3485 2158 anterioribus
3496 2106 3549 2158 ut
3565 2120 3691 2174 supe

2153 2187 2269 2242 rius
2300 2187 2655 2242 declaratum
2687 2191 2790 2254 est,
2812 2189 2981 2243 annis
2995 2190 3328 2262 Hispaniam
3357 2191 3692 2261 ingressusTo-

2153 2275 2332 2329 letum
2351 2275 2553 2330 urbem
2567 2277 3145 2346 ceperat,Clotarium
3169 2278 3405 2334 fratrem
3427 2295 3693 2346 suum,cum

2154 2380 2268 2435 quo
2299 2364 2487 2419 foedus
2517 2365 2868 2434 firmaverat,
2903 2366 3232 2422 sollicitavit
3262 2369 3320 2423 in
3345 2368 3686 2438 adjumentum

2155 2453 2273 2520 sui;
2307 2468 2442 2523 quo,
2466 2452 2588 2522 ejus
2603 2452 2783 2506 fretus
2801 2453 3094 2520 societate,
3117 2455 3380 2510 eamdem
3399 2454 3691 2528 provinciam

2152 2539 2258 2594 sibi
2273 2540 2614 2594 subacturus
2640 2541 3210 2612 aggrederetur.Quo
3223 2559 3353 2598 cum
3386 2543 3556 2597 valido
3571 2556 3693 2596 exer-

2151 2627 2294 2684 citus
2322 2629 2670 2683 adventante
2699 2631 3130 2700 supplemento,
3165 2631 3375 2686 viribus
3402 2628 3690 2702 conjunctis,

2151 2715 2646 2788 Caesaraugustam
2680 2733 2856 2789 usque
2894 2722 3280 2774 accesserunt.
3313 2720 3356 2772 Λ
3385 2719 3534 2790 cuius
3575 2717 3695 2771 urbis

2147 2803 2392 2875 ingressi
2422 2804 3090 2875 prohibiti.obsidionem
3127 2807 3476 2862 adoriuntur.
3508 2807 3568 2860 Et
3589 2805 3695 2860 resi-

2146 2892 2430 2947 stentibus
2451 2892 2912 2964 oppidanis,cum
2935 2911 3170 2950 summa
3202 2895 3252 2949 vi
3271 2895 3521 2968 utrinque
3537 2893 3692 2948 decer-

2145 2981 2642 3046 neretur,tandem
2659 2981 2928 3050 Hispani,i
2938 2998 3038 3052 psa
3058 2982 3372 3040 obsidionis
3387 2981 3694 3053 dispositione

2143 3071 2200 3120 et
2222 3068 2574 3122 Francorum
2595 3069 2771 3124 feroci
2792 3071 3085 3140 perterriti
3114 3070 3688 3139 animositate,animos

440 3163 690 3218 materni
713 3163 948 3218 affectus
967 3166 1284 3236 prmstricla
1303 3168 1744 3232 necessitudine,
1771 3169 1845 3222 ad
1857 3169 2037 3240 sepul-

2147 3171 2176 3210 ει
2197 3157 2394 3226 proelio
2427 3164 2946 3226 revocaverunt,ac,
2961 3163 3084 3214 tota
3105 3161 3320 3216 mentis
3347 3157 3693 3215 intentionead

436 3267 599 3306 crum
611 3251 791 3306 sancti
813 3252 1033 3306 Martini
1055 3257 1426 3324 properat,et,
1451 3257 1836 3328 lacrymarum
1853 3257 2042 3312 effun-

439 3340 582 3395 dens
614 3341 880 3410 ﬂumina,
898 3342 1221 3398 orationem
1241 3343 1392 3399 fudit
1409 3345 1483 3399 ad
1507 3346 1821 3401 Dominum
1844 3347 1903 3402 in
1916 3347 2040 3402 [ιωο

435 3429 608 3485 verba
635 3445 649 3485 :
693 3453 720 3480 ι(
762 3430 806 3485 Ο
832 3431 1006 3494 bone,
1033 3431 1241 3504 inquit,
1273 3433 1424 3500 Jesu,
1457 3434 1556 3505 qui
1585 3435 1877 3490 discordes
1928 3437 2039 3492 ele-

434 3521 771 3573 mentorum
791 3535 986 3575 cursus
1014 3519 1231 3576 fcedere
1271 3525 1469 3578 sancto
1500 3523 1818 3593 consocias,
1837 3527 1898 3578 tu
1919 3524 2034 3580 fra-

439 3609 741 3674 tres,malo
763 3607 1061 3664 discordiae
1078 3611 1459 3682 temerantesj
1470 3628 1573 3666 ura
1587 3613 1895 3680 naturm,in
1915 3613 2038 3668 uni-

431 3696 616 3751 tatem
642 3713 796 3768 pams
829 3697 1021 3752 redire
1042 3698 1314 3753 concede.
1365 3699 1479 3754 Nec
1517 3699 1661 3754 mihi
1705 3701 1856 3756 obsit
1879 3702 2036 3774 quod

434 3785 578 3840 tales
597 3784 773 3857 genui
802 3786 888 3840 vel
919 3786 1098 3842 etiam
1125 3785 1359 3841 educavi
1385 3786 1482 3858 qui
1521 3787 1799 3859 ignorent
1825 3790 2035 3846 fratres

433 3877 490 3928 et
503 3873 738 3929 affectus
751 3874 1008 3930 nesciant
1023 3877 1918 3946 propinquorum.lnteremerint
1932 3896 2035 3952 pa-

435 3963 616 4028 truos,
632 3961 1026 4032 jugulaverint
1067 3968 1326 4035 nepotes,
1359 3981 1477 4020 non
1527 3967 1726 4020 tamen
1759 3984 1826 4023 eo
1859 3985 2034 4040 usque

435 4049 562 4104 fore
579 4050 1291 4121 processurosexistimavi,
1328 4057 1388 4108 ut
1407 4053 1562 4126 quod
1582 4054 1703 4109 nati
1729 4061 1861 4111 sunt
1889 4058 2033 4112 obli-

435 4135 816 4192 viscerentur.
837 4137 919 4190 Tu
949 4139 1148 4206 modo,
1179 4141 1549 4212 omnipotens
1583 4144 1772 4204 Pater,
1803 4144 1901 4217 qui
1931 4163 2032 4201 na-

432 4227 579 4278 turaa
593 4227 794 4280 auctor
811 4227 984 4296 atque
1006 4227 1620 4299 arbiteres,honestum
1639 4231 1792 4288 inter
1811 4250 2035 4305 germa-

429 4327 537 4367 nos
565 4328 850 4386 compone
887 4319 1121 4388 pactum
1151 4335 1165 4387 ;
1191 4321 1250 4372 tu
1265 4321 1693 4392 perturbatores
1743 4323 1898 4394 pacis
1935 4340 2034 4394 po-

2143 3245 2353 3299 Christi
2387 3247 2846 3302 misericordiam
2889 3249 3331 3318 implorandum
3359 3247 3612 3314 conversi,
3633 3263 3694 3299 as-

2141 3334 2379 3406 sumptis
2401 3335 2660 3389 crucibus
2683 3351 2815 3390 cum
2833 3337 3032 3392 litania
3050 3354 3289 3393 murum
3312 3337 3693 3394 obambulantes

2137 3421 2378 3477 circuire
2409 3425 2726 3494 coeperunt.
2758 3424 2921 3488 Quod
2948 3441 3122 3497 reges
3151 3430 3468 3493 cernentes,
3509 3420 3696 3495 aliquod

2139 3510 2485 3566 maleﬁcium
2516 3528 2614 3566 eos
2639 3512 2904 3568 exercere
2924 3513 3199 3586 suspicati
3223 3517 3375 3582 sunt,
3405 3517 3695 3586 captumque

2137 3600 2453 3672 quemdam
2497 3617 2562 3655 ex
2594 3600 2818 3656 rusticis
2856 3601 3156 3658 sollicitius
3201 3603 3552 3674 interrogant
3573 3597 3696 3668 cujus

2135 3688 2432 3760 religionis
2461 3689 2818 3745 habitatores
2841 3690 3086 3746 civitatis
3118 3695 3334 3761 essent,
3359 3695 3455 3746 aut
3481 3687 3602 3761 quid
3625 3701 3691 3740 ur-

2135 3779 2272 3834 bem
2299 3778 2711 3834 circumeundo
2741 3780 3217 3850 priecantationis
3235 3779 3507 3853 agerent?
3527 3775 3695 3840 Quibus

2136 3867 2264 3922 ille:
2289 3889 2317 3919 ‹‹
2350 3867 2529 3934 Cives,
2564 3868 2664 3938 ait,
2722 3868 3030 3924 Christiani
3079 3873 3250 3938 sunt;
3281 3886 3432 3925 nunc
3447 3872 3504 3922 ut
3527 3864 3598 3921 sui
3618 3861 3697 3917 mi-

2137 3960 2395 4012 sereatur
2433 3957 2716 4012 Dominus
2757 3961 3066 4014 exorant.»
3101 3958 3207 4015 Cui
3234 3975 3426 4031 reges:
3452 3953 3605 4020 Vade,
3629 3951 3694 4006 in-

2136 4046 2458 4119 quiunt,dic
2490 4047 2760 4121 episcOpo
2789 4047 2944 4103 urbis
2975 4051 3040 4102 ut
3071 4049 3148 4103 ad
3181 4065 3290 4104 nos
3321 4047 3457 4103 nihil
3471 4043 3692 4100 hzesitans

2133 4137 2345 4192 veniat.
2379 4158 2406 4187 »
2442 4138 2626 4202 Quem
2681 4137 3090 4192 advenientem
3123 4138 3517 4194 Childebertus
3542 4131 3693 4188 taliter

2133 4225 2446 4297 alloquitur
2473 4242 2485 4280 :
2525 4247 2553 4276 ‹‹
2585 4225 3164 4298 Οὺνίεῐὶειηωῄηᾳυὶὶ,
3183 4226 3548 4299 religionisac
3567 4219 3696 4276 unius

2132 4314 2250 4370 veri
2281 4315 2382 4369 Dei
2413 4330 2510 4370 vos
2531 4318 2914 4386 agnoscentes
2943 4331 3064 4370 esse
3087 4317 3362 4381 cultores,
3389 4326 3600 4386 parcere
3615 4323 3688 4360 vo-

430 4399 629 4456 tentias
647 4404 758 4456 tuae
779 4403 988 4459 virtute
1015 4404 1266 4462 deterre.
1299 4427 1330 4460 »
1358 4409 1466 4464 Has
1491 4409 1652 4465 illam
1701 4427 1900 4483 preces
1925 4427 2029 4482 pro
2051 4401 2106 4462 D
2131 4403 2216 4458 bis
2247 4403 2664 4470 decrevimus,si
2692 4419 2990 4458 assensum
3006 4408 3224 4460 nostra:
3251 4402 3508 4476 petitioni
3535 4400 3693 4483 1M!"

427 4491 702 4546 natorum
723 4493 904 4548 salute
926 4493 1268 4551 fundentem
1289 4498 2028 4572 audivi.0mnipotens,coe-

425 4579 583 4652 lique
611 4583 819 4651 aparte
851 4599 1056 4638 serena
1083 4584 1356 4644 intonuit.
1391 4588 1533 4643 Nam
1561 4589 1844 4644 Clotarlus
1877 4591 2027 4663 peri-

423 4669 683 4725 culosum
713 4673 870 4728 ratus
900 4673 1202 4730 adversum
1227 4676 1473 4732 duorum
1495 4681 1800 4751 potentum
1825 4696 2023 4750 regum

422 4759 614 4832 copias
635 4761 831 4832 praelio
873 4762 1204 4833 decernere,
1255 4765 1590 4838 confugium
1632 4767 1690 4822 in
1718 4768 2026 4826 Aureliano

421 4866 594 4924 pago,
623 4850 682 4905 in
703 4853 828 4906 loco
851 4851 947 4924 qui
970 4852 1250 4908 Combros
1272 4853 1498 4924 dicitur,
1533 4855 1683 4924 fecit,
1714 4857 1898 4912 donec
1929 4861 2029 4913 aut

421 4939 650 4994 animus
677 4956 814 5012 erga
833 4956 892 4994 se
922 4940 1170 4996 fratrum
1189 4943 1576 5016 tranquillior,
1599 4950 1698 5000 aut
1717 4945 1822 5001 sibi
1849 4947 1920 5002 ad
1943 4963 2030 5002 re-

428 5027 750 5083 sistendum
783 5028 962 5084 virtus
987 5031 1386 5086 numerosiore
1429 5049 1667 5088 suorum
1695 5051 1896 5103 manu,
1927 5036 2026 5108 qui

408 5115 539 5188 jam
547 5115 790 5188 jamque
809 5117 1042 5172 aﬂ'uturi
1061 5119 1594 5188 credebantur,esse
1605 5125 1626 5176 t
1639 5123 2028 5194 paratior.Ma-

410 5205 510 5278 jor
529 5207 724 5260 autem
753 5221 882 5278 spes
909 5207 1032 5278 ejus
1055 5206 1115 5261 in
1149 5207 1366 5264 Christi
1389 5209 1622 5266 Domini
1651 5211 1861 5267 virtute
1886 5229 2028 5268 con-

419 5293 672 5361 sistebat;
705 5311 836 5350 cum
867 5311 998 5350 ecce
1029 5297 1239 5367 subito,
1279 5297 1339 5352 in
1371 5299 1496 5354 loco
1545 5317 1659 5370 quo
1715 5301 2026 5358 adversarii

421 5387 610 5438 castra
638 5384 906 5456 ﬁxerant,
938 5386 1226 5442 matutino
1253 5387 1356 5442 sub
1387 5391 1652 5459 tempore
1680 5390 1878 5446 audita
1893 5397 2028 5448 sunt

417 5471 680 5527 tonitrua
711 5472 960 5544 mugire,
992 5473 1207 5529 imbres
1237 5492 1428 5544 ruere,
1467 5477 1714 5548 Fulgura
1757 5496 1888 5536 vero
1920 5497 2026 5553 per

415 5559 698 5634 procellas
723 5561 948 5632 dejecta
971 5563 1224 5618 tentoria
1253 5581 1480 5638 rupere,
1499 5583 1790 5640 equosque
1819 5586 2023 5626 eorum

422 5647 486 5713 in
517 5647 762 5726 diversa
804 5653 1069 5720 egerunt.
1103 5652 1280 5708 Porro
1328 5653 1592 5711 militaris
1630 5674 1856 5728 manus,
1888 5659 2023 5717 solis

2129 4492 2400 4548 antistitis
2423 4492 2482 4546 in
2493 4493 2601 4548 hoc
2624 4494 2747 4548 loco
2769 4493 3259 4564 fungerisofﬁcio,
3291 4482 3694 4565 przebens,nobis

2129 4582 2310 4637 sancti
2355 4578 2636 4638 Vincéntii
2683 4583 2952 4654 reliquias
3009 4585 3350 4652 contuleris,
3384 4581 3476 4654 qui
3521 4579 3570 4634 in
3617 4576 3698 4630 hac

2130 4679 2291 4746 urbe,
2328 4683 2390 4733 ut
2419 4681 2732 4734 multorum
2785 4679 3082 4734 sinceritas
3142 4684 3208 4735 et
3235 4680 3459 4751 signata
3492 4667 3694 4730 veritatis

2129 4769 2303 4824 verba
2335 4773 2640 4837 testantur,
2673 4769 2914 4824 eximius
2969 4770 3138 4824 levita
3171 4769 3404 4824 enituit.
3429 4788 3456 4820 θ
3484 4759 3697 4822 Pontifex

2131 4857 2212 4911 nil
2245 4860 2522 4927 moratus,
2548 4857 2810 4928 ejusdem
2838 4857 3242 4930 inclytilcvitae
3262 4875 3328 4912 ac
3353 4853 3602 4924 martyris
3614 4852 3697 4901 slo-

2129 4947 2248 5000 lam
2278 4946 2508 5016 regibus
2541 4946 2921 5011 oll'ert.Quam
2940 4947 3022 5000 illi
3055 4946 3361 5018 condigne
3376 4946 3580 5000 honore
3606 4952 3696 4991 sus-

2129 5034 2428 5106 cipientes,
2481 5034 2847 5091 obsidionem
2869 5035 3036 5106 juxta
3089 5035 3446 5107 promissum
3495 5025 3696 5115 solvunt:

2130 5124 2198 5178 Et
2221 5123 2511 5178 devastata
2541 5124 2703 5179 omni
2739 5123 3052 5196 provincia,
3085 5140 3222 5179 cum
3237 5122 3434 5196 spoliis
3458 5112 3700 5188 etingenti

2127 5213 2325 5286 praeda
2357 5213 2617 5270 nativum
2649 5217 2923 5286 repetunt
2952 5217 3168 5274 solum.

2751 5304 2976 5360 CAPUT
3013 5306 3116 5360 XX.

2123 5390 2208 5447 De
2236 5392 2536 5450 Gothorum
2565 5411 2750 5464 regum
2775 5411 2808 5448 a
2837 5396 2950 5451 suis
2976 5410 3120 5463 nece,
3145 5401 3201 5450 et
3225 5383 3701 5450 ChildebertiFral'

2655 5500 2840 5539 eorum
2859 5485 2997 5554 regis
3023 5485 3206 5554 gestis.

2198 5572 2331 5627 Post
2343 5572 2696 5629 Amalricum
2719 5575 2936 5642 autem,
2959 5572 3230 5629 Theodus
3245 5569 3538 5646 Hispanias
3554 5558 3703 5622 tenuit

2135 5660 2258 5731 Quo
2283 5662 2998 5738 interfecto,Theudegilus
3010 5663 3414 5720 successit.Hic
3437 5662 3566 5720 dum
3582 5655 3700 5710 inter
