3862 6210
162 375 235 429 681
1192 367 1517 428 HISTORIA
1543 366 1990 428 FRANCORUM.
2022 400 2094 411 —
2116 368 2246 427 LIB.
2280 370 2358 427 II.

3359 346 3468 432 682

162 498 470 555 cenandum
498 497 802 554 alacritate
846 497 999 553 ultra
1028 495 1263 552 solitum
1314 496 1513 560 utitur,
1546 496 1755 552 exstin-
1779 502 1835 563 Α
1857 512 1986 551 cum
2020 512 2090 553 eo
2120 496 2406 551 exsultans
2457 460 2765 549 celebravit
2796 494 3030 553 Pascha.
3058 493 3345 552 Gloriosus
3388 502 3471 554 et-

162 588 477 644 ctiscereisa
507 588 625 643 suis
653 586 933 642 occiditur
961 590 1020 641 et
1037 585 1202 658 Agila
1227 603 1476 658 regnum
1490 584 1753 658 arripuit.

161 677 289 731 Gothi
314 692 447 732 vero
470 677 604 746 jam
630 676 771 731 olim
792 676 995 731 vitium
1028 676 1136 729 hoc
1180 675 1238 729 in
1270 672 1755 730 consuetudinem

160 768 409 819 verterunt
456 768 539 831 ut,
565 765 707 819 dum
764 764 845 818 eis
875 780 972 818 rex
1012 762 1287 834 proprius
1313 761 1688 834 displicuerit,
1726 779 1760 816 a

164 853 250 907 suis
272 853 661 908 interimatur.
689 852 896 906 Verum
920 851 1319 907 Childebertus
1345 853 1642 922 acceptam
1666 850 1760 905 be-

166 940 224 994 ati
246 940 523 995 Vincentii
546 940 753 995 stolam
789 940 1038 995 Parisius
1066 938 1272 1007 defert,
1297 939 1760 1010 mdificatamque

167 1028 259 1083 solo
282 1031 448 1083 tenus
481 1027 784 1082 basilicam
816 1026 1041 1082 nomini
1072 1027 1332 1098 ejusdem
1364 1026 1545 1081 sancti
1576 1027 1760 1081 levita:

168 1133 216 1171 ac
242 1115 500 1188 martyris
529 1116 785 1170 dedicari
817 1116 975 1171 fecit.
1004 1117 1066 1170 In
1116 1132 1230 1187 qua
1280 1132 1396 1170 non
1451 1114 1759 1170 minimam

167 1221 398 1259 vasorum
424 1207 681 1275 partem,
706 1220 835 1277 qum
866 1221 1000 1259 eum
1032 1221 1067 1259 a
1092 1204 1291 1260 Toleto
1324 1206 1645 1275 asportasse
1676 1220 1764 1258 su-

167 1310 248 1366 pra
269 1294 743 1360 memoravimus,
769 1310 901 1348 cum
928 1293 1111 1366 capsis
1143 1292 1602 1365 evangeliorum,
1634 1294 1761 1346 cru-

168 1398 238 1435 ces
261 1397 484 1454 quoque
535 1381 765 1436 mirifici
800 1382 991 1452 operis
1022 1381 1250 1454 aliaque
1304 1380 1543 1436 devotus
1572 1380 1762 1435 excel-

168 1468 451 1524 lentissima
479 1469 726 1524 contulit
750 1485 1015 1524 munera.

752 1556 976 1613 CAPUT
1004 1558 1135 1615 XXI.

341 1644 423 1699 De
455 1645 803 1699 Theodeberti
830 1647 890 1699 in
920 1644 1142 1702 Italiam
1171 1645 1525 1717 expeditione.

220 1732 579 1788 Childeberto
601 1733 797 1804 itaque
828 1749 959 1788 cum
982 1734 1160 1789 fratre
1192 1734 1441 1790 Clotario
1474 1734 1760 1807 Hispania:

1860 585 2022 641 enim
2044 585 2102 640 in
2120 585 2329 641 sanctis
2348 585 2498 639 Deus
2518 582 2742 639 assidue
2763 583 2870 639 sibi
2884 582 3126 655 placitos
3148 583 3466 641 mirificans

1858 674 2125 740 famulos,
2146 673 2276 728 huic
2295 672 2530 743 egregio
2547 670 2699 727 Patri
2719 672 3088 727 excellentius
3109 671 3467 745 casterisjure

1860 762 2107 833 praebuit
2128 762 2240 816 iter
2264 761 2337 816 ad
2362 778 2421 815 se
2452 760 2847 833 perveniendi,
2875 760 3066 834 qui,in
3094 762 3349 816 convalle
3372 778 3471 833 po-

1861 849 1999 904 situs
2028 850 2437 921 lacrymarum,
2473 848 2834 904 escensiones
2888 848 3163 904 virtutum
3196 849 3254 904 in
3295 851 3468 906 corde

1862 936 2221 1009 disposuerat
2241 954 2364 1005 suo,
2386 938 2599 992 scalam
2620 937 2815 1005 Jacob,
2836 953 2939 1009 per
2951 954 3127 1010 quam
3150 939 3467 995 ascenden-

1862 1028 1945 1080 tes
1959 1025 2148 1097 angeli
2168 1025 2472 1081 monstrati
2490 1026 2763 1094 sunt,suis
2783 1042 3112 1098 proponens
3134 1027 3467 1083 sectandam

1861 1113 2218 1186 sequacibus.
2241 1116 2301 1169 In
2326 1114 2485 1186 cujus
2501 1118 2719 1182 autem,
2742 1117 2807 1169 ut
2820 1132 2961 1187 pace
2985 1115 3471 1191 omniumloquar

1861 1205 2215 1270 sanctorum,
2238 1220 2356 1258 non
2390 1202 2578 1257 dicam
2603 1201 2892 1274 martyris,
2912 1219 3111 1258 verum
3137 1206 3195 1259 et
3224 1206 3468 1276 apostoli

1863 1289 2132 1353 transitu,
2160 1294 2280 1346 tam
2334 1290 2657 1346 innumeris
2704 1294 2940 1363 tamque
3000 1291 3175 1347 divini
3228 1291 3469 1365 fulgoris

1864 1379 2175 1450 splendens
2222 1379 2491 1452 apparuit
2543 1379 2633 1435 via
2674 1379 3057 1435 luminaribus
3107 1380 3467 1455 vestibusque

1863 1470 2069 1521 ornata
2097 1468 2467 1539 nuptialibus.
2502 1468 2696 1540 Neque
2726 1468 2882 1524 enim
2910 1469 2967 1523 in
3000 1486 3067 1525 eo
3100 1470 3241 1525 calle
3270 1471 3467 1526 textile

1862 1555 2217 1611 credendum
2266 1560 2352 1612 est
2402 1557 2733 1630 apparuisse
2783 1558 3044 1629 pallium,
3087 1576 3202 1632 quo
3234 1562 3466 1616 teternce

1861 1642 2312 1714 incorruptionis
2342 1645 2703 1715 migrabatur
2733 1647 2806 1701 ad
2836 1664 3106 1719 regnum.

1934 1730 2021 1785 Nil
2045 1746 2219 1802 porro
2252 1730 2586 1787 mirandum
2615 1733 2782 1788 hunc'
2812 1734 3017 1790 divinae
3050 1736 3295 1792 latorem
3326 1738 3468 1810 legis

165 1823 323 1891 partes
347 1821 750 1892 aggrediente,
770 1821 1221 1890 Theodebertus,
1240 1822 1579 1877 Theoderici
1610 1823 1762 1895 regis
1788 1827 1840 1887 B
1859 1817 2010 1872 hanc
2027 1817 2086 1872 in
2111 1819 2504 1890 assumptione
2532 1819 2763 1891 spiritus
2788 1822 3172 1892 promeruisse
3195 1826 3463 1896 gloriam,

163 1908 304 1975 illius,
333 1913 802 1964 memoratarum
825 1925 1005 1980 nepos
1031 1926 1258 1982 regum,
1284 1910 1342 1965 in
1376 1910 1597 1966 Italiam
1628 1928 1760 1967 cum

159 1998 388 2052 maxime
407 2013 651 2051 suorum
671 1997 928 2069 equitatu
948 1998 1249 2053 contendit
1269 2015 1513 2072 eamque
1527 2000 1599 2054 ab
1611 1999 1761 2073 Alpi-

158 2084 245 2139 bus
262 2100 439 2156 usque
461 2084 535 2139 ad
558 2085 989 2140 maritimorum
1011 2086 1262 2141 confinia
1279 2088 1540 2142 locorum
1564 2103 1761 2159 perva-

156 2176 300 2243 gatus
322 2172 697 2227 tributariam
723 2172 911 2228 effecit
935 2176 992 2227 et
1008 2174 1080 2228 ad
1104 2175 1338 2247 propria
1359 2175 1611 2229 reditum
1634 2192 1758 2230 ma-

156 2263 332 2317 turans
379 2262 754 2316 Bucellenum
803 2262 1008 2316 ducem
1041 2263 1113 2318 ad
1141 2264 1579 2334 pervadendum
1620 2260 1760 2318 Sici-

152 2349 271 2405 liam
301 2353 357 2405 et
386 2350 619 2421 reliqua
650 2350 825 2404 Italize
878 2350 1129 2406 ﬁnitima
1183 2352 1435 2424 reliquit.
1471 2352 1599 2422 Qui,
1630 2352 1763 2423 Tyr.

150 2440 316 2495 rheno
344 2440 497 2494 mari
525 2440 923 2506 transfretato,
946 2439 1199 2495 Siciliam
1222 2440 1479 2495 maxima
1499 2457 1567 2496 ex
1596 2442 1761 2512 parte

158 2528 384 2599 subegit,
428 2530 733 2598 castraque
763 2528 850 2581 vel
883 2528 1053 2582 urbes
1112 2528 1287 2582 Italia:
1324 2529 1662 2601 pervadens,
1695 2546 1763 2584 ex

158 2616 579 2686 subjugatarum
608 2614 800 2685 praada
835 2616 1139 2671 nationum
1166 2617 1334 2672 xenia
1361 2617 1760 2672 Theodeberto

157 2704 411 2759 mittebat
447 2703 596 2774 regi.

750 2791 973 2847 CAPUT
1003 2793 1157 2848 XXII.

631 2878 715 2934 De
745 2887 929 2936 sancto
960 2880 1248 2935 Benedicto
1263 2926 1275 2938 .

207 2969 387 3040 Hujus
397 2967 680 3042 principis
698 2969 1079 3040 temporibus,
1101 2987 1134 3024 a
1146 2969 1607 3025 Cinnomannica
1622 2970 1763 3026 urbe

1863 1904 2365 1978 quicorruptibilis
2388 1906 2571 1961 adhuc
2595 1907 3058 1965 circumamictus
3070 1913 3324 1982 tegmine
3348 1930 3467 1968 car-

1860 1993 1968 2062 nis,
1998 1992 2172 2048 tantis
2201 1994 2413 2049 effulsit
2452 1995 2865 2050 miraculorum
2915 1996 3117 2068 signis,
3153 2003 3215 2052 ut
3243 1999 3350 2053 nisi
3380 1999 3465 2055 vir

1857 2084 1981 2137 toto
1999 2082 2340 2137 venerabilis
2363 2083 2525 2151 orbe,
2539 2098 2691 2154 papa
2707 2083 2969 2139 videlicet
2987 2085 3315 2159 Gregorius,
3342 2089 3464 2160 ejus

1861 2173 2007 2224 esset
2032 2170 2161 2224 vitae
2192 2170 2408 2225 relator
2434 2170 2722 2243 simulque
2751 2176 3003 2229 assertor
3032 2173 3295 2243 eximius,
3327 2192 3461 2248 pro-

1859 2258 2085 2314 fectoab
2100 2258 2776 2332 inﬁdelibusquibusdam
2793 2262 3072 2318 mirandis
3085 2263 3465 2337 derogaretur

1861 2346 2328 2405 actibus.Verum
2352 2351 2414 2403 ut
2438 2359 2779 2420 praeteream
2801 2350 2956 2421 quod
2988 2350 3174 2406 adhuc
3191 2356 3463 2425 puerulus

1862 2451 2124 2490 eremum
2142 2435 2310 2508 petiit
2330 2435 2864 2509 intrepidus,quod,
2885 2440 2947 2493 ut
2968 2438 3203 2510 quidam
3224 2446 3463 2515 propter

1861 2524 2050 2596 ipsum
2077 2522 2159 2578 ait
2185 2523 2432 2596 sapiens,
2452 2541 2559 2580 nec
2586 2525 2859 2581 Martinus
2884 2530 3005 2582 toto
3037 2528 3371 2586 nominatus
3400 2531 3461 2587 in

1864 2611 2002 2667 orbe
2023 2611 2221 2667 fecisse
2242 2612 2764 2684 dignoscitur,illud
2777 2618 2931 2671 certe
2946 2631 3061 2670 non
3076 2617 3467 2675 omittendum

1863 2700 2037 2771 quod,
2060 2704 2190 2771 post
2204 2700 2545 2773 multiplicia
2567 2702 2983 2758 charismatum
3007 2704 3162 2760 dona
3182 2706 3253 2761 ab
3282 2708 3471 2763 omni-

1865 2791 2099 2859 potente
2120 2788 2227 2844 sibi
2252 2806 2542 2857 concessa,
2562 2790 2745 2846 tribus
2758 2791 3250 2861 admirandis,nec
3263 2797 3472 2853 saeculo

1865 2879 2037 2931 antea
2055 2877 2319 2949 cognitis,
2340 2880 2569 2950 resplen
2580 2878 2703 2934 duit
2722 2879 3033 2940 miraculis.
3052 2883 3112 2937 In
3127 2898 3196 2938 eo
3219 2901 3472 2958 namque

1865 2965 2021 3037 quod
2035 2967 2155 3021 solo
2171 2965 2382 3021 intuitu
2400 2966 3473 3047 ligatisolvitvincularustici,quodque

150 3058 389 3129 legatiad
409 3056 962 3112 castrumCassinum
979 3058 1243 3128 profecti,
1259 3058 1651 3114 beatissimum
1668 3061 1769 3114 Pa-
1789 3067 1839 3130 ο
1866 3055 1970 3109 sub
1997 3058 2324 3124 momento,
2338 3056 2501 3128 quasi
2527 3057 2630 3112 sub
2656 3058 2791 3113 solis
2810 3058 2998 3127 radio,
3026 3060 3322 3118 universus
3337 3066 3472 3118 ante

150 3148 288 3201 trem
328 3146 726 3213 Benedictum,
756 3148 887 3217 post
903 3146 1280 3211 eremiticam,
1300 3152 1362 3201 ut
1384 3147 1766 3218 praemisimus

147 3235 317 3289 vitam
348 3235 410 3289 in
433 3235 532 3289 illo
562 3236 764 3288 sancto
796 3233 1107 3305 degentem
1133 3235 1420 3303 eoenobio,
1446 3235 1767 3307 omnigeua

147 3325 537 3395 peposcerunt
552 3338 745 3395 prece,
767 3325 831 3376 ut
846 3321 1051 3377 fratres
1072 3322 1131 3376 in
1149 3322 1473 3378 monastica
1487 3324 1766 3396 probatos

148 3412 582 3466 conversatione
635 3410 710 3465 ad
765 3409 1148 3465 occidentales
1177 3410 1454 3483 dirigeret
1481 3415 1695 3483 partes,
1728 3429 1763 3467 a

148 3499 348 3568 quibus
360 3499 635 3570 lenijugo
655 3499 870 3570 regulae.
884 3497 993 3553 illis
1009 3498 1081 3553 ab
1094 3499 1108 3552 i
1116 3516 1217 3571 pso
1234 3499 1465 3577 traditas
1474 3499 1764 3555 Gallicana

146 3589 487 3644 subderetur
515 3587 900 3645 cervicositas.
937 3586 1045 3651 Qui
1093 3588 1348 3659 gratanti
1390 3588 1587 3644 animo
1619 3589 1761 3644 dile-

146 3679 297 3731 ctum
318 3695 490 3733 suum
514 3676 859 3748 discipulum
882 3676 1139 3731 Maurum
1157 3677 1231 3732 ad
1253 3677 1356 3732 bas
1377 3682 1602 3733 nostras
1616 3678 1764 3733 dire-

146 3764 506 3837 xitregiones
527 3764 699 3837 eique
717 3764 1141 3820 sanctissimum
1162 3765 1245 3820 sui
1267 3765 1455 3821 obitus
1480 3766 1634 3821 diem
1660 3766 1764 3822 im-

142 3853 365 3910 minere
398 3853 688 3924 praedixit,
722 3853 1153 3909 evidentissime
1194 3854 1506 3926 designans
1552 3872 1619 3911 eo
1660 3873 1762 3911 sua

140 3942 529 3998 sacratissima
545 3942 952 3998 transferenda
981 3942 1105 3997 fore
1138 3942 1400 3998 membre
1432 3960 1546 4015 quo
1568 3944 1753 3999 chari-

140 4030 269 4084 tatis
280 4031 513 4086 vinculo
525 4031 635 4085 sibi
653 4030 877 4085 unitum
894 4030 1164 4086 mittebat
1177 4032 1757 4105 alumnumJnclytus

140 4133 279 4192 ergo
311 4120 555 4176 Domini
586 4121 764 4176 levita
792 4120 1038 4188 Maurus,
1071 4120 1182 4175 iter
1212 4121 1285 4176 ad
1315 4122 1520 4177 Gallias
1550 4140 1753 4196 agens,

139 4206 277 4263 dum
294 4210 354 4264 in
374 4226 593 4282 pagum
612 4208 1620 4278 devenissetAntissiodorensem,die
1644 4229 1759 4284 qua

140 4294 458 4354 Dominica:
471 4314 652 4354 coenae
666 4314 732 4353 ex
753 4313 916 4352 more
930 4296 986 4351 in
1002 4298 1167 4353 terris
1179 4299 1580 4354 celebrabatur
1598 4317 1758 4356 sacra

138 4387 500 4454 solemnitas,
519 4387 595 4442 ad
618 4386 1039 4441 monasterium
1055 4386 1238 4442 sancti
1256 4388 1755 4457 Romani,nutritii

138 4475 439 4543 quondam
470 4476 658 4531 Patris
678 4475 993 4543 Benedicti,
1019 4475 1269 4531 divertit.
1302 4476 1474 4548 Cujus
1502 4477 1757 4550 gratuita

138 4564 526 4620 collocutione
551 4565 817 4620 laborem
850 4564 1152 4637 longinqui
1183 4564 1405 4620 itineris
1425 4566 1678 4622 allevans
1703 4568 1755 4623 ei

138 4647 186 4705 in
211 4653 486 4724 proximo
515 4671 637 4709 esse
656 4653 1017 4708 denuntiavit
1042 4654 1339 4726 diem,quo
1364 4654 1567 4710 beatus
1589 4656 1758 4711 Pater

138 4742 431 4797 Ccelestem
462 4743 727 4815 gaudens
781 4742 1084 4797 scanderet
1115 4742 1182 4797 ad
1220 4742 1491 4814 patriam.
1525 4744 1594 4799 Et
1624 4761 1755 4800 ecce

140 4834 308 4884 nocte
332 4830 432 4885 illa
461 4848 590 4904 qum
620 4833 890 4885 sanctum
917 4831 1282 4902 prmcedebat
1312 4832 1469 4888 diem
1495 4832 1752 4902 Sabbati,

137 4930 249 4987 quo
272 4919 467 4991 vigilia
488 4918 932 4975 resurrectionis
959 4919 1167 4974 colitur
1194 4919 1422 4989 Christi,
1445 4922 1661 4978 scilicet
1680 4941 1754 4979 xu

134 5000 381 5064 Kalend.
406 5009 638 5082 Aprilis,
670 5008 858 5062 subito
879 5011 1078 5079 raptus
1104 5008 1163 5077 in
1204 5009 1408 5081 spiritu
1432 5010 1570 5065 vidit
1599 5012 1754 5068 viam

128 5096 323 5159 palliis
345 5099 594 5153 stratam
628 5114 695 5151 ac
720 5096 1043 5152 innumeris
1064 5115 1359 5153 coruscam
1392 5100 1755 5171 lampadibus

125 5183 202 5238 ab
226 5186 354 5256 ejus
375 5191 518 5243 cella
536 5189 612 5243 ad
639 5189 851 5242 coelum
884 5204 1061 5259 usque
1088 5189 1453 5261 pertendere,
1483 5191 1753 5263 quodque

118 5282 197 5327 eo
214 5277 455 5332 tramite
472 5278 722 5332 dilectus
736 5275 983 5331 Domino
1011 5278 1217 5332 cretum
1238 5279 1579 5334 Benedictus
1591 5296 1753 5334 scan-

111 5355 317 5433 deret,
345 5367 627 5439 angelum
660 5363 769 5419 sibi
801 5363 1089 5420 dicentem
1120 5366 1353 5422 audivit.
1381 5368 1450 5422 Et
1479 5368 1551 5422 ad
1578 5384 1636 5423 se
1663 5385 1753 5423 re-

116 5458 351 5522 versus,
382 5456 673 5527 lacrymas
697 5452 905 5506 votivae
933 5452 1150 5509 indices
1175 5454 1406 5511 visionis
1427 5455 1748 5522 effundens,

138 5547 263 5604 Quae
285 5543 395 5599 sibi
417 5543 682 5599 revelata
701 5542 937 5596 fuerant
947 5545 1147 5598 sancto
1162 5544 1425 5600 Romano
1440 5543 1667 5616 aperuit
1689 5560 1754 5599 ac

143 5631 485 5707 participem
532 5628 782 5687 caelestis
810 5644 945 5685 eum
984 5630 1203 5689 faciens
1238 5633 1454 5706 gaudii,
1489 5635 1753 5693 sanctum

488 5741 530 5798 P
544 5753 771 5798 Ατκοι..
797 5738 1048 5797 CXXXIX.

1866 3147 2239 3216 conspectum
2272 3144 2394 3215 ejus
2424 3146 2693 3201 collectus
2737 3150 2821 3202 est
2855 3150 3137 3218 mundus;
3171 3150 3287 3206 sive
3319 3152 3474 3224 quod

1866 3234 2045 3286 strata
2075 3231 2264 3303 palliis
2284 3248 2349 3286 ac
2379 3231 2701 3289 innumeris
2723 3253 2960 3292 corusca
2978 3238 3342 3311 lampadibus
3361 3239 3474 3304 via,

1867 3318 1941 3373 ad
1970 3319 2243 3390 polorum
2272 3318 2575 3375 subvectus
2601 3326 2687 3377 est
2720 3323 2858 3390 alta,
2888 3324 3190 3382 neminem
3220 3326 3299 3381 illi
3330 3331 3471 3399 puto

1866 3406 2291 3461 conferendum
2315 3410 3065 3483 sanctorum,Magnaporro
3092 3413 3279 3481 nobis,
3294 3414 3339 3469 si
3359 3416 3473 3471 dis-

1864 3495 2136 3551 simulare
2158 3498 2449 3563 nolumus,
2468 3500 2552 3551 est
2572 3496 2787 3553 indicta
2810 3499 3115 3570 probitatis
3141 3502 3471 3571 necessitas,

1865 3585 2070 3658 quibus
2092 3585 2377 3641 donatum
2391 3586 2477 3639 est
2504 3588 2732 3640 tantum
2751 3604 2815 3641 ac
2844 3589 3017 3643 talem
3044 3588 3102 3643 in
3132 3591 3470 3660 praesentia-

1864 3691 1997 3729 rum
2026 3673 2242 3729 habere
2288 3678 2622 3745 patronum,
2660 3678 2720 3729 ut
2759 3676 2830 3730 ab
2859 3675 3009 3730 illius
3039 3694 3339 3750 nunquam
3367 3698 3472 3753 pro

1862 3779 2029 3836 posse
2060 3762 2399 3835 magisterio
2447 3762 2828 3832 discedentes,
2862 3780 2989 3836 quas
3044 3766 3367 3822 audivimus
3400 3770 3473 3825 ab

1860 3852 1957 3907 illo
1973 3856 2030 3907 et
2052 3852 2265 3907 mentis
2289 3852 2467 3908 oculis
2490 3852 2737 3908 vidimus
2760 3852 2817 3907 in
2836 3853 2931 3910 illo
2962 3857 3476 3914 sectemur.Aderit

1859 3959 1965 4016 pro
1996 3943 2154 3997 certo
2183 3942 2351 3997 nobis
2384 3945 2559 4015 utque
2592 3942 2889 4015 quondam
2920 3947 3249 4016 corporales
3277 3946 3472 4002 rustici

1860 4047 2060 4098 nexus,
2084 4030 2163 4085 sic
2186 4032 2518 4086 nostrorum
2543 4031 2725 4086 solvet
2742 4030 3025 4103 ligamina
3045 4033 3471 4104 peccaminum,

1860 4122 1918 4173 et
1946 4135 2196 4191 quorum
2226 4118 2285 4172 in
2309 4118 2807 4190 contemplatione
2832 4120 3012 4175 totius
3041 4121 3196 4177 orbis
3217 4122 3474 4179 creditur

1859 4208 2097 4279 elegisse
2125 4206 2740 4275 domicilia,eorum,si
2770 4208 2975 4265 devote
3002 4209 3083 4264 ilii
3110 4210 3470 4281 adhaereant,

1860 4297 2083 4351 animas
2117 4313 2218 4351 sua
2247 4299 2553 4367 sequentes
2583 4296 2843 4369 vestigia,
2877 4314 3009 4353 cum
3044 4316 3260 4372 magno
3293 4301 3472 4357 divini

1859 4385 2093 4441 luminis
2122 4385 2456 4456 splendore,
2485 4385 2544 4439 in
2589 4388 2809 4441 aeterna
2849 4387 3094 4445 deducet
3121 4387 3469 4449 habitacula.
3544 4454 3547 4459 ,

1858 4476 2034 4547 Hujus
2054 4491 2192 4529 sane
2234 4473 2417 4529 Patris
2448 4473 2648 4542 vitam,
2680 4477 2742 4530 ut
2766 4476 3104 4549 praedictum
3136 4479 3242 4545 est,
3270 4468 3473 4534 beatus

1858 4563 2081 4637 scripsit
2137 4580 2289 4636 papa
2318 4562 2664 4635 Gregorius;
2727 4565 2887 4637 cujus
2940 4566 3113 4622 ﬂores
3167 4566 3378 4639 eloquii
3408 4567 3468 4624 in

1855 4648 2059 4709 sancta
2082 4651 2388 4706 universali
2419 4652 2668 4708 Ecclesia
2722 4655 2876 4710 velut
2915 4671 3119 4709 aurum
3153 4655 3467 4727 refulgent.

1857 4742 1969 4797 Sed
2000 4743 2058 4797 et
2116 4741 2236 4798 Odo
2298 4741 2640 4797 venerabilis
2691 4742 2867 4798 abbas
2896 4744 3068 4815 hujus
3099 4743 3468 4801 Floriacensis
3530 4747 3540 4756 '

1856 4830 2216 4899 monasterii,
2251 4830 2309 4885 in
2340 4847 2453 4903 quo
2485 4847 2637 4902 saepe
2695 4832 3085 4887 nominandus
3109 4849 3350 4906 corpore
3373 4850 3465 4891 re-

1857 4920 2097 4993 quiescit
2114 4922 2284 4975 Pater
2300 4919 2845 4991 Benedictus,ipsius
2869 4921 3215 4976 memoriam
3243 4921 3302 4977 in
3319 4910 3463 4994 quo-

1857 5010 1993 5065 dam
2022 5024 2294 5064 sermone
2328 5006 2586 5063 mirificis
2616 5008 2834 5061 extollit
2875 5007 3158 5062 laudibus.
3192 5009 3305 5063 Nos
3328 5027 3463 5066 vero

1856 5116 1959 5172 pro
1993 5113 2193 5153 amore
2230 5096 2377 5151 tanti
2414 5094 2645 5166 patroni
2677 5094 2858 5149 nostri
2892 5094 2979 5149 his
3024 5094 3357 5166 praelibatis,
3389 5098 3462 5154 ad

1855 5186 2163 5242 Historiam
2201 5199 2586 5240 recurremus.

2444 5270 2668 5327 CAPUT
2705 5272 2882 5328 XXIII.

2146 5363 2227 5416 De
2256 5360 2514 5418 Belisarii
2540 5359 2754 5432 reliquis
2779 5362 2938 5431 gestis
2966 5368 3016 5415 et
3043 5378 3183 5417 nece.

1926 5451 2227 5508 Bclisarius
2275 5448 2470 5519 igitur,
2503 5446 2600 5517 qui
2645 5448 2774 5519 jam
2807 5448 3060 5506 secundo
3105 5448 3178 5505 ad
3207 5449 3459 5512 Africam

1854 5540 2141 5599 transiens
2158 5536 2483 5593 Vintharith
2494 5536 2885 5595 Vandalorum
2905 5554 3105 5612 regem
3129 5539 3462 5601 rebellionis

1854 5629 2363 5690 insimulatumsub
2377 5629 2511 5689 dolo
2522 5630 2676 5709 pacis
2687 5629 3461 5711 interemerat,residuosque

3167 5742 3244 5803 22
