3862 6210
435 455 450 478 τ
465 407 568 467 833

1525 378 1789 446 ΜζιιοιΝι
1825 371 2136 444 MO‘NAcm
2172 368 2666 440 FLORIACENSIS

3619 375 3706 444 684

430 605 434 610 η
461 529 864 594 Vandalorum
906 515 1239 594 reipublicae
1265 517 1412 591 jugo
1450 510 2078 610 sqbstraveratz'audito
2097 510 2155 571 Α
2180 507 2301 610 ilic,
2330 507 2604 610 exorapte
2629 501 2962 602 Desiderato
2993 496 3347 559 Viridunensi
3367 503 3627 579 episcopo,
3653 509 3717 565 ci-

438 682 445 688 ,
465 619 622 694 quod
644 614 849 673 Franci
870 613 1100 668 Italiam
1120 605 1736 672 infestarent,Romam
1759 600 1949 656 redire
1965 616 2082 654 ma-

463 692 662 764 t—urato
695 701 1016 762 contendit.
1073 700 1140 753 Et
1169 696 1386 752 civitati
1427 692 1916 765 appropinquans,
1949 703 2081 742 cum

467 813 685 870 magno
725 792 992 850 omnium
1026 789 1326 859 utriusque
1354 801 1518 840 sexus
1546 780 1745 836 laetitia
1769 781 2080 848 susceptus,

475 867 685 942 obtulit
710 884 882 939 beato
905 881 1074 936 Petro
1102 893 1206 949 per
1233 891 1437 930 manus
1453 887 1616 944 papae
1639 867 1825 940 Vigilii
1847 879 2085 921 auream

469 989 703 1030 crucem
763 972 998 1025 centum
1051 967 1353 1030 librarum,
1385 955 1810 1034 pretiosissimis
1839 953 2088 1027 gemmis

474 1065 836 1126 exornatam,
859 1057 920 1113 in
951 1073 1066 1128 qua
1092 1071 1224 1110 suas
1260 1049 1642 1120 descripserat
1669 1043 1950 1099 victorias.
1993 1043 2085 1096 In-

476 1152 661 1224 deque
683 1149 758 1204 ad
781 1147 1002 1204 bellum
1033 1145 1316 1199 retractus
1334 1141 1710 1201 Francorum,
1731 1133 1870 1188 dum
1891 1128 2084 1201 pauci-

483 1217 663 1295 tatem
681 1235 868 1310 gentis
887 1231 1212 1289 contemnit
1233 1230 1620 1297 virtutemque
1637 1217 2086 1294 ignorat,paucis

476 1331 536 1383 et
548 1329 666 1399 ipse
680 1307 987 1394 assumptis
1001 1334 1260 1392 pugnam
1276 1334 1393 1372 non
1411 1311 1826 1370 dubitavitcom
1835 1307 2084 1362 mittere.

477 1395 591 1472 Sed
624 1411 898 1470 Romanis
926 1425 1030 1481 pro
1062 1409 1244 1462 salute
1301 1407 1360 1460 et
1390 1403 1679 1458 libertate.
1713 1395 1944 1452 Francis
1983 1409 2086 1466 pro

478 1501 850 1575 adipiscenda
866 1497 1048 1570 gloria
1069 1499 1366 1551 certamen
1395 1493 1538 1546 erat.
1557 1490 1625 1543 Et
1645 1486 1781 1560 quia
1797 1501 1864 1540 eo
1887 1500 1946 1539 se
1963 1483 2085 1554 glo-

451 1661 454 1666 _
479 1592 782 1648 riosiorem
807 1586 1118 1660 sperabant
1135 1586 1432 1654 reportare
1453 1577 1626 1634 trium
1637 1571 1888 1648 phum,si
1913 1571 2087 1626 totius

481 1680 635 1737 orbis
657 1679 900 1734 victores
916 1677 1208 1729 Romanos
1229 1669 1512 1732 vicissent,
1533 1665 1682 1720 mori
1706 1661 1894 1734 potius
1911 1675 2087 1731 quam

479 1771 605 1826 loco
622 1769 825 1824 cedere
845 1765 1168 1836 elegerant.
1187 1759 1330 1813 Inito
1350 1757 1545 1826 itaque
1568 1749 1934 1826 praelio,dum
1957 1764 2094 1801 neu-

2179 596 2342 651 vibus
2363 592 2620 664 ejusdem
2651 590 2806 647 urbis
2833 593 2960 648 octo
2984 591 3166 646 millia
3187 591 3506 662 solidorum,
3531 595 3615 666 qui
3641 613 3720 651 an-

2183 682 2405 738 nuatim
2431 680 2636 736 exinde
2667 679 2714 751 ej
2725 697 2789 734 us
2817 677 3216 734 inferebantur
3241 679 3522 749 thesauris,
3551 683 3717 755 largis-

2183 771 2330 826 sima
2353 768 2710 840 benignitate
2738 767 2811 822 ad
2837 767 3315 823 restaurationem
3340 769 3593 825 concessit
3617 771 3720 825 civi-

2184 857 2472 915 tatis.Fuit
2484 857 2640 912 idem
2659 873 2756 911 rex
2771 854 3003 927 egregie
3020 859 3274 911 moratus
3290 857 3602 930 eloquioque
3613 858 3718 913 aﬂ'a-

2185 947 2335 1003 bilis.
2370 945 2478 1011 Qui
2500 944 2900 1000 beatissimum
2943 943 3200 999 Maurum
3243 943 3302 999 in
3331 944 3562 1016 quadam
3589 951 3720 1017 parte

2184 1035 2353 1106 regni
2372 1033 2478 1100 sui,
2507 1033 2565 1088 in
2590 1031 2991 1104 Andegavensi
3017 1031 3277 1086 videlicet
3297 1049 3458 1104 pago,
3485 1037 3724 1088 monaste-

2185 1125 2336 1181 rium
2369 1126 2826 1190 construentem,
2846 1120 3000 1194 quod
3021 1119 3440 1176 Glannafolium
3461 1120 3722 1194 antiquitus

2186 1213 2403 1268 dictum
2427 1215 2534 1280 est,
2560 1209 2800 1266 mirifice
2823 1208 3018 1276 coluit,
3037 1208 3363 1281 praediaque
3379 1208 3725 1282 ingentiacum

2185 1301 2309 1356 aliis
2333 1301 2510 1372 regiae
2539 1297 2951 1354 munificentia:
2985 1296 3152 1352 donis
3181 1313 3282 1370 per
3308 1297 3646 1368 semetipsum
3669 1298 3726 1352 ad

2187 1388 2462 1444 eumdem
2477 1385 2802 1443 accedendo
2820 1386 3010 1441 losum
3033 1384 3439 1456 benignissxme
3450 1385 3728 1440 contribuit.

2187 1476 2469 1532 Successit
2493 1475 2546 1530 ei
2565 1474 2930 1530 Theobaldns
2955 1473 3106 1529 ﬁlius
3131 1472 3277 1544 ejus,
3302 1472 3386 1526 vir
3405 1471 3615 1544 quidem
3639 1473 3730 1528 Deo

2188 1565 2414 1620 deditus
2443 1566 2503 1618 et
2552 1580 2746 1619 servos
2773 1563 2898 1634 ejus
2931 1561 3096 1617 unice
3129 1561 3391 1634 diligens,
3422 1560 3514 1617 sed
3553 1561 3606 1616 in
3629 1577 3733 1616 suos

2189 1652 2454 1708 crudelis.
2491 1652 2664 1722 Cujus
2693 1655 2958 1723 tempore
2988 1651 3154 1705 stella
3181 1666 3248 1705 ex
3298 1649 3522 1704 adverso
3545 1647 3732 1704 veniens

2192 1742 2252 1796 in
2273 1743 2472 1796 lunam
2501 1741 2762 1812 ingressa
2800 1744 2904 1794 est.
2931 1739 3088 1794 Tunc
3101 1755 3330 1811 quoque
3346 1754 3462 1794 uvae
3479 1737 3532 1792 in
3551 1737 3732 1801 arbore,

617 1855 765 1912 acies
797 1824 971 1908 alteri
996 1849 1247 1915 cederet,
1275 1824 1516 1901 tandem
1549 1824 1796 1896 Romani
1823 1838 2090 1903 salutem,
2115 1845 2166 1905 Β
2193 1846 2320 1902 quae
2347 1829 2667 1884 Sambucus
2689 1827 2917 1894 dicitur,
2946 1830 3097 1882 natae
3109 1829 3266 1893 sunt,
3281 1829 3338 1881 et
3357 1826 3518 1882 ﬂores
3531 1824 3732 1896 ipsarum

481 1963 586 2020 pro
613 1961 728 2017 qua
756 1939 1094 2014 aliquandiu
1127 1935 1525 1998 substiterant,
1559 1927 1824 2002 deperire
1868 1924 1974 1980 sibi
2003 1924 2092 1978 in-

481 2013 826 2105 telligentes,
848 2013 988 2084 dum
1012 2025 1356 2082 fortissimos
1384 2035 1643 2094 quosque
1671 2031 1910 2072 suorum
1940 2013 2092 2068 bello

483 2123 759 2196 oppetere
787 2120 1114 2178 cernerent,
1141 2109 1420 2186 paulatim
1453 2124 1510 2164 se
1537 2103 1839 2162 certamini
1869 2102 2094 2157 subtra-

483 2211 621 2266 here
648 2208 971 2278 coeperunt.
1017 2206 1100 2258 Ita
1129 2201 1216 2256 vir
1243 2195 1669 2254 strenuissimus
1709 2191 2031 2257 Belisarius,
2063 2207 2097 2244 a

461 2298 596 2370 suis
651 2297 934 2361 desertus,
977 2292 1049 2346 ab
1081 2288 1340 2345 hostibus
1389 2285 1830 2346 circumventus,
1863 2277 2099 2350 nequid-

486 2403 662 2460 quam
688 2383 919 2440 fortiter
947 2379 1164 2434 faciens
1190 2375 1502 2431 exstinctus
1532 2373 1636 2426 est.
1669 2369 1736 2424 Et
1757 2367 1854 2440 qui
1883 2367 2098 2420 multa-

463 2456 619 2544 rum
635 2473 738 2528 sub
772 2468 1068 2538 triumpho
1102 2463 1368 2537 gentium
1395 2459 1649 2532 captivos
1665 2456 1982 2511 adduxerat
2010 2470 2099 2508 re-

487 2583 610 2637 ges,
627 2580 662 2618 a
683 2563 826 2616 duce
847 2575 966 2614 non
989 2555 1179 2610 dicam
1207 2548 1576 2622 imperatoris
1597 2549 1694 2602 aut
1710 2544 1880 2616 regis,
1903 2558 2102 2598 verum

489 2649 800 2708 tetrarchas
831 2648 1186 2701 Francorum
1213 2639 1412 2706 victus,
1440 2637 1556 2691 vita
1586 2651 1719 2690 cum
1746 2630 1996 2688 nominis
2015 2628 2102 2685 sui

491 2739 748 2814 privatus
777 2737 864 2790 est
899 2731 1106 2805 gloria.

463 2813 505 2820 ’ί
1086 2816 1311 2874 CAPUT
1343 2813 1514 2870 xxw.

489 2915 574 2972 De
618 2914 765 2970 beato
817 2909 1073 2981 Gregorio
1113 2903 1436 2974 Lingonensi
1479 2906 1529 2954 et
1570 2905 1741 2953 castra
1775 2894 2105 2950 Divionensi.

567 3005 701 3060 Erat
723 3005 862 3058 tunc
887 2993 1177 3068 temporis
1210 2993 1412 3048 beatus
1443 2986 1751 3059 Gregorius
1781 2981 2110 3054 Lingonicus

493 3093 652 3150 urbis
707 3089 914 3164 praesul
970 3099 1255 3141 summus.
1293 3079 1402 3136 Sed
1455 3077 1590 3149 quia
1626 3074 1797 3146 hujus
1822 3069 2111 3144 pontificis

495 3180 899 3243 meminimus,
919 3175 1160 3246 dignum
1191 3171 1280 3225 est
1315 3170 1377 3222 ut
1403 3166 1575 3221 situm
1606 3159 1965 3217 Divionensis
1990 3175 2110 3214 cas-

495 3261 594 3328 tri,
607 3259 706 3316 ubi
735 3239 1383 3314 maxime'morabatur,
1399 3241 1843 3318 pandamus.Est
1863 3239 2113 3310 denique

495 3351 640 3406 illud
669 3351 921 3404 castrum
961 3343 1022 3398 in
1055 3337 1254 3410 campi
1288 3334 1529 3408 pianitie
1560 3330 1741 3387 muris
1769 3325 2114 3383 firmissimis

497 3436 942 3500 circumdatum,
965 3429 1218 3487 turribus
1246 3424 1491 3496 triginta
1513 3420 1696 3476 tribus
1721 3419 2110 3482 honestatum,

497 3530 682 3582 terras
709 3524 930 3579 habens
952 3518 1194 3584 fertiles,
1225 3531 1334 3587 per
1364 3529 1509 3584 quas
1535 3527 1570 3564 a
1601 3505 1843 3564 meridie
1875 3505 2116 3560 Osearus

496 3615 656 3672 haud
676 3613 877 3687 procul
923 3629 958 3666 a
987 3625 1153 3664 muro
1180 3604 1330 3671 ﬂuit,
1358 3600 1609 3674 piscibus
1637 3597 1810 3652 dives.
1837 3594 1923 3648 Ab
1949 3591 2115 3665 aqui-

475 3703 632 3763 lone
663 3682 810 3760 alter
861 3700 1068 3756 ﬂuvius
1097 3711 1203 3768 per
1252 3695 1488 3767 portam
1519 3685 1867 3759 ingreditur,
1901 3699 1963 3737 ac
2011 3682 2114 3737 sub

499 3796 677 3868 ponte
701 3793 1012 3848 decurrens
1039 3798 1261 3857 perque
1297 3779 1474 3834 aliam
1531 3777 1762 3847 portam
1789 3769 2113 3843 egrediens,

502 3859 872 3939 inolendinos
897 3889 1130 3931 summa
1158 3868 1330 3924 vertit
1363 3863 1685 3920 velocitate.
1716 3862 1904 3916 Murus
1932 3859 2006 3914 ad
2037 3859 2116 3914 vi-

504 3969 652 4044 ginti
682 3967 858 4042 pedes
889 3960 1124 4036 quadris
1176 3955 1494 4044 aediﬁcatus
1545 3949 1850 4022 lapidibus,
1875 3948 2118 4020 desuper

505 4036 766 4115 minores
779 4047 1169 4126 superpositos
1184 4043 1404 4100 habens
1419 4039 1658 4113 lapides,
1674 4039 1734 4093 in
1753 4036 2118 4093 altitudinem

508 4145 754 4218 pedibus
783 4159 908 4207 xxx,
941 4139 1000 4193 in
1032 4132 1398 4191 latitudinem
1441 4146 1529 4196 xv,
1561 4127 1900 4200 porrigitur.
1931 4127 2119 4183 Porta:

510 4216 590 4288 ibi
619 4234 888 4304 quatuor,
913 4244 946 4282 a
970 4219 1416 4297 quatuor'plagis
1440 4217 1583 4274 cceli.
1606 4216 1770 4282 Quod
1791 4233 1922 4271 cum
1947 4218 2119 4270 tanta:

515 4320 587 4374 sit
618 4303 1058 4390 magnitudinis,
1089 4327 1190 4366 cur
1222 4307 1374 4365 urbis
1420 4307 1694 4363 vocabulo
1725 4305 1981 4361 caruerit
2013 4303 2120 4359 mi-

2199 1917 2496 1985 arborum,
2517 1933 2644 1988 qua:
2678 1915 2846 1988 nigra
2871 1915 3134 1988 proferre
3161 1915 3348 1970 solent
3375 1929 3563 1986 grana,
3580 1912 3736 1967 botros

2193 2006 2584 2078 protulerunt.
2616 2003 2809 2059 Gravis
2846 2019 2914 2058 eo
2945 2006 3216 2074 tempore
3254 2019 3318 2058 ac
3346 2001 3502 2058 solito
3532 1997 3736 2071 asperior

2194 2093 2380 2148 hiems
2401 2093 2554 2148 facta
2573 2095 2678 2159 est,
2710 2091 2793 2147 ita
2813 2095 2876 2146 ut
2903 2093 3195 2147 torrentes
3219 2089 3494 2162 congelati
3521 2087 3734 2162 pervium

2195 2198 2366 2254 super
2385 2199 2444 2236 se
2459 2181 2688 2253 populis
2703 2179 2813 2234 iter
2829 2179 3160 2250 praeberent
3189 2180 3331 2234 Aves
3351 2194 3563 2251 quoque
3577 2177 3730 2246 rigore

2198 2269 2446 2325 astricta:
2473 2268 2561 2322 vel
2585 2267 2762 2335 fama,
2785 2267 2997 2338 absque
3020 2268 3136 2323 ullo
3163 2267 3464 2323 hominum
3488 2264 3624 2331 dolo,
3649 2257 3732 2316 im-

2200 2374 2404 2413 mersae
2450 2355 2674 2411 nivibus
2725 2357 3121 2428 capiebantur.
3156 2356 3256 2411 Hic
3311 2354 3520 2427 accepit
3546 2366 3734 2408 uxorem
3795 2361 3798 2372 '

2201 2445 2382 2500 filiam
2390 2445 2558 2499 Waco
2567 2444 2674 2512 nis,
2689 2444 2839 2516 regis
2850 2444 2928 2499 Lo
2935 2461 2970 2498 ιι
2974 2444 3236 2516 gobardo
3243 2439 3736 2510 rum,Walderadam

2204 2533 2466 2600 nomine,
2489 2549 2604 2588 suae
2635 2547 2896 2588 sororem
2923 2548 3207 2588 novercae.
3241 2531 3347 2596 Qui
3376 2547 3498 2586 cum
3529 2545 3617 2602 per
3641 2529 3738 2582 octo

2203 2638 2491 2678 annorum
2518 2620 2798 2676 curricula
2819 2624 3052 2675 strenue
3073 2623 3399 2692 susceptum
3425 2617 3741 2690 gubernasset

2204 2725 2474 2782 regnum,
2508 2708 2623 2763 vita
2652 2706 2958 2774 decedens,
2989 2707 3377 2780 principatum
3408 2705 3580 2778 gentis
3601 2717 3737 2776 quam

2205 2797 2614 2870 regebat,cum
2644 2795 2946 2862 thesauris,
2976 2794 3228 2850 Clotario
3253 2793 3544 2866 dereliquit
3570 2789 3741 2846 haben-

2207 2885 2366 2941 dum.
2402 2885 2543 2938 Huic
2568 2900 2700 2939 vero
2733 2883 2982 2939 Clotario
3027 2883 3267 2938 fuerunt
3289 2881 3456 2938 virilis
3479 2896 3622 2936 sexus
3647 2876 3740 2941 ﬁlii,

2209 2993 2276 3031 ex
2303 2973 2540 3031 diversis
2565 2973 2909 3044 conjugibus
2939 2971 3071 3040 orti,
3099 2989 3354 3028 numero
3370 2973 3576 3044 septem
3589 2970 3638 3024 et
3659 2980 3746 3020 una

2209 3063 2449 3120 femina.
2473 3063 2554 3117 De
2577 3061 2836 3133 Ingunde
2868 3060 3126 3132 quidem,
3148 3052 3742 3127 Guntharius,Childeri-

2210 3170 2328 3220 cus,
2357 3151 2756 3217 Cherehertus,
2785 3150 3178 3217 Guntrannus,
3212 3149 3529 3222 Sigebertus
3549 3147 3600 3200 et
3627 3142 3742 3198 Clot-

2211 3241 2379 3324 sinda
2406 3239 2544 3295 filia.
2580 3241 2660 3295 De
2688 3237 3070 3310 Cbaragunde
3099 3253 3260 3306 vero,
3292 3253 3481 3293 sorore
3504 3228 3742 3306 lngund'lS,

2209 3317 2413 3386 habuit
2437 3326 2844 3400 Chilpericum.
2869 3327 3082 3381 Amore
3113 3325 3362 3398 denique
3387 3321 3632 3398 lngundis
3668 3317 3744 3372 du-

2213 3422 2357 3485 ctus,
2381 3415 2825 3488 Charagundem
2857 3415 2981 3486 ejus
3007 3431 3355 3487 germanam
3384 3412 3482 3468 sibi
3512 3411 3566 3466 in
3587 3402 3744 3465 matri-

2213 3507 2480 3564 monium
2507 3506 2896 3578 copulaverat.
2927 3504 3010 3558 De
3066 3503 3358 3560 Gunsinde
3385 3505 3563 3558 autem
3589 3491 3746 3570 genuit

2215 3597 2572 3654 Chrannum.

2805 3681 3028 3739 CAPUT
3056 3680 3232 3738 XXVI.

2461 3773 2544 3828 De
2571 3769 2690 3826 odio
2735 3768 3077 3826 Francorum
3107 3773 3163 3824 in
3191 3769 3558 3828 Parthenium.

2284 3863 2442 3918 Tunc
2467 3859 2746 3933 temporis
2769 3858 2975 3914 Franci
3003 3855 3384 3914 Parthenium
3409 3855 3465 3911 in
3487 3850 3670 3926 palatio
3689 3861 3752 3902 re-

2219 3951 2307 4024 gis
2327 3947 2716 4006 Theodoberti
2733 3947 3031 4020 quondam
3047 3951 3370 4020 potentem,
3386 3943 3479 4017 qui
3497 3957 3583 3998 eos
3600 3937 3752 3998 tributi

2221 4056 2398 4096 onere
2427 4037 2593 4094 valde
2643 4039 2952 4110 presserat,
2981 4035 3285 4093 immensis
3333 4027 3754 4107 persequebantur

2221 4128 2380 4184 odiis.
2405 4127 2512 4192 Qui
2540 4143 2672 4182 cum
2696 4142 2754 4181 se
2782 4127 3045 4180 cerneret
3070 4141 3190 4181 non
3211 4139 3375 4198 posse
3391 4119 3626 4182 evadere,
3649 4113 3754 4168 duos

2220 4220 2390 4288 rogat
2405 4216 2703 4288 episcopos
2715 4218 2848 4270 utse
2866 4212 3110 4268 Treviris
3122 4213 3411 4268 deducant
3428 4201 3754 4272 saevientisque

2219 4305 2418 4378 populi
2431 4303 2774 4360 seditionem
2791 4319 2892 4358 sua
2904 4301 3312 4374 praedicatione
3323 4293 3642 4359 sedent.Quo
3653 4289 3753 4378 dum

514 4424 647 4464 rum
677 4407 942 4461 habetur.
963 4403 1077 4457 Hoc
1093 4398 1332 4472 quidem
1353 4397 1426 4452 ab
1445 4395 1753 4452 Aureliano
1769 4394 2122 4466 imperatore
2146 4409 2198 4470 D
2223 4412 2339 4450 una
2359 4411 2492 4450 cum
2523 4409 2590 4448 eo
2623 4397 2784 4459 eunt,
2807 4372 2924 4446 una
2950 4389 3208 4446 noctium
3235 4389 3406 4462 coepit
3419 4383 3684 4459 praedictus
3695 4372 3756 4427 vir

517 4497 913 4553 constructum
941 4488 1253 4563 antiquitas
1289 4485 1548 4542 asseruit.

1124 4577 1347 4633 CAPUT
1376 4574 1526 4630 XXV.

717 4672 801 4728 De
829 4669 1118 4728 Chrotiltlz's
1141 4667 1288 4722 obitu
1321 4671 1371 4720 et
1393 4663 1623 4720 Clotarii
1644 4662 1921 4736 progenie.

590 4765 816 4819 Interea
839 4761 1008 4816 bona:
1047 4753 1348 4827 mempriae
1379 4752 1584 4824 regina
1620 4749 1950 4816 Chrotildis,
1985 4764 2128 4803 uxor

521 4850 811 4920 Clodovei,
831 4847 1128 4923 quondam
1155 4843 1352 4914 magni
1379 4840 1552 4913 regis,
1584 4838 1714 4912 piis,
1744 4837 1938 4911 quoad
1967 4835 2126 4899 vixit,

466 4941 746 5024 "intenta
801 4937 1090 5010 operibus,
1115 4931 1270 5005 apud
1304 4930 1508 4986 urbem
1562 4926 1752 5000 posita
1777 4925 2129 4981 Turonicam

521 5028 791 5103 migravit
807 5027 880 5082 ad
904 5023 1218 5082 Dominum
1238 5021 1411 5092 plena
1435 5017 1684 5072 dierum.
1701 5015 1874 5086 Cujus
1895 5030 2126 5086 corpus,

519 5138 556 5177 a
580 5119 709 5176 ﬁliis
737 5116 874 5190 ipsis
921 5111 1291 5171 Childeberto
1321 5125 1386 5164 ac
1419 5105 1668 5162 Clotario
1709 5103 1942 5176 regibus
1996 5119 2130 5158 cum

521 5224 738 5281 magno
770 5205 1141 5280 psallentium
1171 5200 1348 5256 choro
1399 5195 1605 5252 exinde
1636 5194 1928 5250 sublatum
1970 5191 2130 5248 Pari-

519 5299 752 5370 siusque
782 5295 1060 5360 delatum,
1094 5291 1152 5346 in
1187 5286 1438 5344 sacraria
1466 5283 1716 5340 basilicae
1765 5281 1947 5338 sancti
1978 5281 2132 5336 Petri

509 5369 678 5456 juxta
702 5387 853 5440 latus
883 5381 990 5436 viri
1018 5380 1105 5436 sui
1137 5381 1222 5434 est
1251 5377 1564 5448 sepultum.
1597 5375 1661 5428 In
1713 5371 1927 5427 eadem
1955 5369 2132 5426 etiam

519 5472 798 5529 orationis
846 5471 1022 5526 domo
1077 5469 1249 5524 beata
1276 5461 1567 5521 Genovefa
1595 5461 1838 5516 humata
1867 5457 2128 5531 quiescit.

510 5552 950 5616 Theodebertus
1005 5571 1258 5630 quoque,
1315 5570 1414 5608 rex
1467 5549 1918 5614 Austrasiorum,
1967 5545 2130 5602 febre

518 5649 706 5707 valida
730 5649 984 5716 vexatus,
1013 5643 1169 5700 diem
1221 5642 1421 5700 clausit
1459 5654 1614 5696 anno
1667 5635 1834 5710 regni
1887 5633 1974 5692 sui
2010 5651 2128 5692 xm.

2227 4482 2522 4540 dormiens
2538 4497 2703 4537 voces
2723 4479 3012 4548 emittere,
3031 4478 3260 4534 dicens:
3285 4501 3312 4528 ‹‹
3345 4477 3486 4532 Heu!
3517 4467 3639 4528 heu!
3665 4477 3756 4518 suc-

2225 4571 2460 4634 currite,
2487 4569 2584 4644 qui
2607 4567 2840 4624 adestis.
2865 4588 2893 4618 »
2927 4565 3326 4640 Expergefacti
3355 4553 3757 4631 circumjacenles

2225 4661 2460 4731 rogant,
2483 4657 2622 4730 quid
2651 4655 2834 4711 esset?
2867 4655 3184 4728 Respondit
3204 4653 3301 4710 ille
3337 4653 3531 4709 vidisse
3557 4664 3609 4702 se
3633 4644 3759 4698 Ausa°

2227 4747 2392 4803 nium
2419 4745 2714 4818 quondam
2733 4744 2986 4800 amicum
3007 4759 3196 4810 suum,
3211 4759 3276 4798 ac
3293 4737 3644 4815 Papianillam
3661 4739 3758 4782 uXO'

2227 4853 2354 4892 rem
2388 4817 2708 4907 propriam,
2741 4849 2883 4906 quos
2912 4831 3052 4888 olim
3107 4832 3228 4888 zelo
3283 4831 3480 4888 ductus
3513 4817 3757 4907 occiderat.

2229 4927 2498 4980 vocantes
2523 4939 2583 4978 se
2615 4939 2679 4978 ac
2701 4922 2754 4977 vi
2777 4921 3262 4994 compellenteset
3283 4919 3529 4975 dicentes
3553 4931 3566 4968 :
3591 4931 3614 4963 σ
3639 4900 3760 4964 Veni,

2231 5015 2295 5068 ut
2313 5015 2448 5068 ante
2469 5013 2650 5068 Deum
2667 5010 2739 5066 de
2761 5009 2976 5082 injusta
3001 5025 3142 5064 nece
3159 5011 3356 5064 nostra
3377 5004 3648 5062 nobiscum
3667 5005 3764 5048 cono

2229 5101 2456 5156 tendas.
2482 5122 2511 5150 »
2540 5099 2799 5156 Tandem
2829 5097 3060 5154 venitur
3085 5096 3330 5153 Treviris
3355 5098 3412 5152 et
3439 5085 3659 5166 episcopi
3677 5083 3764 5134 lur-

2229 5191 2432 5246 batum
2452 5190 2730 5263 populum
2757 5205 2858 5244 sua
2875 5187 3149 5244 volebant
3174 5185 3342 5240 linire
3373 5182 3631 5240 oratione.
3661 5171 3763 5260 (Ξυῐιξ

2234 5279 2566 5352 nequirent,
2598 5275 2978 5334 Parthenium
3011 5276 3071 5330 in
3129 5275 3426 5331 ecclesiam
3467 5271 3672 5326 ductum
3695 5251 3764 5310 ιιῐιί

2232 5385 2380 5424 arca:
2407 5368 2800 5436 immiserunt,
2813 5368 3139 5422 sternentes
3163 5365 3408 5438 desuper
3428 5347 3764 5416 velaecclcsim.

2234 5458 2494 5531 Cumque
2520 5457 2766 5530 populus
2791 5458 3044 5511 scrutata
3073 5453 3305 5509 basilica
3329 5447 3624 5511 recederet,
3649 5439 3764 5531 ffell'

2233 5546 2376 5602 dens
2397 5546 2552 5620 quod
2574 5562 2692 5602 non
2719 5543 3100 5612 inveniretur,
3122 5559 3268 5597 unus
3287 5557 3319 5596 ε
3338 5539 3502 5596 turba
3519 5525 3762 5592 exclamat:

2233 5655 2267 5690 α
2298 5637 2402 5707 En,
2433 5634 2721 5710 inquiens,
2744 5649 2900 5704 arca,
2935 5631 3034 5689 ubi
3065 5647 3184 5688 non
3214 5632 3303 5686 est
3328 5626 3584 5704 quaesitus
3615 5615 3764 5676 noster
