3862 6210
215 334 305 395 685

1278 318 1598 383 HISTORIA
1648 311 2092 379 FRANCORUM.
2130 347 2200 360 —
2231 317 2362 375 LIB.
2395 315 2459 371 lI.
2501 348 2507 354 -

3427 315 3531 372 6-86

217 460 579 519 adversarius.
613 480 644 510 ››
675 457 1044 529 Statimquee
1070 457 1324 510 reserata
1352 469 1484 524 arca
1505 447 2199 512 extrahiturAredderet.
2231 444 2395 510 Quod
2431 443 2570 498 dum
2603 442 2697 497 ille
2731 458 2789 497 se
2820 441 3009 496 facere
3053 441 3370 514 sponderet
3416 459 3525 496 nec

217 569 272 607 ac
294 549 582 623 lapidibus
609 547 686 601 ad
727 546 1060 600 columnam
1105 543 1311 612 ligatus
1343 541 1662 614 perimitur.
1696 539 1822 593 Fuit

217 657 337 696 vero
368 640 428 693 in
470 634 775 690 sumendis
804 633 943 688 cibis
973 632 1188 687 avidus.
1237 630 1350 686 Sed
1393 647 1527 701 qua:
1558 628 1823 682 sumebat

217 730 408 783 hausto
441 727 572 780 aloe
604 723 803 778 statim
846 722 1139 792 egerebat,
1177 725 1237 774 ut
1267 720 1375 774 alia
1409 718 1573 773 cilius
1593 733 1820 771 sumere

218 819 416 888 posset.
465 813 788 885 Strepitum
833 826 1062 882 quoque
1105 808 1317 864 ventris
1356 807 1414 862 in
1442 806 1668 879 publico
1699 804 1822 859 sine

220 906 323 959 ulla
350 902 660 958 emittebat
687 897 1052 954 verecundia.

784 987 1006 1042 CAPUT
1039 985 1238 1039 XXVII.

349 1063 437 1117 De
458 1061 698 1116 Clotarii
720 1057 886 1113 edicto
916 1065 964 1110 et
989 1056 1323 1128 expeditione
1349 1056 1404 1110 in
1430 1051 1689 1108 Saxones.

281 1149 591 1222 Proposuit
633 1151 828 1202 autem
861 1145 1140 1201 Clotarius
1171 1143 1444 1209 edictum,
1505 1145 1565 1195 ut
1607 1141 1826 1222 cuncta;

223 1213 479 1296 Ecclesiae
505 1237 818 1293 Galliarum
852 1236 988 1289 fisco
1018 1232 1252 1288 tertiam
1283 1235 1511 1302 partem
1543 1213 1830 1284 solverent

223 1330 531 1383 fructuum.
580 1323 765 1389 Quod,
801 1322 1098 1377 resistente
1131 1320 1411 1391 Injurioso
1442 1316 1734 1390 pontifice,
1769 1315 1828 1369 in

224 1417 335 1487 ipso
367 1413 609 1469 exordio
634 1413 1126 1466 tentamentorum
1144 1410 1543 1462 estcassatum.
1561 1407 1695 1460 Post
1709 1405 1832 1457 hinc

225 1504 372 1558 idem
405 1503 524 1556 Rex
554 1502 613 1555 in
647 1501 898 1556 Saxones
925 1502 1147 1554 rectum
1181 1497 1290 1551 iter
1315 1495 1540 1562 direxit,
1573 1493 1669 1566 qui
1693 1491 1829 1547 assi-

227 1591 347 1646 duis
371 1589 804 1645 excursionibus
853 1588 1204 1641 Francorum
1251 1583 1625 1638 devastabant
1667 1581 1828 1634 fines.

228 1679 440 1743 Quibus
500 1693 674 1749 super
719 1675 997 1730 Wiseram
1062 1673 1299 1728 fluvium
1361 1671 1510 1725 bello
1563 1669 1832 1734 subactis,

1923 539 2119 590 tamen
2151 534 2387 598 faceret,
2421 530 2526 602 ipsi
2556 535 2758 584 contra
2802 546 2937 584 eum
2984 529 3294 600 pugnaturi
3340 530 3528 584 aciem

1921 623 2274 678 direxerunt.
2309 619 2525 684 Quibus
2556 635 2686 672 cum
2715 618 2808 672 ille
2848 617 3004 671 haud
3029 616 3264 688 segnius
3292 617 3529 671 obviam

1920 711 2050 777 iret,
2079 713 2205 765 orta
2234 710 2580 778 tempestate
2609 707 2682 760 ab
2701 707 2807 760 hoc
2822 710 2955 760 sunt
2979 703 3224 776 repressi
3247 703 3531 763 facinore.

1924 800 2057 854 Post
2084 798 2206 852 haec
2239 796 2542 850 Chrannus
2593 811 2697 866 per
2742 793 3206 848 subintroductas
3254 809 3536 864 personas

1922 885 2193 940 fratribus
2226 884 2505 938 insinuari
2561 883 2699 937 facit
2739 885 2966 954 patrem
3018 881 3168 936 bello
3224 881 3536 952 oppetiisse

1925 973 2226 1029 Saxonico.
2260 971 2364 1039 Illi,
2401 988 2503 1042 pro
2535 988 2669 1026 vero
2702 971 2920 1024 dictum
2952 968 3239 1034 arbitrati,
3275 971 3532 1040 Burgun-

1927 1062 2086 1117 diam
2117 1060 2289 1115 citato
2326 1063 2597 1131 repetunt
2625 1059 2788 1114 calle.
2824 1058 2916 1112 His
2939 1057 3535 1124 abeuntibus,Chran-

1927 1167 2034 1206 nus
2059 1153 2188 1219 post
2213 1165 2312 1202 eos
2344 1148 2453 1202 iter
2485 1147 2761 1218 dirigens,
2795 1149 2963 1218 capta
2989 1145 3358 1201 Cabilonensi
3393 1147 3535 1201 urbe

1928 1239 2001 1294 ad
2031 1241 2282 1291 castrum
2301 1239 2574 1308 properat
2604 1235 2967 1300 Divionense,
2994 1234 3088 1288 ubi
3114 1233 3355 1306 quidam
3373 1236 3538 1290 cleri-

1929 1342 2153 1392 corum,
2169 1325 2374 1380 curiosi
2397 1324 2533 1396 quid
2550 1323 2821 1378 Chranno
2843 1323 3154 1385 accideret,
3167 1339 3340 1395 super
3357 1324 3538 1378 altare

1930 1418 2046 1469 tres
2074 1415 2392 1484 posuerunt
2423 1412 2669 1478 codices,
2703 1413 2759 1466 id
2795 1415 2904 1474 est,
2937 1412 3384 1484 PrOphetarum,
3421 1412 3548 1483 Epi-

1932 1503 2209 1556 stolarum
2239 1501 2495 1574 Apostoli
2529 1518 2594 1556 ac
2615 1500 3087 1571 Evangeliorum.
3112 1499 3386 1555 Oratione
3402 1517 3544 1570 ergo

1935 1589 2007 1644 ad
2029 1589 2341 1644 Dominum
2361 1589 2531 1656 facta,
2556 1591 2756 1660 aperto
2783 1589 3204 1660 Prophetarum
3233 1589 3379 1643 libro
3394 1589 3546 1643 hunc

1935 1676 2188 1747 primum
2223 1692 2492 1746 reperere
2520 1676 2859 1731 versiculum
2897 1687 2912 1733 :
2942 1676 3218 1745 Auferam
3261 1679 3548 1732 maceriam

223 1767 547 1838 Thoringos
575 1780 826 1837 quoque,
881 1779 947 1818 eo
994 1761 1147 1834 quod
1198 1760 1516 1814 Saxonibus
1560 1757 1834 1813 aUXilium
1859 1761 1910 1820 B
1935 1764 2071 1834 ejus,
2103 1771 2153 1818 et
2181 1767 2280 1818 erit
2311 1765 2366 1817 in
2391 1763 2763 1818 desolationem
2782 1781 2887 1834 pro
2912 1780 2969 1818 eo
2993 1763 3136 1836 quod
3156 1764 3336 1818 debuit
3371 1765 3550 1834 facere

227 1855 510 1923 tulissent,
543 1853 922 1924 depOpulatus
950 1854 1053 1904 est.
1088 1851 1286 1904 Denuo
1319 1847 1635 1903 Saxonibus
1657 1846 1837 1901 rebel-

226 1944 339 1998 lare
371 1940 734 2014 parantibus,
768 1938 1048 1993 Clotarius
1078 1936 1346 1990 adversus
1382 1951 1480 1990 eos
1523 1933 1836 1989 exercitum

225 2034 440 2086 movet.
456 2030 667 2084 Verum
693 2027 948 2082 Saxones
969 2024 1276 2096 superioris
1294 2023 1425 2078 belli
1458 2025 1629 2094 plaga
1646 2021 1835 2076 humi-

224 2120 364 2181 liati,
401 2135 509 2189 per
538 2118 758 2189 legatos
788 2113 1227 2170 commissorum
1265 2113 1618 2184 postulantes
1648 2109 1838 2163 indul-

223 2207 512 2278 gentiam,
534 2205 604 2260 de
626 2207 832 2259 caetero
856 2201 1326 2257 emendationem
1358 2199 1703 2270 pollicentur
1718 2214 1840 2252 sua-

227 2311 482 2366 rumque
513 2308 710 2347 rerum
738 2291 1001 2345 omnium
1028 2292 1252 2360 partem
1286 2287 1562 2354 mediam,
1595 2284 1840 2356 exceptis

224 2380 574 2452 conjugibus
604 2395 668 2433 ac
698 2377 909 2441 liberis,
941 2377 1065 2430 loco
1097 2375 1348 2430 offerunt
1376 2371 1652 2445 pignoris.
1679 2369 1842 2435 Quod

226 2469 437 2524 Franci
469 2466 763 2539 despectui
791 2464 1092 2530 habentes,
1139 2462 1406 2534 praelium
1455 2458 1843 2515 adoriundum

224 2560 534 2630 putarunt.
571 2555 761 2610 Coacti
793 2554 1044 2608 Saxones
1071 2567 1312 2606 manum
1345 2550 1846 2614 conserere,tanta

225 2646 284 2700 in
320 2647 575 2700 Francos
605 2646 796 2714 strage
821 2639 1081 2696 bacchati
1112 2642 1243 2693 sunt
1273 2641 1336 2692 ut
1363 2637 1452 2691 vix
1469 2636 1635 2708 pauci
1656 2636 1845 2690 Clota-

227 2736 314 2790 rio
328 2734 457 2805 regi
471 2735 836 2804 superessent
858 2730 930 2784 ad
943 2729 1092 2799 fuga:
1111 2727 1302 2799 potius
1323 2725 1654 2780 societatem
1669 2741 1846 2797 quam

226 2823 301 2877 ad
331 2821 638 2892 prmliandi
670 2817 1006 2874 subsidium.

797 2905 1020 2960 CAPUT
1057 2903 1281 2957 XXVIII.

657 2994 740 3049 De
770 2993 1027 3049 Citranno
1057 2999 1106 3046 et
1134 2993 1247 3062 ejus
1275 2993 1466 3061 gestis.

303 3087 442 3142 Erat
477 3088 760 3158 praeterea
786 3081 1034 3137 Clotario
1057 3080 1226 3147 ﬁlius,
1257 3078 1496 3134 nomine
1523 3077 1846 3144 Chrannus,

235 3192 483 3246 corpore
517 3173 752 3245 quidem
768 3172 1022 3241 elegans,
1038 3168 1138 3223 sed
1155 3169 1349 3222 mente
1367 3166 1524 3234 levis,
1547 3166 1690 3221 dolis
1709 3166 1849 3221 nulli

229 3266 601 3318 versutorum
669 3259 972 3315 secundus.
1034 3257 1184 3312 Huic
1260 3256 1488 3312 animus
1539 3255 1850 3326 inquietus,

228 3354 514 3422 prompta
539 3347 804 3414 audacia,
835 3345 924 3400 cui
955 3348 1120 3416 pater
1151 3344 1299 3399 vices
1327 3361 1456 3398 suas
1485 3359 1589 3414 per
1613 3343 1854 3414 Aquita-

228 3439 394 3494 niam
422 3437 817 3493 commiserat.
841 3437 942 3488 Ast
971 3433 1119 3488 illius
1142 3433 1316 3488 eﬂ'era
1331 3431 1413 3486 vis
1429 3430 1610 3486 animi
1641 3447 1772 3485 eum
1793 3434 1854 3484 ut

226 3543 436 3600 regem
476 3542 650 3597 agere
696 3540 812 3578 non
853 3522 1094 3577 sinebat.
1124 3520 1444 3593 Tyrannica
1475 3519 1722 3590 denique
1751 3519 1852 3574 ad-

230 3622 393 3672 actus
441 3612 784 3668 crudelitate
841 3628 933 3666 res
973 3609 1218 3665 aliorum
1258 3607 1476 3681 rapinis
1519 3607 1844 3679 diripiebat.

231 3705 605 3776 Quapropter
655 3704 820 3773 pater
872 3716 1026 3767 eum,
1082 3697 1370 3770 legatione
1414 3697 1648 3763 directa,
1692 3696 1765 3750 ad
1796 3713 1855 3751 se

233 3810 479 3850 evocare
513 3791 731 3846 curavit
762 3793 823 3843 ut
853 3785 1220 3843 insolentiam
1271 3803 1384 3857 qua
1431 3786 1696 3840 tumebat
1728 3801 1855 3840 mo-

235 3884 402 3938 desta
425 3879 824 3951 increpatione
843 3877 1236 3947 redargueret.
1253 3876 1349 3929 llle
1364 3873 1652 3929 mandatis
1678 3873 1857 3946 patris

234 3967 608 4043 posthabitis,
623 3964 871 4019 Parisius
884 3964 957 4017 ad
979 3963 1274 4018 Childeber
1287 3965 1408 4017 tum
1421 3979 1650 4016 summo
1669 3961 1856 4017 studio

235 4055 565 4121 contendit,
601 4070 671 4108 ea
691 4051 967 4125 prepositi
992 4051 1312 4106 intentione
1342 4054 1402 4105 ut
1436 4051 1508 4105 ad
1531 4051 1858 4122 genitorem

236 4161 549 4217 nunquam
579 4142 815 4197 rediret.
841 4140 1138 4195 Abducere
1155 4156 1292 4194 .vero
1315 4141 1530 4195 amicos
1547 4140 1736 4211 regios
1759 4156 1858 4211 pa-

236 4240 554 4307 rentesque
577 4230 886 4287 festinabat
919 4232 975 4284 et
996 4230 1280 4302 praecipue
1305 4230 1735 4286 Childebertum
1758 4247 1858 4302 pa-

1936 1869 2118 1918 uvam,
2150 1852 2277 1921 feeit
2313 1867 2436 1906 vero
2481 1851 2754 1906 labruscas
2803 1850 2934 1922 (Isa.
2983 1869 3035 1917 ν,
3091 1851 3235 1923 4-5).
3273 1853 3548 1906 Reserato

1938 1939 2116 1994 etiam
2142 1939 2401 2010 Apostoli
2428 1939 2622 1994 codice
2654 1940 2764 1993 hoc
2815 1939 3197 1994 invenerunt:
3233 1938 3372 1992 Cum
3401 1940 3549 1993 dixe-

1938 2027 2054 2082 rint
2084 2045 2096 2081 :
2138 2027 2262 2082 Pax
2289 2033 2341 2080 et
2363 2028 2636 2094 securitas,
2669 2033 2792 2080 tunc
2823 2029 3144 2096 repentinus
3166 2028 3237 2080 eis
3272 2027 3448 2081 veniet
3468 2029 3550 2080 in-

1940 2116 2125 2169 teritus
2156 2113 2215 2187 (I
2251 2115 2436 2171 Thess.
2470 2131 2526 2182 v,
2557 2117 2630 2179 3).
2667 2115 2945 2169 Dominus
2975 2119 3166 2168 autem
3203 2115 3262 2168 in
3294 2115 3552 2186 Evange-

1940 2201 2015 2256 lio
2048 2202 2126 2256 ait
2159 2219 2172 2257 :
2203 2201 2312 2268 Qui
2360 2219 2466 2256 non
2506 2202 2658 2255 audit
2687 2202 2846 2258 verba
2870 2219 2987 2256 mea
3023 2201 3412 2256 assimilabitur
3439 2204 3553 2256 viro

1939 2290 2098 2344 stulto
2126 2291 2222 2362 qui
2254 2289 2538 2358 aediﬁcavit
2568 2290 2783 2344 domum
2806 2308 2960 2344 suam
2981 2307 3139 2361 super
3162 2306 3404 2358 arenam,
3440 2294 3551 2350 etc.

1945 2377 2165 2446 (Matth.
2197 2394 2294 2446 vn,
2330 2380 2444 2449 26).
2477 2379 2544 2433 Et
2593 2379 2718 2434 haec
2754 2379 2989 2451 quidem
3045 2379 3116 2433 de
3163 2379 3434 2434 Chranno
3466 2397 3557 2434 os-

1945 2469 2110 2521 tensa
2138 2470 2292 2523 sunt.

2548 2555 2773 2610 CAPUT
2796 2555 2965 2610 XXIX.

1945 2641 2028 2698 De
2053 2641 2377 2698 Childeberti
2393 2650 2520 2714 post
2549 2645 2708 2713 regni
2719 2644 2951 2712 fraterni
2964 2645 3556 2715 aﬂ'ectationemmorte.

2024 2732 2424 2787 Childebertus
2447 2748 2579 2787 vero
2604 2731 2895 2786 aestimans
2919 2731 3161 2787 fratrem
3184 2749 3218 2787 a
3239 2731 3560 2787 Saxonibus

1951 2818 2346 2881 interfectum,
2379 2819 2574 2874 Remis
2622 2819 2900 2874 accedens
2948 2824 3154 2874 cuncta
3185 2819 3464 2874 incendiis
3497 2836 3563 2874 ac

1951 2907 2172 2979 rapinis
2200 2907 2458 2962 vastavit.
2503 2907 2660 2961 Tunc
2717 2907 2845 2962 dua:
2899 2909 3250 2963 locustarum
3279 2908 3428 2963 acies
3458 2923 3562 2978 per

1951 2997 2272 3050 Arvernum
2304 3011 2370 3050 ac
2400 2995 2829 3051 Lemovicinum
2879 2996 2938 3050 in
2978 3013 3250 3068 campum
3283 2996 3563 3051 transiere

1955 3084 2372 3138 Romaniacum
2405 3101 2417 3137 :
2455 3083 2572 3151 ubi,
2603 3085 2914 3139 commisso
2946 3085 3098 3140 inter
3127 3102 3186 3140 se
3217 3085 3567 3157 praalio,ma-

1954 3189 2136 3242 gnum
2167 3172 2452 3243 reliquere
2483 3188 2752 3227 acervum
2805 3175 3157 3228 locustarum
3191 3173 3564 3233 infectarum.

1955 3259 2150 3330 Coepta
2200 3259 2453 3313 Chranni
2503 3262 2676 3314 celeri
2710 3262 3106 3316 destituuntur
3138 3261 3297 3316 obitu
3331 3261 3558 3318 Childe-

1952 3346 2273 3401 berti.Nam
2287 3347 2440 3401 idem
2453 3363 2552 3401 rex
2567 3351 2695 3418 post
2719 3348 3002 3402 diutinam
3019 3348 3184 3420 regni
3202 3350 3563 3404 functiouem

1953 3434 2116 3490 febre
2148 3439 2380 3490 vexatus
2412 3436 2678 3503 moritur,
2710 3453 2773 3491 ac
2805 3437 3054 3491 Parisius
3076 3437 3131 3491 in
3160 3438 3399 3492 ecclesia
3427 3455 3562 3492 san-

1955 3524 2029 3580 cti
2059 3523 2362 3590 Vincentii,
2387 3539 2563 3594 quam
2586 3523 2706 3595 ipse
2728 3523 3057 3592 fabricarat,
3107 3525 3398 3594 sepelitur.
3435 3527 3565 3596 Ejus

1956 3629 2206 3685 regnum
2232 3613 2318 3667 vel
2351 3611 2603 3666 thesauri
2634 3612 2710 3667 ad
2731 3612 3050 3667 Clotarium
3084 3612 3213 3684 lege
3243 3612 3566 3670 redierunt.

2553 3700 2772 3756 CAPUT
2813 3701 2961 3755 XVX.

1957 3791 2042 3847 De
2076 3788 2324 3844 Chranni
2349 3789 2624 3844 conatibus
2641 3796 2690 3843 et
2717 3787 2948 3844 Clotarii
2970 3789 3247 3846 clementia
3276 3797 3325 3844 et
3344 3792 3565 3862 pietate.

2030 3879 2376 3934 llestitutum
2391 3895 2447 3933 se
2464 3879 2765 3933 Chrannus
2793 3882 2955 3934 tanto
2977 3877 3339 3950 parricidalis
3361 3880 3566 3951 flagitii

1959 3971 2224 4022 consorte
2270 3967 2758 4035 animadvertens,
2792 3968 2866 4023 ad
2908 3956 3209 4022 Conabum
3244 3968 3570 4024 Brittonum

1960 4055 2284 4127 principem
2312 4055 2964 4127 confugit,recidivaque
2987 4073 3261 4127 reparare
3276 4057 3428 4112 bella
3441 4061 3567 4112 ten-

1961 4143 2250 4201 tabat.Cui
2273 4145 2544 4199 nobilitas
2565 4146 2830 4218 conjugis
2861 4145 3132 4200 odiorum
3163 4146 3570 4219 suppeditabat

1962 4232 2267 4286 materiam
2297 4233 2453 4304 quod
2471 4235 2878 4304 praeemineret
2895 4234 3177 4306 prosapiae
3200 4234 3565 4292 claritudine.

211 4405 214 4407 g
239 4327 345 4381 tris
377 4339 752 4397 germanum.
789 4319 972 4383 Quem
995 4319 1171 4373 etiam
1199 4319 1256 4395 in
1290 4322 1515 4374 tanturn
1538 4320 1608 4374 ab
1633 4335 1701 4372 eo
1730 4319 1862 4373 alie-
1882 4315 1935 4374 D
1963 4322 2025 4376 Ei
2055 4339 2271 4377 nomen
2297 4323 2799 4389 Calte,Willecario
2822 4323 3372 4395 genita,Aquitanim
3397 4324 3565 4382 duce.

243 4433 388 4471 num
410 4413 681 4469 etfecerat
712 4411 774 4464 ut
792 4409 987 4463 fratris
1017 4408 1190 4463 vitam
1225 4412 1556 4481 appeteret;
1591 4409 1860 4463 Chranno

243 4506 412 4561 tactis
466 4505 802 4559 sanctorum
853 4499 1191 4570 pignoribus
1246 4502 1450 4570 sponte
1484 4499 1862 4570 promittente

244 4595 408 4669 quod
437 4591 620 4666 patris
645 4591 958 4663 perpetuus
1009 4587 1274 4643 existeret
1321 4589 1517 4644 hostis.
1567 4590 1865 4661 Perpetra-

248 4690 493 4756 tumque
513 4682 666 4737 foret
686 4679 929 4733 facimus
943 4695 1223 4748 magnum
1247 4693 1311 4732 ac
1329 4678 1732 4745 memorabile,
1753 4678 1864 4733 fra-

249 4777 336 4828 trc
369 4774 430 4827 in
460 4773 719 4826 mortem
753 4767 945 4821 fratris
970 4767 1358 4836 conspirante,
1381 4765 1425 4820 si
1445 4768 1590 4821 Deus
1620 4784 1734 4822 non
1763 4766 1867 4821 im-

252 4862 506 4935 pedisset
532 4864 590 4915 et
620 4856 1024 4914 Childebertus
1057 4859 1285 4909 matura
1317 4858 1505 4909 morte
1535 4871 1652 4909 non
1685 4872 1862 4928 oppe-

199 4974 203 4976 ·
253 4952 456 5006 tiisset.
477 4945 817 5019 Composito
838 4961 1088 5016 namque
1105 4961 1233 4998 cum
1250 4943 1611 4999 Childeberto
1626 4944 1864 5009 foedere,

257 5039 627 5114 Aquitaniam
651 5036 868 5089 iterum
884 5034 1112 5105 repetit,
1133 5032 1331 5088 omnia
1352 5049 1592 5104 parquae
1610 5033 1867 5104 primum

260 5131 404 5186 ierat
444 5129 814 5184 subacturus.
852 5124 983 5177 Post
1032 5139 1204 5194 quem
1252 5125 1436 5194 pater,
1466 5121 1745 5176 Saxonica
1775 5139 1870 5178 oc-

1965 4411 2363 4479 Qui,videlicet
2383 4412 3163 4480 Willecarius,minisClotarii
3180 4411 3569 4485 territus,qui-

1965 4500 2302 4555 busChrann
2313 4517 2344 4555 o
2359 4500 3182 4573 favissearguebatur,tutelam
3197 4501 3445 4556 basilica:
3461 4519 3565 4558 san

1965 4589 2265 4644 ctiMartini
2283 4589 2536 4661 expetiit;
2561 4607 2735 4662 quam
2750 4590 2972 4662 pridem
2991 4594 3047 4645 et
3063 4590 3570 4655 Austrabius,alter

1967 4680 2099 4746 dux,
2131 4678 2466 4750 expetierat.
2501 4679 2966 4735 Persecutoribus
3008 4679 3398 4752 quaerentibus
3432 4697 3567 4737 eum

1965 4768 2169 4822 exinde
2195 4768 2438 4823 avellere
2470 4785 2575 4823 nec
2597 4769 2936 4835 valentibus,
2953 4767 3202 4823 admotis
3220 4767 3447 4840 ignibus
3464 4785 3567 4840 pa-

1967 4858 2106 4912 riter
2136 4873 2267 4911 cum
2299 4858 2420 4929 ipsa
2451 4857 2727 4912 orationis
2754 4859 2928 4911 domo
2957 4856 3211 4911 flammis
3241 4860 3326 4912 est
3351 4873 3572 4913 crema-

1967 4949 2075 5001 tus.
2101 4945 2286 5009 Quam
2315 4945 2596 5000 Clotarius
2609 4944 2802 4999 solerti
2832 4944 3112 4998 industria
3132 4945 3443 5001 venustiori
3463 4945 3569 5001 do-
3602 5004 3604 5006 τ

1970 5036 2126 5091 navit
2155 5035 2342 5106 gratia
2371 5038 2694 5106 stannoque
2725 5033 2847 5102 ejus
2878 5032 3105 5101 operuit
3136 5035 3568 5090 tecta.Nondis-

1972 5123 2325 5180 simulandas
2374 5125 2569 5177 autem
2626 5121 2725 5175 ﬁlii
2773 5120 3084 5175 arbitratus
3124 5119 3381 5191 injurias,
3434 5123 3573 5180 inde

261 5223 496 5293 cupatus
527 5211 923 5287 expeditione,
955 5210 1036 5266 ire
1069 5227 1185 5266 non
1225 5211 1436 5278 valens,
1471 5211 1872 5267 Charibertum
1975 5216 2190 5286 quanta
2210 5211 2396 5282 potuit
2415 5227 2650 5265 suorum
2679 5226 2856 5264 manu
2872 5207 3230 5262 Britanniam
3249 5213 3333 5263 est
3355 5209 3576 5280 ingres-

261 5327 321 5364 ac
343 5310 763 5364 Guntrannum
790 5299 932 5353 filios
949 5316 1078 5354 cum
1101 5299 1350 5354 exercitu
1368 5315 1435 5354 eo
1459 5299 1671 5370 dirigit.
1690 5300 1873 5364 Quem
1976 5320 2088 5356 sus.
2125 5300 2381 5356 Occurrit
2404 5299 2454 5352 ei
2486 5299 2786 5353 Chrannus
2818 5313 2951 5352 cum
2982 5296 3219 5353 donabo
3249 5295 3574 5354 Brittonum

261 5399 358 5466 illi,
378 5415 486 5471 per
499 5387 889 5452 Arvernicum
904 5387 1078 5442 secuti
1091 5389 1469 5448 territorium.
1492 5389 1551 5442 in
1571 5388 1876 5443 Lemovico
1977 5408 2136 5462 rege,
2160 5390 2542 5443 barbarorum
2572 5404 2781 5460 agmen
2809 5387 3102 5443 ductante.
3141 5385 3245 5440 Ubi
3275 5385 3348 5441 ad
3390 5389 3576 5442 certa-

249 5490 373 5562 jam
395 5506 466 5544 eo
490 5481 772 5542 assecuta
794 5480 978 5531 castra
1000 5494 1170 5549 super
1199 5481 1460 5532 montem
1482 5476 1721 5548 Nigrum
1749 5491 1878 5531 con-

1980 5495 2117 5534 men
2141 5480 2401 5545 ventum,
2425 5479 2646 5530 tentato
2676 5475 2946 5547 utrinque
2977 5473 3238 5547 agmine,
3266 5475 3360 5530 ubi
3392 5493 3582 5550 neque

252 5577 574 5638 stituerunt
610 5569 1017 5640 miseruntque
1037 5567 1111 5623 ad
1140 5583 1273 5626 eum
1306 5571 1367 5624 ut
1391 5585 1520 5641 quae
1551 5570 1884 5642 pervaserat
1985 5567 2288 5624 Chranuus
2316 5564 2561 5641 pecunia
2589 5565 2904 5625 conductos
2926 5564 3239 5626 desciscere
3258 5583 3292 5624 a
3320 5565 3592 5631 ﬁdevidit
