3862 6210
383 423 398 445 _.
413 374 516 436 883

1471 359 1736 428 ΑιιιοιΝι
1773 357 2084 429 MONACHI
2121 357 2614 430 FLORIACENSIS

3611 375 3726 442 6834

376 573 380 578 _
407 501 810 557 Vandalorum
851 490 1184 568 reipublicae
1211 495 1358 569 jugo
1396 496 1802 565 substraverat,
1831 497 2025 553 audito
2045 497 2102 559 Α
2128 496 2248 565 Hic,
2277 500 2551 553 exorante
2575 495 2908 554 Desiderato
2939 496 3301 558 Viridunensi
3324 503 3618 580 episeopo,
3652 508 3740 564 ci-

384 650 390 656 ,
410 589 568 662 quod
589 586 792 643 Franci
816 586 1046 641 Italiam
1064 586 1682 654 infestarent,Romam
1705 585 1894 640 redire
1911 603 2028 640 ma-

405 681 605 732 turato
639 675 959 732 contendit.
1016 676 1084 729 Et
1113 675 1329 730 civitati
1372 675 1861 746 appropinquans,
1894 691 2028 728 cum

411 784 628 839 magno
669 765 935 821 omnium
969 765 1268 837 utriusque
1297 781 1461 819 sexus
1490 763 1690 818 laetitia
1713 767 2024 835 susceptus,

417 855 627 910 obtulit
651 854 824 910 beato
846 855 1016 908 Petro
1044 869 1148 924 per
1174 871 1380 908 manus
1397 869 1560 924 papae
1581 852 1768 924 Vigilii
1789 867 2029 907 auream

411 959 644 998 crucem
704 945 940 998 centum
990 942 1294 1008 librarum,
1327 939 1752 1013 pretiosissimis
1781 940 2030 1012 gemmis

415 1036 776 1098 exornatam,
799 1031 858 1086 in
892 1047 1006 1103 qua
1031 1047 1164 1086 suas
1200 1029 1582 1101 descripserat
1608 1027 1891 1082 victorias.
1933 1030 2025 1082 ln-

415 1121 600 1194 deque
622 1121 696 1176 ad
719 1121 942 1176 bellum
973 1122 1256 1174 retractus
1274 1119 1650 1184 Francorum,
1670 1116 1810 1172 dum
1829 1115 2023 1186 pauci-

421 1211 600 1264 tatem
619 1207 806 1280 gentis
824 1207 1150 1263 contemnit
1172 1207 1557 1278 virtutemque
1576 1203 2026 1276 ignorat,paucis

413 1301 473 1352 et
485 1297 602 1369 ipse
617 1297 924 1367 assumptis
939 1312 1198 1368 pugnam
1214 1313 1331 1350 non
1347 1292 2020 1350 dubitavitcommittere.

414 1385 527 1442 Sed
558 1384 834 1440 Romanis
862 1400 966 1455 pro
997 1385 1181 1439 salute
1237 1385 1296 1439 et
1326 1383 1615 1438 libertate.
1649 1379 1881 1436 Francis
1919 1396 2023 1452 pro

413 1473 784 1544 adipiscenda
801 1471 984 1544 gloria
1004 1475 1302 1527 certamen
1331 1474 1474 1526 erat.
1493 1472 1560 1524 Et
1580 1469 1716 1543 quia
1733 1486 1800 1524 eo
1823 1485 1882 1524 se
1897 1469 2021 1540 glo-

384 1629 388 1634 λ
413 1562 715 1618 riosiorem
742 1561 1052 1633 sperabant
1069 1565 1366 1631 reportare
1387 1557 1823 1629 triumphum,si
1849 1557 2022 1611 totius

413 1650 568 1706 orbis
591 1650 834 1706 victores
849 1651 1142 1704 Romanos
1162 1648 1445 1714 vicissent,
1467 1648 1615 1701 mori
1640 1645 1828 1718 potius
1843 1661 2020 1717 quam

412 1740 538 1795 loco
553 1740 757 1794 cedere
777 1739 1099 1810 elegerant.
1119 1737 1263 1792 Inito
1283 1736 1478 1807 itaque
1501 1733 1867 1807 praelio,dum
1890 1750 2026 1788 neu-

2125 585 2288 640 vibus
2308 585 2566 656 ejusdem
2597 585 2752 642 urbis
2778 591 2906 643 octo
2929 588 3112 644 millia
3133 591 3473 663 solidorum,
3502 595 3601 667 qui
3634 613 3744 651 an-

2127 673 2350 728 nuatim
2375 673 2580 729 exinde
2612 674 2734 745 ejus
2761 673 3162 733 inferebantur
3187 679 3489 750 thesauris,
3523 683 3740 756 largis-

2127 760 2273 815 sima
2297 761 2655 832 benignitate
2682 763 2754 817 ad
2780 765 3262 821 restaurationem
3289 770 3572 826 concessit
3601 771 3742 826 civi-

2126 849 2414 904 tatis.Fuit
2426 849 2581 904 idem
2600 867 2698 905 rex
2713 851 2946 923 egregie
2961 857 3220 910 moratus
3237 857 3581 931 eloquioque
3595 859 3741 915 affa-

2127 936 2276 992 bilis.
2311 937 2418 1000 Qui
2441 938 2841 994 beatissimum
2885 941 3142 998 Maurum
3187 943 3246 998 in
3277 945 3531 1017 quadam
3563 953 3740 1019 parte

2125 1024 2294 1096 regni
2313 1024 2420 1092 sui,
2447 1025 2506 1080 in
2531 1027 2931 1099 Andegavensi
2958 1029 3220 1086 videlicet
3240 1049 3412 1105 pago,
3442 1039 3745 1091 monaste-

2123 1114 2276 1170 rium
2309 1119 2766 1184 construentem,
2785 1117 2940 1189 quod
2960 1118 3389 1177 Glannafolium
3413 1123 3743 1196 antiquitus

2125 1201 2342 1256 dictum
2365 1207 2472 1271 est,
2499 1203 2738 1260 mirifice
2761 1205 2956 1274 coluit,
2975 1207 3306 1281 praediaque
3323 1209 3586 1283 ingentia
3599 1229 3744 1268 cum

2123 1289 2246 1346 aliis
2271 1291 2447 1362 regia:
2476 1293 2888 1350 munificentiae
2923 1294 3090 1351 donis
3117 1313 3222 1369 per
3247 1299 3631 1371 semetipsum
3667 1302 3743 1357 ad

2123 1378 2398 1434 eumdem
2413 1379 2738 1437 accedendo
2756 1381 2947 1438 locum
2969 1383 3384 1456 benignissxme
3396 1387 3746 1444 contribuit.

2123 1465 2405 1522 Successit
2429 1467 2481 1522 ei
2501 1467 2866 1525 Theobaldus
2890 1469 3040 1527 ﬁlius
3067 1471 3213 1542 ejus,
3239 1473 3326 1528 vir
3347 1474 3587 1546 quidem
3621 1477 3748 1533 Deo

2123 1553 2348 1610 deditus
2378 1558 2438 1610 et
2487 1573 2680 1612 servos
2708 1559 2832 1630 ejus
2865 1559 3031 1615 unice
3063 1560 3330 1634 diligens,
3363 1563 3463 1620 sed
3509 1564 3573 1620 in
3605 1583 3751 1622 suos

2123 1643 2388 1698 crudelis.
2425 1645 2597 1715 Cujus
2627 1648 2891 1718 tempore
2921 1649 3088 1704 stella
3113 1665 3182 1704 ex
3232 1650 3470 1707 adverso
3495 1653 3748 1710 veniens

2125 1731 2185 1786 in
2206 1733 2405 1787 lunam
2434 1733 2694 1805 ingressa
2733 1739 2836 1790 est.
2864 1735 3019 1792 Tunc
3034 1753 3264 1811 quoque
3281 1756 3401 1794 uvae
3419 1740 3479 1796 in
3502 1743 3748 1811 arbore,

412 1829 504 1882 tra
547 1826 696 1882 acies
728 1826 893 1880 alteri
927 1825 1178 1892 cederet,
1206 1823 1447 1879 tandem
1481 1822 1727 1878 Romani
1755 1823 2022 1889 salutem,
2046 1833 2098 1892 Β
2125 1835 2252 1890 quae
2280 1819 2598 1876 Sambucus
2621 1821 2848 1890 dicitur,
2878 1827 3028 1880 nata:
3041 1829 3196 1893 sunt,
3213 1830 3270 1882 et
3289 1827 3462 1884 ﬂores
3477 1828 3746 1900 ipsarum

385 1989 388 1992 q
411 1931 516 1988 pro
544 1932 658 1987 qua
687 1913 1024 1986 aliquandiu
1058 1913 1456 1978 substiterant,
1489 1911 1754 1984 deperire
1799 1909 1906 1966 sibi
1934 1910 2040 1964 in-'

412 2003 756 2075 telligentes,
777 2003 918 2057 dum
941 2001 1285 2058 fortissimos
1313 2016 1572 2073 quosque
1600 2015 1838 2054 suorum
1869 1999 2020 2054 bello

411 2093 688 2164 oppetere
716 2095 1042 2153 cernerent,
1071 2089 1348 2162 paulatim
1381 2105 1439 2144 se
1465 2087 1767 2142 certamini
1797 2087 2023 2142 subtra-

411 2179 549 2234 here
577 2181 900 2250 cmperunt.
944 2180 1028 2232 lta
1057 2178 1144 2232 vir
1171 2176 1596 2232 strenuissimus
1636 2175 1958 2243 Belisarius,
1990 2193 2024 2230 a

410 2267 524 2322 suis
578 2267 860 2334 desertus,
905 2267 976 2321 ab
1007 2265 1267 2320 hostibus
1315 2264 1756 2329 circumventus,
1789 2263 2026 2336 nequid-

411 2372 588 2428 quam
615 2355 846 2410 fortiter
873 2353 1090 2408 faciens
1115 2353 1427 2407 exstinctus
1457 2353 1560 2406 est.
1593 2351 1662 2406 Et
1682 2351 1779 2423 qui
1808 2353 2024 2405 multa-

411 2461 544 2500 rum
560 2443 663 2498 sub
697 2441 992 2512 triumpho
1026 2440 1293 2512 gentium
1319 2439 1573 2512 captivos
1588 2439 1907 2494 adduxerat
1934 2456 2024 2494 re-

411 2551 533 2604 ges,
551 2549 585 2587 a
607 2533 750 2587 duce
771 2548 889 2586 non
913 2529 1104 2585 dicam
1130 2527 1500 2599 imperatoris
1519 2532 1618 2582 aut
1632 2527 1802 2600 regis,
1826 2545 2026 2583 verum

411 2619 722 2676 tetrarchae
753 2619 1108 2673 Francorum
1135 2615 1334 2682 victus,
1361 2616 1479 2670 vita
1508 2632 1640 2671 cum
1667 2615 1918 2671 nominis
1937 2615 2024 2671 sui

412 2707 669 2782 privatus
699 2709 785 2762 est
820 2705 1026 2777 gloria.

385 2783 391 2788 ’
1005 2793 1232 2848 CAPUT
1262 2791 1434 2846 XXIV.

408 2883 493 2941 De
537 2883 684 2940 beato
735 2881 992 2954 Gregorio
1032 2880 1356 2950 Lingonensz'
1398 2885 1448 2933 et
1489 2887 1660 2934 castra
1694 2877 2024 2935 Divionensz'.

485 2975 619 3029 Erat
642 2975 780 3027 tunc
805 2967 1095 3042 temporis
1129 2969 1330 3023 beatus
1361 2967 1670 3039 Gregorius
1699 2967 2028 3038 Lingonica:

411 3062 568 3118 urbis
623 3061 830 3134 prazsul
887 3075 1172 3114 summus.
1209 3056 1319 3113 Sed
1372 3055 1508 3128 quia
1545 3056 1714 3128 hujus
1740 3055 2029 3127 pontificis

411 3147 1076 3219 meminimus,dignum
1107 3147 1196 3201 est
1231 3147 1293 3199 ut
1319 3144 1492 3200 situm
1524 3143 1882 3200 Divionensis
1906 3161 2026 3199 cas-

409 3229 621 3297 tri,ubi
649 3227 903 3283 maxime
934 3227 1298 3292 morabatur,
1314 3223 1759 3296 pandamus.Est
1779 3223 2028 3296 denique

411 3318 554 3374 illud
583 3321 836 3373 castrum
875 3316 936 3371 in
969 3313 1167 3386 campi
1202 3312 1443 3385 pianitie
1474 3311 1656 3367 muris
1683 3311 2028 3367 firmissimis

410 3406 855 3472 circumdatum,
878 3403 1132 3460 turribus
1160 3401 1404 3474 triginta
1426 3400 1610 3455 tribus
1636 3400 2024 3468 bonestatum,

410 3497 595 3550 terras
621 3494 842 3549 habens
865 3492 1106 3560 fertiles,
1139 3507 1246 3562 per
1277 3507 1422 3562 quas
1448 3506 1482 3544 a
1515 3487 1756 3544 meridie
1788 3489 2028 3544 Oscarus

407 3583 566 3640 haud
587 3584 788 3656 procul
835 3600 869 3638 a
897 3599 1065 3638 muro
1092 3580 1242 3648 fluit,
1271 3579 1520 3650 piscibus
1549 3577 1722 3632 dives.
1749 3577 1834 3631 Ab
1861 3577 2026 3650 aqui-

408 3675 543 3730 lone
573 3675 721 3729 alter
772 3671 979 3727 ﬂuvius
1008 3687 1114 3742 per
1162 3672 1399 3742 portam
1431 3666 1778 3738 ingreditur,
1810 3683 1873 3720 ac
1921 3668 2024 3722 sub

407 3764 586 3836 ponte
610 3763 922 3818 decurrens
950 3773 1171 3830 perque
1206 3755 1382 3810 aliam
1440 3757 1670 3825 portam
1698 3753 2022 3825 egrediens,

411 3849 780 3906 molendinos
807 3863 1039 3902 summa
1068 3843 1239 3900 vertit
1273 3841 1594 3898 velocitate.
1625 3844 1812 3898 Murus
1841 3843 1915 3898 ad
1943 3845 2024 3900 vi-

411 3937 558 4012 ginti
589 3937 766 4010 pedes
797 3933 1032 4007 quadris
1083 3931 1400 3986 aediﬁcatus
1453 3929 1757 4002 lapidibus,
1782 3932 2026 4005 desuper

412 4027 672 4082 minores
685 4020 1075 4096 superpositos
1091 4019 1311 4074 habens
1325 4018 1564 4092 lapides,
1580 4019 1640 4074 in
1659 4021 2024 4076 altitudinem

414 4113 660 4185 pedibus
689 4129 813 4178 xxx,
845 4109 906 4164 in
937 4107 1304 4164 latitudinem
1344 4125 1434 4176 xv,
1466 4109 1804 4181 porrigitur.
1837 4111 2024 4166 Porta:

381 4191 384 4195 ’
414 4201 494 4256 ibi
523 4203 792 4272 quatuor,
817 4215 850 4254 a
874 4197 1320 4270 quatuor‘plagis
1344 4197 1486 4256 coeli.
1511 4197 1674 4262 Quod
1695 4215 1827 4253 cum
1851 4201 2024 4254 tanta:

418 4288 491 4342 sit
520 4286 960 4360 magnitudinis,
993 4301 1092 4341 cur
1125 4285 1278 4341 urbis
1322 4287 1598 4342 vocabulo
1629 4287 1885 4342 caruerit
1914 4287 2024 4342 mi-

2129 1907 2428 1976 arborum,
2449 1925 2575 1980 qua:
2609 1909 2776 1982 nigra
2803 1913 3064 1984 proferre
3091 1915 3279 1971 solent
3307 1932 3513 1988 grana,
3536 1917 3752 1974 botros

2124 1996 2514 2066 protulerunt.
2545 1997 2738 2054 Gravis
2775 2015 2844 2054 eo
2876 2002 3142 2072 tempore
3181 2018 3246 2058 ac
3275 2004 3442 2059 solito
3475 2005 3752 2076 asperior

2123 2082 2308 2138 hiems
2329 2083 2482 2139 facta
2501 2087 2606 2154 est,
2640 2085 2720 2142 ita
2741 2089 2804 2141 ut
2833 2091 3120 2144 torrentes
3145 2092 3431 2164 congelati
3462 2094 3746 2165 pervium

2123 2187 2295 2243 super
2311 2189 2372 2227 se
2388 2173 2616 2244 populis
2632 2173 2741 2229 iter
2757 2176 3086 2246 praeberent
3113 2179 3256 2234 Aves
3279 2197 3509 2254 quoque
3528 2182 3740 2254 rigore

2125 2259 2373 2314 astricta:
2401 2261 2488 2314 vel
2511 2260 2688 2328 fame,
2711 2262 2923 2334 absque
2945 2266 3062 2321 ullo
3087 2267 3396 2323 hominum
3423 2268 3585 2338 dolo,
3621 2263 3742 2326 im-

2125 2363 2330 2402 mersa),
2375 2347 2600 2404 nivibus
2649 2351 3046 2422 capiebantur.
3080 2355 3178 2410 Hic
3234 2357 3456 2429 accepit
3485 2375 3745 2415 uxorem

2126 2433 2305 2490 filiam
2315 2436 2598 2505 Waconis,
2614 2439 2764 2509 regis
2775 2439 3746 2512 Longobardorum,Walderadam

2127 2523 2388 2592 nomine,
2412 2541 2527 2580 suae
2559 2541 2818 2581 sororem
2846 2544 3126 2586 novercae.
3160 2531 3267 2595 Qui
3299 2549 3429 2588 cum
3462 2551 3574 2607 per
3606 2541 3750 2593 octo

2125 2628 2414 2667 annorum
2441 2613 2720 2668 curricula
2741 2619 2973 2672 strenue
2994 2622 3321 2690 susceptum
3349 2622 3752 2693 gubernasset

2126 2715 2396 2771 regnum,
2429 2699 2544 2755 vita
2573 2700 2878 2772 decedens,
2911 2704 3297 2778 principatum
3329 2709 3523 2779 gentis
3549 2729 3746 2785 quam

2125 2787 2534 2858 regebat,cum
2563 2789 2866 2858 thesauris,
2896 2791 3145 2848 Clotario
3169 2794 3476 2868 dereliquit
3509 2799 3752 2856 haben-

2127 2874 2286 2929 dum.
2322 2875 2462 2930 Huic
2487 2892 2619 2932 vero
2653 2877 2901 2934 Clotario
2945 2880 3182 2936 fuerunt
3205 2882 3378 2938 virilis
3402 2901 3575 2942 sexus
3611 2887 3748 2957 filii,

2127 2981 2194 3020 ex
2221 2965 2458 3020 diversis
2483 2967 2826 3038 conjugibus
2856 2969 2988 3038 orti,
3017 2987 3270 3028 numero
3287 2977 3513 3046 septem
3532 2979 3596 3032 et
3631 2995 3757 3034 una

2126 3052 2366 3108 femina.
2391 3053 2472 3108 De
2495 3055 2753 3126 Ingunde
2785 3057 3042 3128 quidem,
3065 3059 3752 3130 Guntharius,Childeri-

2127 3157 2243 3209 cus,
2273 3141 2672 3210 Cherebertus,
2701 3143 3092 3216 Guntrannus,
3124 3147 3455 3220 Sigebertus
3479 3155 3544 3206 et
3579 3153 3750 3211 Clot-

2127 3229 2294 3312 sinda
2322 3229 2460 3286 ﬁlia.
2496 3233 2574 3287 De
2603 3230 2984 3304 Charagunde
3014 3251 3171 3304 vero,
3202 3254 3399 3295 sorore
3425 3243 3748 3314 lngundis,

2125 3318 2328 3374 habuit
2352 3318 2758 3394 Chilpericum.
2783 3323 2996 3378 Amore
3026 3323 3275 3397 denique
3299 3327 3583 3400 lngundis
3641 3332 3752 3388 du-

2127 3410 2270 3474 ctus,
2294 3406 2738 3479 Charagundem
2769 3409 2894 3481 ejus
2920 3427 3265 3482 germanam
3295 3414 3400 3471 sibi
3433 3416 3496 3472 in
3525 3421 3750 3475 matri-

2127 3495 2392 3552 monium
2420 3497 2807 3569 copulaverat.
2839 3499 2921 3555 De
2977 3500 3267 3560 Gunsinde
3295 3508 3491 3561 autem
3526 3511 3752 3580 genuit

2127 3585 2484 3644 Cbrannum.

2715 3677 2938 3733 CAPUT
2966 3677 3138 3736 XXVI.

2369 3763 2454 3818 De
2481 3761 2598 3818 odio
2643 3761 2986 3821 Francorum
3015 3770 3070 3822 in
3097 3769 3481 3827 Parthenium.

2192 3851 2349 3906 Tunc
2375 3851 2653 3924 temporis
2678 3853 2882 3908 Franci
2911 3852 3290 3912 Parthenium
3316 3857 3376 3912 in
3399 3861 3632 3930 palatio
3661 3881 3755 3922 re-

2125 3938 2214 4010 gis
2234 3938 2624 3996 Theodoberti
2639 3941 2938 4013 quondam
2953 3947 3275 4017 potentem,
3291 3946 3390 4019 qui
3411 3964 3513 4004 eos
3535 3951 3754 4022 tributi

2125 4043 2304 4082 onere
2333 4027 2500 4083 valde
2549 4033 2858 4102 presserat,
2888 4031 3188 4090 immensis
3236 4038 3757 4109 persequebantur

2126 4115 2285 4171 odiis.
2310 4116 2417 4181 Qui
2445 4133 2577 4172 cum
2600 4135 2660 4174 se
2687 4123 2950 4175 cerneret
2973 4138 3092 4178 non
3113 4139 3278 4195 posse
3294 4124 3566 4196 evadere,
3600 4131 3756 4186 duos

2124 4208 2294 4276 rogat
2309 4205 2606 4279 episcopos
2620 4211 2682 4263 ut
2692 4225 2753 4264 se
2770 4208 3014 4265 Treviris
3025 4210 3313 4267 deducant
3332 4213 3754 4292 saevientisque

2123 4294 2320 4364 populi
2333 4294 2678 4352 seditionem
2693 4313 2795 4352 sua
2806 4297 3213 4368 praedicatione
3225 4300 3444 4356 sedent.
3454 4301 3586 4368 Quo
3601 4306 3752 4362 dum

417 4392 550 4432 rum
579 4375 844 4431 habetur.
866 4375 978 4430 Hoc
996 4374 1233 4446 quidem
1255 4375 1328 4430 ab
1348 4375 1656 4430 Aureliano
1673 4374 2024 4446 imperatore
2047 4395 2100 4456 1)
2124 4399 2241 4437 una
2260 4399 2393 4438 cum
2424 4400 2491 4438 eo
2525 4389 2686 4452 eunt,
2709 4402 2826 4440 una
2852 4387 3110 4443 noctium
3135 4389 3307 4461 caapit
3321 4390 3646 4461 praedictus
3664 4396 3754 4451 vir

419 4467 813 4521 constructum
842 4463 1154 4538 antiquitas
1190 4463 1449 4518 asseruit.

1023 4552 1247 4609 CAPUT
1277 4551 1426 4606 XXV.

616 4641 700 4698 De
729 4641 1017 4699 Chrotildis
1040 4641 1187 4696 obitu
1221 4646 1270 4696 et
1293 4639 1522 4695 Clotarii
1543 4643 1820 4714 progenie.

489 4732 715 4788 Interea
737 4732 907 4788 bonae
945 4729 1246 4801 mempriaz
1278 4728 1482 4800 regina
1518 4730 1848 4799 Chrotildis,
1882 4749 2025 4787 uxor

419 4820 708 4890 Clodovei,
729 4820 1026 4893 quondam
1053 4818 1249 4888 magni
1276 4817 1448 4889 regis,
1481 4818 1612 4890 piis,
1641 4820 1836 4891 quoad
1863 4819 2022 4885 vixit,

416 4908 642 4966 intenta
697 4908 987 4979 operibus,
1011 4905 1166 4977 apud
1201 4906 1404 4962 urbem
1457 4905 1648 4977 posita
1673 4907 2025 4964 Turonicam

363 4983 376 4990 ’
416 4997 687 5071 migravit
703 4997 776 5052 ad
800 4994 1114 5051 Dominum
1134 4995 1306 5066 plena
1331 4993 1578 5050 dierum.
1597 4995 1768 5066 Cujus
1790 5013 2020 5068 corpus,

414 5105 450 5143 a
475 5087 603 5143 [iliis
632 5085 768 5159 ipsis
817 5083 1186 5140 Childeberto
1215 5099 1280 5140 ac
1313 5083 1562 5140 Clotario
1603 5084 1836 5156 regibus
1889 5102 2022 5142 cum

414 5193 631 5248 magno
663 5176 1034 5250 psallentium
1065 5175 1240 5229 choro
1292 5173 1498 5229 exinde
1529 5173 1820 5229 sublatum
1863 5175 2022 5230 Pari-

412 5266 643 5338 siusque
674 5265 953 5332 delatum,
987 5263 1044 5318 in
1079 5262 1330 5318 sacraria
1358 5261 1607 5318 basilicae
1657 5263 1839 5320 sancti
1869 5265 2023 5320 Petri

400 5353 570 5424 juxta
594 5356 744 5409 latus
774 5352 880 5408 viri
909 5352 996 5408 sui
1028 5356 1112 5407 est
1143 5353 1455 5424 sepultum.
1487 5353 1550 5406 In
1605 5351 1818 5407 eadem
1843 5351 2021 5408 etiam

409 5442 686 5498 orationis
735 5442 912 5498 domo
968 5442 1140 5497 beata
1167 5439 1457 5496 Genovefa
1484 5439 1727 5495 humata
1755 5440 2016 5512 quiescit.

401 5521 838 5586 Theodebertus
893 5546 1146 5603 quoque,
1203 5546 1302 5584 rex
1355 5529 1806 5596 Austrasiorum,
1856 5529 2018 5586 febre

405 5618 593 5676 valida
617 5621 872 5689 vexatus,
901 5617 1056 5674 diem
1109 5618 1310 5676 clausit
1347 5633 1501 5676 anno
1554 5616 1721 5690 regni
1775 5617 1860 5674 sui
1897 5635 2014 5676 xm.

2127 4470 2424 4526 dormiens
2439 4488 2604 4526 voces
2623 4473 2912 4543 emittere,
2931 4475 3158 4531 dicens:
3184 4499 3212 4526 ‹‹
3245 4479 3392 4534 Heu!
3426 4479 3578 4536 heu!
3615 4501 3754 4539 suc-

2125 4558 2358 4623 currite,
2386 4559 2483 4632 qui
2506 4560 2739 4617 adestis.
2764 4583 2793 4611 »
2827 4563 3224 4636 Expergefacti
3254 4567 3755 4640 circumjacentes

2124 4649 2358 4717 rogant,
2381 4647 2520 4720 quid
2549 4648 2734 4703 esset?
2766 4650 3082 4723 Respondit
3103 4652 3198 4708 ille
3234 4654 3440 4711 vidisse
3471 4674 3536 4713 se
3568 4661 3758 4716 Ausa-

2125 4733 2288 4790 nium
2317 4735 2612 4806 quondam
2630 4737 2884 4793 amicum
2904 4755 3094 4808 suum,
3109 4757 3174 4796 ac
3191 4743 3582 4815 Papianillam
3607 4765 3754 4805 uxo-

2124 4839 2250 4878 rem
2285 4823 2605 4896 propriam,
2637 4842 2780 4898 quos
2808 4827 2948 4882 olim
3004 4829 3124 4884 zelo
3178 4830 3382 4888 ductus
3419 4835 3751 4905 occiderat,

2125 4915 2394 4966 vocantes
2419 4929 2478 4967 se
2509 4929 2574 4968 ac
2596 4913 2650 4968 vi
2672 4916 3157 4988 compellenteset
3177 4919 3437 4977 dicentes
3465 4939 3479 4978 :
3512 4944 3542 4976 ο
3573 4924 3755 4994 Veni,

2126 5001 2189 5054 ut
2208 5003 2342 5055 ante
2363 5001 2543 5056 Deum
2561 5001 2632 5057 de
2655 5001 2870 5076 injusta
2896 5021 3036 5060 nece
3054 5009 3251 5063 nostra
3273 5009 3579 5068 nobiscum
3608 5030 3758 5069 eon-

2123 5087 2348 5144 tendas.
2375 5110 2404 5139 ››
2434 5090 2692 5146 Tandem
2723 5091 2953 5147 venitur
2978 5093 3224 5150 Treviris
3249 5100 3308 5152 et
3336 5100 3595 5174 episcopi
3621 5105 3758 5158 tur-

2123 5176 2323 5232 batum
2344 5180 2621 5251 populum
2648 5197 2750 5236 sua
2768 5182 3041 5238 volebant
3066 5183 3234 5240 linire
3267 5188 3556 5245 oratione.
3596 5191 3756 5248 Cum

2125 5267 2456 5338 nequirent,
2490 5268 2868 5326 Parthenium
2903 5271 2963 5326 in
3020 5273 3321 5331 ecclesiam
3365 5277 3609 5336 ductum
3647 5283 3757 5338 uni

2122 5370 2270 5410 arcae
2296 5355 3030 5428 immiserunt,sternentes
3053 5362 3302 5437 desuper
3322 5368 3754 5429 velaecclesim.

2123 5443 2383 5518 Cumque
2409 5448 2656 5520 populus
2680 5452 2933 5504 scrutata
2961 5450 3196 5507 basilica
3219 5455 3543 5527 recederet,
3575 5459 3756 5517 fren-

2120 5531 2264 5588 dens
2285 5535 2440 5608 quod
2462 5552 2581 5591 non
2607 5535 2988 5608 inveniretur,
3011 5556 3156 5596 unus
3176 5556 3208 5596 e
3229 5543 3402 5600 turba
3421 5548 3751 5608 exclamat:

2119 5640 2152 5676 ς
2184 5623 2289 5693 Ειι,
2319 5623 2608 5700 inquiens,
2631 5641 2788 5696 arca,
2823 5625 2920 5683 ubi
2951 5644 3071 5685 non
3103 5631 3191 5686 est
3217 5633 3496 5706 quaesitus
3532 5643 3754 5696 noster
