3862 6210
198 359 281 419 683

1248 343 1568 408 HISTORIA
1618 337 2062 404 FRANCORUM.
2100 372 2170 385 —
2201 342 2332 400 LIB.
2364 341 2428 397 lI.
2470 373 2477 379 -

3396 341 3501 397 686

196 484 547 542 adversarius.
580 505 610 533 »
642 482 1014 554 Statimquee
1040 482 1294 535 reserata
1323 494 1454 548 arca
1475 475 1791 532 extrahitur
1809 473 2169 537 Aredderet.
2201 470 2365 535 Quod
2401 469 2540 524 dum
2573 467 2667 522 ille
2701 484 2759 521 se
2791 467 2979 522 facere
3023 467 3340 539 sponderet
3386 484 3494 522 nec

195 593 250 631 ac
270 573 550 647 lapidibus
576 571 654 626 ad
696 571 1030 625 columnam
1075 568 1281 638 ligatus
1313 565 1632 638 perimitur.
1667 564 1792 618 Fuit

195 681 310 719 vero
339 664 398 717 in
439 659 745 715 sumendis
774 658 914 712 cibis
944 657 1158 711 avidus.
1207 655 1319 710 Sed
1363 672 1496 726 qua:
1527 654 1793 708 sumebat

1893 565 2089 616 tamen
2121 559 2356 623 faceret,
2391 556 2497 628 ipsi
2526 559 2727 610 contra
2772 571 2908 609 eum
2953 555 3264 626 pugnaturi
3310 555 3498 609 aciem

1891 649 2244 704 direxerant.
2278 645 2495 709 Quibus
2526 661 2656 698 cum
2684 643 2778 697 ille
2819 643 2973 697 haud
2999 641 3234 712 segnius
3263 643 3498 697 obviam

194 754 378 806 hausto
411 752 541 805 aloe
572 748 773 803 statim
817 747 1109 816 egerebat,
1147 750 1207 800 ut
1237 745 1345 798 alia
1379 743 1543 798 citius
1563 758 1790 796 sumere
1890 736 2019 802 iret,
2049 738 2174 790 orta
2205 735 2550 804 tempestate
2579 733 2652 786 ab
2672 732 2778 786 hoc
2792 735 2925 785 sunt
2949 729 3193 801 repressi
3216 729 3500 789 facinore.

192 843 384 912 posset.
435 837 758 909 Strepitum
803 851 1031 907 quoque
1074 833 1287 890 ventris
1325 832 1384 887 in
1413 831 1638 904 publico
1670 829 1791 884 sine

194 930 296 983 ulla
323 925 630 982 emittebat
656 922 1022 978 verecundia.

754 1011 977 1066 CAPUT
1009 1009 1207 1064 XXVII.

321 1086 406 1141 De
429 1085 668 1140 Clotarii
690 1082 856 1137 edicto
886 1089 934 1135 et
959 1081 1293 1152 expeditione
1319 1081 1374 1135 in
1401 1075 1659 1133 Saxones.

256 1173 562 1245 Proposuit
603 1175 799 1227 autem
831 1170 1110 1225 Clotarius
1141 1168 1415 1234 edictum,
1474 1170 1535 1220 ut
1577 1167 1796 1245 cunctae

195 1238 450 1318 Ecclesiae
477 1261 789 1316 Galliarum
822 1260 958 1312 fisco
989 1256 1222 1313 tertiam
1253 1259 1480 1327 partem
1513 1238 1799 1308 solverent

192 1352 501 1406 fructuum.
551 1347 736 1413 Quod,
771 1346 1069 1401 resistente
1101 1344 1380 1416 Injurioso
1411 1341 1704 1414 pontifice,
1740 1339 1797 1394 in

193 1440 310 1510 ipso
341 1437 579 1492 exordio
605 1438 1096 1490 tentamentorum
1114 1435 1199 1486 est
1210 1435 1513 1486 cassatum.
1532 1429 1801 1484 Posthsec

193 1528 348 1582 idem
376 1527 493 1580 Rex
524 1526 583 1579 in
617 1524 867 1580 Saxones
894 1526 1116 1578 rectum
1151 1522 1260 1575 iter
1285 1520 1510 1586 direxit,
1543 1517 1640 1590 qui
1662 1516 1799 1571 assi-

195 1615 320 1670 duis
344 1612 775 1669 excursionibus
823 1612 1174 1665 Francorum
1220 1607 1595 1663 devastabant
1637 1606 1798 1660 ﬁnes.

195 1702 410 1766 Quibus
471 1717 644 1772 super
691 1699 966 1754 Wiseram
1032 1697 1269 1752 ﬂuvium
1331 1696 1480 1750 bello
1533 1693 1801 1759 subactis,

1893 825 2026 878 Post
2054 823 2176 877 haec
2209 822 2512 876 Chrannus
2563 835 2667 891 per
2712 819 3175 873 subintroductas
3223 835 3504 889 personas

1893 911 2163 966 fratribus
2196 909 2475 964 insinuari
2532 908 2668 962 facit
2709 910 2936 979 patrem
2988 906 3138 961 bello
3193 906 3505 977 oppetiisse

1895 998 2196 1054 Saxonico.
2230 996 2334 1064 Illi,
2371 1013 2473 1066 pro
2505 1013 2638 1050 vero
2672 995 2890 1050 dictum
2922 994 3208 1060 arbitrati,
3245 996 3500 1066 Burgun-

1897 1087 2055 1142 diam
2087 1085 2258 1140 citato
2295 1087 2567 1156 repetunt
2595 1085 2757 1138 calle.
2794 1083 2886 1137 His
2909 1082 3504 1149 abeuntibus,Chran-

1896 1192 2003 1231 nus
2029 1177 2157 1244 post
2183 1189 2282 1228 eos
2314 1173 2423 1227 iter
2454 1172 2731 1242 dirigens,
2765 1175 2932 1242 capta
2959 1170 3328 1225 Cabilonensi
3362 1171 3504 1226 urbe

1897 1263 1971 1318 ad
2001 1265 2251 1316 castrum
2271 1264 2544 1332 properat
2574 1260 2936 1325 Divionense,
2964 1259 3057 1313 ubi
3083 1259 3324 1330 quidam
3343 1261 3507 1316 cleri-

1899 1367 2122 1417 corum,
2139 1349 2344 1404 curiosi
2367 1349 2503 1420 quid
2520 1348 2790 1403 Chranno
2813 1348 3123 1410 accideret,
3137 1365 3309 1420 super
3327 1349 3507 1403 altare

1900 1443 2016 1494 tres
2044 1441 2362 1509 posuerunt
2393 1437 2639 1503 codices,
2673 1437 2728 1490 id
2765 1439 2873 1499 est,
2907 1437 3352 1508 PrOphetarum,
3389 1437 3516 1508 Epi-

1901 1527 2179 1581 stolarum
2208 1525 2465 1598 Apostoli
2499 1542 2563 1580 ac
2585 1525 3057 1596 Evangeliorum.
3082 1525 3356 1580 Oratione
3372 1541 3514 1595 ergo

1904 1614 1977 1669 ad
1998 1614 2311 1668 Dominum
2331 1614 2500 1681 facta,
2525 1615 2726 1684 aperto
2753 1614 3174 1684 Prophetarum
3203 1613 3348 1668 libro
3364 1614 3515 1668 hunc

1905 1701 2157 1772 primum
2193 1717 2462 1770 reperere
2489 1701 2828 1755 versiculum
2867 1713 2881 1758 :
2912 1701 3188 1770 Auferam
3231 1703 3518 1758 maceriam

189 1791 516 1861 Thoringos
546 1805 796 1861 quoque,
850 1803 916 1842 eo
964 1785 1117 1858 quod
1168 1784 1486 1839 Saxonibus
1529 1782 1803 1837 auxilium
1827 1786 1879 1845 B
1905 1789 2040 1859 ejus,
2073 1795 2122 1842 et
2150 1791 2250 1842 erit
2281 1789 2335 1842 in
2361 1788 2733 1842 desolationem
2752 1806 2856 1859 pro
2882 1805 2938 1842 eo
2963 1788 3106 1861 quod
3126 1789 3306 1843 debuit
3341 1790 3520 1859 facere

193 1879 480 1946 tulissent,
512 1877 892 1948 depOpulatus
920 1878 1023 1929 est.
1058 1875 1256 1928 Denuo
1289 1871 1604 1928 Saxonibus
1626 1871 1806 1925 rebel-

194 1967 312 2021 lare
344 1965 705 2038 parantibus,
739 1963 1018 2017 Clotarius
1048 1961 1316 2015 adversus
1352 1976 1450 2014 eos
1493 1958 1805 2014 exercitum

195 2057 410 2109 movet.
429 2054 637 2108 Verum
663 2052 918 2106 Saxones
939 2049 1246 2120 superioris
1263 2048 1395 2104 belli
1428 2049 1598 2118 plaga
1615 2046 1805 2101 humi-

195 2143 338 2205 liati,
373 2159 479 2213 per
507 2143 728 2212 legatos
758 2138 1196 2195 commissorum
1234 2137 1588 2208 postulantes
1617 2134 1807 2188 indul-

195 2231 481 2302 gentiam,
502 2230 573 2284 de
595 2231 802 2283 caetero
826 2226 1295 2281 emendationem
1328 2225 1672 2296 pollicentur
1687 2239 1810 2277 sua-

198 2335 452 2390 rumque
482 2333 679 2371 rerum
707 2315 972 2370 omnium
998 2317 1222 2384 partem
1255 2311 1532 2379 mediam,
1564 2309 1810 2382 exceptis

198 2405 325 2475 conj
338 2404 543 2476 ugibus
572 2419 636 2458 ac
667 2402 879 2466 liberis,
911 2401 1035 2455 loco
1067 2399 1318 2455 offerunt
1346 2396 1622 2470 pignoris.
1648 2394 1813 2460 Quod

200 2493 406 2547 Franci
439 2491 733 2563 despectui
761 2489 1061 2554 habentes,
1109 2486 1375 2558 praelium
1425 2483 1812 2540 adoriundum

201 2584 502 2652 putarunt.
539 2579 731 2634 Coacti
762 2578 1014 2632 Saxones
1041 2591 1281 2630 manum
1313 2575 1815 2639 conserere,tanta

203 2669 259 2723 in
293 2670 544 2724 Francos
573 2671 765 2738 strage
791 2663 1051 2720 bacchati
1081 2665 1212 2717 sunt
1243 2666 1305 2716 ut
1334 2661 1421 2715 vix
1437 2661 1604 2732 pauci
1625 2661 1814 2715 Clota-

205 2759 288 2812 rio
303 2758 428 2828 regi
441 2759 806 2828 superessent
827 2754 899 2808 ad
913 2753 1062 2823 fuga:
1080 2751 1272 2823 potius
1291 2749 1624 2805 societatem
1639 2765 1815 2822 quam

204 2845 274 2899 ad
303 2845 608 2916 przeliandi
639 2841 975 2898 subsidium.

766 2929 990 2984 CAPUT
1027 2928 1250 2982 XXVIII.

626 3017 710 3074 De
739 3018 996 3073 Chranno
1027 3022 1075 3070 et
1103 3017 1216 3086 ejus
1244 3019 1435 3085 gestis.

277 3109 411 3164 Erat
447 3111 728 3181 praeterea
754 3105 1002 3161 Clotario
1027 3104 1195 3170 filius,
1226 3102 1465 3158 nomine
1493 3101 1815 3169 Chrannus,

214 3214 454 3269 corpore
486 3196 722 3269 quidem
737 3196 992 3266 elegans,
1007 3192 1107 3247 sed
1125 3193 1318 3246 mente
1337 3191 1493 3259 levis,
1515 3190 1659 3245 dolis
1678 3191 1818 3245 nulli

208 3289 570 3340 versutorum
638 3283 940 3338 secundus.
1004 3281 1154 3336 Huic
1229 3279 1456 3336 animus
1507 3279 1818 3351 inquietus,

207 3377 483 3446 prompta
508 3371 773 3437 audacia,
805 3369 893 3424 cui
924 3372 1089 3440 pater
1120 3368 1268 3422 vices
1296 3385 1424 3422 suas
1455 3383 1558 3438 per
1583 3367 1823 3438 Aquita-

207 3460 366 3515 niam
393 3461 786 3515 commiserat.
811 3459 910 3512 Ast
939 3456 1088 3511 illius
1111 3456 1285 3512 effera
1300 3455 1382 3509 vis
1397 3454 1577 3509 animi
1610 3471 1742 3508 eum
1762 3458 1824 3508 ut

203 3567 406 3622 regem
447 3565 621 3620 agere
663 3564 781 3602 non
822 3546 1063 3600 sinebat.
1093 3543 1412 3616 Tyrannica
1443 3542 1691 3614 denique
1721 3542 1821 3597 ad-

207 3644 366 3693 actus
411 3636 753 3691 crudelitate
811 3651 903 3688 res
942 3633 1186 3688 aliorum
1226 3631 1445 3704 rapinis
1487 3629 1812 3702 diripiebat.

206 3726 574 3799 Quapropter
625 3726 790 3796 pater
841 3739 995 3790 eum,
1049 3721 1338 3792 legatione
1382 3720 1617 3786 directa,
1661 3719 1734 3774 ad
1765 3736 1824 3774 se

205 3833 449 3871 evocare
481 3814 702 3868 curavit
731 3815 792 3866 ut
823 3809 1189 3866 insolentiam
1239 3827 1352 3881 qua
1399 3809 1665 3864 tumebat
1697 3825 1823 3863 mo-

205 3905 373 3960 desta
395 3901 794 3974 increpatione
812 3900 1205 3970 redargueret.
1221 3899 1316 3952 llle
1332 3897 1620 3952 mandatis
1647 3897 1826 3969 patris

205 3990 575 4064 posthabilis,
593 3987 840 4042 Parisios
853 3987 926 4040 ad
948 3986 1243 4040 Childeber
1256 3989 1376 4040 tum
1390 4003 1618 4040 summo
1637 3985 1824 4041 studio

205 4077 534 4146 contendit,
569 4093 639 4131 ea
659 4074 937 4148 prepositi
960 4074 1281 4128 intentione
1311 4077 1371 4129 ut
1404 4075 1476 4129 ad
1499 4075 1825 4146 genitorem

205 4184 516 4240 nunquam
546 4165 784 4220 rediret.
809 4163 1107 4218 Abducere
1124 4178 1260 4217 vero
1284 4164 1498 4218 amicos
1515 4163 1704 4234 regios
1728 4180 1826 4235 pa-

204 4263 522 4330 rentesque
544 4253 855 4310 festinabat
887 4256 944 4308 et
965 4253 1250 4325 praecipue
1274 4253 1702 4309 Childebertum
1726 4270 1826 4325 pa-

1904 1894 2087 1942 uvam,
2119 1877 2247 1946 fecit
2282 1891 2405 1932 vero
2451 1876 2723 1932 labruscas
2773 1875 2903 1946 (Isa.
2952 1893 3004 1942 v,
3060 1876 3204 1948 4-5).
3242 1877 3516 1931 Reserate

1907 1964 2086 2018 etiam
2111 1963 2370 2035 Apostoli
2397 1964 2592 2019 codice
2623 1965 2733 2018 hoc
2785 1964 3167 2019 invenerunt:
3203 1962 3341 2018 Cum
3370 1965 3518 2018 dire-

1907 2053 2022 2107 rint
2053 2069 2066 2106 :
2107 2053 2231 2108 Pax
2259 2058 2309 2105 et
2333 2053 2604 2119 securitas,
2638 2059 2762 2105 tunc
2794 2053 3114 2122 repentinus
3135 2054 3207 2106 eis
3241 2053 3416 2106 veniet
3437 2055 3520 2106 in-

1909 2141 2094 2194 teritus
2125 2139 2186 2212 (Ι
2220 2141 2406 2196 Thess.
2440 2157 2496 2206 v,
2527 2143 2600 2203 3).
2637 2140 2915 2194 Dominus
2945 2144 3136 2194 autem
3173 2139 3232 2194 in
3263 2141 3522 2211 Evange-

1909 2227 1984 2281 lio
2017 2226 2096 2282 ait
2128 2244 2141 2282 :
2173 2226 2282 2293 Qui
2329 2245 2435 2282 non
2475 2227 2628 2281 audit
2657 2227 2816 2283 verba
2839 2245 2956 2282 mea
2993 2227 3382 2282 assimilabitur
3410 2230 3522 2281 viro

1907 2315 2067 2369 stulto
2096 2316 2192 2387 qui
2223 2315 2508 2383 aediﬁcavit
2537 2315 2752 2369 domum
2775 2333 2930 2370 suam
2951 2333 3109 2387 super
3131 2332 3372 2382 arenam,
3409 2320 3520 2374 etc.

1914 2401 2134 2472 (Matth.
2166 2420 2264 2471 vn,
2299 2405 2414 2475 26).
2447 2404 2513 2458 Et
2562 2404 2687 2458 haec
2723 2404 2960 2476 quidem
3015 2404 3085 2458 de
3133 2405 3402 2460 Chranno
3435 2421 3526 2460 os-

1914 2495 2078 2546 tensa
2107 2495 2261 2548 sunt.

2517 2580 2742 2635 CAPUT
2765 2581 2934 2636 XXIX.

1914 2667 1998 2723 De
2022 2666 2346 2723 Childeberti
2363 2674 2489 2739 post
2517 2671 2677 2738 regni
2688 2669 2920 2738 fraterni
2933 2670 3526 2740 a/fectationemmorte.

1993 2757 2393 2812 Childebertus
2415 2773 2548 2811 vero
2573 2756 2864 2811 aestimans
2889 2757 3131 2812 fratrem
3154 2775 3187 2812 a
3208 2756 3530 2812 Saxonibus

1921 2843 2316 2906 interfectum,
2348 2844 2543 2898 Remis
2592 2845 2869 2899 accedens
2917 2849 3124 2898 cuncta
3155 2844 3434 2899 incendiis
3467 2861 3533 2899 ac

1919 2932 2140 3003 rapinis
2169 2932 2427 2987 vastavit.
2473 2933 2629 2986 Tunc
2686 2932 2814 2987 dua:
2867 2933 3219 2988 locustarum
3248 2933 3397 2988 acies
3428 2949 3532 3003 per

1845 3061 1892 3120 Ο
1920 3022 2241 3074 Arvernum
2273 3037 2339 3075 ac
2369 3021 2797 3076 Lemovicinum
2849 3021 2906 3074 in
2947 3038 3220 3093 campum
3252 3021 3533 3076 transiere

1924 3108 2342 3163 Romaniacum
2374 3125 2386 3162 :
2425 3109 2540 3175 ubi,
2572 3109 2883 3164 commisso
2915 3109 3068 3164 inter
3096 3127 3156 3165 se
3187 3110 3538 3181 praelio,ma-

1923 3213 2106 3266 gnum
2136 3197 2422 3267 reliquere
2453 3213 2722 3252 acervum
2773 3200 3126 3252 locustarum
3161 3198 3534 3258 infectarum.

1924 3283 2119 3355 Coapta
2170 3284 2423 3338 Chranni
2473 3286 2644 3339 celeri
2679 3286 3075 3341 destituuntur
3107 3286 3267 3341 obitu
3301 3286 3529 3342 Childe-

1922 3370 2243 3425 berti.Nam
2257 3371 2410 3426 idem
2423 3388 2521 3426 rex
2535 3376 2664 3442 post
2687 3373 2972 3427 diutinam
2989 3373 3154 3444 regni
3171 3374 3534 3428 iunctionem

1923 3458 2086 3514 febre
2117 3463 2350 3513 vexatus
2381 3460 2647 3527 moritur,
2679 3478 2742 3515 ac
2775 3461 3023 3516 Parisius
3044 3463 3100 3516 in
3129 3462 3368 3516 ecclesia
3397 3479 3533 3516 san-

1924 3548 1999 3604 cti
2029 3547 2332 3615 Vincentii,
2357 3564 2533 3618 quam
2557 3548 2675 3620 ipse
2696 3548 3026 3616 fabricarat,
3076 3549 3368 3620 sepelitur.
3404 3550 3536 3620 Ejus

1925 3652 2176 3708 regnum
2203 3636 2287 3690 vel
2320 3635 2573 3691 thesauri
2604 3636 2679 3691 ad
2701 3635 3018 3691 Clotarium
3054 3637 3183 3708 lege
3214 3636 3537 3694 redierunt.

2522 3724 2741 3780 CAPUT
2782 3725 2930 3780 XVX.

1927 3814 2011 3870 De
2046 3811 2293 3868 Chranni
2318 3813 2594 3867 conatibus
2610 3821 2660 3867 et
2687 3812 2917 3868 Ctotarii
2939 3813 3217 3870 clementia
3247 3821 3295 3868 et
3313 3816 3536 3886 pietate.

1999 3903 2344 3957 llestitutum
2359 3919 2416 3957 se
2433 3902 2735 3957 Chrannus
2762 3905 2924 3958 tanto
2946 3902 3309 3974 parricidalis
3332 3903 3536 3975 flagitii

1928 3994 2194 4046 consorte
2239 3991 2727 4058 animadvertens,
2761 3991 2836 4046 ad
2877 3981 3178 4047 Cenabum
3213 3992 3540 4048 Brittonum

1929 4078 2252 4151 principem
2281 4079 2934 4151 confugit,recidivaque
2956 4097 3230 4152 reparare
3245 4081 3397 4136 bella
3409 4084 3537 4136 ten-

1929 4167 2219 4225 tabat.Cui
2242 4168 2513 4223 nobilitas
2533 4169 2800 4241 conjugis
2830 4169 3100 4225 odiorum
3131 4170 3542 4243 suppeditabat

1931 4256 2236 4310 materiam
2266 4257 2422 4327 quod
2440 4258 2848 4327 prazemineret
2865 4259 3146 4330 prosapiae
3169 4259 3535 4318 claritudine.

177 4427 180 4429 j
207 4350 316 4403 tris
349 4363 719 4420 germanum.
758 4343 940 4406 Quem
963 4343 1139 4396 etiam
1169 4342 1226 4417 in
1259 4345 1484 4396 tantum
1507 4343 1577 4397 ab
1602 4358 1670 4395 eo
1699 4342 1830 4396 alie—
1851 4339 1904 4398 D
1932 4345 1993 4399 Ei
2024 4362 2239 4400 nomen
2267 4346 2768 4413 Calte,Willecario
2792 4347 3341 4420 genita,Aquitaniai
3366 4349 3536 4408 duce.

208 4456 358 4493 num
379 4437 648 4493 effecerat
679 4435 742 4487 ut
761 4433 955 4487 fratris
985 4431 1158 4486 vitam
1194 4434 1525 4504 appeteret;
1561 4431 1829 4486 Chranno

207 4529 381 4584 tactis
435 4529 770 4583 sanctorum
822 4522 1160 4594 pignoribus
1215 4525 1419 4592 sponte
1454 4521 1832 4592 promittente

209 4619 376 4692 quod
407 4615 588 4689 patris
614 4615 926 4686 perpetuus
977 4610 1243 4666 existeret
1289 4611 1487 4666 hostis.
1536 4613 1834 4683 Pcrpetra-

208 4713 461 4780 tumque
480 4706 633 4760 foret
653 4703 897 4757 facimus
910 4717 1191 4771 magnum
1215 4716 1280 4755 ac
1298 4700 1702 4767 memorabile,
1722 4700 1834 4755 fra-

211 4800 305 4850 tre
339 4797 398 4851 in
429 4797 686 4850 mortem
721 4791 913 4844 fratris
937 4790 1326 4859 conspirante,
1351 4787 1394 4842 si
1414 4790 1560 4843 Deus
1590 4805 1704 4844 non
1732 4788 1835 4843 im-

214 4885 474 4957 pedisset
501 4887 557 4938 et
589 4880 991 4938 Childebertus
1025 4882 1253 4932 matura
1286 4880 1474 4931 morte
1504 4894 1620 4931 non
1655 4894 1831 4950 oppe-

159 4995 167 4999 -
216 4975 424 5029 tiisset.
446 4969 784 5043 Composito
805 4983 1056 5039 namque
1074 4984 1201 5021 cum
1219 4966 1581 5022 Childeberto
1595 4967 1833 5032 fmdere,

219 5062 596 5137 Aquitaniam
619 5060 834 5114 iterum
850 5056 1080 5128 repetit,
1101 5055 1300 5111 omnia
1320 5072 1561 5128 perque:
1580 5055 1835 5127 primum

227 5153 374 5208 ierat
415 5152 779 5206 subacturus.
817 5148 950 5201 Post
1000 5161 1173 5217 quem
1220 5147 1404 5217 pater,
1435 5143 1714 5199 Saxonica
1744 5162 1839 5200 oc-

229 5246 467 5316 cupatus
498 5236 889 5311 expeditione,
923 5233 1005 5288 ire
1037 5250 1153 5289 non
1193 5234 1405 5302 valens,
1439 5233 1840 5290 Charibertum

234 5349 296 5386 ac
318 5333 726 5386 Guntrannum
753 5324 898 5378 filios
915 5339 1047 5377 cum
1069 5322 1319 5377 exercitu
1336 5338 1404 5377 eo
1428 5322 1639 5394 dirigit.
1658 5323 1841 5388 Quem

236 5420 334 5489 illi,
354 5437 458 5493 per
472 5413 854 5474 Arvernicum
870 5411 1045 5466 secuti
1060 5411 1437 5470 territorium.
1461 5412 1520 5466 in
1541 5412 1844 5466 Lemovico

231 5510 351 5583 jam
373 5528 442 5566 eo
465 5505 734 5565 assecuto
756 5506 944 5558 castra
967 5517 1138 5573 super
1167 5505 1429 5556 montem
1451 5500 1690 5572 Nigrum
1717 5515 1847 5553 con-

1935 4433 2332 4501 Qui,videlicet
2351 4435 3132 4504 Willecarius,minisClotarii
3148 4437 3541 4510 territus,qui-

1934 4523 2313 4578 busChranno
2329 4522 3151 4596 favissearguebatur,tutelam
3167 4527 3414 4582 basilicae
3431 4544 3536 4584 san

1935 4611 2235 4666 ctiMartini
2253 4612 2504 4683 expetiit;
2529 4631 2703 4685 quam
2718 4614 2941 4686 pridem
2960 4619 3016 4668 et
3033 4616 3542 4678 Austrabius,alter

1937 4701 2069 4769 dux,
2101 4701 2435 4772 expetierat.
2470 4703 2935 4758 Persecutoribus
2978 4704 3367 4774 quaerentibus
3401 4719 3538 4759 eum

1934 4790 2138 4845 exinde
2165 4790 2407 4845 avellere
2439 4808 2543 4846 nec
2564 4791 2905 4857 valentibus,
2923 4791 3171 4844 admotis
3189 4789 3416 4860 ignibus
3434 4805 3536 4858 pa-

1936 4880 2076 4934 riter
2105 4895 2237 4933 cum
2268 4879 2388 4951 ipsa
2420 4881 2696 4936 orationis
2723 4881 2897 4934 domo
2925 4877 3180 4932 ﬂammis
3210 4879 3295 4928 est
3320 4890 3542 4930 crema-

1936 4971 2044 5023 tus.
2070 4968 2255 5032 Quam
2284 4969 2565 5024 Clotarius
2579 4967 2771 5023 solerti
2801 4963 3081 5019 industria
3101 4960 3413 5016 venustiori
3432 4961 3538 5018 do-

1939 5058 2095 5113 navit
2124 5057 2310 5129 gratia
2341 5061 2663 5129 stannoque
2694 5055 2816 5124 ejus
2847 5050 3074 5122 operuit
3106 5051 3407 5105 tecta.Non
3423 5050 3536 5106 dis-

1941 5146 2294 5203 simulandas
2343 5149 2538 5201 autem
2595 5143 2695 5197 filii
2741 5141 3052 5195 arbitratus
3092 5139 3351 5210 injurias,
3404 5138 3542 5195 inde

1943 5239 2159 5308 quanta
2179 5234 2364 5305 potuit
2384 5249 2619 5288 suorum
2649 5245 2825 5284 manu
2841 5228 3199 5283 Britanniam
3219 5231 3302 5282 est
3324 5228 3545 5298 ingres-

1945 5343 2056 5379 sus.
2093 5323 2350 5378 Occurrit
2373 5322 2422 5374 ei
2455 5322 2754 5375 Chrannus
2787 5334 2920 5372 cum
2951 5317 3188 5373 donabo
3217 5317 3544 5372 Brittonum

1945 5430 2105 5484 rege,
2129 5412 2511 5465 barbarorum
2541 5424 2750 5481 agmen
2779 5407 3071 5466 ductante.
3109 5406 3214 5462 Ubi
3244 5407 3318 5463 ad
3360 5409 3546 5463 certa-

1948 5517 2086 5556 men
2110 5501 2370 5564 ventum,
2395 5500 2614 5551 tentato
2645 5495 2915 5568 utrinque
2947 5496 3207 5569 agmine,
3235 5496 3331 5552 ubi
3361 5513 3552 5570 neque

238 5600 547 5658 stituerunt
582 5595 984 5667 miseruntque
1004 5590 1079 5647 ad
1108 5607 1240 5649 eum
1274 5594 1336 5648 ut
1359 5608 1488 5664 qua:
1519 5591 1852 5667 pervaserat
1953 5589 2256 5644 Chrannus
2285 5585 2531 5661 pecunia
2559 5585 2873 5645 conductos
2895 5586 3208 5649 desciscere
3227 5605 3262 5645 a
3290 5586 3561 5649 tidevidit
