3862 6210
437 387 541 441 687
1327 381 1333 388 ’
1501 379 1764 438 ᾹΜΟΙΝΙ
1801 379 1962 437 ΜΟΝΑ

2185 371 2649 436 'LORIACENSIS
3621 387 3710 444 688

446 504 772 570 Britannos,
803 519 992 575 neque
1010 501 1290 557 Clotarius
1311 501 1494 556 filium
1529 518 1670 574 erga
1697 519 1756 556 se
1781 505 2043 572 suscepta
2063 505 2116 564 Α
2139 499 2290 572 cepit
2331 499 2651 556 Theodore:
2692 503 2962 572 Augustas
3017 500 3074 557 in
3132 498 3285 557 hunc
3333 519 3390 557 se
3428 504 3710 564 habentem

443 591 771 663 deposuisse
785 591 918 646 odia
938 608 1182 663 suosque
1195 591 1267 646 ad
1284 589 1415 645 belli
1439 593 1670 662 paratos
1697 589 2036 658 certamina,
2141 589 2410 642 modum:
2445 607 2478 641 α
2507 589 2668 657 Veni,
2695 593 2755 643 et
2783 589 3035 660 adimple
3066 588 3232 644 nobis
3262 607 3388 662 qua!
3423 578 3597 664 prona
3628 613 3712 651 vo-

443 679 618 735 armis
642 680 1071 734 decernendum
1095 679 1547 733 mstimaverunt.
1578 679 1734 732 Tunc
1761 677 2040 732 Clotarius
2139 678 2357 735 luntate
2387 675 2700 746 promisisti
2725 675 2795 730 de
2824 677 2992 731 Patre
3015 680 3210 732 nostro
3243 677 3534 742 Anthimo,
3557 685 3609 735 et
3634 699 3708 736 re-

441 768 500 822 in
533 769 753 822 incerto
783 769 917 822 belli
946 767 1462 838 positus,lacrymis
1481 766 1724 820 suffusus
1743 782 1866 830 ora,
1886 765 2042 820 Chri-
2139 779 2278 818 voca
2303 780 2436 818 eum
2467 763 2525 818 in
2557 764 2779 835 pristini
2808 765 3021 835 gradus
3067 765 3369 820 honorem.
3410 788 3437 816 »
3475 768 3556 822 Ad
3602 770 3706 824 hzec

442 860 595 911 stum
627 860 826 911 exorat
850 856 910 910 in
936 857 1058 911 haec
1088 857 1261 911 verba
1293 871 1306 909 :
1336 874 1367 907 α
1391 855 1633 921 Christe,
1655 853 2037 925 inquit,Deus,
2141 851 2432 922 rescripsit
2456 851 2716 924 Vigilius:
2749 875 2777 902 «
2824 853 3004 920 Absit,
3052 853 3268 921 dicens,
3299 843 3458 909 boca
3486 872 3593 922 me,
3622 857 3710 912 do-

443 946 542 1018 qui
574 946 796 1000 occulta
821 944 1126 999 hominum
1142 945 1294 999 solus
1315 942 1867 1015 agnoscis,precibus
1890 957 2042 995 nunc
2143 939 2304 994 mina
2331 942 2606 1011 Augusta.
2637 941 2800 995 Prius
2828 941 3050 996 locutus
3075 957 3201 996 sum
3222 943 3373 998 male
3393 945 3449 998 et
3467 943 3710 1016 insipien-

443 1034 639 1088 adesto
671 1033 983 1103 meis,justi
1007 1048 1528 1087 cxercensexamen
1553 1030 1783 1102 judicis.
1813 1029 2039 1083 Etenim
2141 1031 2248 1082 ter.
2277 1029 2435 1082 Nunc
2464 1033 2658 1084 autem
2693 1030 2850 1084 nullo
2877 1029 3053 1084 modo
3083 1029 3187 1084 tibi
3213 1031 3524 1098 consentio,
3555 1035 3610 1086 ut
3631 1049 3708 1086 re-

443 1121 598 1192 quod
617 1122 755 1175 nulli
781 1121 1222 1192 justo,maxime
1247 1119 1348 1174 tibi
1377 1117 1939 1187 omniumCognitori
1958 1133 2042 1170 re-
2141 1133 2337 1171 vocem
2356 1117 2656 1172 hominem
2678 1118 3013 1172 hmreticum
3041 1121 3100 1172 et
3119 1119 3663 1176 anathematizatum.
3682 1141 3708 1173 »

444 1227 596 1276 rum,
628 1209 926 1265 veniabilis
958 1209 1210 1269 Cbranni
1244 1207 1689 1280 nequitiapossit
1711 1207 1891 1260 videri
1908 1205 2044 1258 satis
2144 1204 2266 1268 Quo
2310 1206 2528 1273 audito,
2572 1208 2827 1278 Augusta
2858 1205 3014 1260 misit
3041 1206 3386 1262 Anthimum
3415 1208 3708 1263 scribonem

443 1302 631 1353 certus
673 1315 822 1366 sum,
868 1299 998 1352 ideo
1043 1298 1219 1369 quod,
1253 1297 1532 1351 naturalis
1563 1295 1770 1349 oblitus
1795 1293 2044 1365 gratiam
2145 1311 2277 1349 cum
2296 1295 2482 1350 valida
2503 1295 2752 1350 militum
2776 1312 2953 1351 manu
2972 1296 3240 1364 Romam,
3261 1296 3636 1368 praecipiensei
3653 1313 3708 1352 ac

443 1387 692 1458 pietatis,
715 1387 906 1442 hostili
939 1386 1136 1441 animo
1168 1389 1371 1441 contra
1400 1385 1576 1439 vitam
1609 1383 1918 1438 insurrexit
1940 1399 2042 1453 pa-
2145 1383 2363 1439 dicens:
2398 1403 2430 1436 α
2458 1383 2748 1456 Vigilium,
2791 1385 2999 1456 inquit,
3049 1384 3376 1441 Romanum
3408 1384 3705 1458 pontificem

443 1475 546 1530 tris
568 1493 583 1542 ;
605 1479 663 1530 et
691 1475 868 1546 quod,
899 1475 1100 1530 fraude
1135 1474 1515 1539 machinatus,
1540 1473 1759 1528 occulte
1791 1469 2045 1542 nequivit
2144 1472 2352 1527 nostris
2380 1473 2770 1528 sanctionibus
2799 1472 3096 1541 rebellem,
3129 1473 3488 1536 decernimus
3513 1477 3572 1527 ut
3595 1473 3706 1528 navi

441 1563 756 1630 efﬁcere,id
774 1581 926 1618 nunc
942 1565 1133 1635 palam
1155 1559 2038 1630 illatobellocontenditexplere.
2141 1558 2476 1631 impositum
2508 1561 2582 1616 ad
2612 1563 2875 1616 nostrum
2907 1561 3110 1617 deduci
3143 1561 3318 1617 facias
3347 1563 3701 1634 conspectum.

443 1653 706 1722 Dumque
729 1651 894 1706 unius
910 1651 1188 1721 decrepiti
1207 1653 1358 1704 senis
1371 1649 1690 1704 accelerare
1715 1647 1921 1718 quaerit
1933 1647 2045 1700 exi-
2143 1649 2254 1702 Nec
2279 1649 2580 1719 cujuslibet
2600 1649 2834 1704 basilica
2861 1652 3197 1704 sanctorum
3223 1647 3561 1704 defensionis
3579 1648 3625 1702 ei
3646 1649 3706 1703 sit

442 1739 611 1806 tium,
641 1757 758 1794 non
789 1739 1068 1794 dubitavit
1104 1737 1276 1793 morti
1317 1753 1603 1808 exponere
1635 1739 1928 1790 tantarum
1961 1735 2043 1788 in-
2143 1737 2562 1808 adjumentum,
2597 1741 2833 1810 excepta
2871 1737 3108 1792 ecclesia
3151 1735 3428 1808 Principis
3455 1736 3706 1807 apostolo-

441 1827 916 1882 numerositatem
950 1827 1232 1896 gentium.
1262 1827 1328 1879 Et
1357 1829 1511 1880 certe
1549 1825 1835 1896 regnandi
1877 1840 2038 1894 spem
2067 1813 2117 1870 Β
2137 1840 2290 1878 rum.
2324 1844 2352 1872 ››
2381 1823 2704 1892 Anthimus,
2736 1825 2980 1878 Romam
3010 1823 3320 1894 profectus,
3349 1826 3702 1878 memoratum

441 1915 874 1982 dederam,cum
889 1915 1078 1968 vivens
1100 1915 1328 1968 tuenda:
1347 1914 1396 1966 ei
1417 1913 1746 1984 Aquitaniae
1765 1910 2040 1967 sollicitu-
2137 1928 2372 1984 papam,
2397 1911 2532 1966 dum
2562 1913 2863 1967 missarum
2885 1912 3168 1967 solemnia
3182 1911 3239 1966 in
3257 1911 3502 1968 oratorio
3520 1914 3701 1965 sancta:

437 2003 635 2058 dinem
657 2003 1210 2058 mandaveram.Sed
1233 2005 1562 2057 morantem
1581 2018 1698 2057 non
1717 2018 1910 2074 passus
1929 2004 2034 2068 est,
2139 1999 2358 2055 Ceciliae
2373 2017 2403 2054 x
2425 1999 2664 2055 Kalend.
2692 2001 3020 2055 Decembris
3045 1998 3702 2070 celebrarct(eratquippe

439 2107 547 2146 nec
573 2092 921 2163 exspectavit
947 2108 1216 2162 regnum,
1238 2091 1344 2146 nisi
1377 2090 1683 2160 parricidio
1701 2089 2038 2160 adipiscere-
2137 2089 2257 2144 dies
2287 2091 2461 2145 festus
2489 2090 2665 2160 ipsius
2695 2105 2869 2144 sacra:
2912 2088 3192 2160 virginis),
3246 2103 3482 2144 munera
3519 2087 3701 2159 populo

434 2181 794 2252 tur.Respice
824 2199 986 2252 ergo,
1018 2180 1284 2243 Domine,
1309 2179 1378 2234 de
1401 2181 1638 2242 coelo,et
1651 2178 2032 2249 judicajuste,
2136 2181 2475 2248 erogantem
2509 2177 2694 2232 tenuit
2719 2178 2962 2250 navique
2992 2177 3290 2250 imposuit,
3321 2180 3384 2232 ut
3411 2174 3702 2233 Constanti-

433 2269 688 2341 illudque
700 2270 1189 2340 judiciumexerce
1207 2269 1362 2340 quod
1383 2271 1586 2323 contra
1599 2267 2036 2337 Absalon,patri
2137 2265 2394 2336 nopolim
2416 2265 2747 2320 deduceret.
2781 2264 2966 2328 Quem
2986 2266 3235 2336 populus
3265 2262 3702 2334 Romanusproll-

431 2358 610 2413 David
643 2359 938 2430 quondam
973 2359 1427 2420 infestissimum,
1452 2355 1912 2414 exercuisti.Non
1928 2372 2034 2427 ego
2136 2352 2444 2408 ciscentem
2469 2370 2646 2424 usque
2673 2353 2748 2408 ad
2798 2353 2990 2408 navim
3023 2356 3375 2425 prosecutus,
3406 2351 3634 2424 postulat
3653 2352 3702 2404 ut

431 2447 668 2518 quidem
697 2447 1017 2514 David,sed
1041 2451 1238 2502 tamen
1265 2447 1378 2500 fide
1407 2463 1524 2501 non
1549 2444 2032 2516 degener.Credi-
2135 2441 2599 2496 benedictionem
2631 2441 2740 2496 illis
2789 2441 2971 2496 daret.
3023 2441 3149 2506 Qua
3201 2441 3433 2509 tradita,
3464 2441 3610 2496 mota
3634 2441 3702 2494 est

431 2535 516 2588 dit
544 2534 639 2588 ille
654 2535 855 2590 mundi
869 2531 1837 2606 Redemptoremventurum,credo
1852 2537 1909 2586 et
1925 2548 2032 2604 ego
2135 2529 2310 2584 navis.
2344 2530 2466 2584 Non
2490 2531 2723 2584 defuere
2754 2531 3002 2596 tamenJ
3029 2545 3176 2602 quos
3227 2530 3434 2601 injuste
3480 2526 3699 2598 expulsio

428 2621 939 2693 venisse,a2quique
954 2622 1232 2676 arbitrum
1248 2620 2030 2692 smculijudicemfuturum.»
2134 2616 2354 2672 Silverii
2379 2617 2436 2672 in
2465 2619 2660 2674 odium
2691 2617 2864 2690 ipsius
2893 2617 3186 2674 excitaret.
3245 2617 3311 2673 Hi
3351 2616 3558 2688 lapides
3594 2615 3702 2686 post

428 2708 524 2762 His
579 2709 868 2764 intentum
915 2711 1178 2782 precibus
1208 2710 1423 2766 audivit
1459 2709 1832 2782 omnipotens
1862 2710 2028 2767 Deus.
2131 2705 2317 2772 illum,
2349 2706 2436 2760 vel
2459 2706 2730 2778 quaalibet
2759 2707 3006 2761 telorum
3035 2722 3257 2777 genera
3278 2722 3397 2762 sors
3427 2703 3696 2766 obtulerat,

427 2796 572 2850 Nam
605 2798 869 2868 superior
895 2798 1049 2852 bello
1078 2798 1280 2866 factus,
1314 2797 1618 2852 Britannos
1641 2815 1816 2870 usque
1848 2797 1920 2852 ad
1943 2812 2030 2850 re-
2123 2792 2424 2864 jacientes,
2457 2792 2515 2847 in
2547 2794 2699 2848 hunc
2720 2794 2959 2850 modum
2992 2793 3044 2848 ei
3061 2793 3552 2848 conviciabontur:
3575 2813 3600 2840 «
3617 2789 3700 2844 Fa-

425 2883 586 2954 fugia
616 2885 870 2952 navium,
902 2902 1042 2958 quas
1073 2885 1145 2940 ad
1175 2886 1279 2940 hos
1310 2902 1440 2940 usus
1474 2888 1838 2956 paraverant,
1871 2887 1953 2951 ut,
1983 2883 2030 2939 si
2131 2897 2254 2936 mes
2282 2884 2381 2936 tua
2410 2883 2623 2949 tecum,
2656 2881 2978 2938 mortalitas
3027 2884 3126 2936 tua
3157 2885 3364 2937 tecum.
3407 2881 3540 2935 Mala
3573 2876 3698 2932 intu-

426 2973 664 3028 adversa
685 2974 970 3029 bellorum
1000 2974 1214 3040 forent,
1247 2991 1315 3029 eo
1345 2991 1404 3029 se
1457 2973 1810 3040 conferrent,
1843 2989 2030 3044 perse-
2128 2969 2242 3024 listi
2272 2969 2565 3038 Romanis,
2607 2971 2761 3025 mala
2803 2968 3058 3041 reperias
3093 2987 3210 3042 quo
3259 2968 3432 3025 vadis.
3480 2987 3506 3017 »
3536 2963 3697 3035 Aliqui

424 3065 607 3128 cutus,
629 3061 944 3117 maximam
977 3079 1042 3117 ex
1075 3062 1156 3118 eis
1187 3065 1445 3134 stragem
1498 3061 1679 3117 dedit.
1728 3062 2030 3117 Chrannus
2056 3090 2104 3150 ο
2129 3073 2266 3113 sane
2313 3073 2382 3112 ex
2431 3056 2748 3113 fautoribus
2796 3056 2972 3129 ipsius
3018 3055 3318 3112 comitatui
3356 3057 3472 3128 ejus
3513 3053 3695 3108 admsc-

424 3165 655 3223 quoque
681 3151 970 3222 ipse,dum
994 3150 1139 3206 filias
1169 3151 1504 3224 pariterque
1523 3165 1763 3206 uxorem
1794 3150 2028 3221 captivi-
2074 3149 2089 3150 ί
2131 3149 2288 3202 runt.

421 3239 527 3294 tati
553 3239 870 3294 subducere
915 3239 1106 3309 gestit,
1155 3239 1227 3294 ab
1258 3237 1509 3294 exercitu
1535 3242 1732 3310 captus
1763 3239 2028 3310 patrique
2201 3233 2309 3300 Qui
2347 3251 2452 3308 per
2479 3234 2730 3291 Siciliam
2760 3233 2870 3290 iter
2901 3234 3138 3302 faciens,
3185 3235 3244 3290 in
3289 3233 3503 3290 civitate
3532 3227 3694 3287 Cathi-

421 3331 824 3400 prmsentatus,
865 3328 1025 3400 jussu
1075 3328 1196 3398 ejus
1239 3327 1298 3382 in
1331 3327 1630 3400 cujusdam
1663 3328 2027 3400 paupercula:
2130 3324 2294 3380 nensi
2317 3324 2597 3397 quosdam
2621 3324 2694 3379 ad
2729 3339 2920 3378 sacros
2951 3324 3242 3395 promovit
3261 3322 3503 3388 ordines,
3521 3317 3696 3392 quibus

421 3434 553 3472 casa
581 3433 752 3489 super
783 3433 1081 3471 scamnum
1097 3419 1363 3471 extensus
1381 3415 1687 3486 orarioque
1708 3414 2025 3486 sugillatus,
2128 3412 2358 3468 tuenda:
2405 3413 2678 3468 Romane.-
2718 3411 2979 3467 Ecclesiae
3022 3411 3309 3485 delegavit
3348 3423 3554 3466 curam.
3592 3405 3694 3475 Ipse

421 3505 638 3560 ibidem
669 3521 800 3560 cum
829 3505 1077 3577 coniuge
1100 3522 1165 3560 ac
1193 3505 1418 3560 ﬁliabus
1446 3503 1565 3576 igni
1588 3506 1674 3558 est
1686 3519 2030 3559 concrema-
2129 3499 2354 3573 navigi‘o
2376 3500 2936 3572 Constantinopolim
2954 3516 3132 3573 usque
3154 3501 3438 3566 devectus,
3457 3497 3523 3552 ab
3539 3494 3693 3562 impe-

419 3595 650 3650 tus.Hoc
695 3594 870 3650 modo
917 3595 1090 3666 justm
1121 3593 1358 3650 exsolvit
1405 3609 1605 3664 poenas
1631 3592 1866 3648 ultionis
1894 3592 2030 3646 insi-
2127 3594 2320 3646 ratore
2350 3593 2410 3645 et
2434 3590 2586 3644 clero
2609 3589 2766 3645 urbis
2785 3588 3103 3644 honoriﬁce
3120 3591 3430 3661 susceptus,
3447 3601 3544 3658 per
3561 3581 3696 3638 bien-

421 3683 610 3738 diator
633 3683 831 3754 patris,
861 3684 955 3756 qui
990 3700 1047 3738 se
1081 3683 1241 3738 omni
1267 3685 1640 3738 evacuaverat
1663 3681 1894 3751 pietate.
1927 3682 2030 3735 Pe-
2127 3678 2291 3732 nium
2311 3677 2454 3732 inibi
2472 3681 2557 3732 est
2581 3677 2867 3733 detentus.
2892 3679 3250 3750 lmperatore
3265 3672 3692 3734 communionem

420 3772 517 3826 riit
543 3772 779 3845 quidem
813 3790 929 3827 non
963 3771 1220 3845 optando
1253 3770 1509 3843 patribus
1539 3769 1751 3836 officio,
1775 3769 1876 3823 sed
1906 3785 2024 3823 non
2126 3766 2387 3821 Anthimi
2417 3767 2489 3822 ab
2519 3782 2588 3821 eo
2620 3766 2883 3837 exigente
2906 3765 3352 3840 cautionemque
3369 3778 3560 3821 manus
3573 3759 3691 3845 ejus,

423 3843 857 3918 dissimulando.
890 3862 990 3915 Cui
1004 3843 1106 3914 ille
1127 3861 1412 3932 parceret,
1433 3858 1528 3930 qui
1553 3856 1721 3912 saluti
1746 3860 2024 3929 paternas,
2128 3872 2242 3928 qua
2270 3854 2330 3909 id
2354 3871 2414 3910 se
2446 3855 2751 3910 ‘facturum
2797 3853 3211 3926 spoponderat,
3258 3851 3596 3914 ostendente,
3635 3843 3694 3932 ad

423 3955 705 4022 quantum
739 3950 800 4004 in
849 3965 909 4003 se
963 3948 1092 4016 fuit,
1121 3931 1239 4001 non
1295 3947 1553 4018 pepercit
1583 3946 1611 4000 ?
1641 3945 1802 4000 Hunc
1833 3945 2027 4018 itaque
2127 3943 2239 3999 hoc
2263 3959 2440 4016 usque
2457 3943 2753 3998 altercatio
2783 3943 3057 4015 processit
3085 3947 3149 3999 ut
3170 3943 3385 4000 diceret
3404 3955 3542 4014 papa
3566 3931 3692 4005 Vigi-

422 4038 813 4112 improbitatis
841 4053 958 4092 suae
991 4037 1170 4090 finem
1203 4035 1500 4090 Chrannus
1541 4033 1778 4089 invenit.
2131 4031 2268 4087 lius:
2299 4054 2327 4080 ‹‹
2360 4032 2488 4104 Εεοκ
2524 4032 2758 4103 quidem
2789 4031 2862 4086 ad
2899 4032 3378 4088 clementissimos
3404 4023 3691 4112 reipublicae

1015 4123 1238 4178 CAPUT
1267 4124 1432 4180 XXXI.
2133 4121 2529 4176 moderatores
2556 4119 2938 4175 Iustinianum
2968 4119 3136 4193 eique
3178 4119 3534 4192 conjunctam
3570 4105 3695 4166 aestio

557 4213 641 4267 De
659 4210 1140 4283 Langobardorum
1170 4211 1374 4281 regibus
1403 4219 1453 4266 et
1490 4212 1668 4268 Totila
1701 4211 1894 4268 Gotho.
2133 4210 2284 4266 mavi
2315 4227 2411 4266 me
2443 4210 2662 4265 venisse
2699 4210 3083 4268 Theodoram.
3137 4211 3251 4268 Sed
3285 4204 3614 4265 Diocletiano
3639 4211 3692 4253 ac

502 4301 753 4358 Clotario
777 4303 972 4354 autem
994 4301 1344 4355 Francorum
1365 4304 1599 4357 tenente
1621 4301 2030 4376 principatum,
2062 4375 2091 4376 ί
2135 4299 2465 4356 Eleutheria
2485 4300 2742 4357 moribus
2766 4300 2955 4373 reperi
2977 4300 3344 4356 crudeliores.
3371 4297 3565 4351 Verum
3583 4287 3693 4362 quia

434 4389 953 4463 Longobardorum
998 4388 1157 4461 genti
1207 4389 1415 4445 Alboin
1473 4395 1742 4464 praeerat,
1791 4391 1889 4464 qui
1918 4407 2036 4446 non
2059 4375 2113 4434 D
2140 4389 2392 4446 Christus
2414 4404 2508 4444 me
2538 4389 2696 4444 vobis
2716 4406 2820 4464 pro
2838 4389 3156 4446 commissis
3181 4383 3693 4461 adjudicavitpecca-

431 4481 614 4538 multo
642 4481 772 4552 post
799 4481 1062 4550 tempore
1095 4479 1507 4552 Longobardos
1557 4479 1616 4535 in
1669 4479 2036 4536 Pannoniam
2140 4482 2230 4548 tis,
2251 4478 2730 4552 patiarquidquid
2749 4482 2834 4534 est
2851 4479 3266 4544 miserrimum,
3287 4479 3424 4534 dum
3442 4471 3690 4543 vosjusse-

437 4569 692 4626 deduxit.
723 4568 918 4624 Gothis
941 4571 1158 4634 autem,
1183 4570 1280 4642 qui
1305 4568 1530 4624 Italiam
1554 4568 2041 4642 incolebant,post
2139 4570 2262 4625 ritis
2293 4567 2568 4641 quidquid
2597 4571 2686 4624 est
2725 4568 3214 4624 immanissinum.
3262 4565 3419 4623 Haud
3457 4560 3597 4618 enim
3620 4569 3690 4609 re-

437 4657 718 4730 Withigis,
761 4657 992 4726 Badula,
1017 4658 1113 4730 qui
1145 4662 1202 4713 et
1225 4658 1410 4713 Totila
1441 4657 1623 4712 dictus
1653 4661 1758 4724 est,
1787 4659 2036 4730 praefuit.
2140 4657 2412 4732 penditur
2455 4656 2675 4712 meritis
2710 4657 2854 4713 meis
2895 4675 3155 4730 congrua
3204 4651 3534 4716 vicissitudo,
3577 4645 3691 4732 ἀυφ

440 4747 546 4813 Qui
587 4748 660 4803 ad
684 4747 1084 4803 beatissimum
1112 4747 1348 4802 veniens
1377 4749 1610 4802 Patrem
1641 4729 2039 4815 Benedictum,
2141 4729 2369 4820 majora
2391 4747 2480 4801 his
2509 4763 2641 4802 mea
2672 4729 3312 4802 mereanturfacinora.
3343 4744 3545 4799 Matura
3581 4729 3692 4820 ultio

439 4839 599 4910 cuius
635 4855 809 4912 supra
836 4838 1228 4905 meminimus,
1262 4837 1334 4890 ab
1361 4852 1428 4891 eo
1461 4839 1519 4890 et
1545 4835 1841 4906 arguendo
1890 4852 2046 4892 com-
2145 4835 2351 4909 ﬂagitii
2395 4836 2606 4902 subest,
2639 4840 2698 4891 et
2723 4835 2900 4908 digno
2927 4835 3236 4892 convenior
3262 4825 3584 4914 expulsionis
3607 4819 3692 4914 Sil:

439 4929 716 4996 monitus,
744 4931 802 4984 et
853 4925 1282 4982 commonendo
1339 4942 1373 4979 a
1419 4941 1534 4980 sua:
1565 4925 2047 4980 crudelitatisim-
2145 4924 2284 4982 verii
2311 4924 2519 4998 pretio.
2553 4925 2748 4996 Neque
2778 4905 2950 4997 porro
2999 4923 3099 4980 Dei
3141 4925 3367 4980 oculum
3411 4923 3522 4974 tam
3561 4905 3694 4979 impii

439 5019 722 5075 manitate
747 5020 835 5072 est
862 5017 1172 5072 emollitus.
1207 5014 1308 5069 Cui
1337 5014 1492 5069 idem
1519 5014 1604 5070 vir
1631 5014 1865 5070 Domini
1893 5015 2049 5087 quod
2149 5015 2513 5071 machinator
2527 5013 2756 5068 sceleris
2769 5012 3062 5085 praeterire
3079 5016 3404 5087 poteram.»
3423 5007 3484 5062 Et
3496 4999 3693 5087 quidem

439 5125 602 5164 mare
660 5106 1023 5172 transiturus,
1070 5106 1316 5160 Romam
1380 5103 1760 5176 ingressurus,
1791 5122 1844 5158 1x
1879 5105 2048 5160 annis
2147 5102 2518 5160 familiarium
2549 5101 2822 5174 principis
2863 5118 3046 5176 prope
3072 5085 3282 5168 astans,
3304 5101 3513 5170 alapam
3555 5089 3604 5144 in
3626 5085 3694 5182 fa-

439 5200 808 5270 regnaturus,
843 5194 1070 5250 decimo
1098 5196 1246 5248 esset
1277 5193 1592 5248 moriturus
1616 5192 1898 5266 praedixit.
2147 5192 2296 5249 ciem
2345 5191 2630 5266 pontiﬁcis
2670 5191 2848 5260 dedit,
2893 5191 3115 5248 dicens:
3147 5215 3173 5242 «
3207 5185 3507 5250 Homicida,
3545 5186 3693 5270 nescis

1017 5283 1244 5338 CAPUT
1271 5283 1462 5336 xxx".
1616 5263 1631 5266 ᾔ
2144 5282 2234 5338 cui
2271 5263 2564 5352 loqueris?
2605 5283 2694 5335 An
2738 5283 2904 5353 putas
2945 5280 3216 5353 ignorare
3258 5295 3377 5343 nos,
3410 5269 3608 5328 dedisse
3648 5263 3693 5356 te

433 5375 519 5430 De
550 5375 746 5445 Vigilii
760 5391 918 5448 papa:
940 5381 990 5428 et
1043 5371 1326 5427 Theodorus
1353 5370 1620 5442 Auguste
1657 5374 2040 5428 controversia.
2145 5373 2372 5444 alapam
2403 5370 2628 5426 notario
2659 5372 2778 5437 tuo,
2811 5369 2909 5442 qui
2939 5371 2998 5425 et
3022 5369 3292 5424 continuo
3322 5359 3512 5420 cecidit
3533 5364 3692 5448 θείων

502 5464 740 5534 Vigilius
761 5463 934 5518 etiam
965 5465 1177 5517 sanctae
1203 5461 1481 5516 Romanae
1514 5461 1778 5516 Ecclesiae
1809 5464 2038 5533 prmsul,
2143 5462 2274 5528 mis,
2312 5463 2370 5516 et
2399 5459 2581 5514 ﬁlium
2611 5458 2794 5514 viduae
2825 5457 3168 5525 Hasterium,
3201 5456 3288 5510 cui
3316 5454 3534 5524 neptem
3559 5447 3689 5497 tuam

432 5551 531 5623 qui
561 5568 630 5607 eo
660 5569 776 5625 quo
807 5551 1394 5610 commemoravimus
1408 5551 1582 5607 modo
1606 5551 1665 5606 in
1689 5552 1882 5606 locum
1905 5569 2035 5607 san-
2138 5550 2381 5606 dederas
2410 5547 2874 5620 Vigiliam,jussu
2897 5549 2996 5602 tuo
3021 5545 3259 5602 fustibus
3273 5534 3517 5614 usquead
3533 5539 3690 5630 supr?

428 5638 668 5699 ctissimi
695 5641 1038 5716 subrogatus
1064 5641 1253 5700 fuerat
1281 5639 1522 5711 Silverii,
1544 5639 1896 5717 legationem
1915 5657 2032 5698 sus-
2133 5656 2297 5698 mum
2327 5638 2738 5696 labefactatum
2766 5636 3028 5708 exitium,
3058 5647 3378 5713 papamque
3412 5625 3686 5701 Sylvel‘ium
