3862 6210
145 514 238 572 689
272 580 283 587 _
1229 514 1554 573 HISTORIA
1602 514 2049 577 FRANCORUM.
2077 548 2148 566 —-
2178 520 2310 578 LIB.
2338 523 2406 583 II.

3366 530 3473 588 690

151 636 385 692 factione
423 637 532 691 tua
582 636 907 693 exsiliatum
945 635 975 692 7
1006 636 1129 703 Quo
1187 637 1281 693 ille
1330 638 1547 706 audito,
1584 638 1833 711 perti-A
1868 644 1971 698 est.
2000 644 2282 717 Amingus
2321 662 2456 703 vero
2486 646 2625 703 dum
2654 648 2841 704 Widin
2884 650 3201 706 Gothorum
3249 653 3469 722 comiti,

155 724 549 796 mnit,solique
584 727 704 780 Deo
728 741 887 797 spem
911 741 1073 780 suam
1099 726 1492 794 committens,
1523 727 1582 781 in
1611 728 1760 782 basi-

152 813 310 868 licam
336 817 558 868 sanctze
590 815 927 884 Euphemiae
944 814 1205 885 confugit
1230 816 1523 886 tenuitque
1543 816 1759 870 colum-

152 918 284 956 nam
323 901 549 956 altaris.
583 904 632 955 A
664 919 777 975 qua
806 904 1046 970 avulsus,
1075 903 1210 956 fune
1238 904 1384 957 colla
1416 904 1625 974 ligatus
1658 921 1763 975 per

150 993 329 1045 totam
365 990 731 1046 circumduci
762 992 964 1046 urbem
986 992 1226 1062 jubetur
1263 995 1433 1063 atque
1465 992 1537 1047 ad
1562 1008 1757 1062 vespe-

151 1096 269 1135 ram
302 1081 601 1151 ergastulo
635 1078 842 1146 claudi,
875 1080 969 1134 ubi
996 1081 1292 1136 modicum
1323 1081 1460 1153 quid
1514 1082 1676 1153 panis
1706 1084 1761 1136 et

148 1187 308 1242 aqua:
335 1169 389 1224 ei
440 1168 705 1241 quotidie
736 1167 1113 1224 tribuebatur.
1148 1169 1521 1225 Postmodum
1553 1186 1759 1241 sugge-

146 1261 306 1312 rente
337 1258 579 1314 Narsete
623 1257 1019 1312 Romanarum
1051 1257 1300 1328 partium
1332 1258 1496 1324 duce,
1524 1259 1761 1313 vinculis

146 1347 214 1400 ab
246 1346 609 1417 imperatore
646 1346 863 1400 levatus
888 1362 951 1400 ac
972 1344 1142 1400 simul
1170 1363 1300 1401 cum
1331 1347 1482 1401 clero
1504 1364 1605 1402 suo
1657 1348 1762 1401 Ro-

147 1452 303 1489 mam
330 1434 525 1489 redire
556 1433 886 1505 permissus,
919 1433 1015 1489 ubi
1046 1434 1349 1506 Syracusas
1403 1435 1614 1506 attigit,
1645 1436 1759 1489 cal-

146 1523 252 1578 culi
282 1525 568 1594 languore
606 1522 880 1593 fatigatus
936 1523 1165 1579 defecit.
1196 1523 1365 1593 Cujus
1394 1539 1602 1594 corpus
1650 1525 1760 1578 Ro-

149 1628 309 1666 mam
344 1611 608 1665 delatum
639 1626 705 1664 ac
734 1610 808 1665 ad
837 1615 1100 1665 sanctum
1148 1611 1475 1666 Marcellum
1532 1611 1623 1666 via
1661 1612 1760 1667 Sa-

150 1699 291 1755 laria
322 1702 412 1753 est.
435 1699 768 1767 humatum,
795 1700 1135 1755 succedente
1157 1700 1208 1754 ei
1230 1700 1459 1771 Pelagio
1480 1701 1541 1755 iu
1570 1701 1760 1773 ponti-

151 1788 406 1842 ficatum.

724 1877 946 1933 CAPUT
972 1878 1189 1934 XXXIII.

1865 737 2068 788 contra
2094 735 2386 791 Narsetem
2413 738 2692 792 rebellare
2713 740 3177 810 paranti,auxilio
3208 758 3327 795 esse
3352 759 3471 797 non

1866 820 2409 895 dubitaret,utrique
2442 825 2688 879 Narsctis
2718 826 2922 881 virtute
2953 828 3470 886 viueuntur.Widin

1865 913 2066 981 captus
2097 911 2593 985 Constantinopoli
2626 914 2932 971 exsiliatur.
2958 916 3257 987 Amingus,
3291 918 3388 990 qui
3419 920 3471 974 ei

1861 998 2072 1053 auxilio
2119 1016 2241 1054 esse
2294 1002 2569 1067 voluerat,
2604 1003 2851 1057 Narsetis
2894 1004 3086 1075 gladio
3142 1007 3469 1076 perimitur.

1859 1084 2082 1141 Tertius
2098 1104 2328 1159 quoque
2344 1090 2693 1145 Francorum
2718 1091 3095 1157 dux,nomine
3114 1094 3377 1150 Leuthari
3387 1113 3469 1163 us,

1862 1175 2147 1230 Bucelleni
2175 1192 2507 1247 germanus,
2538 1178 2675 1234 dum
2708 1182 2885 1235 multa
2904 1185 3138 1236 onustus
3156 1183 3351 1253 praeda
3380 1201 3471 1240 re-

1862 1264 2075 1334 pedare
2103 1264 2337 1320 festinat
2365 1266 2438 1320 ad
2479 1267 2730 1338 propria,
2756 1268 2865 1323 iter
2892 1270 3178 1324 Veronam
3233 1287 3298 1326 ac
3349 1273 3471 1327 Tri-

1863 1351 2104 1406 dentum
2127 1353 2291 1423 juxta
2336 1355 2523 1409 lacum
2570 1358 2856 1412 Bcnacum
2888 1359 3124 1429 propria
3155 1364 3340 1415 morte
3373 1362 3471 1416 de-

1862 1440 2093 1496 functus
2126 1445 2229 1496 est.
2264 1443 2473 1497 Habuit
2499 1443 2873 1499 nihilominus
2928 1447 3129 1501 Narses
3177 1453 3471 1505 certamen

1870 1529 2139 1584 adversus
2153 1530 2431 1597 Sisuvald,
2452 1532 2791 1588 Breutorum
2825 1551 3047 1605 regem,
3079 1537 3378 1608 quiadhuc
3404 1538 3475 1594 de

1865 1618 2214 1672 Herulorum
2268 1618 2444 1691 stirpe
2480 1625 2859 1689 remanserat,
2895 1640 3037 1695 quos
3061 1641 3255 1680 secum
3289 1626 3345 1680 in
3373 1628 3478 1681 Ita-

1860 1704 2000 1760 liam
2032 1706 2269 1761 veniens
2300 1708 2559 1763 Odoacer
2584 1710 2918 1767 adduxerat.
2954 1711 3116 1768 Solus
3147 1714 3357 1786 quippe
3388 1714 3473 1769 Si-

1862 1794 2062 1848 suvald
2092 1794 2162 1848 de
2186 1795 2526 1851 Herulorum
2555 1801 2727 1868 gente
2759 1799 3065 1854 restiterat.
3117 1802 3255 1856 Huic
3278 1803 3477 1857 Narses

1867 1881 2116 1935 fideliter
2128 1881 2232 1936 sibi
2247 1882 2500 1951 primum
2523 1884 2841 1940 adhaerenti
2860 1889 3041 1942 multa
3054 1890 3332 1945 beneficia
3346 1907 3479 1945 con-

218 1967 306 2023 Dc
354 1964 545 2021 Romae
581 1985 614 2022 α
646 1967 825 2022 Totila
852 1968 1117 2023 obsidione
1144 1975 1194 2022 et
1220 1967 1588 2022 Romanorum
1618 1968 1690 2023 ad
1792 1959 1841 2018 Β
1866 1969 2012 2024 tulit.
2048 1969 2161 2024 Sed
2185 1970 2489 2026 novissime
2519 1975 2763 2042 superbe
2807 1975 3083 2030 rebellem
3124 1981 3183 2029 et
3227 1994 3476 2047 regnum

639 2056 1007 2112 Justinianum
1028 2057 1296 2126 confugio.

215 2144 404 2199 Totila
433 2161 686 2217 quoque,
724 2160 820 2199 rex
846 2144 1522 2215 Gothorum,depraadata
1573 2142 1761 2199 Sicilia

149 2249 462 2304 regressus,
521 2233 769 2288 Romam
814 2232 1112 2289 obsidione
1163 2233 1359 2288 cinxit.
1393 2233 1564 2304 Cujus
1614 2233 1760 2286 cives

152 2324 373 2376 tantam
394 2325 533 2376 tunc
552 2321 721 2376 famis
752 2321 1052 2392 penuriam
1081 2320 1233 2392 passi
1255 2323 1389 2375 sunt
1409 2323 1471 2375 ut
1495 2320 1604 2375 cibi
1633 2320 1757 2375 ino-

149 2410 239 2480 pia
261 2411 447 2467 coacti
479 2414 751 2465 natorum
778 2426 1015 2466 suorum
1046 2427 1247 2466 carnes
1307 2410 1479 2465 edere
1525 2410 1757 2473 vellent,

151 2499 327 2553 Fessis
357 2498 583 2554 diutina
610 2515 806 2570 pugna
825 2499 1107 2571 simulque
1138 2498 1332 2554 inedia
1351 2498 1625 2554 Romanis
1655 2514 1759 2553 nec

150 2587 467 2642 valentibus
497 2586 714 2642 moenia
744 2587 914 2654 tueri,
945 2588 1128 2642 Totila
1176 2605 1210 2641 a
1263 2589 1425 2659 parte
1480 2585 1760 2642 Hostiensi

152 2675 351 2730 urbem
384 2675 632 2746 irrupit;
653 2676 773 2748 qui,
803 2692 1039 2747 parcere
1067 2676 1257 2748 potius
1282 2677 1557 2732 Romanis
1585 2694 1759 2749 quam

153 2779 244 2817 eos
266 2764 513 2835 perdere
534 2764 780 2832 malens,
802 2781 907 2837 per
935 2767 1118 2820 totam
1152 2769 1407 2833 noctem,
1438 2784 1553 2838 qua
1580 2766 1761 2821 victor

154 2852 350 2906 urbem
370 2851 633 2919 intravit,
654 2853 938 2924 quosdam
956 2870 1193 2908 suorum
1215 2854 1468 2909 buccinis
1492 2856 1759 2925 clangere

146 2939 343 3008 jubet:
377 2959 409 2992 ‹
443 2941 516 2995 Ut
535 2940 682 2996 cives
711 2957 771 2995 se
813 2958 846 2995 a
875 2942 1192 2996 Gothorum
1219 2941 1423 3012 gladiis
1456 2944 1554 2997 aut
1579 2944 1759 2997 caele-

156 3028 243 3082 siis
267 3032 569 3084 tuerentur
593 3032 692 3083 aut
736 3029 1053 3101 quibusque
1107 3030 1294 3084 modis
1346 3031 1691 3085 occulerent.
1728 3053 1757 3080 »

157 3116 549 3189 Habitavitque
580 3117 940 3189 aliquantum
968 3118 1249 3189 temporis
1299 3135 1431 3173 cum
1465 3118 1754 3185 Romanis,

1865 2058 2107 2113 dilatare
2132 2075 2297 2112 suum
2322 2076 2427 2131 per
2449 2060 2667 2115 Italiam
2687 2061 3013 2132 cupientem
3039 2064 3190 2118 bello
3218 2064 3480 2136 superior

1865 2144 2016 2218 cepit
2042 2146 2305 2217 celsaque
2337 2147 2407 2201 de
2438 2149 2603 2203 trabe
2631 2149 2947 2220 suspendit.
2972 2150 3069 2204 Hic
3098 2152 3301 2206 Narses
3321 2152 3480 2223 prius

1865 2234 2101 2306 quidem
2130 2234 2471 2289 cartalarius
2499 2236 2607 2291 fuit
2637 2252 2649 2290 :
2694 2237 2902 2292 deinde
2938 2242 3176 2311 propter
3207 2239 3479 2295 virtutum

1865 2322 2075 2378 merita
2104 2323 2434 2394 patriciatus
2478 2327 2763 2381 honorem
2795 2328 3136 2399 promeruit.
3170 2330 3305 2383 Erat
3343 2345 3477 2385 vero

1860 2410 1943 2465 vir
1967 2410 2273 2483 piissimus,
2303 2412 2928 2485 religionecatbolicus,
2956 2416 3016 2471 in
3041 2432 3321 2488 pauperes
3349 2433 3478 2471 mu-

1860 2499 2084 2567 nificus,
2116 2500 2173 2554 in
2218 2502 2623 2573 recuperandis
2663 2506 2997 2559 sanctorum
3050 2504 3294 2559 basilicis
3346 2505 3481 2560 satis

1858 2588 2161 2655 studiosus,
2195 2589 2399 2661 vigiliis
2429 2593 2486 2644 et
2516 2590 2874 2646 orationibus
2905 2592 3050 2648 adeo
3108 2593 3365 2648 intentus
3417 2597 3481 2648 ut

1862 2677 2047 2749 magis
2073 2679 2334 2749 precibus
2381 2681 2498 2735 Deo
2542 2680 2788 2751 profusis
2840 2698 3016 2754 quam
3065 2682 3241 2738 armis
3299 2683 3480 2739 victor

1860 2766 2011 2821 foret
2042 2766 2275 2821 bellicis.

2446 2858 2669 2913 CAPUT
2690 2858 2878 2913 XXXV.

2172 2948 2256 3001 De
2287 2946 2489 3001 Alboz‘n
2517 2947 2991 3017 Langobardorum
3021 2964 3159 3018 rege.

1931 3035 1992 3088 In
2021 3034 2130 3089 illis
2160 3035 2379 3100 diebus,
2412 3035 2620 3089 Alboin
2669 3036 2817 3089 filius
2844 3036 3051 3091 Aldoin
3084 3037 3476 3108 Lougobardis

1860 3121 2107 3193 prmfuit.
2137 3122 2256 3187 Hic,
2277 3122 2501 3177 vivente
2522 3124 2708 3177 adhuc
2725 3123 3007 3194 genitore,
3027 3141 3157 3179 cum
3183 3125 3477 3180 Turismo-

158 3206 275 3275 plus
301 3209 546 3276 paterna
574 3206 791 3277 pietate
821 3206 1080 3262 circaeos
1102 3223 1234 3261 usus
1259 3223 1431 3278 quam
1460 3207 1759 3278 tyrannica
1784 3247 1830 3306 Ο
1859 3213 1955 3278 do,
1986 3212 2312 3266 Turissendi
2334 3212 2679 3284 Gepidarum
2705 3213 2858 3282 regis
2876 3213 2992 3267 filio
3022 3213 3172 3268 bello
3194 3214 3472 3269 conflixit.

160 3293 675 3349 crudelitate.IIanc
700 3293 803 3361 illi,
825 3296 888 3348 ut
912 3295 1278 3360 concedatur,
1301 3294 1755 3366 auimibenigni-

158 3382 351 3450 tatem,
380 3382 478 3454 qui
500 3383 698 3437 nimia:
722 3385 892 3437 antea
904 3383 1254 3437 crudelitatis
1270 3382 1583 3449 exstiterat,
1603 3382 1756 3437 beati

158 3470 331 3525 Patris
358 3471 651 3526 Benedicti
713 3471 905 3542 (quem
949 3471 1113 3539 olim,
1142 3475 1204 3527 ut
1254 3471 1596 3542 praedictum
1649 3472 1754 3538 est,

158 3558 426 3629 audierat)
460 3559 707 3614 monitio
735 3559 993 3614 contulit.
1023 3559 1212 3631 Aliqui
1234 3576 1371 3613 sane
1408 3577 1475 3613 ex
1528 3563 1755 3614 senato-

158 3646 324 3714 ribus,
343 3648 589 3703 Romani
620 3647 919 3719 quondam
950 3648 1163 3719 glorias
1194 3647 1465 3711 nominis,
1489 3652 1624 3704 tunc
1655 3664 1754 3703 au-

157 3737 269 3789 tem
296 3736 519 3791 miserm
538 3734 798 3807 reliquiae
818 3735 1055 3790 desertm
1073 3735 1333 3802 civitatis,
1353 3736 1755 3793 Constantino-

157 3823 325 3893 polim
354 3824 743 3879 Iustinianum
774 3824 1095 3895 principem
1136 3823 1406 3879 adierunt
1447 3826 1751 3897 supplices,

157 3911 447 3967 adversum
479 3913 694 3967 Gothos
724 3911 929 3966 auxilia
946 3915 1263 3982 poscentes.
1286 3913 1566 3967 Turbatus
1594 3914 1753 3984 gravi

158 4000 350 4056 nuntio
391 4002 597 4066 Caesar,
633 3999 802 4054 rebus
833 4000 890 4054 in
942 3999 1212 4070 Hesperia
1260 4000 1452 4055 minus
1480 4018 1753 4073 prospere

154 4088 339 4157 gestis,
392 4089 689 4143 Narsetem
744 4089 1097 4155 eunuchum,
1148 4088 1561 4144 cubicularium
1621 4108 1753 4145 vero

155 4193 328 4244 suum,
358 4180 660 4249 expertum
693 4175 826 4230 belli
859 4176 1063 4244 virum,
1091 4177 1253 4232 omni
1285 4178 1503 4232 militiae
1536 4196 1660 4250 qua:
1695 4180 1751 4233 in

154 4268 306 4323 Italia
325 4271 448 4323 erat
477 4266 753 4338 praefecit.
784 4267 879 4320 Ille
905 4282 1152 4337 propere
1176 4267 1385 4339 (neque
1410 4268 1568 4323 enim
1599 4269 1757 4323 diffe-

155 4356 311 4410 rendi
340 4360 567 4428 tempus
592 4355 855 4423 dabatur)
886 4371 1016 4409 cum
1040 4356 1185 4409 lecta
1214 4357 1386 4427 pube,
1420 4358 1755 4412 transmisso

1860 3298 1926 3352 Et
1956 3315 2087 3353 cum
2119 3316 2347 3354 summa
2372 3300 2428 3353 vi
2460 3299 2730 3371 utrinque
2785 3300 3211 3369 decerneretur,
3264 3302 3473 3358 Alboin

1856 3387 2279 3453 Turismodum,
2321 3391 2484 3459 spata
2532 3388 2749 3442 cervice
2789 3391 2955 3443 tenus
3012 3406 3369 3461 percussum,
3401 3391 3474 3447 ad

1858 3479 2075 3531 terram
2120 3476 2329 3547 dejecit
2358 3479 2673 3531 mortuum.
2743 3477 2975 3531 Turbati
3028 3478 3248 3549 Gepidi,
3315 3481 3474 3551 quod

1857 3564 2010 3635 regis
2036 3564 2237 3629 filium,
2272 3581 2373 3635 per
2413 3580 2585 3635 quem
2638 3564 2892 3617 maxima
2918 3582 2982 3618 ex
3017 3569 3180 3636 parte
3208 3567 3474 3637 praelium

1857 3652 2211 3715 substiterat,
2244 3653 2661 3723 interemptum
2707 3651 3156 3721 conspiciebant,
3181 3653 3239 3707 in
3271 3654 3472 3724 fugam

1856 3741 1999 3795 versi
2045 3743 2195 3795 sunt.
2235 3744 2302 3794 At
2350 3756 2482 3793 vero
2540 3739 2768 3806 Alboiu,
2804 3743 3028 3812 patrata
3087 3740 3337 3807 victoria,
3397 3743 3472 3798 ad

1856 3832 2083 3901 patrem
2114 3831 2275 3884 lmtus
2304 3828 2492 3884 rediit.
2530 3830 2640 3883 Nec
2672 3829 2855 3884 multo
2890 3833 3017 3900 post
3045 3828 3096 3883 ei
3131 3829 3245 3883 vita
3302 3829 3468 3885 dece-

1857 3917 2015 3971 denti
2051 3917 2108 3972 in
2146 3933 2393 3989 regnum
2424 3918 2758 3972 substitutus
2795 3921 2897 3971 est.

2451 4006 2673 4060 CAPUT
2699 4006 2911 4060 XXXVI.

1854 4095 1935 4148 De
1966 4093 2192 4148 Cautc'm'
2210 4095 2451 4164 facinore
2473 4102 2519 4149 ct
2535 4095 2712 4148 sancti
2738 4093 2988 4147 Mednrdi
3015 4096 3243 4148 (ramilu
3289 4102 3337 4149 et
3387 4114 3466 4150 se-

2539 4182 2751 4252 pulcro.

1929 4270 2021 4324 His
2053 4269 2253 4325 diebus
2280 4270 2570 4336 Cautinus,
2621 4272 2890 4325 Arvernae
2951 4271 3102 4325 urbis
3160 4271 3461 4344 cpiSCOpus

1859 4375 1981 4413 rem
2015 4358 2337 4412 inauditam
2366 4358 2561 4412 fecisse
2579 4359 3169 4414 memoraturJ'lratiu
3192 4360 3312 4432 ipsa
3326 4362 3467 4417 urbe

153 4443 560 4499 Mediterraneo
596 4444 745 4497 freto
780 4442 838 4497 in
871 4442 1096 4499 Latium
1127 4444 1443 4511 contendit,
1468 4448 1525 4499 et
1548 4446 1759 4517 junctis
1784 4508 1828 4521 ﬁ
1860 4447 2189 4502 Anastasius
2219 4446 2451 4518 quidam
2478 4447 2732 4514 nomine,
2768 4448 2956 4503 ofﬁcio
2984 4465 3117 4503 vero
3150 4449 3465 4521 presbyter,

154 4530 252 4585 sibi
302 4531 821 4603 Longodardorum
875 4531 1095 4586 auxiliis
1139 4548 1270 4585 cum
1318 4531 1512 4587 Gothis
1560 4535 1757 4605 prmlio
1783 4508 1834 4566 D
1862 4537 2147 4607 ingenuus
2176 4552 2410 4606 genere.
2437 4536 2594 4589 Iluuc
2649 4536 2982 4608 frequenter
3008 4538 3284 4609 pontifex,
3315 4556 3468 4593 nunc

155 4621 398 4675 conﬁxit.
451 4620 753 4690 Totilaque
813 4636 948 4692 rege
1001 4619 1303 4675 interfecto
1370 4620 1589 4676 Italiam
1684 4623 1757 4677 ab

156 4724 346 4763 eorum
381 4708 785 4764 dominatione
819 4709 1047 4780 eripuit.

719 4797 941 4852 CAPUT
978 4799 1188 4853 XXXIV.

320 4885 403 4940 De
425 4885 555 4941 bello
587 4885 872 4940 Bucelleno
902 4886 1027 4939 duci
1063 4887 1126 4941 ab
1152 4887 1383 4942 Narrate
1403 4888 1575 4943 illato.

223 4975 521 5031 Bucelleno
544 4975 723 5028 etiam
751 4974 879 5029 duci
906 4977 1106 5030 Narses
1124 4976 1338 5031 bellum
1361 4976 1753 5051 intulit,quem

156 5061 591 5129 Theodebertus,
611 5080 709 5118 rex
737 5063 1109 5131 Francorum,
1132 5068 1195 5118 ut
1212 5080 1385 5135 supra
1408 5067 1754 5121 memoravi-

160 5167 296 5218 mus,
325 5168 460 5207 cum
508 5151 735 5207 Italiam
760 5151 1068 5220 introisset,
1101 5170 1359 5208 reversus
1407 5154 1480 5209 ad
1529 5155 1752 5223 Gallias,

159 5255 279 5294 cum
294 5241 547 5313 Amiugo
561 5242 674 5295 alio
691 5240 832 5295 duce
850 5240 922 5294 ad
936 5258 1064 5296 eam
1077 5242 1492 5313 subjiciendam
1509 5244 1755 5317 relique-

163 5331 259 5382 rat.
310 5330 414 5395 Qui
476 5330 834 5397 Bucellenus,
892 5329 1238 5403 interempto
1294 5331 1581 5401 Relisario,
1618 5333 1756 5388 dum

164 5431 294 5485 pene
323 5421 507 5473 totam
538 5417 765 5473 Italiam
788 5416 1206 5487 direptionibus
1245 5423 1493 5473 vastaret
1521 5424 1579 5474 et
1608 5422 1755 5492 regi-

168 5504 257 5559 bus
281 5507 628 5562 Francorum
663 5506 734 5560 de
768 5506 1053 5561 manubiis
1079 5508 1470 5579 subiectorum
1500 5509 1755 5563 hostium

170 5609 391 5651 munera
417 5596 653 5669 copiosa
682 5595 964 5663 conferet,
986 5595 1042 5650 in
1068 5596 1381 5669 Campania
1400 5597 1759 5653 hiematurus

170 5679 219 5735 iu
241 5684 811 5752 loco,cui'l‘annctl.im
836 5701 1049 5740 nomen
1071 5687 1525 5757 cst,dysenteria3
1556 5687 1758 5741 morbo

1860 4624 2141 4695 precibus,
2175 4640 2325 4677 nunc
2357 4624 2529 4678 minis
2559 4626 2943 4695 compellebat
2970 4632 3028 4680 ut
3056 4626 3466 4697 proprietatem

1861 4729 2048 4779 suam,
2071 4729 2247 4783 quam
2280 4729 2383 4784 per
2411 4713 2636 4767 chartas
2666 4714 2930 4784 gloriosm
2965 4715 3263 4769 memoriae
3289 4716 3466 4772 Chro-

1860 4801 2011 4854 tildis
2032 4801 2248 4871 reginae
2281 4802 2625 4872 possidebat,
2658 4818 2785 4855 cum
2820 4801 2952 4873 ipsis
2983 4803 3192 4856 chartis
3222 4804 3273 4856 ci
3313 4805 3466 4859 dono

1858 4889 2036 4943 daret.
2049 4888 2170 4953 Quo
2185 4889 2452 4945 omnibus
2470 4889 2656 4944 modis
2676 4889 3280 4959 renuente,episcopus
3293 4906 3326 4942 a
3338 4892 3468 4947 villa

1857 4978 1925 5031 ad
1960 4979 2159 5033 urbem
2174 4979 2482 5033 deductum
2519 4977 2843 5033 custodibus
2872 4976 3079 5048 legavit
3102 4975 3295 5031 inedia
3339 4980 3465 5033 affi-

1857 5066 2146 5134 ciendum,
2175 5068 2232 5121 ni
2265 5068 2442 5138 petita
2472 5067 2807 5139 compleret.
2848 5066 2959 5120 Sed
2992 5065 3084 5118 ille
3106 5064 3240 5119 forti
3267 5065 3464 5122 animo

1859 5158 2176 5224 resistebat,
2201 5156 2393 5210 dicens
2423 5156 2526 5209 sibi
2562 5156 2764 5211 melius
2800 5172 2919 5211 esse
2943 5154 3015 5209 ad
3037 5157 3263 5225 tempus
3311 5155 3465 5211 fame

1858 5246 2007 5302 affici
2040 5261 2213 5317 quam
2249 5243 2468 5297 traditis
2494 5245 2664 5298 rebus
2715 5246 2861 5301 ﬁlios
2912 5244 3297 5299 exhaeredare.
3334 5245 3467 5298 Erat

1859 5335 2009 5404 apud
2040 5332 2329 5388 basilicam
2359 5331 2527 5385 Cassii
2552 5334 2817 5403 martyris
2838 5339 3055 5406 crypta,
3079 5336 3135 5388 et
3158 5332 3215 5387 in
3246 5349 3314 5387 ea
3354 5348 3468 5386 sar-

1859 5423 2184 5493 cophagum
2212 5419 2506 5490 cujusdam
2532 5419 2727 5489 magni
2751 5420 3003 5475 hominis
3024 5440 3089 5476 ex
3122 5420 3286 5476 Pario
3312 5437 3463 5475 mar-

1862 5526 2023 5563 more
2053 5508 2359 5562 factum.ln
2390 5507 2497 5560 hoc
2520 5506 2692 5575 igitur
2724 5510 3108 5575 mausoleo,ex
3145 5511 3304 5581 jussu
3346 5507 3467 5579 epi-

1860 5596 2035 5668 δουρὶ,
2059 5612 2190 5649 cum
2220 5598 2448 5649 mortuo
2477 5594 2950 5663 vivenssepelilur
2971 5596 3468 5670 presbyteroperi-

1864 5690 2068 5757 turque
2099 5684 2462 5757 lapidc,datis
2487 5683 2798 5737 custolibus
2820 5683 3059 5753 quicum
3093 5686 3466 5739 custodirent.

174 5768 437 5841 laborans,
473 5775 625 5831 bello
651 5772 862 5846 gravia
882 5773 1112 5830 Narsete
1130 5779 1427 5850 superatus
1459 5776 1764 5833 exstinctus
1864 5774 2071 5829 Verum
2099 5773 2454 5848 presbytero,
2479 5777 2755 5844 tanquam
2786 5771 2964 5826 altero
2995 5773 3367 5836 Jona,orantc
3399 5772 3468 5827 ad
