3862 6210
366 529 466 586 θοι
1468 517 1732 582 AIMOINI
1764 517 2094 597 .MONACHI
2131 516 2626 582 FLORIACENSIS
3517 581 3530 588 ,
3557 535 3643 594 592

377 655 714 721 Dominum,
736 647 1278 709 custodesinedriati
1309 647 1442 703 vino
1464 645 1833 702 vertunturin
1852 660 1999 699 som-
2025 647 2079 706 Α
2102 644 2233 699 aliis
2249 646 2523 701 coenobiis
2536 649 2862 702 sanctorum
2881 646 3426 708 munificentissimus
3444 658 3641 714 exstitit'

373 763 539 802 num.
576 742 741 808 Quod
774 742 867 796 ille
903 740 1260 811 intelligens,
1291 737 1558 803 brachiis,
1591 753 1717 807 qua:
1743 737 1997 788 tantum-
2099 734 2352 804 Indeque
2379 735 2703 790 venationis
2735 737 2922 806 gratia
2943 740 3443 813 exercendae,cujus
3461 749 3645 803 studio-

375 834 552 890 modo
568 833 748 888 libera
761 833 996 903 prOpter
1015 825 1476 898 magnitudinem
1492 824 1733 896 sepulcri
1748 823 1999 876 habebat
2099 839 2189 876 sos
2210 823 2333 876 fore
2361 824 2607 878 Francos
2628 842 2799 897 supra
2831 826 3224 891 meminimus,
3249 829 3462 887 Cociam
3480 833 3646 891 silvam

376 922 717 994 operculum
747 919 820 974 ad
847 934 1025 972 unam
1058 915 1291 986 impulit
1338 917 1562 984 partem
1627 914 1998 981 reseratoque
2098 909 2405 981 ingressus,
2429 914 2568 966 dum
2599 929 2771 983 supra
2798 915 2944 968 vires
2963 917 3236 986 corporis,
3259 921 3406 989 quod
3424 928 3649 979 senectus

377 1009 800 1083 aliquantulum
825 1007 1010 1060 loculo
1036 1006 1207 1074 caput
1225 1001 1404 1056 erexit
1433 1003 1489 1054 et
1511 1000 1587 1054 sic
1619 1002 1738 1053 toto
1766 1002 1998 1069 pectore
2099 998 2796 1072 debilitaverat,induiget
2827 1003 3429 1072 exercitationi,animo
3450 1010 3652 1066 validior

378 1101 599 1155 aditum
627 1093 963 1165 egrediendi
989 1093 1096 1147 sibi
1129 1090 1368 1164 paravit.
1401 1089 1753 1143 Gravabatur
1780 1090 1994 1151 autem,
2099 1103 2274 1156 quam
2303 1103 2568 1157 corpore,
2605 1090 2952 1144 comminuit
2983 1108 3216 1147 omnem
3267 1111 3377 1149 sum
3430 1096 3653 1168 vigorem

377 1191 442 1243 ut
469 1187 592 1258 ipse
634 1182 1005 1257 postmodum
1046 1179 1307 1245 asseruit,
1339 1177 1518 1232 nimio
1567 1178 1769 1242 fetore,
1803 1175 1897 1246 qui
1929 1191 1996 1228 ex
2097 1175 2295 1229 salutis
2335 1177 2856 1250 aegritudinemque
2903 1182 3189 1235 contraxit
3217 1199 3460 1253 gravem.
3491 1187 3654 1242 Febris

379 1275 703 1349 putrefacto
723 1271 1032 1327 emanabat
1061 1269 1531 1339 corpore.ltaque
1552 1267 1810 1336 sepulcro
1831 1263 1994 1329 liber,
2097 1267 2221 1317 erat
2249 1264 2578 1332 vehemens,
2609 1267 2869 1320 continui
2901 1284 2965 1321 ac
2990 1269 3112 1324 sine
3148 1271 3260 1326 ulla
3278 1271 3653 1329 intermissione

380 1365 454 1420 ad
479 1363 691 1419 ostium
722 1362 937 1432 crypta:
964 1358 1256 1430 properat.
1300 1354 1537 1408 Fiebant
1590 1352 1746 1406 enim
1778 1353 1899 1405 haec
1936 1351 1995 1404 in
2094 1351 2373 1405 viscerum
2397 1353 2643 1409 dolores.
2699 1356 2846 1410 Dum
2903 1357 3187 1411 cruciatur
3244 1363 3406 1432 atque
3455 1363 3654 1418 alternis

380 1452 548 1507 initio
597 1450 798 1505 noctis.
835 1447 988 1512 Quos
1035 1445 1367 1499 obseratum
1425 1441 1720 1497 inveniens
1743 1443 1800 1494 et
1847 1439 1996 1493 inter
2094 1438 2328 1506 vicibus,
2363 1459 2512 1497 nunc
2541 1442 2902 1514 frigus,nunc
2927 1448 3356 1502 calormembra
3381 1451 3653 1521 exagitant,

380 1542 560 1596 rimas
585 1537 958 1610 prospiciens,
981 1532 1450 1588 videthominem
1482 1546 1615 1583 cum
1644 1527 1826 1583 securi
1849 1544 1994 1599 prm-
2095 1527 2249 1582 inter
2279 1547 2435 1601 {egra
2472 1533 2711 1602 suspiria
2765 1549 2892 1603 quae
2941 1551 3108 1590 mens
3165 1539 3522 1609 extorquebat
3569 1539 3652 1594 sibi

382 1621 1033 1686 tereuntem.Huncleni
1054 1636 1288 1675 sururro
1321 1635 1564 1673 evocans
1593 1619 1761 1687 rogat
1790 1620 1852 1671 ut
1882 1616 1999 1671 adi-
2096 1618 2249 1670 male
2273 1619 2501 1672 conscia
2532 1621 2653 1673 haec
2675 1619 2921 1675 iterabat
2940 1624 3147 1678 verba:
3172 1645 3198 1673 ‹‹
3228 1625 3361 1691 Vua,
3381 1643 3650 1697 vua,quam

382 1723 508 1773 tum
541 1714 721 1772 securi
752 1715 989 1769 reseret.
1033 1711 1156 1775 Quo
1183 1708 1516 1778 impetrato,
1545 1706 1842 1778 presbyter
1873 1722 2000 1776 pro-
2098 1721 2344 1777 magnus
2371 1711 2454 1760 est
2486 1708 2600 1761 Rex
2632 1708 2726 1762 ille
2756 1710 3018 1776 ccelestis,
3041 1711 3139 1782 qui
3175 1711 3252 1766 sic
3281 1713 3526 1767 humiliat
3545 1716 3652 1769 sub-

381 1805 642 1879 greditur
669 1803 837 1865 liber,
864 1816 1078 1871 rogans
1099 1797 1282 1852 virum
1302 1813 1374 1849 ne
1397 1795 1468 1849 de
1481 1811 1539 1849 se
1561 1794 1829 1865 cuiquam
1855 1793 1999 1848 indi-
2100 1794 2265 1848 limes
2298 1798 2464 1849 terra:
2495 1813 2680 1866 reges.
2705 1799 2809 1850 Iste
2851 1814 2979 1852 cum
3001 1798 3074 1853 sit
3104 1799 3452 1866 immortalis,
3484 1802 3654 1856 melior

385 1896 634 1960 caret,ac
658 1893 897 1947 demum
913 1889 986 1943 ad
1007 1888 1247 1942 domum
1266 1901 1426 1938 suam
1446 1883 1694 1954 indeque
1711 1882 1784 1937 ad
1798 1898 1998 1953 regem
2101 1886 2187 1936 est
2212 1883 2410 1955 quovis
2441 1884 2596 1938 orbis
2636 1887 2926 1940 terrarum
2956 1886 3216 1958 principe
3249 1888 3484 1943 mortali.
3519 1889 3655 1953 Quod

385 1980 699 2037 Clotarium
750 1978 1041 2051 properat.
1085 1973 1184 2028 Cui
1211 1989 1342 2027 cum
1399 1987 1630 2026 causam
1680 1983 2002 2033 enarrasset
2025 1963 2074 2022 B
2100 1970 2146 2024 si
2169 1970 2373 2026 melior
2414 1976 2472 2026 et
2502 1975 2770 2043 potentor
2805 1990 2818 2028 :
2851 1977 2910 2029 et
2939 1974 2983 2028 si
3007 1976 3314 2045 potentior,
3337 1993 3468 2047 ergo
3492 1981 3541 2031 et
3571 1978 3658 2030 mi-

385 2083 716 2139 suam,rege
741 2083 806 2120 ac
823 2063 1199 2136 optimatibus
1224 2060 1544 2116 dicentibus
1574 2059 1727 2132 quod
1751 2075 1856 2113 nec
1892 2059 1998 2112 He-
2099 2060 2426 2115 sericordiae
2458 2061 2714 2133 largitor.
2752 2061 2856 2126 Qui
2883 2079 3020 2129 non,
3062 2068 3125 2118 ut
3155 2066 3317 2120 multi
3371 2064 3656 2131 hominum,

387 2158 544 2213 rodis
573 2158 658 2211 vel
691 2153 930 2210 Neronis
949 2155 1212 2222 tempore
1237 2149 1376 2204 talia
1403 2150 1636 2204 fuerunt
1658 2147 2002 2218 gesta,jube—
2100 2148 2383 2204 mortibus
2414 2149 2730 2204 delectatur
2749 2167 2982 2206 reorum
3007 2170 3020 2220 ;
3045 2154 3146 2207 sed
3166 2154 3476 2208 misericors
3494 2170 3551 2206 ac
3576 2153 3660 2206 mi-

387 2249 480 2300 tur
499 2242 704 2300 adduci
746 2241 1062 2313 episcopus.
1085 2239 1191 2303 Qui
1223 2239 1361 2292 dum
1392 2237 1545 2291 istud
1583 2253 1642 2291 se
1658 2237 1888 2307 jussisse
1908 2251 2002 2290 ne-
2101 2241 2320 2292 scrator
2347 2238 2743 2309 paenitentiam
2772 2241 3140 2310 amplectitur
3160 2240 3662 2313 peccatorum.lllius

383 2337 611 2406 garet,a
631 2332 966 2405 presbytero
1001 2327 1293 2384 convictus
1323 2327 1707 2398 confususque
1739 2325 1998 2379 abcessit.
2101 2326 2279 2397 igitur
2309 2327 2633 2382 clementia:
2665 2344 2875 2383 munus
2905 2330 3040 2384 totis
3063 2333 3153 2384 est
3172 2330 3540 2402 exoptandum
3556 2329 3664 2383 affe-

386 2422 690 2493 Presbyter
717 2435 851 2474 vero
878 2435 968 2472 res
997 2433 1126 2471 suas
1150 2414 1353 2470 tenuit.
1390 2415 1512 2478 Quo
1543 2417 1830 2484 tempore,
1866 2414 2000 2467 bea-
2101 2416 2282 2470 ctibus
2314 2416 2499 2487 deque
2530 2417 2651 2487 ejus
2682 2417 3051 2473 miseratione
3078 2436 3377 2490 nunquam
3403 2420 3664 2489 desperan-

385 2512 477 2563 tus
500 2507 820 2573 Medardus,
846 2503 1288 2559 Vermandensis
1317 2501 1637 2572 episcopus,
1669 2503 1870 2572 plenus
1890 2501 2004 2554 vir-
2103 2505 2263 2559 dum.
2289 2523 2321 2556 »
2353 2507 2508 2558 lnter
2535 2505 2639 2560 hos
2661 2508 2832 2577 atque
2863 2506 3493 2577 bujusmodisermones
3516 2507 3662 2560 finem

385 2596 624 2661 tutibus,
656 2592 923 2665 migravit
971 2593 1044 2647 ad
1081 2590 1412 2646 Dominum.
1447 2590 1616 2660 Cujus
1639 2605 1844 2659 corpus
1875 2589 2002 2643 Clo-
2103 2591 2331 2663 imperii
2352 2592 2552 2653 edidit,
2583 2610 2788 2666 corpus
2815 2597 3006 2663 terrae,
3027 2612 3276 2666 regnum
3310 2595 3432 2650 ﬁliis
3459 2593 3664 2650 derelin-

390 2683 570 2738 tarius
599 2699 696 2737 rex
727 2679 1310 2737 honoriﬁcentissimo
1338 2677 1662 2734 recondidit
1685 2679 2000 2733 mausoleo.
2103 2698 2304 2753 quens,
2334 2699 2439 2753 per
2468 2682 2892 2754 quinquaginta
2919 2687 2976 2737 et
3008 2701 3194 2738 unum
3219 2701 3396 2740 annos
3419 2685 3661 2757 potestate

945 2770 1169 2825 CAPUT
1192 2769 1430 2823 XXXVII.
2103 2770 2350 2836 functus,
2382 2775 2659 2843 perpetua
2688 2787 2753 2825 ac
2782 2788 2983 2843 emper
3009 2773 3069 2826 in
3091 2774 3282 2844 majus
3313 2773 3662 2845 augmentata.

400 2861 487 2918 De
506 2859 738 2916 Clotarii
766 2860 900 2928 regis
923 2857 1313 2921 donationibus,
1342 2863 1389 2910 et
1413 2857 1517 2926 piis
1569 2854 1830 2927 operibus,
1855 2856 2006 2911 obitu
2106 2859 2258 2913 Filiis
2292 2860 2457 2930 regni
2499 2860 2825 2915 haeredibus
2879 2863 3216 2931 hujusmodi
3241 2862 3538 2917 vocabula:
3570 2858 3665 2931 pri-

1011 2964 1074 3001 ac
1102 2944 1410 3000 haeredibus.
2107 2964 2254 3014 mus,
2291 2947 2668 3002 Cherebertus
2694 2966 2707 3015 ;
2738 2965 3004 3020 sequens,
3035 2950 3399 3005 Guntrannus
3432 2968 3444 3016 ;
3477 2948 3664 3012 trrtius,

463 3039 622 3094 Idem
654 3054 786 3092 vero
828 3036 1070 3108 inclytus
1099 3052 1198 3091 rex
1230 3036 1581 3090 Francorum
1607 3034 1908 3103 Clotarius,
1935 3036 2007 3090 ad
2111 3035 2457 3106 Chilpericus
2491 3053 2504 3102 ;
2540 3039 2796 3107 quartus,
2849 3037 3207 3108 Sigebertus,
3262 3037 3456 3094 vocati.
3500 3035 3669 3106 Sepul-

394 3127 672 3198 suffragia
697 3125 915 3199 egregii
941 3124 1282 3180 confessoris
1305 3122 1599 3179 Martiniin
1633 3125 1872 3179 tutelam
1904 3124 2010 3179 sibi
2109 3126 2312 3195 tusque
2343 3125 2428 3177 est
2465 3123 2522 3176 in
2557 3123 2789 3178 basilica
2819 3125 3010 3179 Sancti
3057 3126 3332 3184 Medardi.
3365 3129 3424 3180 ut
3453 3125 3558 3195 ipse
3576 3123 3670 3192 jus-

382 3214 775 3287 -exposcenda,
796 3213 1038 3268 Turonis
1057 3212 1215 3268 abiit.
1233 3214 1434 3268 Multus
1473 3211 1550 3266 ibi
1571 3228 1675 3282 pro
1706 3229 1807 3266 sua
1832 3213 2010 3266 salute
2032 3254 2078 3312 Ο
2111 3214 2263 3266 serat
2295 3229 2309 3279 ;
2351 3228 2477 3283 quae
2509 3211 2745 3282 triginta
2775 3217 2833 3266 et
2861 3229 2928 3266 eo
2963 3213 3213 3285 amplius
3245 3214 3485 3268 millibus
3510 3212 3572 3266 ab
3615 3225 3668 3262 eo

395 3318 754 3374 suorumque
774 3301 1173 3374 peccaminum
1199 3299 1509 3355 abolitione
1541 3299 1771 3354 Domini
1793 3316 1856 3354 ac
1877 3317 2008 3354 san-
2035 3299 2078 3312 ν
2112 3300 2258 3367 loco,
2287 3299 2346 3353 in
2375 3316 2487 3371 quo
2510 3299 2688 3354 finem
2710 3300 2838 3355 vitae
2864 3301 3109 3368 invenit,
3139 3303 3358 3370 aberat,
3378 3315 3570 3372 magno
3594 3299 3671 3351 ob-

394 3392 622 3445 ctorum
654 3391 777 3462 ejus
804 3393 1068 3462 precator
1089 3391 1148 3444 et
1169 3387 1496 3443 clarissimis
1517 3387 1684 3442 donis
1704 3387 1891 3442 eidem
1923 3405 2014 3442 sa-
2113 3386 2308 3458 sequio
2341 3403 2442 3459 per
2493 3389 2720 3442 tantum
2771 3388 2940 3460 spatii
2993 3389 3273 3445 deductus
3316 3390 3566 3448 ﬁliorum,
3592 3399 3671 3438 seu

397 3492 496 3534 cro
526 3479 651 3534 loco
672 3477 833 3551 regia
859 3477 1201 3533 liberalitate
1233 3474 1564 3548 impartitis,
1592 3474 1652 3530 in
1679 3475 1930 3530 ditandis
1956 3479 2012 3531 et
2115 3475 2290 3530 etiam
2311 3476 2678 3548 psallentium
2710 3476 3069 3533 clericorum.

1712 3620 1958 3695 Earlicit
1989 3619 2115 3677 liber
2143 3622 2418 3681 secundus.

1349 3818 1774 3908 INCIPIT
1883 3819 2232 3908 LIBER
2339 3821 2818 3910 TERTIUS

943 4021 1168 4079 CAPUT
1197 4022 1482 4077 PRIMUM.
2120 4022 2291 4077 urbes
2309 4021 2498 4078 Gallias
2531 4023 2684 4077 haud
2706 4021 2979 4078 mediocri
2995 4041 3228 4096 semper
3256 4023 3448 4081 habita
3466 4025 3593 4078 loco.
3618 4019 3679 4074 De

406 4116 491 4173 De
511 4116 795 4186 Chilperici
825 4114 960 4182 regis
989 4129 1111 4166 cum
1143 4111 1406 4182 fratribus
1443 4109 1814 4180 disceptatione
1868 4127 2021 4180 super
2123 4129 2236 4183 qua
2266 4111 2403 4184 quid
2422 4111 2479 4166 in
2502 4115 2759 4167 veterum
2775 4111 3096 4183 reperimus
3120 4112 3587 4184 libris,paululum
3615 4106 3680 4159 in-

907 4202 1213 4257 haereditate
1236 4209 1486 4273 paterna.
2122 4200 2388 4255 termissa
2411 4217 2473 4254 re
2504 4203 2710 4271 erepta,
2743 4200 2801 4254 in
2836 4201 3094 4255 medium
3149 4202 3520 4274 proferamus.
3565 4196 3679 4250 Cum

483 4293 718 4364 Sepulto
748 4289 1019 4357 Clotario,
1061 4290 1217 4346 varia
1243 4293 1328 4346 est
1357 4291 1510 4346 inter
1539 4293 1688 4349 filios
1718 4290 1839 4361 ejus
1869 4287 2021 4342 sorte
2125 4306 2266 4362 gens
2283 4291 2670 4345 Vandalorum
2689 4290 2908 4360 junctis
2932 4290 3037 4345 sibi
3069 4290 3266 4346 Suevis
3296 4295 3353 4346 et
3383 4288 3562 4344 Alanis
3580 4283 3679 4338 Gal-

411 4385 740 4453 regnatum.
775 4379 1072 4452 Siquidem
1105 4379 1454 4452 Chilpericus
1482 4381 1596 4454 (cui
1629 4381 1779 4436 inter
1819 4377 2026 4431 fratres
2126 4379 2230 4434 lias
2251 4380 2659 4452 depopulatum
2681 4380 2762 4434 ire
2780 4379 3416 4447 destinavisset,Chroco
3437 4374 3683 4448 regeipso-

413 4469 935 4541 menspromptior)
953 4487 1068 4524 non
1083 4472 1386 4525 contentus
1399 4487 1529 4525 cum
1561 4467 1780 4524 caeteris
1795 4469 2026 4537 partem
2125 4484 2255 4524 rum
2287 4484 2320 4521 a
2351 4470 2536 4522 matre
2556 4485 2657 4522 sua
2684 4466 2962 4539 quaerenti
2987 4466 3122 4540 quid
3141 4467 3404 4523 faciendo
3423 4463 3586 4535 Magni
3607 4474 3683 4514 no-

411 4575 632 4631 ponerc
654 4558 944 4626 fratribus,
963 4558 1260 4614 thesauros
1280 4558 1457 4630 patris
1482 4555 1765 4612 Parisiaca
1795 4554 1853 4608 in
1886 4554 2028 4608 urbe
2128 4577 2262 4614 men
2293 4557 2597 4624 obtineret,
2628 4557 2722 4610 illa
2743 4556 2814 4610 ad
2832 4573 2963 4610 eum
2992 4576 3003 4611 :
3031 4577 3062 4608 α
3090 4556 3169 4625 Si,
3200 4557 3404 4628 inquit,
3427 4553 3681 4620 ﬁli,famo-

412 4647 741 4703 reconditos
768 4647 940 4719 rapit,
973 4647 1046 4702 ad
1093 4647 1322 4703 Francis
1358 4647 1520 4720 (quos
1569 4643 1853 4698 avidiores
1902 4642 2026 4696 fore
2129 4647 2292 4703 δαείη
2325 4645 2463 4701 orbe
2482 4661 2601 4700 esse
2625 4644 3166 4716 cupis,maguarum
3196 4645 3436 4700 aediﬁcia
3455 4641 3634 4696 aedium
3657 4651 3681 4687 a

412 4736 672 4810 pecuniae
710 4736 1007 4811 persensit)
1040 4737 1226 4809 pretio
1260 4733 1591 4799 sollicitatis,
1627 4732 1776 4803 apud
1811 4747 1908 4786 eos
1936 4748 2028 4785 re-
2128 4736 2442 4807 majoribus
2462 4737 2743 4788 exstructa
2773 4733 3000 4787 destrue
3041 4734 3414 4806 egregiasque
3461 4729 3604 4782 urbes
3629 4723 3681 4776 de

414 4843 595 4899 gnum
619 4825 878 4898 arripuit.
908 4827 1116 4881 Verum
1148 4824 1438 4894 conjuncti
1469 4823 1676 4876 fratres
1705 4819 2029 4890 improvida
2127 4829 2352 4880 struens
2369 4840 2570 4878 eorum
2590 4822 2805 4878 incolas
2817 4820 3008 4893 gladio
3032 4821 3537 4894 exstingue.Neque
3559 4812 3682 4899 enirn

413 4897 894 4988 irruptioneieum
927 4932 961 4969 a
985 4913 1209 4968 civitate
1239 4913 1634 4967 deburtavere.
1657 4907 1875 4963 Dehinc
1891 4924 2029 4961 con-
2131 4913 2372 4969 meliora
2392 4911 2852 4984 prioribuspotes
2882 4910 3131 4964 condere
3161 4908 3480 4964 habitacula
3496 4897 3682 4958 autbel-

415 5004 730 5061 ditiouibus
757 5004 910 5076 pacis
937 5001 1399 5057 consentientem
1448 5001 1687 5054 evocant
1726 5000 2029 5068 totumque
2129 5001 2302 5056 laudo
2331 4998 2674 5068 noministui
2695 4997 2941 5069 gloriam
2961 4998 3210 5069 amplius
3230 5010 3587 5069 propagare.»
3608 4988 3686 5080 Cu:

410 5092 576 5166 regni
605 5110 813 5167 corpus
826 5090 1243 5164 quadripartita
1256 5088 1504 5144 sectione
1521 5104 1585 5143 ex
1605 5103 1770 5159 aequo
1802 5084 1861 5139 hi
1889 5101 2028 5156 qua-
2050 5131 2099 5188 Β
2123 5091 2220 5162 jns
2243 5090 2338 5143 ille
2367 5087 2626 5158 responsi
2661 5103 2778 5140 non
2806 5085 2998 5157 segnis
3029 5088 3329 5141 exsecutor
3358 5080 3552 5140 exstitit
3574 5093 3626 5130 ac
3650 5089 3683 5188 si

409 5163 543 5238 tuor
569 5163 778 5237 fratr—es
795 5163 1145 5253 partiuntur.
1178 5179 1246 5232 Et
1269 5177 1615 5234 Cberebcrto
1649 5173 1903 5248 quidem,
1934 5172 2030 5244 qui
2053 5163 2099 5188 υ
2130 5177 2322 5233 divino
2359 5177 2590 5260 oraculo
2624 5192 2740 5260 non
2773 5175 3191 5260 hominis_voce
3253 5174 3483 5260 dictum.
3509 5163 3684 5260 fuisset.

409 5275 468 5328 et
489 5271 789 5327 Aribertus
816 5268 998 5324 dictus
1029 5271 1136 5336 est,
1170 5265 1516 5323 Parisiorum
1544 5265 1698 5332 urbs,
1731 5262 2027 5335 quondam
2129 5260 2270 5313 Nam
2288 5257 2440 5328 apud
2465 5257 2813 5326 Maguntiam
2833 5259 3008 5327 ponte
3024 5255 3289 5308 Rhenum
3308 5255 3687 5312 transiens,pl'l'

413 5359 958 5425 Childeberti,sorte
980 5357 1277 5431 provenit;
1303 5356 1640 5411 Guntranno
1661 5351 2028 5406 Aureliancn-
2129 5365 2225 5402 mo
2259 5347 2442 5419 ipsam
2470 5346 2675 5399 urbem
2701 5343 3107 5398 miserabiliter
3145 5341 3352 5396 delevit
3386 5356 3447 5394 ac
3487 5337 3682 5434 detulit“

408 5450 504 5516 sis,
529 5418 1051 5521 regnumvidelicet
1070 5445 1413 5511 Clodomiri;
1440 5442 1758 5514 Chilperico
1778 5440 2028 5495 Suessio-
2126 5452 2356 5491 cursum
2386 5433 2606 5488 itineris
2658 5432 2816 5487 Metis
2867 5431 3118 5487 deﬂexit.
3144 5430 3314 5523 Cujus
3369 5424 3529 5523 muri,
3551 5418 3684 5523 nocte-

413 5507 957 5606 nensisiassignatur
985 5535 1202 5601 civitas,
1226 5535 1395 5604 caput
1425 5535 1484 5586 et
1507 5531 1625 5602 ipsa
1642 5528 1806 5601 regni
1832 5531 2024 5599 pater-
2127 5542 2254 5598 quos
2287 5523 2441 5578 diem
2472 5521 2748 5576 adventus
2775 5519 2896 5590 ejus
2945 5517 3330 5590 praecedebat,
3369 5514 3549 5606 divino
3573 5507 3684 5561 ιιιιιιι

415 5625 473 5678 ni
508 5601 846 5697 ;Sigcbe‘rto
871 5627 1066 5677 autem
1097 5601 1750 5691 Mediomatricuim,quaz
1765 5621 1822 5672 et
1842 5617 2022 5684 Metis,
2125 5617 2330 5685 sponte
2355 5615 2609 5672 ruentes,
2642 5609 2793 5662 viam
2822 5606 3128 5679 irrupturis
3148 5605 3510 5698 aperuerunt.

409 5687 947 5782 cessiitiTheodorici
964 5709 1150 5779 patrui
1175 5709 1470 5780 quondam
1487 5687 1741 5777 subje—cta
1766 5705 2027 5760 domina-
2126 5708 2249 5757 tum
2275 5703 2465 5754 utrum
2491 5699 2636 5752 hanc
2667 5697 2861 5751 divina
2891 5695 3211 5767 indignatio
3237 5688 3520 5782 ﬂagitiosis
3543 5687 3684 5739 clim-

412 5799 512 5858 tui.
548 5778 693 5855 Urbs
741 5778 1046 5853 famosaiet
1075 5778 1307 5868 inclyta,
1340 5813 1404 5850 ac
1437 5795 1564 5848 ideo
1586 5794 1736 5849 inter
1785 5796 2021 5848 caeteras
2126 5787 2535 5863 paenitentibus
2601 5785 2878 5842 invexerit
2933 5782 3323 5840 calamitatem
3362 5778 3575 5838 civibus,
3625 5782 3679 5821 an
