3862 6210
192 486 294 540 693

1270 489 1592 546 HISTORIA
1623 492 2067 552 FRANCORUM.
2095 527 2168 540 —
2199 498 2327 555 LIB.
2363 501 2453 556 lIl.

3416 513 3521 568 694

193 612 339 667 forte
370 612 434 665 ut.
464 610 864 669 infandissimi
893 614 1196 671 homicida:
1212 612 1369 687 justa
1393 619 1809 673 acceleraretur
1833 625 1888 684 Α
1916 621 2091 691 rium,
2125 624 2288 682 mirae
2320 626 2735 699 magnitudinis
2766 628 2932 684 simul
2978 632 3035 684 cl.
3078 630 3522 701 pulchritudinis

193 701 463 774 perditio,
497 718 616 774 quo
649 703 900 760 caelestia
929 708 1237 760 autumans
1261 706 1526 776 opitulari
1552 707 1657 761 sibi
1688 707 1802 762 suf-

193 790 378 862 fragia
399 806 469 845 eo
498 792 885 846 contenderet
908 793 1000 847 ubi
1024 794 1259 847 nefandi
1281 811 1447 849 ausus
1464 795 1670 849 merita
1688 797 1807 850 luc-

193 884 280 934 ret
308 880 615 952 supplicia.
637 880 867 936 Civibus
887 881 1135 953 denique
1166 884 1504 938 Metensibus
1534 902 1709 956 usque
1740 886 1815 940 ad

193 969 688 1024 internectionem
712 987 861 1042 pene
880 971 1503 1041 pessundatis,'l‘reviris
1519 979 1811 1045 properat.

191 1058 474 1113 Treverici
507 1058 569 1113 in
597 1059 790 1113 arenis
818 1059 1058 1113 civitatis
1080 1060 1344 1131 praesidio
1363 1062 1567 1128 locato,
1597 1065 1815 1118 conati-

194 1147 296 1202 bus
315 1147 442 1218 ejus
461 1146 823 1201 restiterunt.
851 1147 1101 1203 Chrocus
1114 1148 1357 1203 Treviris
1396 1150 1608 1205 infecto
1636 1167 1815 1222 nego-

196 1235 293 1301 tio,
313 1235 515 1288 Arelas
529 1251 862 1307 expugnare
887 1235 1062 1302 nisus,
1084 1252 1115 1291 a
1132 1236 1387 1307 quodam
1420 1237 1623 1304 milite,
1642 1239 1814 1294 Mario

196 1322 457 1389 nomine,
478 1328 701 1395 captus,
720 1338 826 1393 per
843 1324 1095 1378 civitates
1122 1340 1264 1396 quas
1279 1328 1561 1379 everterat
1593 1326 1811 1395 ductus,

195 1412 377 1485 poenis
397 1411 756 1466 excruciatus
776 1410 1015 1466 interiit.
1042 1411 1155 1466 Sed
1178 1411 1249 1465 de
1283 1411 1371 1466 bis
1406 1412 1539 1467 satis
1572 1413 1809 1470 dictum.

848 1501 1072 1555 CAPUT
1104 1502 1166 1555 II.

370 1590 461 1644 De
486 1587 825 1655 Chereberto,
850 1590 1012 1661 quiet
1040 1589 1330 1643 Aribertus
1350 1590 1519 1645 dictus
1538 1597 1630 1644 est.

264 1677 673 1741 Cherebertus,
709 1677 804 1750 qui
833 1680 889 1730 et
933 1676 1249 1744 Aribertus,
1294 1694 1391 1732 rex
1440 1678 1811 1746 Parisiorum,

194 1766 584 1837 Ingobergam
613 1765 774 1820 duxit
820 1782 1076 1820 uxorem.
1136 1765 1273 1820 Huic
1322 1770 1487 1821 erant
1532 1767 1811 1823 ancillulae

1913 719 2300 784 compactum,
2334 716 2783 788 Hierosolymam
2833 718 3061 773 mittere
3108 719 3413 776 destinavit
3449 724 3522 779 ad

1911 803 2038 856 Iesu
2067 803 2271 858 Christi
2290 805 2518 859 Domini
2546 808 2883 876 sepulcrum
2923 808 3035 862 Sed
3069 824 3195 862 cum
3222 813 3279 863 ct
3299 809 3521 866 itineris

1917 891 2223 946 difficultas
2252 897 2308 947 et
2331 893 2778 949 Sarracenorum
2804 895 2899 966 qui
2928 895 3131 950 eadem
3163 896 3523 954 infestabant

1918 980 2041 1034 loca
2060 981 2235 1036 timor
2256 999 2326 1037 nc
2350 985 2480 1038 vota
2497 985 2799 1055 perﬁceret
2822 984 3196 1049 obstitissent,
3214 986 3269 1041 in
3288 988 3523 1043 Basilica

1918 1085 2043 1139 quae
2076 1069 2439 1126 Cabilonensi
2472 1073 2696 1143 adjacet
2733 1073 2964 1139 civitati,
3008 1074 3168 1144 cujus
3200 1076 3520 1131 condenda:

1917 1155 2035 1227 ipse
2064 1162 2223 1214 actor
2272 1160 2583 1223 exstiterat,
2617 1178 2785 1232 super
2816 1162 3137 1231 sepulcrum
3169 1164 3347 1218 sancti
3377 1165 3519 1219 Mar-

1917 1246 2040 1298 cclli
2091 1247 2225 1317 poni
2262 1248 2452 1317 jussit.
2499 1248 2661 1312 Quod
2694 1249 2947 1320 quandiu
2998 1252 3287 1306 tumulum
3339 1252 3519 1308 sancti

1918 1336 2187 1405 martyris
2218 1336 2479 1390 durando
2510 1337 2845 1405 vcnustavit,
2877 1340 3096 1393 nullum
3145 1338 3201 1394 in
3230 1343 3350 1394 tota
3391 1342 3521 1396 Gal-

1914 1421 1988 1475 lia
2013 1439 2172 1494 opus,
2204 1424 2356 1495 quod
2388 1424 2439 1479 ei
2471 1426 2941 1497 aequipararetur,
2970 1427 3155 1499 potuit
3186 1428 3447 1484 inveniri.

2544 1516 2768 1569 CAPUT
2798 1516 2883 1569 IV.
3312 1516 3339 1539 ⁸

1915 1600 1999 1654 De
2023 1600 2286 1670 Sz'geberti
2308 1618 2401 1657 con
2397 1603 2553 1673 jugi'o
2567 1620 2687 1658 cum
2704 1603 2894 1659 Bruna
2911 1603 3207 1659 Gothorum
3224 1607 3363 1675 regis
3377 1608 3514 1675 ﬁlia.

1988 1689 2162 1743 Porro
2185 1689 2775 1762 Sigcbcrtus,cognito
2796 1692 2947 1764 quod
2962 1694 3166 1747 fratres
3180 1695 3252 1749 ob
3273 1695 3521 1750 infausta

1915 1777 2183 1848 conjugia
2205 1779 2739 1850 gravisubjacerent
2756 1781 3091 1853 opprobrio,
3119 1784 3414 1854 Cogonem
3445 1787 3521 1840 lc-

193 1854 344 1909 dutB-
372 1854 600 1907 Nomen
631 1853 728 1907 uni
752 1853 1090 1920 MaI‘COVCfa,
1123 1854 1304 1908 altera
1349 1855 1664 1910 vocabatur
1700 1857 1814 1911 ΜΘ-
1841 1930 1886 1939 _
1915 1869 2112 1933 gatum
2136 1865 2193 1919 in
2220 1866 2547 1937 Hispaniam
2566 1868 3089 1923 adAtlianahildum
3110 1853 3521 1939 rcgemGotho-

191 1939 411 1997 mﬁdiso
461 1941 677 1995 Harum
726 1957 927 1995 amore
976 1958 1072 1996 rex
1118 1942 1197 1996 ila
1239 1942 1500 2012 deperire
1551 1944 1720 2016 σαξρὶι
1752 1948 1813 1999 ιιι
1840 1930 2892 2027 Brum,quicxcrcitumimperatoris
2910 1959 2979 2011 ab
3000 1960 3265 2028 Hispania
3288 1963 3516 2030 expule-

191 2044 435 2083 uxorem
467 2029 704 2099 ejiceret
738 2030 1149 2101 Ingobergam,
1183 2033 1240 2084 et
1269 2047 1364 2084 eas
1394 2032 1595 2086 ambas
1634 2032 1691 2085 in
1726 2033 1812 2087 lo-

188 2132 319 2170 cum
347 2116 476 2188 ejus
506 2116 894 2172 substitueret.
928 2120 1035 2172 Pro
1089 2134 1202 2189 qua
1231 2135 1291 2173 re
1323 2136 1357 2173 a
1388 2119 1556 2174 beato
1582 2121 1811 2176 Germa-

191 2220 288 2266 no,
323 2204 586 2275 praefata:
616 2205 772 2259 urbis
813 2205 1100 2277 episcopo,
1158 2205 1505 2277 increpatus,
1535 2224 1640 2261 nec
1683 2224 1807 2263 cor-

191 2296 400 2358 rectus,
426 2296 699 2365 utrasque
723 2309 852 2348 cum
885 2293 1023 2361 filio,
1054 2310 1225 2365 quem
1261 2294 1313 2348 ei
1342 2310 1455 2348 una
1483 2311 1683 2350 earum
1714 2314 1811 2368 ge-

192 2385 420 2447 nuerat,
455 2381 728 2436 divinitus
757 2398 1051 2453 percussas
1100 2399 1157 2436 se
1190 2383 1506 2453 perdidisse
1537 2384 1785 2440 indoluit

192 2469 313 2540 Ipse
346 2484 607 2540 quoque,
637 2485 755 2523 non
788 2473 915 2540 post
944 2470 1188 2523 multum
1218 2470 1519 2540 temporis,
1540 2471 1598 2525 in
1629 2473 1803 2544 Aqui-

193 2557 349 2610 tania
384 2557 542 2627 apud
573 2560 825 2612 castrum
858 2558 1044 2613 Blavia
1092 2557 1218 2612 vitae
1250 2558 1429 2612 finem
1461 2560 1716 2628 sortitus,
1745 2561 1804 2615 in

191 2644 423 2700 basilica
453 2646 638 2701 sancti
668 2646 912 2702 Romani
950 2650 1034 2701 est
1064 2647 1336 2716 sepultus.

821 2734 1043 2790 CAPUT
1074 2735 1163 2788 llI.

538 2822 623 2878 De
654 2822 970 2879 Guntranm'
1002 2823 1176 2877 liberis
1203 2829 1253 2876 et
1274 2825 1454 2893 gestis.

259 2910 635 2965 Guntrannus
658 2915 853 2966 autem
887 2914 1135 2983 quatuor
1164 2910 1310 2965 filios
1351 2929 1417 2966 ex
1444 2911 1677 2967 diversis
1704 2915 1803 2968 ha-

188 2996 310 3051 buit
338 2999 704 3065 concubinis,
739 3015 984 3071 quarum
1013 2999 1252 3054 nomina
1282 3015 1579 3054 recensere
1610 3018 1802 3073 super-

189 3085 328 3149 sedi,
351 3086 609 3145 maxime
639 3103 771 3141 cum
804 3104 907 3141 nec
930 3086 981 3140 ei
1012 3086 1272 3157 legitimo
1294 3087 1799 3158 fueriutcopulatze

1914 2042 2468 2113 rat,mittitpctitum
2486 2043 2614 2097 filiae
2632 2042 3007 2109 illius,Brunm
3023 2046 3519 2117 nominc,nuptias

1913 2130 2095 2193 Quam
2120 2130 2213 2184 ille
2234 2148 2267 2184 a
2298 2134 2459 2202 patre
2492 2148 2621 2184 cum
2660 2132 2852 2185 multis
2873 2132 2979 2187 sibi
3012 2134 3281 2187 traditam
3316 2135 3518 2207 opibus

1910 2218 1982 2272 ad
2016 2218 2381 2289 Sigebertum
2412 2220 2691 2292 perducit.
2725 2220 3052 2292 Sigebertus
3082 2239 3233 2289 cam,
3262 2240 3329 2277 eo
3362 2224 3517 2296 quod

1907 2306 2135 2361 Ariante
2170 2308 2364 2362 dedita
2406 2312 2553 2364 esset
2598 2309 2820 2374 haeresi,
2851 2326 2884 2364 a
2913 2310 3205 2364 catholicis
3241 2310 3517 2382 baptizari

1910 2395 2450 2467 Brunicliildcmque
2484 2398 2671 2451 vocari
2704 2396 3046 2470 prtecipiens
3075 2415 3139 2453 ac
3170 2399 3281 2453 fide
3314 2399 3515 2454 instrui

1909 2484 2251 2550 orthodoxa,
2274 2501 2403 2538 cum
2439 2502 2654 2555 magno
2706 2489 2988 2558 apparatu
3019 2489 3320 2557 epularum
3357 2487 3518 2543 duxit

1908 2573 2300 2627 uxorem.Ha~.c
2322 2578 2379 2626 ut
2394 2572 2449 2627 in
2467 2590 2710 2643 regnum
2726 2575 3067 2629 confirmata
3080 2576 3511 2646 cst,Gogonem,

1907 2660 2001 2731 qui
2032 2678 2089 2715 se
2114 2662 2184 2715 ab
2210 2661 2488 2732 Hispaniis
2520 2662 2855 2728 abduxerat,
2878 2663 3123 2718 invisum
3158 2664 3325 2735 regni
3359 2664 3514 2736 Sige-

1906 2748 2070 2804 bcrto
2098 2749 2251 2804 fecit.
2286 2750 2424 2804 Huic
2453 2751 2701 2822 denique
2743 2751 2987 2823 Gogoni,
3021 2769 3151 2806 cum
3180 2752 3236 2806 in
3265 2751 3513 2808 infantia

1905 2836 2187 2908 Sigeberti
2220 2855 2423 2893 omnes
2453 2839 2648 2894 Franci
2683 2839 2754 2894 de
2784 2857 2965 2911 regno
2998 2841 3121 2911 ejus
3152 2840 3507 2897 Clirodiuum

1902 2927 2185 2996 majorem
2210 2927 2414 2981 domus
2436 2928 2955 2999 clcgissent,virum
2978 2930 3226 2999 probum
3249 2946 3312 2984 ac
3334 2929 3508 2985 timo-

1901 3014 1979 3069 ris
2000 3015 2097 3069 Dei
2126 3017 2385 3087 plenum,
2411 3017 2502 3070 illc
2521 3017 2712 3071 oblato
2735 3017 2900 3071 cessit
2930 3018 3172 3085 honore,
3205 3035 3402 3089 regem
3435 3020 3511 3073 al-

1901 3104 2121 3159 locutus
2165 3105 2223 3159 in
2268 3107 2388 3159 iltI‘C
2433 3107 2606 3160 verba
2636 3124 2653 3159 :
2691 3125 2712 3160 σ
2752 3106 2984 3173 Omnes,
3014 3106 3220 3179 inquit,
3255 3106 3508 3163 Francia:

190 3174 457 3271 ςεοολιξείο
477 3178 556 3241 et:
579 3190 652 3271 e°_
667 3175 854 3271 ﬂdhuf
872 3174 1193 3271 εξυΡξΓδίῘῙ-ξν
1216 3189 1347 3271 gum
1367 3180 1625 3271 ευδοξὲρίθ
1639 3179 1799 3247 ΡΓΟῘϐ
1826 3212 1873 3271 C
1902 3196 2165 3263 potentes
2186 3194 2697 3265 consanguinitatis
2716 3195 3003 3265 mihijure
3018 3174 3507 3263 fmderanturmee

190 3264 504 3317 terminum
536 3263 759 3317 sortita
791 3263 907 3316 sint
946 3263 1097 3317 vitaz.
1133 3263 1259 3316 Fuit
1304 3280 1440 3317 sane
1489 3263 1643 3318 idem
1700 3282 1798 3319 rex

185 3366 409 3405 summe
439 3351 650 3418 bonus,
682 3350 838 3423 pacis
884 3350 1147 3422 aequique
1176 3350 1662 3419 servantissimus;
1690 3352 1799 3407 hoc

187 3440 367 3493 solum
397 3439 545 3494 tanti
574 3439 823 3510 gloriam
853 3438 955 3493 viri
1003 3439 1379 3493 obnubilante
1422 3439 1573 3493 facto
1618 3440 1793 3511 quod,

187 3526 491 3582 lenociniis
518 3527 796 3582 delinitus
835 3527 1231 3594 meretricum,
1278 3527 1498 3581 licitum
1530 3527 1798 3582 refutavit

183 3616 645 3671 matrimonium.
681 3615 780 3669 Hic
806 3617 1056 3687 quadam
1084 3615 1176 3670 die
1206 3620 1478 3671 venatum
1508 3615 1565 3669 in
1598 3616 1796 3671 silvam

183 3706 492 3773 profectus,
518 3703 707 3771 sociis,
730 3707 902 3774 prout
924 3719 1016 3758 res
1030 3703 1395 3774 exposcebat,
1414 3704 1524 3758 huc
1549 3704 1796 3776 illucque

184 3794 471 3866 dispersis,
488 3793 613 3865 ipse
635 3808 769 3847 cum
796 3808 909 3847 uno
940 3808 1176 3847 suorum
1201 3791 1503 3848 fidisssimo
1535 3792 1793 3847 fidelium

180 3884 281 3939 sub
298 3884 513 3939 arbore
536 3881 834 3954 quieturus
856 3881 1473 3954 resedit,positoquein
1493 3881 1793 3937 familiaris

180 3972 348 4027 amici
375 3970 606 4044 gremio
635 3970 840 4041 capite,
871 3971 1064 4025 oculos
1092 3970 1328 4041 cupiens
1357 3970 1535 4025 furari
1585 3970 1789 4040 labori,

180 4059 630 4118 obdormivit.Et
650 4076 781 4114 ecce
801 4076 867 4114 ex
906 4076 1006 4114 ore
1030 4058 1371 4131 quiescentis
1394 4059 1571 4131 regis,
1590 4060 1649 4115 in
1672 4077 1793 4115 mo-

178 4150 311 4205 dum
328 4148 579 4220 reptilis,
597 4147 815 4203 animal
834 4164 1152 4219 egressum,
1178 4164 1306 4202 oras
1331 4148 1786 4219 propterlaben-

177 4238 247 4293 tis
258 4236 427 4293 rivuli
446 4252 786 4309 percursare
798 4253 862 4291 ac
880 4239 941 4291 ut
956 4236 1015 4290 in
1038 4235 1374 4290 ulteriorem
1397 4235 1585 4305 ripam
1600 4238 1787 4291 trans-
1812 4261 1823 4269 ο

177 4326 283 4381 iret
301 4330 571 4397 satagere
600 4325 791 4396 coepit.
817 4324 983 4389 Quod
1012 4340 1257 4379 cernens
1287 4324 1400 4390 ille,
1428 4340 1599 4396 super
1628 4324 1787 4395 cujus

175 4431 367 4487 genua
388 4430 490 4468 rex
520 4413 803 4467 cervicem
822 4412 1196 4467 inclinaverat
1216 4410 1667 4482 suam,gladium
1689 4428 1783 4466 va-

1899 3282 2264 3353 valeojurgia
2286 3299 2488 3337 corum
2516 3286 2767 3354 portare,
2792 3283 2930 3337 dum
2954 3284 3215 3356 quisque,
3240 3301 3371 3340 mea
3396 3285 3508 3340 fre-

1902 3372 1991 3422 tus
2014 3370 2462 3442 propinquitate,
2488 3388 2556 3425 eo
2584 3373 2656 3426 ad
2677 3373 3004 3427 nocendum
3025 3374 3189 3427 alteri
3219 3374 3506 3430 efficiatur

1898 3457 2225 3530 promptior
2254 3476 2366 3530 quo
2392 3460 2505 3513 mei
2538 3476 2842 3513 censuram
2861 3461 3064 3530 judicii
3091 3479 3205 3516 non
3232 3464 3507 3532 pertime-

1898 3545 2022 3612 scit,
2050 3548 2211 3618 quasi
2238 3546 2521 3600 affinitate
2549 3547 2947 3619 propinqnior.
2979 3548 3091 3602 Sed
3124 3549 3343 3603 bonum
3378 3566 3501 3605 esse

1896 3636 2168 3703 asseritis,
2200 3637 2483 3708 aequitatis
2505 3637 2734 3703 intuitu,
2773 3636 2947 3691 etiam
2975 3641 3245 3709 parentes
3272 3638 3497 3711 punire.

1898 3724 2033 3788 Quis
2060 3726 2168 3780 hoc
2199 3725 2502 3797 abnegat?
2526 3725 2736 3779 Verum
2792 3724 3014 3796 perpeti
3055 3724 3297 3780 infamia
3327 3727 3503 3783 deno-

1896 3816 2094 3869 tantur
2122 3816 2207 3869 vel
2234 3815 2574 3886 Torquatus,
2624 3813 2805 3867 ﬁlium
2850 3830 2956 3885 pro
3006 3815 3342 3884 contempto
3398 3833 3498 3872 suo

1894 3906 2181 3974 praecepto
2210 3902 2393 3958 securi
2440 3901 2787 3975 percutiens,
2819 3903 2905 3956 vel
2952 3903 3176 3968 Brutus,
3209 3902 3353 3957 duos
3391 3920 3497 3974 pro

1892 3990 2093 4061 patria;
2116 3991 2380 4046 libertate
2409 4008 2476 4046 ex
2506 4008 2565 4046 se
2597 3994 2762 4045 natos
2790 3989 2914 4061 pari
2961 3991 3136 4045 modo
3183 3991 3494 4062 perimens.

1891 4078 2049 4134 Adeo
2074 4082 2136 4134 ut
2162 4081 2483 4152 praecipuus
2510 4084 2811 4152 poetarum
2838 4079 2908 4133 de
2950 4095 3018 4134 eo
3050 4078 3130 4133 ita
3154 4079 3447 4153 scripserit
3480 4098 3493 4137 :

2108 4167 2299 4227 infelix,
2330 4167 2855 4232 utcunquerferenLea
2882 4170 3025 4232 facta
3050 4174 3278 4232 nepotes.

2542 4231 2704 4292 (νίκα.
2742 4229 2941 4279 Eadd.
2980 4230 3062 4279 lib.
3092 4229 3182 4293 vi).

1890 4323 2001 4379 Sed
2023 4325 2242 4393 esto,sit
2273 4326 2475 4381 melius
2496 4342 2600 4398 pro
2618 4327 3011 4384 misericordia
3032 4345 3207 4399 quam
3230 4343 3335 4399 pro
3363 4344 3491 4383 cru-

1890 4414 2123 4470 delitate
2137 4414 2319 4487 argui.
2349 4416 2420 4470 Ut
2444 4416 2581 4487 quid
2606 4420 2798 4471 autem
2834 4417 3047 4471 frustra
3086 4416 3365 4489 improbis
3390 4416 3496 4471 mi-

171 4502 307 4574 gina
324 4501 611 4557 nudatum
644 4496 875 4556 fluviolo
894 4499 1276 4572 superposuit,
1300 4503 1357 4554 et
1374 4499 1451 4554 sic
1471 4499 1688 4555 animal
1716 4500 1784 4555 il-
1811 4489 1865 4549 D
1885 4501 2195 4557 sericordia
2224 4503 2599 4575 impenditur,
2634 4503 2773 4558 dum
2797 4504 3020 4559 indulta
3048 4504 3217 4558 venia
3246 4503 3494 4559 insolen-

170 4590 264 4645 lud
277 4590 353 4645 ad
385 4591 631 4644 alteram
656 4589 1031 4644 transmeavit
1068 4592 1314 4660 partem.
1339 4589 1524 4660 Atque
1553 4588 1657 4643 sub
1688 4605 1780 4644 ra-

171 4678 291 4733 dice
308 4678 612 4750 cujusdam
626 4678 843 4733 montis
857 4678 1203 4749 ingressum,
1228 4680 1356 4749 post
1368 4676 1588 4748 aliquot
1609 4676 1782 4731 rediit

169 4766 446 4822 horarum
467 4766 1031 4840 spatinm,eteodem
1055 4770 1230 4838 ponte
1258 4782 1424 4820 usum
1461 4765 1520 4819 in
1544 4781 1607 4820 os
1634 4764 1781 4819 Gun-

170 4855 358 4910 tranni
395 4860 483 4911 est
521 4856 866 4927 ingressum.
913 4854 1237 4910 Exsurrexit
1266 4871 1385 4921 rex,
1417 4857 1476 4908 et
1504 4852 1773 4908 familiari

168 4943 1075 5011 narranssomnium,mirabilem
1099 4961 1159 4999 se
1181 4943 1320 4998 dixit
1340 4942 1545 4997 vidisse
1566 4942 1772 5009 visum,

167 5032 433 5105 inquiens
459 5050 472 5088 :
508 5052 539 5086 α
571 5032 850 5105 Conspexi
886 5032 1121 5096 ﬂuvium
1145 5030 1571 5104 permaximum
1596 5034 1774 5102 ponte

165 5121 350 5177 ferreo
383 5124 764 5177 constratum.
794 5122 904 5176 Per
933 5138 1107 5193 quem
1136 5124 1515 5186 transvectus,
1550 5121 1776 5192 spelun-

164 5226 285 5266 cam
311 5211 372 5265 in
405 5210 707 5282 cujusdam
756 5210 970 5265 montis
1015 5209 1207 5264 radice
1239 5208 1614 5263 constitutam
1646 5226 1773 5263 sum

164 5300 496 5372 ingresssus.
531 5298 678 5353 Inibi
695 5298 1123 5353 inaestimabiles
1150 5299 1452 5353 thesauros
1478 5296 1776 5352 abscondi-

161 5393 395 5461 tamque
439 5390 705 5443 veterum
750 5386 940 5459 reperi
987 5403 1189 5459 gazam
1225 5390 1478 5459 patrum.
1514 5404 1544 5438 ο
1580 5385 1775 5439 Refert

165 5480 300 5533 alter
329 5475 473 5549 quid
504 5475 578 5531 de
621 5491 691 5530 eo
722 5479 779 5530 et
818 5476 938 5548 ipse
983 5474 1220 5530 intuitus
1277 5475 1369 5543 sit,
1404 5489 1773 5544 consonaque

162 5566 257 5622 sibi
288 5566 692 5637 apparuerunt
727 5563 938 5619 somnii
968 5563 1144 5618 verba
1173 5580 1238 5618 ac
1269 5563 1406 5618 visio
1438 5560 1768 5616 manifesta.

161 5654 296 5720 Quid
306 5653 518 5727 plura?
538 5651 773 5707 effossus
793 5657 879 5707 est
915 5654 1095 5720 locus,
1129 5668 1488 5723 enormeque
1543 5648 1667 5704 auri
1701 5666 1767 5704 ac

159 5743 379 5819 argenti
400 5743 707 5800 inventum
728 5741 975 5816 pondus.
988 5741 1071 5797 De
1090 5756 1205 5815 quo
1226 5739 1597 5797 Guntrannus
1608 5737 1767 5797 cibo-

1882 4588 2057 4645 tiores
2086 4590 2158 4646 ad
2189 4591 2508 4646 exercenda
2537 4591 2746 4663 passim
2779 4592 2914 4647 vitia
2947 4592 3271 4648 efficiantur
3291 4592 3319 4647 ?
3364 4592 3488 4648 Non

1883 4677 2023 4732 mihi
2037 4694 2174 4749 ergo
2190 4679 2616 4751 contingat,pro
2626 4682 2750 4752 pter
2762 4680 3151 4736 transitoriam
3167 4696 3370 4736 eorum
3383 4696 3489 4752 gra

1880 4766 2283 4833 tiam,teternze
2308 4767 2698 4823 damnationis
2713 4768 2902 4823 subire
2918 4770 3328 4823 sententiam.»
3352 4770 3488 4824 Post

1878 4854 2001 4909 haec
2026 4855 2220 4923 verba,
2251 4871 2389 4926 rege
2409 4855 2739 4926 cunctisque
2763 4855 3137 4925 optimatibus
3158 4856 3216 4909 in
3237 4856 3359 4925 ejus
3389 4873 3487 4911 ar-

1876 4943 2031 4998 bitrii
2052 4943 2422 5016 dispositione
2442 4944 2788 4999 electionem
2811 4945 2985 4996 tantm
2997 4942 3368 4997 successionis
3384 4959 3487 5014 po-

1876 5033 2165 5101 nentibus,
2193 5033 2311 5104 ipse
2342 5051 2409 5093 eo
2439 5034 2675 5106 quidem
2703 5030 2794 5086 die
2826 5030 3001 5085 siluit.
3034 5030 3292 5085 Diluculo
3344 5047 3481 5087 vero

1874 5121 2273 5193 subsequentis
2293 5121 2405 5175 diei
2428 5122 2743 5176 matutinus
2760 5135 3131 5191 consurgens,
3147 5118 3221 5173 ad
3238 5118 3481 5174 domum

1875 5210 2123 5282 Gogonis
2151 5225 2283 5264 cum
2310 5209 2651 5280 quibusdam
2678 5209 2875 5282 palatii
2900 5205 3245 5281 primatibus
3268 5221 3485 5278 prope-

1875 5303 1984 5353 rat.
1996 5300 2062 5353 Et
2078 5297 2381 5353 brachium
2396 5297 2445 5367 ej
2456 5314 2517 5351 us
2537 5300 2683 5355 collo
2705 5314 3103 5371 superponens
3117 5294 3480 5366 suo,signum

1874 5388 2083 5442 futura:
2114 5384 2522 5442 dominationis
2542 5387 2701 5441 dedit
2731 5390 2898 5460 eique
2930 5387 3069 5443 dixit
3099 5405 3111 5441 :
3143 5407 3173 5439 α
3201 5384 3482 5441 Dominus

1876 5478 2071 5530 noster
2094 5491 2193 5529 rex
2213 5473 2548 5545 Sigebertus
2572 5478 2862 5547 castusque
2903 5475 3231 5548 reipublicae
3271 5476 3483 5529 nostrae

1873 5563 2147 5618 comitem
2179 5578 2273 5616 me
2305 5561 2732 5617 destinaverant
2759 5564 2882 5617 fore
2900 5565 3107 5619 domus
3139 5563 3335 5637 regiae.
3368 5563 3485 5617 Hoc

1873 5667 1980 5722 ego
2015 5666 2168 5705 nunc
2192 5649 2296 5705 tibi
2327 5650 2467 5704 cedo
2495 5666 2756 5704 munere.
2789 5650 2956 5705 Utere
2982 5651 3113 5705 felix
3140 5669 3271 5707 meo
3313 5649 3486 5724 privi-

1870 5739 2042 5812 legio,
2060 5755 2174 5815 quo
2188 5754 2283 5795 me
2297 5741 2503 5812 sponte
2519 5754 2713 5795 carere
2734 5737 3032 5812 profiteor.
3050 5757 3081 5792 s
3100 5739 3275 5813 Hujus
3293 5753 3488 5793 exorn-
