3862 6210
387 443 490 502 695
1451 445 1720 508 AIMOINI
1756 442 2070 503 MONACHI
2105 443 2600 503 FLORIACENSIS
3583 449 3672 509 696

389 564 552 636 plum
583 559 775 619 caeteri
804 560 902 636 qui
923 560 1167 618 aderant
1180 578 1449 636 proceres
1469 567 1667 635 secuti,
1697 567 1914 638 Gogonc

2151 584 2247 639 lud
2271 583 2527 656 positum
2553 585 2745 656 oleum
2762 583 3220 656 accendebatur,
3243 581 3303 640 in
3320 585 3530 656 terram
3545 586 3673 644 deci-

392 653 677 725 majorem
700 651 910 707 domus
928 653 1409 722 acclamaverunt,
1433 656 1782 711 Strenuusin
1801 671 2005 726 geren-
2107 651 2301 722 dente',
2335 654 2548 710 duritia
2577 653 2805 727 aufugit
2833 654 3172 728 pavimenti,
3204 658 3262 710 et
3291 653 3369 710 sic
3395 655 3451 710 in
3486 657 3676 714 terram

393 743 466 798 do
487 741 813 814 principatu
831 742 988 813 Gogo
1020 758 1088 797 eo
1106 759 1283 815 usque
1305 747 1391 799 est
1405 745 1634 800 habitus
1649 744 1832 800 donec
1863 745 2001 798 Bru-
2103 759 2168 798 ac
2187 743 2232 798 si
2261 743 2320 797 in
2337 743 2600 798 modium
2619 743 2824 798 farinae
2839 747 2925 798 est
2949 743 3244 815 integrum
3276 744 3540 800 deﬁxum.
3571 747 3677 802 Non

392 829 709 885 nichildem
742 829 812 884 de
843 831 1112 902 Hispania
1138 832 1411 887 arcessire
1445 837 1529 887 est
1546 833 1754 904 jussus.
1772 833 1868 887 Ille
1883 832 2004 886 dies
2100 833 2356 887 tulerunt
2373 833 2578 887 fratres
2599 834 2763 888 tanto
2777 833 2991 887 scelere
3009 833 3364 887 maculatum
3381 839 3680 888 consortem

394 919 601 974 mortis
631 919 855 991 Gogoni
895 919 1022 981 fuit,
1052 920 1139 974 cui
1169 921 1501 993 expedierat
1527 921 1723 976 exsilio
1752 923 2001 976 mutasse
2101 936 2221 975 esse
2235 937 2399 975 suum
2425 921 2552 988 ;sed
2575 920 2871 992 conjuncti
2892 920 3063 974 simul
3090 937 3275 992 regno
3295 921 3504 993 pellere
3519 921 3679 976 moliti

396 1008 580 1075 sedes,
603 1010 916 1080 antequam
948 1008 1097 1063 hanc
1117 1009 1280 1064 omni
1313 1010 1503 1064 bellua
1533 1009 1919 1065 crudeliorem
1941 1009 2001 1064 iu
2101 1011 2251 1062 sunt.
2277 1007 2441 1072 Quod
2459 1009 2784 1076 consilium,
2801 1025 2918 1064 non
2941 1012 3063 1063 tam
3087 1011 3212 1063 astu
3227 1007 3681 1081 Chilpericiquam

395 1095 707 1152 cervicibus
733 1097 1046 1152 locandam
1076 1097 1492 1152 aveheretsuis.
1512 1099 1771 1172 Namque
1797 1097 1999 1153 Bruni-
2101 1097 2224 1170 ipsa
2254 1097 2481 1154 levitate
2525 1115 2639 1171 qua
2680 1101 2932 1170 emptum
2963 1097 3174 1164 fuerat,
3224 1096 3548 1170 dissipatum
3593 1101 3680 1153 est.

398 1185 622 1252 childis,
654 1187 718 1240 ut
748 1185 1114 1256 praelibatum
1167 1189 1273 1253 est,
1306 1185 1467 1258 regio
1495 1187 1678 1259 potita
1706 1187 1999 1258 conjugio.
2741 1186 2965 1241 CAPUT
2987 1186 3074 1240 Vl.

395 1273 657 1330 animum
681 1272 834 1345 regis
858 1273 931 1328 ab
947 1289 1016 1328 eo
1040 1273 1320 1340 alienans,
1349 1273 1423 1328 ad
1445 1278 1804 1346 postremum
1825 1275 2000 1346 jugu-
2385 1274 2467 1330 De
2503 1273 2793 1346 Chilperici
2815 1276 2940 1345 ﬁliis
2970 1282 3020 1330 et
3048 1293 3234 1330 eorum
3251 1277 3430 1347 gestis.

395 1363 516 1418 lare
546 1361 755 1434 coegit.
787 1363 835 1416 Α
867 1377 981 1434 qua
1009 1364 1237 1416 tantum
1266 1362 1508 1418 humaui
1539 1363 1836 1436 sanguinis
1864 1363 2003 1419 eﬁ'u-
2174 1363 2351 1418 Erant
2404 1363 2725 1436 Chilperico
2755 1366 2872 1418 tres
2897 1363 3022 1433 ﬁlii,
3051 1364 3500 1432 Theodebertus,
3525 1367 3681 1422 Mero-

398 1465 548 1518 sum,
553 1453 758 1532 .tantae
783 1449 969 1506 caades
997 1453 1138 1506 actas
1159 1453 1466 1524 potentum
1494 1469 1594 1506 seu
1611 1453 1788 1507 etiam
1799 1469 2004 1523 regum
2103 1451 2602 1518 veus,Clodoveus,
2622 1469 2687 1507 ex
2705 1453 3010 1509 Audovera
3035 1453 3241 1524 regina
3255 1453 3681 1526 suscepti.Quam

397 1537 458 1594 iu
486 1539 837 1594 Francorum
867 1555 1048 1612 regno
1075 1541 1229 1606 sunt,
1259 1542 1322 1593 ut
1353 1556 1470 1594 non
1503 1540 1800 1595 immerito
1834 1540 2004 1611 sibyl-
2105 1540 2496 1611 Fredegundis
2521 1541 2725 1596 eodem
2743 1541 2996 1612 perﬁdiae
3012 1546 3348 1597 commento
3368 1543 3684 1614 quaGalson-

399 1629 518 1683 lam
549 1629 684 1682 ante
714 1628 898 1682 multa
937 1627 1144 1683 saecula
1169 1628 1240 1682 de
1267 1643 1337 1682 ea
1367 1627 1702 1683 vaticinasse
1718 1628 1791 1682 sit
1819 1627 2004 1683 credi-
2106 1631 2228 1683 tam
2254 1629 2361 1683 hac
2383 1628 2454 1684 de
2475 1645 2644 1684 causa
2681 1629 2936 1701 pepulit:
2979 1629 3353 1701 Chilpericus,
3383 1646 3510 1684 cum
3531 1630 3685 1685 fratre

398 1719 579 1772 tum»l
613 1715 834 1784 Veniet,
853 1715 954 1784 ait,
977 1718 1169 1772 Bruna
1189 1716 1530 1790 departibus
1546 1716 1850 1789 Hispaniae,
1870 1719 2006 1772 ante
2109 1714 2408 1788 Sigeberto
2429 1717 2852 1789 expeditionem
2885 1718 2943 1772 in
2967 1717 3220 1773 Saxones
3242 1734 3444 1789 agens,
3459 1718 3686 1774 Audove-

403 1805 566 1877 cujus
588 1809 959 1878 conspectum
980 1807 1203 1878 gentes,
1226 1805 1340 1860 sive
1358 1805 1621 1877 gentium
1637 1821 1826 1877 reges,
1853 1806 2006 1878 peri-
2035 1853 2084 1913 Β
2109 1821 2236 1860 ram
2265 1805 2531 1877 reginam
2558 1805 2716 1860 domi
2739 1805 3054 1879 reliquerat
3078 1807 3204 1862 alvo
3251 1806 3560 1878 gravidam.
3603 1805 3687 1862 Cui

404 1894 703 1967 bunthsa
722 1910 858 1950 vero
873 1893 1120 1950 calcibus
1140 1909 1426 1966 equorum
1440 1892 1700 1967 disrupta
1715 1895 1944 1968 peribit.
1981 1916 2008 1944 »
2041 1892 2084 1913 υ
2113 1893 2522 1965 Fredegundis,
2555 1895 2756 1965 utpote
2783 1894 2991 1949 ancilla
3020 1912 3086 1949 ex
3107 1895 3232 1966 ejus
3254 1897 3381 1950 orta
3404 1893 3688 1960 familia,ad

1041 1981 1275 2036 CAPUT
1318 1981 1382 2036 V.
1911 2035 1926 2048 ,
2112 1983 2317 2037 cuncta
2367 1981 2722 2037 deserviebat
2750 1982 2878 2037 vitae
2909 1983 3254 2038 necessaria.
3297 1984 3428 2038 Haec
3455 1983 3690 2038 hortatur

658 2069 742 2125 De
772 2068 1059 2138 Chilperici
1084 2069 1356 2124 mulierosi
1371 2072 1522 2126 novis
1543 2073 1764 2142 nuptiis.
2114 2069 2415 2125 dominam
2448 2073 2508 2125 ut
2538 2073 2734 2124 natam
2762 2071 3012 2142 puellam
3043 2071 3324 2142 perducat
3355 2071 3425 2127 ad
3453 2069 3691 2143 baptismi

483 2157 836 2232 Chilpericus
855 2174 1086 2231 quoque
1118 2160 1547 2226 rex,a2mulatus
1563 2158 1754 2231 etipse
1772 2159 2015 2214 fratrem
2115 2159 2518 2232 gratiam,quo
2548 2175 2649 2214 rex
2673 2159 2985 2214 adveniens
3017 2161 3344 2230 gratuletur
3383 2177 3496 2216 non
3530 2161 3690 2216 solum

401 2269 535 2311 cum
560 2248 811 2323 plurimo
827 2249 1038 2320 praeter
1053 2247 1281 2318 regium
1295 2263 1520 2302 morem
1539 2247 2018 2302 feminarumval-
2116 2251 2314 2302 natam
2345 2247 2452 2302 sibi
2473 2263 2595 2304 esse
2629 2247 2830 2312 ﬁliam,
2879 2248 2978 2303 sed
3006 2247 3181 2303 etiam
3215 2249 3276 2304 in
3304 2248 3519 2304 Christo
3547 2264 3690 2303 rena-

408 2343 628 2400 laretur
667 2353 870 2411 grege,
917 2353 1046 2408 qua:
1088 2335 1215 2408 regi
1243 2339 1483 2407 propter
1521 2335 1791 2396 decorem
1831 2335 2018 2407 magis
2117 2336 2436 2390 tam.Paret
2453 2335 2660 2390 mulier
2679 2335 2942 2390 suadenti
2958 2335 3344 2392 meretricula:
3364 2353 3430 2392 eo
3453 2335 3692 2390 attentius

409 2445 588 2506 quam
607 2429 846 2499 propter
857 2423 1222 2478 nobilitatem
1238 2422 1464 2493 generis
1481 2423 2015 2494 copulabantur,di-
2117 2439 2231 2495 quo
2263 2424 2603 2478 autumabat
2625 2440 2756 2479 eam
2783 2423 2888 2479 sibi
2911 2424 3068 2480 bona
3079 2426 3345 2480 consulta
3365 2425 3517 2481 dare.
3546 2424 3686 2488 Quae-

405 2518 546 2592 rigit
555 2515 652 2590 qui
673 2511 1054 2570 Brunichildis
1071 2527 1331 2566 sororem
1347 2515 1488 2566 natu
1507 2512 1790 2584 majorem
1805 2529 1839 2567 a
1854 2516 2018 2585 patre
2115 2511 2267 2566 renti
2281 2511 2489 2567 deinde
2502 2515 2830 2568 matronam
2855 2530 2981 2586 quin
3004 2514 3260 2586 puellam
3278 2515 3576 2586 susciperet
3589 2515 3693 2584 post

406 2603 800 2664 Athanahildo
813 2603 1035 2674 petant,
1053 2616 1120 2655 ac
1138 2599 1259 2656 vice
1280 2617 1383 2655 sua
1397 2601 1724 2672 spondeant
1739 2602 1869 2668 se,si
1893 2601 2019 2673 ejus
2117 2600 2262 2656 sacri
2289 2601 2648 2672 baptismatis
2669 2601 2908 2668 undam,
2935 2602 3238 2674 respondit
3261 2620 3376 2658 non
3396 2601 3692 2675 posseinve-

412 2691 711 2768 potiundae
727 2691 968 2745 facultas
989 2689 1179 2755 detur,
1197 2692 1434 2744 caeteras
1447 2689 1852 2745 abdiCaturum
1878 2707 2016 2745 con-
2117 2689 2229 2744 niri
2250 2689 2596 2745 nobiliorem
2619 2687 2867 2762 ea,'quae
2895 2690 3063 2762 hujus
3082 2694 3489 2764 exsequeretur
3519 2705 3692 2745 mune-

405 2784 577 2856 juges
607 2779 866 2845 Quorum
888 2776 1074 2832 verbis
1091 2776 1511 2832 Athanahildus
1533 2779 1798 2832 credulus
1814 2777 2014 2848 filiam,
2118 2777 2198 2832 ris
2223 2778 2517 2850 obsequia.
2555 2777 2648 2832 His
2677 2795 2904 2850 quoque
2926 2779 3024 2832 illa
3053 2779 3294 2835 credula
3321 2779 3522 2846 verbis,
3541 2777 3693 2833 effici-

407 2872 736 2928 Galsontam
751 2865 1010 2932 nomine,
1031 2865 1105 2919 ad
1122 2863 1507 2936 Chilpericum
1527 2864 2019 2937 destinat,magna
2119 2870 2214 2922 tur
2237 2866 2369 2921 filiae
2397 2870 2583 2920 mater
2599 2866 2887 2937 spiritalis.
2907 2867 3288 2938 Regredienti
3313 2871 3438 2941 post
3451 2867 3566 2922 haec
3587 2864 3689 2936 regi

410 2959 658 3016 ditatam
675 2955 829 3010 dote.
847 2953 984 3018 Quae
1009 2953 1290 3008 catholico
1304 2953 1768 3023 baptismate.....
1797 2955 1874 3025 (4)
1892 2971 2015 3009 ma-
2120 2955 2163 3010 it
2181 2955 2413 3011 obviam
2426 2955 2819 3026 Fredegundis
2853 2971 3104 3026 eumque
3121 2955 3210 3009 bis
3239 2955 3560 3028 interpellat
3587 2970 3690 3008 ver-

410 3047 498 3122 gis
518 3047 874 3111 consecrata,
902 3043 1024 3115 regi
1042 3045 1170 3097 toro
1198 3041 1444 3114 nuptiali
1472 3044 1557 3096 est
1575 3043 2017 3114 conjuncta.Le-
2121 3043 2208 3099 bis
2231 3061 2244 3100 :
2272 3065 2300 3094 «
2331 3043 2512 3108 Quam
2537 3043 2843 3116 gloriosus,
2871 3043 2971 3109 ait,
2996 3045 3242 3115 apparet
3261 3044 3432 3100 hodie
3453 3060 3543 3099 rex
3567 3041 3692 3098 Chil-

411 3134 560 3209 gatis
589 3149 727 3188 sane
755 3131 1086 3187 Atanahildi
1115 3131 1267 3202 regis
1309 3131 1702 3204 quaerentibus
1746 3134 1808 3186 ut
1854 3132 2020 3188 tactis
2045 3162 2094 3222 α
2121 3131 2365 3205 pericus,
2416 3131 2646 3187 rediens
2692 3131 2872 3187 victor
2895 3131 3273 3204 triumphatis
3315 3131 3580 3200 hostibus,

412 3226 746 3285 sanctorum
777 3219 1118 3294 pignoribus
1147 3220 1289 3276 fides
1314 3219 1648 3276 ﬁrmaretur
1692 3221 1850 3294 quod
1879 3221 2016 3278 Gal-
2054 3217 2093 3222 ⁷
2122 3225 2260 3277 nata
2280 3219 3170 3288 estfilia,Childechinda,forma
3186 3219 3425 3293 egregia
3449 3217 3692 3290 corporis!

413 3315 582 3369 senta
603 3311 661 3367 in
687 3310 804 3367 vita
827 3327 928 3364 sua
956 3309 1099 3365 solio
1125 3308 1290 3381 regni
1317 3325 1434 3364 non
1456 3295 2022 3382 pelleretuﬁChilpe—
2123 3309 2236 3365 Sed
2249 3307 2416 3380 prohi
2433 3306 2626 3364 dolor!
2651 3309 2830 3363 scelus
2851 3308 2956 3363 hac
2971 3311 3185 3363 noctea
3206 3310 3268 3363 te
3290 3308 3695 3379 patrabitur,re-

416 3400 566 3456 ricus
595 3417 715 3456 non
749 3397 970 3454 abnuit.
1007 3395 1266 3453 Praabitis
1308 3397 1689 3452 sacramentis
1739 3401 2021 3471 pactaque
2124 3397 2464 3471 fugiendum
2491 3395 2747 3468 quidem,
2768 3395 2812 3450 si
2842 3396 3004 3450 vitari
3032 3400 3340 3469 posset,ne
3357 3395 3699 3452 dominamea

415 3505 577 3561 pace,
611 3505 709 3544 eos
729 3487 802 3544 ad
827 3485 1064 3559 propria
1082 3485 1221 3541 sinit
1234 3485 1412 3542 abire.
1441 3485 1576 3554 Sed,
1597 3489 1660 3541 ut
1676 3489 1802 3541 erat
1822 3485 2021 3542 animo
2127 3487 2427 3542 Audovera
2449 3489 2641 3540 tecum
2675 3489 2895 3542 secreta
2916 3485 3133 3540 subiret
3157 3485 3404 3541 cubiculi
3429 3483 3650 3540 silentia.
3675 3502 3696 3530 »ι

416 3573 573 3644 levis,
595 3576 734 3649 jura
769 3572 1174 3648 prmvaricatus
1203 3577 1289 3630 est
1308 3573 1614 3648 pactionis.
1643 3575 1791 3629 Nam
1813 3574 2023 3630 Frede-
2129 3575 2304 3647 Hujus
2330 3574 2586 3630 novitate
2607 3573 2902 3654 sermonis
2930 3591 3030 3629 rex
3061 3575 3436 3645 stupefactus,
3493 3585 3692 3628 causam

418 3665 780 3739 gundis,conj
793 3683 864 3720 ux
880 3664 1173 3738 quondam
1192 3667 1396 3719 vocata
1421 3662 1733 3736 Chilperici
1749 3661 1921 3735 regis,
1937 3663 2023 3719 of-
2129 3663 2403 3738 quaesivit.
2437 3663 2579 3718 Cum
2609 3663 2892 3731 sileretur,
2926 3662 3120 3718 elicuit
3149 3663 3345 3719 studio
3359 3659 3632 3737 quaerendi
3651 3661 3698 3711 et

417 3755 579 3811 fensa
601 3771 763 3810 novae
795 3756 993 3826 nuptm
1019 3751 1342 3826 aspectibus
1368 3751 1586 3820 invisis,
1629 3751 1823 3822 exigui
1845 3767 2027 3824 prope
2127 3755 2292 3808 motu
2311 3751 2744 3824 indignationis.
2769 3752 3148 3824 Etcomperto
3171 3749 3564 3823 indicio,quod
3591 3747 3694 3818 ejus

417 3843 696 3918 temporis
716 3843 1018 3898 intervallo
1045 3844 1273 3897 tantum
1307 3839 1581 3895 adulandi
1599 3842 1719 3894 arte
1734 3840 2030 3910 praevaluit
2129 3843 2452 3896 commater
2472 3839 2835 3911 foretregina
2861 3855 2926 3894 ex
2948 3840 3108 3912 prole
3125 3837 3702 3911 suscepta,Fredegun-

417 3936 482 3988 ut
509 3950 568 3987 se
596 3932 866 4005 conjugio
885 3931 1038 4003 regis
1053 3928 1501 3985 redderet.lnde
1526 3928 1599 3983 ad
1616 3928 1883 3984 audenda
1905 3947 2028 3985 ma-
2131 3929 2188 3986 di
2219 3929 2278 3985 in
2305 3932 2424 3985 haec
2455 3927 2755 4001 respondit
2800 3929 3010 3984 verba:
3068 3950 3097 3978 «
3147 3927 3206 3983 Si
3238 3927 3546 3984 Audovera:
3576 3936 3700 3978 nunc

409 4021 546 4093 jora
558 4020 848 4094 protervia
860 4015 1554 4086 muliebrielata,domina
1573 4033 1632 4072 se
1651 4017 1918 4074 omnibus
1931 4019 2029 4092 qui
2129 4018 2368 4074 fraudor
2397 4017 2770 4090 amplexibus,
2803 4021 2859 4073 te
2889 4016 3104 4072 sociam
3130 4017 3406 4072 asciscam
3449 4011 3554 4070 mei
3581 4015 3699 4066 stra-

419 4111 479 4166 in
507 4111 639 4166 aula
661 4105 1002 4178 erantregia
1023 4105 1390 4177 praeferebat,
1409 4105 1889 4179 contumeliisque
1903 4108 2028 4162 affi-
2130 4109 2239 4161 tus.
2256 4106 2358 4160 »Εἰ
2373 4105 2708 4177 properanti
2724 4105 2797 4160 ad
2809 4106 3002 4160 aulam
3029 4103 3510 4176 occurritregina,
3539 4101 3700 4156 ferens

420 4195 930 4254 cereGalsontamA
942 4193 1260 4248 thanabildi
1275 4193 1426 4266 regis
1439 4193 1623 4250 filiam
1640 4211 1757 4250 non
1772 4197 2030 4252 cessabat
2131 4196 2189 4250 in
2212 4194 2358 4250 ulnis
2382 4195 2702 4266 parvulam,
2727 4210 2902 4267 quam
2923 4193 3010 4248 bis
3031 4197 3117 4260 (ut
3143 4192 3224 4248 ita
3245 4193 3452 4259 dicam)
3492 4203 3698 4264 genera-

419 4288 521 4342 llla
543 4284 752 4340 marito
777 4280 1084 4353 deinjuriis
1105 4285 1326 4354 questa,
1359 4282 1430 4338 ab
1451 4298 1520 4338 eo
1534 4282 1631 4356 qui
1647 4299 1880 4339 omnem
1899 4284 2026 4354 jam
2131 4287 2310 4350 verat,
2331 4283 2534 4338 filiam.
2560 4283 2648 4336 Ad
2672 4299 2847 4355 quam
2871 4297 2971 4336 rex
2999 4298 3012 4336 :
3045 4305 3073 4332 ‹‹
3099 4281 3444 4347 Nefandam,
3461 4277 3647 4351 inquit,
3670 4291 3696 4328 ο

421 4375 572 4432 circa
583 4372 853 4428 eamdem
872 4366 1248 4426 imminuerat
1267 4371 1754 4442 aﬂ‘ectum,verbis
1769 4374 2030 4430 blandio-
2059 4422 2109 4444 ἢ
2131 4372 2356 4444 regina,
2386 4387 2510 4426 rem
2531 4370 2892 4442 perpetrasti,
2931 4373 2987 4424 et
3029 4369 3203 4442 regius
3231 4367 3694 4426 inconvenientem

419 4422 1585 4535 Et};agitagit;:‘3.;.;;...";.;;1;;;.;
1602 4422 2033 4535 magna-
2059 4422 2111 4484 Ῑ)
2133 4422 2622 4532 ἰιίξέεἶξιίίζῇἕεῖ
2639 4422 2956 4531 gnara.
2970 4422 3199 4514 ἐπεζύέέέ
3233 4422 3566 4530 ἐξιζέιᾉέεηι,
3593 4464 3699 4507 cum

419 4561 532 4624 tus,
552 4551 867 4626 instigante
889 4551 1289 4623 Fredegunde,
1313 4568 1444 4608 eam
1461 4551 1522 4607 in
1543 4554 1726 4608 stratu
1739 4552 2034 4625 quiescen-
2135 4548 2474 4606 commatris
2503 4548 2714 4619 adepta
2733 4546 2806 4600 sis
2830 4563 3068 4601 nomen.
3103 4549 3343 4602 »Postea
3363 4545 3611 4619 episcopo
3622 4535 3698 4610 qui

419 4649 541 4702 tem
561 4640 958 4699 crudelissime
980 4640 1376 4712 strangulavit.
1401 4642 1666 4696 Immane
1677 4640 1898 4698 facinus
1909 4643 2034 4698 nul-
2133 4639 2387 4711 puellam
2401 4634 2852 4709 baptizaveratin
2869 4634 3127 4689 exsilium
3145 4638 3294 4700 acto,
3324 4633 3576 4705 reginam
3593 4640 3700 4721 curn

417 4733 574 4808 lique
602 4733 776 4787 antea
803 4729 1102 4802 cognitum
1136 4731 1416 4800 tyranno,
1445 4744 1511 4782 ac
1533 4729 1752 4784 Franco
1781 4728 2030 4798 homini,
2135 4727 2255 4784 filia
2291 4741 2452 4781 sacro
2475 4725 2780 4796 adopertas
2811 4722 3096 4778 velamine
3118 4721 3464 4778 monasterio
3488 4713 3700 4808 retrusit.

417 4803 2032 4893 maximeregi!Penitusincongruumconjugeminno-
2136 4815 2355 4888 praedia
2412 4830 2476 4868 ac
2534 4813 2835 4868 facultates
2867 4811 2947 4866 eis
2989 4811 3271 4866 tribuens.
3307 4803 3701 4893 Fredegundem

417 4929 609 4980 cuam,
638 4913 698 4966 et
727 4891 902 4982 quam
917 4908 990 4964 ab
1017 4906 1277 4962 hostibus
1307 4909 1536 4978 raptam
1557 4904 1835 4961 vindicari
1855 4904 2034 4975 ferro,
2136 4921 2272 4960 vero
2303 4903 2412 4959 sibi
2430 4901 2732 4976 cepulavit.
2763 4900 2970 4955 Incidit
2991 4903 3420 4972 eatempestate
3437 4891 3702 4985 necessitas

417 5005 518 5061 aut
539 5001 796 5057 mortem
817 5013 922 5071 pro
944 5013 1014 5052 ea
1033 4999 1310 5068 appetere
1327 4993 1760 5058 decuerit,hanc
1773 5009 2036 5048 securam
2139 4992 2404 5066 Sigberto
2431 4990 2576 5063 regi,
2629 4989 2794 5044 fratri
2845 4989 3144 5060 Chilperiei
3193 4993 3366 5062 atque
3402 4987 3701 5071 Guntrannl.

417 5077 475 5151 in
491 5085 791 5146 communi
807 5069 932 5142 toro
945 5076 1562 5151 cubantem,suﬁ‘ocare
1577 5099 1694 5138 non
1709 5081 2029 5138 erubuisset
2137 5081 2449 5138 exercitum
2478 5077 2752 5134 ductandi
2772 5078 3044 5134 adversus
3077 5078 3370 5134 Cacanum
3422 5069 3703 5148 principem

415 5181 691 5249 Demens,
720 5174 816 5248 qui
845 5173 996 5230 illius
1014 5171 1395 5228 meretriculas
1417 5170 1883 5245 persuasionibus
1902 5173 2030 5226 tan-
2132 5172 2467 5228 Chunorum
2492 5186 2506 5238 ;
2537 5167 2633 5240 qui
2666 5167 2917 5222 confinia
2939 5165 3103 5239 regni
3129 5168 3253 5238 ejus
3270 5162 3700 5249 depopulaturusv

415 5271 540 5326 tum
563 5246 840 5323 connubii
861 5261 1086 5318 violarit
1103 5258 1744 5332 decus,cujusfraudein
1759 5257 2024 5332 proximo
2128 5257 2500 5315 adventabat.
2522 5258 2584 5310 In
2614 5257 2724 5311 hoc
2754 5271 3062 5326 congressu
3091 5251 3508 5324 superiorbello
3531 5246 3700 5302 factus.

416 5359 541 5412 erat
562 5355 684 5429 ipse
703 5350 1098 5426 perimendus.
1124 5351 1260 5406 Post
1303 5347 1606 5404 transitum
1628 5363 1766 5404 sane
1787 5347 2022 5404 Galsou-
2125 5349 2396 5420 ingentes
2411 5345 2744 5400 Chunorum
2768 5347 2987 5414 strages
3009 5341 3185 5398 dedit.
3203 5341 3342 5429 Cum
3359 5335 3578 5429 reliquis
3593 5341 3701 5384 vero

419 5447 513 5512 tua,
551 5425 833 5516 magnum
853 5440 1030 5496 virtus
1048 5439 1242 5496 divina
1257 5437 1330 5493 ad
1352 5437 1475 5510 ejus
1493 5437 1819 5510 sepulcrum
1837 5440 1920 5492 est
1942 5436 2025 5492 di-
2124 5431 2617 5508 paccmﬁrmavit.
2649 5431 2822 5503 Cujus
2845 5429 3168 5485 absentiam
3187 5425 3528 5512 Cbilpericus
3543 5430 3702 5516 .aucu-

417 5509 598 5605 gnata
626 5509 930 5587 ostendere
949 5529 1313 5586 miraculum.
1337 5509 1482 5584 Nam
1497 5509 1731 5596 vitro,in
1746 5543 1858 5600 quo
1879 5529 2014 5582 ante
2121 5527 2307 5597 putus,
2341 5525 2403 5578 ut
2421 5539 2480 5577 se
2502 5521 2550 5594 ej
2561 5519 2892 5594 us’habebat
2915 5509 3249 5591 inquietudo
3271 5509 3698 5579 morum,dome-
3765 5526 3786 5543 σ

511 5715 586 5788 (4)
616 5717 838 5777 Nomen
867 5716 1168 5792 proprium
1195 5716 1327 5786 loci,
1359 5717 1515 5790 quod
1543 5717 1705 5774 deest
1730 5716 1792 5774 in
1819 5716 1988 5774 codd.
2033 5731 2142 5771 ms.
