3862 6210
163 493 260 551 70f

1240 496 1564 554 HISTORIA
1593 496 2038 555 FRANCORUM.
2063 527 2137 541 —
2164 496 2297 556 LIB.
2326 501 2417 557 Ill.

3382 508 3492 564 702

167 616 433 689 oportere
455 631 591 670 eum
624 618 727 672 aut
757 633 823 673 ex
846 615 1080 690 proprio
1117 616 1404 689 stipendia
1422 617 1529 673 illis
1557 616 1775 689 largiri,
1800 622 1853 681 Α
1879 618 2302 692 ruunt,levique
2332 619 2566 692 negotio
2601 620 2973 680 membratim
3009 623 3191 679 sectos
3220 623 3362 679 duos
3384 624 3484 680 de.

167 708 263 758 aut
289 702 586 774 publicum
640 704 1042 761 demonstrare
1098 706 1257 776 cujus
1297 707 1467 761 rebus
1523 706 1778 761 ditentur
1879 707 2000 762 lent
2040 707 2211 763 viros.
2250 708 2599 780 Chilpericus
2642 711 2782 766 dum
2815 712 3011 783 egredi
3062 712 3404 768 formidaret
3429 716 3489 769 et

164 792 581 860 adversarium;
603 810 663 847 se
695 794 952 859 interim,
978 794 1113 847 dum
1132 811 1300 864 reges
1320 794 1468 848 inter
1485 811 1542 848 se
1576 809 1774 865 pacem

163 881 464 935 venditant
522 884 622 934 aut
654 881 1003 947 inimicitias,
1038 882 1196 953 quasi
1232 882 1637 948 mercenarios,
1671 882 1774 935 ha-

163 968 643 1040 beriqueruntur,
665 970 735 1024 ad
755 969 1006 1042 pericula
1018 970 1255 1040 primos.
1280 969 1352 1024 ad
1384 970 1669 1024 honorem
1687 970 1774 1024 vel

162 1056 405 1128 praemia
430 1057 687 1112 ultimos.
709 1057 821 1112 Nec
841 1060 1042 1112 contra
1059 1057 1463 1112 Guutranuum
1490 1074 1548 1111 se
1566 1074 1771 1128 quere-

162 1145 274 1199 lam
287 1145 378 1215 cuj
390 1145 601 1199 uslibet
612 1145 947 1200 offensionis
964 1146 1322 1216 praetendere
1336 1147 1478 1199 velle
1492 1145 1770 1213 fatentur,

160 1248 289 1286 cum
304 1233 764 1304 quoSigebertus
775 1234 944 1305 justas
968 1234 1214 1288 ﬁrmarit
1235 1234 1453 1288 fuadera
1469 1233 1769 1306 pactionis,

168 1320 260 1375 sed
285 1321 348 1376 in
383 1321 775 1393 Chilpericum
802 1322 1007 1377 veteris
1027 1322 1342 1376 inimicitiae
1369 1321 1772 1377 recordatione

170 1412 509 1465 cunctorum
550 1412 684 1465 odia
713 1411 1103 1466 exardescere.
1139 1412 1302 1465 Illum
1334 1428 1454 1466 esse
1477 1428 1543 1465 ex
1580 1412 1775 1466 multis

170 1499 540 1569 unum,cujus
560 1499 936 1571 vitaingrata,
956 1517 1111 1554 mors
1130 1500 1279 1555 foret
1299 1500 1570 1554 omnibus
1586 1504 1771 1570 grata.

170 1587 254 1642 llis
278 1588 464 1659 igitur
484 1605 719 1643 suorum
762 1589 1227 1659 persuasionibus
1256 1593 1483 1643 coactus
1510 1588 1774 1659 Sigeber-

166 1680 272 1743 tus,
304 1676 557 1732 fratrem
579 1677 845 1750 persequi
867 1676 1087 1741 statuit;
1113 1677 1230 1749 qui,
1253 1677 1332 1731 nil
1355 1678 1465 1731 tale
1490 1680 1772 1745 metuens,

169 1765 459 1836 majorem
490 1766 771 1820 exercitus
797 1768 1020 1836 partem
1062 1765 1136 1819 ad
1167 1764 1409 1820 hiberna
1455 1764 1769 1821 dimiserat.

164 1854 306 1925 Ipse,
343 1856 583 1923 accepto
632 1853 906 1908 fraternae
952 1852 1345 1908 insectationis
1384 1853 1606 1919 nuntio,
1640 1869 1769 1907 cum

1800 1899 1853 1960 B

1876 795 2013 867 quid
2043 796 2338 851 accidisset
2369 798 2683 869 ignoraret,
2720 801 3028 855 accedente
3056 801 3128 855 ad
3154 818 3214 856 se
3236 802 3484 872 conjuge

1877 883 2269 953 Fredegunde.
2287 884 2569 942 interiisse
2584 888 2824 942 fratrem
2847 889 3219 960 utcomperit,
3234 889 3303 943 ad
3322 906 3486 961 spem

1874 970 2001 1025 vitre
2030 974 2087 1025 et
2115 972 2309 1026 salutis
2338 974 2599 1028 animum
2633 976 2793 1047 quasi
2821 976 2892 1030 ab
2924 976 3120 1030 inferis
3151 977 3397 1032 reduxit.
3422 981 3486 1034 In

1874 1059 2188 1113 crastinum
2218 1076 2479 1130 egressus
2498 1064 2719 1129 urbem,
2751 1063 3126 1119 redeuntibus
3152 1064 3210 1118 in
3235 1066 3486 1135 gratiam

1873 1147 2230 1214 Neustrasiis,
2263 1149 2360 1219 qui
2391 1150 2463 1204 ad
2496 1150 2860 1221 Sigebertum
2893 1151 2966 1206 ab
2998 1167 3066 1206 eo
3099 1152 3485 1223 desciverant,

1874 1250 2080 1305 corpus
2102 1234 2292 1289 fratris
2322 1236 2379 1290 in
2419 1237 2565 1304 villa,
2601 1239 2691 1293 cui
2724 1239 3003 1293 Lambrus
3025 1256 3243 1295 nomen
3267 1245 3371 1309 est,
3403 1259 3488 1297 se-

1874 1322 2039 1393 peliri
2069 1323 2384 1378 mandavit.
2412 1325 2576 1389 Quod
2599 1327 2971 1397 postmodum
2993 1343 3026 1381 a
3056 1327 3317 1384 fidelibus
3333 1330 3490 1385 obla'

1873 1413 2020 1477 tum,
2056 1413 2112 1464 et
2142 1411 2200 1465 in
2229 1413 2468 1468 ecclesia
2487 1413 2680 1469 Sancti
2704 1415 2950 1470 Medardi
2985 1415 3300 1470 Suessionis
3318 1417 3483 1487 juxta

1876 1503 2102 1569 patrem
2134 1499 2448 1557 Clotarium
2489 1508 2573 1558 est
2602 1504 2929 1559 humatum.
2978 1505 3260 1577 Regnavit
3286 1510 3481 1563 autem

1878 1596 2046 1641 annis
2070 1602 2190 1641 XIII.
3436 1596 3443 1601 “

2481 1680 2705 1735 CAPUT
2743 1682 2877 1735 XIII.

2108 1771 2191 1827 De
2217 1771 2496 1840 fortunato
2525 1771 2756 1839 episcopo
2785 1775 2835 1823 et
2867 1769 2980 1840 ejus
3006 1771 3243 1825 scientia.

1950 1860 2080 1931 Ejus
2106 1862 2369 1929 tempore
2401 1857 2764 1919 Fortunatus,
2811 1856 2909 1928 qui
2950 1856 3009 1911 in
3040 1858 3327 1913 rhetorica
3356 1875 3480 1915 me-

165 1939 360 2011 paucis
376 1940 667 2012 equitibus
685 1941 1007 1995 Toruacum
1039 1942 1243 2003 urbem
1283 1941 1563 2011 confugit.
1585 1941 1768 2005 Quem
1800 1939 1853 1960 ¹“’
1874 1947 2129 2019 tricaque
2160 1948 2283 2001 arte
2313 1945 2566 1999 famosus
2611 1944 2953 2011 habebatur,
2992 1945 3064 1998 ab
3115 1946 3386 2017 Hesperia
3424 1947 3481 2001 in

166 2030 524 2100 subsequens
577 2029 908 2101 Sigebertus
964 2028 1310 2084 Parisiorum
1356 2029 1642 2101 ingressus
1687 2033 1771 2084 est

165 2117 390 2172 urbem.
422 2116 523 2172 Cui
554 2133 858 2172 occurrens
878 2120 1104 2172 sanctus
1131 2118 1448 2172 Germanus
1473 2117 1765 2190 pontifex:

165 2206 289 2273 «Si,
344 2205 559 2278 inquit,
586 2204 915 2260 fraternum
944 2209 1215 2260 cruentus
1264 2205 1423 2277 cupis
1471 2206 1768 2261 effundere

164 2294 509 2367 sanguinem
520 2336 534 2362 ,
544 2294 569 2365 j
581 2294 1027 2349 uxtaPsalmistaa
1044 2309 1402 2361 vocem,eam
1417 2310 1590 2366 quam
1604 2293 1769 2349 fratri

168 2382 579 2455 parasfoveam
602 2381 706 2436 tibi
728 2382 1036 2453 experieris
1046 2384 1331 2452 paratam,
1348 2381 1769 2453 fratricidaaque

168 2488 280 2526 non
313 2471 638 2543 privaberis
667 2471 966 2537 vocabulo,
1028 2486 1158 2525 cum
1196 2472 1456 2525 voluntas
1501 2470 1622 2542 ipsa
1652 2487 1768 2525 non

167 2563 361 2614 careat
382 2559 685 2631 supplicio.
711 2581 737 2607 »
772 2560 899 2613 Haec
921 2559 1014 2613 illc
1036 2558 1195 2631 quasi
1220 2558 1290 2612 ab
1308 2558 1573 2629 episcopo
1592 2557 1770 2630 parti-

168 2648 270 2703 bus
302 2648 504 2703 fratris
533 2647 764 2702 favente
784 2647 936 2701 dicta
961 2651 1319 2717 aspernatus,
1351 2645 1639 2717 cogitabat
1658 2663 1770 2701 coe-

168 2739 264 2807 pta
287 2736 672 2808 perficere.Et
694 2735 931 2791 veniens
958 2735 1017 2790 in
1047 2735 1263 2802 villam,
1297 2735 1385 2790 cui
1430 2736 1770 2791 vocabulum

167 2830 249 2880 est
278 2825 639 2881 Victoriacus
668 2826 787 2893 [al.,
816 2824 1102 2892 Victoria],
1135 2825 1375 2880 offendit
1420 2825 1499 2880 ibi
1522 2826 1770 2881 validam

172 2913 240 2968 de
262 2930 456 2987 regno
489 2913 795 2985 Chilperici
829 2930 1072 2967 manum
1099 2913 1557 2968 Neustrasiorum
1584 2914 1771 2985 specie

166 3019 220 3056 se
245 3004 303 3057 ei
330 3003 564 3058 tradere
590 3001 925 3057 volentium.
988 3001 1115 3069 Qui,
1157 3004 1274 3057 viso
1314 3019 1471 3073 rege,
1504 3002 1769 3057 certatim

167 3091 235 3145 ad
266 3108 408 3146 eum
441 3090 754 3157 venientes,
779 3090 980 3145 ditioni
1007 3108 1065 3144 se
1083 3090 1204 3160 ejus
1221 3091 1491 3145 subdunt.
1527 3091 1637 3145 Nec
1656 3091 1775 3163 qui-

166 3178 310 3234 libet
340 3179 553 3233 ducum
588 3181 687 3233 aut
715 3193 1021 3248 procerum
1053 3178 1217 3249 regni
1256 3180 1607 3233 Francorum
1639 3194 1771 3233 cum
1797 3202 1847 3264 ο

166 3267 490 3338 Chilperico
520 3266 752 3322 relictus
781 3269 885 3333 est,
913 3270 1146 3338 excepto
1177 3268 1464 3322 Ausoaldo
1488 3284 1501 3334 ;
1534 3267 1629 3338 qui
1656 3268 1773 3321 for-

166 3358 379 3410 tunam
410 3354 561 3427 regis
583 3355 761 3410 etiam
789 3355 847 3409 in
875 3354 1123 3410 adversis
1146 3354 1350 3409 maluit
1369 3371 1486 3410 non
1511 3354 1774 3410 deserere

166 3460 347 3515 quam
378 3442 734 3514 promissam
755 3442 1024 3497 violando
1051 3442 1228 3498 fidem
1258 3443 1519 3514 proditor
1543 3460 1664 3498 esse
1685 3443 1773 3498 vel

165 3530 300 3589 dici.
324 3530 523 3586 Tantis
551 3531 727 3603 igitur
748 3530 1082 3603 Sigebertus
1112 3531 1353 3586 vallatus
1374 3531 1642 3587 millitum
1678 3547 1770 3588 ca-

163 3619 360 3687 tervis,
393 3622 628 3674 cunctas
656 3619 828 3673 urbes
855 3618 1022 3690 regni
1069 3618 1371 3692 Chilperici
1404 3618 1648 3691 imperio
1669 3637 1770 3676 suo

167 3709 449 3780 adjunxit.
471 3707 613 3763 Inde
642 3723 982 3779 progressus
1016 3706 1072 3762 in
1090 3707 1317 3775 urbem,
1341 3708 1772 3764 cuiTornacum

167 3813 385 3853 nomen
415 3799 522 3864 est,
553 3796 797 3851 fratrem
829 3794 1130 3851 obsidione
1146 3795 1341 3850 cinxit.
1378 3796 1484 3860 Qui
1504 3814 1562 3852 se
1579 3796 1773 3869 urgeri

168 3884 531 3958 conspiciens
546 3883 808 3938 haerebat
836 3882 1056 3938 consilii
1082 3882 1332 3938 incertus
1381 3901 1495 3956 qua
1515 3885 1605 3940 via
1633 3901 1771 3940 con-

165 3973 364 4046 jugem
395 3990 461 4028 ac
492 3973 661 4039 filios,
695 3988 837 4043 quos
860 3988 1053 4026 secum
1085 3970 1301 4027 ibidem
1333 3972 1643 4028 adveniens
1673 3974 1773 4029 de-

172 4061 430 4129 duxerat,
475 4060 734 4132 periculo
785 4059 1084 4115 eximeret.
1143 4060 1254 4116 Sed
1296 4060 1524 4129 mulier,
1559 4062 1775 4118 artibus

169 4148 285 4205 viro
314 4151 493 4221 longe
542 4147 823 4214 callidior,
872 4149 1015 4204 duos
1063 4148 1341 4203 subornat
1365 4148 1536 4217 viros,
1569 4149 1775 4221 quibus

172 4238 823 4309 audaciacontemptum
852 4236 1055 4291 mortis
1084 4237 1394 4292 invexerat.
1434 4238 1546 4292 Hos
1575 4237 1771 4293 horta-

173 4326 261 4379 tur
291 4329 609 4397 monetque
639 4325 1009 4395 Sigebertum
1058 4325 1270 4380 adeant
1318 4341 1588 4397 eumque,
1620 4342 1679 4380 se
1711 4330 1774 4383 ut

174 4413 480 4469 Dominum
498 4414 743 4469 adorare
774 4412 1133 4480 simulantes,
1154 4413 1514 4471 interimant.
1541 4412 1704 4477 Quod
1725 4414 1770 4468 si
1793 4448 1846 4506 υ

175 4501 545 4577 efficiant,eva
554 4501 823 4557 dentibus
840 4501 1467 4574 praemia,interemptis
1485 4517 1616 4556 vero
1637 4518 1770 4557 con-

175 4589 402 4662 dignam
431 4589 813 4662 sepulturam,
838 4590 1350 4662 eleemosynasque
1386 4589 1458 4644 ad
1486 4590 1608 4644 loca
1635 4606 1768 4645 sau-

177 4680 390 4733 ctorum
413 4695 518 4750 pro
535 4677 830 4733 oblatione
851 4678 997 4732 tanti
1022 4677 1292 4732 facinoris
1311 4695 1369 4732 se
1393 4678 1767 4749 prwbituram

177 4767 429 4837 spondet.
456 4766 536 4820 llli
568 4766 712 4820 nihil
745 4765 955 4820 morati
984 4768 1272 4838 praecepto
1304 4765 1679 4834 satisfaciunt,
1706 4784 1770 4823 ac

180 4854 369 4909 urbem
400 4855 616 4926 egressi
662 4853 737 4908 ad
767 4856 952 4908 castra
980 4852 1436 4925 progrediuntur
1491 4854 1766 4911 hostium.

179 4941 313 4996 Nihil
341 4942 477 4997 viris
506 4941 804 5006 audacius,
834 4941 912 4994 nil
937 4940 1246 4996 terribilius
1268 4956 1337 4995 eo
1369 4941 1518 4996 bello
1548 4941 1605 4997 in
1634 4944 1767 5000 hos-

179 5032 286 5084 tem
306 5047 372 5084 ex
393 5030 534 5086 urbe
563 5028 862 5101 processit.
901 5028 959 5081 In
994 5028 1252 5084 medium
1286 5045 1538 5102 namque
1567 5030 1767 5086 adver-

182 5117 448 5172 sariorum
482 5120 827 5191 proruentcs
875 5132 991 5170 non
1026 5116 1478 5188 trepidaverunt,
1510 5134 1628 5173 non
1677 5136 1767 5175 re-

183 5208 578 5274 lractaverunt;
635 5204 736 5259 sed
781 5207 1060 5276 tanquam
1112 5205 1486 5260 familiarium
1532 5223 1768 5264 suorum

183 5295 465 5350 consortiis
487 5295 964 5360 immorarentur,
980 5310 1097 5348 non
1115 5296 1247 5349 ante
1260 5294 1644 5349 remeandum
1665 5312 1769 5367 pu-

178 5385 355 5438 tarunt
384 5400 563 5455 quam
586 5381 1049 5436 circumventum
1077 5399 1110 5436 a
1130 5382 1404 5437 lateribus
1423 5385 1769 5453 regem,cul-

180 5471 307 5525 tellis
330 5472 511 5526 latera
528 5468 1279 5536 fodicntes,nefaudissima3
1297 5469 1424 5525 neci
1448 5470 1763 5526 traderent.

1873 2035 2083 2091 Gallias
2112 2031 2419 2093 transiens,
2446 2030 2682 2085 Pictavis
2703 2030 3003 2101 episcopus
3038 2032 3358 2088 ordinatur.
3384 2033 3482 2088 llic

1873 2124 2191 2179 multorum
2210 2121 2349 2175 vitas
2365 2118 2722 2192 passionesve
2744 2121 3096 2187 sanctorum,
3113 2119 3327 2191 partim
3354 2137 3484 2192 pro-

1870 2229 1951 2281 sa,
1968 2211 2180 2285 partim
2199 2211 2386 2264 metro
2405 2206 2743 2279 composuit.
2772 2207 2856 2261 Ad
2876 2206 3093 2260 amicos
3109 2224 3339 2279 quoque
3362 2208 3476 2263 sin-

1871 2304 2007 2373 gula
2027 2300 2269 2355 disticha
2294 2299 2528 2368 elegans
2553 2299 2750 2350 orator
2770 2295 3125 2367 conscripsit.
3150 2297 3311 2351 Unde
3336 2315 3483 2370 prte-

1870 2391 1990 2445 fato
2017 2389 2139 2459 regi
2171 2386 2485 2457 elcgiacum
2514 2383 2669 2439 misit
2699 2400 2957 2445 carmen.
2986 2386 3396 2456 congratulans
3426 2385 3479 2440 ei

1872 2479 1931 2533 in
1962 2476 2176 2550 nuptiis
2226 2473 2628 2530 Brunicbildis.
2686 2473 2850 2537 Quod
2880 2473 3150 2545 equidem
3181 2490 3311 2545 ego,
3348 2491 3480 2530 cum

1873 2583 1994 2622 sors
2024 2566 2236 2620 librum
2266 2563 2341 2618 ad
2370 2562 2623 2617 diversos
2653 2562 2725 2616 ab
2757 2577 2824 2616 eo
2856 2560 2962 2615 sibi
2994 2560 3308 2616 familiares
3340 2579 3477 2617 con-

1872 2654 2151 2726 scriptum
2185 2650 2447 2706 manibus
2486 2648 2769 2704 intulisset
2799 2648 2963 2715 meis,
2997 2649 3109 2719 legi
3140 2649 3387 2721 atquein
3412 2668 3480 2706 eo

1873 2741 2287 2798 facunditatem
2306 2738 2432 2805 viri,
2452 2738 2795 2809 dulcemque
2816 2736 3212 2793 aﬂ'abilitatem
3234 2738 3369 2794 satis
3386 2739 3484 2795 ad-

1874 2831 2116 2886 miratus
2151 2844 2301 2884 sum.

2479 2913 2702 2968 CAPUT
2738 2912 2869 2967 XIV.

1979 3008 2063 3062 De
2094 3003 2459 3059 anichildis
2488 3004 2544 3055 in
2572 3000 2928 3057 conservanda
2952 3000 3101 3073 prole
3118 3002 3351 3057 solertia.

1946 3093 2252 3149 Interfecto
2280 3095 2475 3147 autem
2502 3091 2611 3145 hoc
2656 3090 2833 3145 modo
2879 3089 3201 3161 Sigeberto,
3237 3092 3481 3147 mutatio

1875 3184 2025 3238 facta
2054 3184 2158 3248 est,
2193 3179 2389 3234 multis
2416 3178 2771 3233 familiarum
2805 3178 2927 3248 ejus
2970 3179 3285 3234 amicitiam
3315 3180 3479 3250 ,Chil-

1876 3269 2051 3343 periei
2086 3268 2505 3340 expetentibus.
2525 3268 2703 3321 Porro
2719 3266 3115 3335 Brunicbildis,
3130 3284 3306 3339 quam
3325 3268 3483 3340 Sige-

1875 3359 2091 3423 bertus,
2124 3356 2262 3410 dum
2280 3372 2315 3409 a
2333 3354 2667 3426 pervasione
2700 3353 2930 3407 urbium
2955 3353 3170 3408 rediret
3193 3355 3479 3411 fraterna-

1873 3460 2025 3499 rum.
2059 3442 2305 3498 Parisius
2330 3440 2436 3495 sibi
2467 3456 2766 3495 occurrere
2792 3439 3134 3511 imperat,in
3157 3442 3362 3497 eadem
3382 3443 3479 3498 de-

1873 3548 2017 3605 gens
2040 3530 2293 3597 civitate,
2313 3544 2453 3583 nece
2476 3527 2579 3581 viri
2602 3528 2922 3598 comperta,
2944 3528 3262 3583 ﬂuctuabat
3281 3530 3478 3587 animo

1874 3619 2122 3693 qualiter
2139 3634 2199 3674 se
2221 3631 2502 3687 suamque
2524 3615 2748 3688 prolem
2762 3614 2833 3669 ab
2856 3613 3188 3668 imminenti
3204 3616 3480 3673 liberaret

1872 3707 2127 3764 interitu.
2153 3707 2309 3761 Tunc
2339 3702 2709 3759 Gundoaldus
2738 3702 2850 3757 dux
2876 3705 3172 3773 arreptum
3207 3720 3476 3776 puerum,

1874 3796 2304 3853 Childebertum
2336 3791 2595 3859 nomine,
2621 3807 2726 3863 per
2752 3790 3069 3845 fenestram
3089 3789 3149 3845 in
3174 3795 3370 3864 sporta
3384 3793 3482 3848 de-

1872 3886 2124 3959 positum
2153 3884 2383 3940 cuidam
2415 3881 2674 3938 fidelium
2713 3896 2949 3936 suorum
2990 3879 3188 3949 tradit,
3242 3884 3302 3936 ut
3341 3897 3476 3937 eum

1872 3974 2029 4031 Metis
2063 3973 2378 4030 exhiberet.
2409 3971 2589 4036 Quem
2622 3968 2763 4025 inibi
2791 3969 3155 4041 perductum,
3177 3968 3477 4027 adnitente

1873 4062 2230 4131 Gundoaldo,
2258 4061 2330 4116 de
2360 4076 2473 4132 quo
2499 4057 2906 4132 prtemisimus,
2934 4056 3181 4113 universi
3204 4059 3479 4116 Austrasii

1873 4152 1933 4208 in
1945 4167 2193 4223 regnum
2209 4148 2523 4205 sublimant
2536 4145 3169 4219 patris.Brunichildem
3183 4163 3360 4203 onere
3374 4146 3475 4202 filii

1875 4241 2122 4295 levatam
2154 4239 2334 4293 altera
2364 4236 2581 4292 invadit
2610 4252 2766 4291 cura.
2800 4235 2943 4290 Nam
2986 4235 3219 4291 sibimet
3246 4235 3478 4291 timenti

1876 4343 1982 4383 nec
2012 4342 2270 4381 sommus
2299 4325 2493 4392 oculis,
2529 4341 2633 4379 nec
2665 4324 2862 4379 animo
2894 4324 3056 4397 quies
3085 4324 3349 4380 dabatur.
3374 4324 3476 4380 Cui

1875 4414 1978 4469 etsi
2005 4414 2269 4469 voluntas
2299 4411 2625 4468 discedendi
2659 4415 2803 4480 erat,
2826 4412 3067 4468 facultas
3088 4413 3307 4467 deerat.
3326 4411 3477 4466 Tan-

1869 4503 1940 4558 tis
1986 4518 2125 4575 ergo
2179 4518 2375 4575 pressa
2410 4500 2908 4569 sollicitudinibus,
2961 4519 2995 4556 a
3036 4499 3476 4573 superveniente

1870 4590 2187 4663 Chilperico
2229 4591 2656 4662 Bothomagum
2681 4588 2741 4644 in
2769 4590 3029 4645 exsilium
3052 4588 3321 4645 truditur.
3336 4587 3480 4643 The-

1869 4679 2021 4734 sauri
2052 4678 2175 4750 ejus
2204 4678 2408 4750 opibus
2439 4677 2740 4750 Chilperici
2759 4678 2989 4749 sociati;
3019 4678 3151 4735 filias
3177 4675 3372 4733 Meldis
3399 4677 3475 4733 ad

1871 4766 2308 4823 custodiendum
2346 4767 2533 4823 missa
2565 4772 2717 4822 sunt.

2485 4855 2709 4911 CAPUT
2746 4855 2851 4911 XV.

2109 4945 2192 5000 De
2213 4944 2454 5000 Μονουρί
2476 4951 2525 4999 et
2548 4945 2779 5000 aliorum
2806 4959 2994 5014 regum
3020 4946 3197 5015 gestis.

1940 5035 2229 5089 Meroveus
2254 5034 2430 5089 etiam
2462 5032 2666 5087 missus
2695 5046 2729 5084 a
2756 5035 2920 5102 patre
2948 5032 3287 5105 Chilperico,
3316 5033 3380 5086 ut
3392 5030 3472 5087 ci-

1871 5121 2092 5190 vitates,
2107 5138 2233 5193 quae
2247 5120 2471 5177 ﬂumini
2487 5117 2704 5191 Ligeris
2716 5117 3001 5187 adjacent,
3020 5120 3092 5174 ad
3105 5137 3268 5175 suam
3286 5123 3474 5175 trans-

1874 5209 2108 5265 duceret
2126 5212 2378 5281 partem,
2410 5204 2723 5278 postposito
2747 5203 2925 5277 patris
2948 5211 3259 5278 prmcepto,
3288 5207 3476 5264 Ceno-

1871 5298 2105 5353 mannis
2129 5296 2446 5360 contendit,
2463 5312 2527 5350 ac
2557 5288 2600 5348 si
2624 5295 2875 5347 matrem
2896 5309 3059 5347 suam
3083 5294 3471 5365 Audoveram,

1873 5402 2001 5457 qua).
2030 5384 2245 5440 ibidem
2275 5383 2588 5449 exsulabat,
2622 5380 2965 5435 visitaturus.
2994 5381 3132 5436 Inde
3162 5380 3473 5437 Rothoma-

1870 5488 2010 5543 gum
2038 5470 2343 5539 transiens,
2375 5472 2446 5526 ad
2480 5469 2906 5525 Brunicbildem
2936 5470 3112 5539 venit,
3143 5485 3389 5541 eamque
3410 5469 3469 5525 in

179 5558 391 5615 Clamor
411 5559 566 5615 illico
615 5556 1016 5612 universorum
1058 5559 1352 5630 luctusque
1399 5557 1533 5612 totis
1581 5556 1764 5614 oritur
1866 5560 2199 5633 conjugium
2218 5559 2457 5631 accepit.
2480 5560 2605 5615 Non
2625 5557 2756 5613 tulit
2773 5558 2883 5614 hoc
2903 5558 3253 5633 Chilpericus
3273 5562 3469 5629 pater;

175 5649 373 5711 castris,
392 5652 454 5703 ut
477 5649 673 5722 palam
702 5646 940 5700 daretur
967 5644 1209 5717 intelligi
1236 5663 1435 5718 regem
1454 5645 1759 5717 oppetiisse
1862 5649 1960 5704 sed
1991 5665 2088 5703 eos
2118 5647 2191 5702 ab
2206 5647 2451 5704 invicem
2474 5648 2782 5704 dissociare
2798 5649 3015 5717 volens,
3039 5649 3470 5720 Bothomagum

174 5735 542 5807 Sigebertum.
562 5737 808 5805 -lmpetu
838 5734 1033 5806 itaque
1062 5735 1213 5792 facto
1246 5735 1305 5791 in
1337 5734 1653 5792 homicidas
1680 5735 1759 5792 ir-

1860 5756 2042 5814 usque
2070 5738 2323 5797 accessit.
2369 5739 2541 5814 Cujus
2576 5738 2656 5795 illi
2685 5738 3041 5797 declinantes
3072 5736 3464 5817 praesentiam,
