3862 6210
414 501 520 560 703
1491 498 1756 558 AIMOINI
1781 494 2094 556 MONACHI
2127 493 2622 554 FLORIACENSIS
3631 495 3736 553 τοι

425 621 726 680 basilicam
743 622 923 679 sancti
941 624 1165 704 Martini
1187 641 1358 698 super
1383 642 1583 682 muros
1599 626 1850 698 praefata:
1872 626 2026 680 urbis
2049 621 2102 679 Α
2126 620 2279 692 apud
2304 619 2490 692 ipsum
2519 622 2644 691 plus
2670 621 2799 689 fuit,
2817 638 2992 695 quam
3011 621 3109 676 illa
3127 619 3298 692 regis,
3313 636 3421 674 vox
3442 616 3736 690 pauperis.

425 711 636 784 ligneis
661 715 1048 768 constructam
1080 715 1289 770 tabulis
1307 719 1440 769 sunt
1464 714 2023 786 ingressi.lrrilaque
2197 708 2354 762 Tunc
2403 727 2632 781 quoque
2689 710 3038 782 Chilpericus
3087 708 3442 780 legationem
3491 705 3741 777 suscepit

423 799 674 855 fuissent
705 801 1005 874 Chilperici
1027 805 1520 858 tentamentorum
1547 803 1798 870 exordia,
1825 803 1948 857 nisi:

2220 796 2482 853 ildeberti
2505 798 2774 868 junioris,
2817 797 3044 868 nepotis
3073 797 3178 863 sui,
3211 795 3461 868 petentis
3488 795 3740 848 matrem

423 891 728 944 cramento
759 891 1185 961 spopondisset;
1217 891 1288 946 Se
1319 909 1414 946 eos
1458 891 1700 946 minime
1741 895 2030 964 separatu-
2136 901 2296 940 suam
2326 887 2429 940 sibi
2452 887 2614 942 reddi
2634 886 3081 943 Brunicliildem.
3103 885 3273 956 Cujus
3295 884 3389 938 ille
3410 899 3528 937 non
3550 898 3744 951 asper-

423 995 576 1045 rum,
609 977 728 1032 imo
743 979 1115 1051 permittente
1129 981 1244 1036 Deo
1259 981 1444 1051 magis
1467 981 1887 1052 copulaturum.
1905 980 2028 1044 Quo
2133 980 2300 1029 natus
2326 992 2676 1046 preces,eam
2696 993 2826 1031 cum
2853 991 3092 1032 munere
3107 975 3260 1048 pacis
3277 971 3540 1045 poscenti
3569 970 3746 1025 remi-

424 1065 505 1124 illi
531 1066 854 1128 credentes,
887 1067 960 1122 ad
987 1084 1120 1122 eum
1152 1069 1458 1140 progressi,
1492 1072 1550 1123 et
1579 1069 1650 1123 ab
1681 1085 1748 1124 eo
1780 1085 2030 1140 appara-
2127 1065 2200 1119 sit
2227 1065 2365 1120 filio.

426 1154 665 1211 tioribus
709 1155 891 1226 epulis
929 1171 1033 1228 per
1074 1156 1318 1212 biduum
1360 1161 1494 1212 sunt
1535 1156 1798 1230 suscepti.
1837 1157 2028 1212 Tertio
2685 1155 2908 1210 CAPUT
2940 1155 3092 1212 XVII.

426 1243 518 1298 die
543 1243 834 1316 profectus
887 1260 1080 1298 secum
1113 1245 1345 1300 abducit
1373 1245 1577 1312 illium,
1611 1245 2030 1318 parvipendens
2518 1243 2600 1296 De
2628 1260 2810 1311 regum
2829 1243 3197 1313 Hispanorum
3226 1242 3397 1295 rebus.

425 1331 581 1404 quod
603 1332 841 1387 dederat
845 1333 868 1403 j
880 1333 1253 1404 usjurandum
1264 1375 1276 1388 .
1291 1335 1511 1390 Morum
1527 1334 1794 1405 egregius
1805 1350 2026 1400 censor,
2199 1331 2584 1386 Atlianaliildo
2598 1335 2787 1386 autem
2809 1348 2944 1402 rege
2956 1330 3239 1404 Hispania:
3252 1327 3748 1394 defuncto,Leuva

428 1420 525 1492 qui
556 1420 818 1476 illicitum
847 1421 905 1476 in
938 1421 1055 1477 tilio
1103 1423 1408 1478 damnaret
1445 1422 1883 1478 matrimonium
1925 1437 2031 1476 nec
2133 1435 2262 1473 cum
2315 1419 2602 1491 Levigildo
2633 1421 2810 1475 fratre
2858 1436 3108 1492 regnum
3168 1421 3493 1474 assumunt.
3521 1417 3746 1471 Mortuo

429 1507 688 1563 futurum
721 1525 824 1581 pro
855 1509 1110 1580 perjurio
1137 1527 1309 1582 super
1355 1527 1414 1565 se
1459 1510 1559 1564 Dei
1602 1509 2032 1582 pertimesceret
2134 1507 3254 1580 Leuva,Levigildus;integrumHispaniae
3272 1503 3746 1577 regnumtenuit,

425 1595 731 1668 judicium,
761 1597 972 1652 Verum
991 1597 1087 1652 ille
1114 1599 1242 1669 plus
1262 1598 1555 1653 metuebat
1583 1601 1808 1652 versuta
1838 1597 2034 1652 Bruni-
2133 1597 2352 1652 habens
2371 1596 2760 1651 Gadsuindam
2785 1601 3037 1650 matrem
3061 1594 3446 1650 Brunicbildis
3479 1608 3746 1648 uxorem.

433 1683 635 1739 childis
664 1685 920 1755 ingenia,
954 1703 1026 1740 ne
1051 1687 1235 1741 filium
1268 1686 1554 1742 imbueret
1573 1686 1835 1758 perﬁdia,
1859 1702 2032 1758 quam
2133 1684 2299 1755 Apud
2323 1685 2733 1754 [.ongobardos
2786 1683 3016 1750 Alboin,
3048 1683 3119 1738 de
3165 1700 3278 1755 quo
3333 1679 3748 1754 praemisimus,

435 1771 839 1844 indignaretur
868 1790 972 1846 pro
1003 1773 1209 1829 divinae
1240 1775 1380 1845 legis
1408 1775 1566 1830 illata
1589 1773 1818 1845 injuria.
2135 1774 2440 1842 regnabat.
2470 1772 2576 1837 Qui
2608 1773 2860 1828 maxima
2882 1789 2948 1826 ex
2970 1775 3133 1843 parte
3149 1771 3325 1828 Italim
3340 1769 3588 1824 urbibus
3609 1766 3752 1840 poti-

511 1861 986 1916 Revertentiinde
1000 1861 1298 1917 nuntiatur
1312 1861 1921 1934 proceresCampanies
1935 1863 2036 1916 Re-
2065 1929 2107 1934 _
2137 1865 2250 1928 tus,
2275 1879 2405 1917 suos
2434 1862 2493 1916 in
2530 1862 2608 1916 eis
2638 1861 2856 1926 statuit;
2879 1862 3189 1927 Romanos,
3208 1876 3352 1932 quos
3374 1859 3464 1912 vel
3494 1855 3752 1912 maxime

435 1949 653 2004 mensis
674 1949 1143 2006 Suessionensem
1174 1951 1278 2005 sibi
1311 1950 1670 2022 praeripuisse
1687 1951 2032 2016 urbem.Qui
2065 1929 2116 1988 Β
2136 1949 2500 2005 adversarios
2531 1951 2876 2022 patiebatur,
2917 1949 3149 2022 expulit.
3181 1929 3280 2002 Hic
3308 1946 3630 2009 civitatem,
3663 1943 3748 1998 cui

437 2037 733 2104 continuo,
753 2037 934 2110 raptis
951 2038 1150 2108 copiis,
1183 2039 1416 2094 eosdem
1445 2038 1564 2094 acie
1593 2056 1874 2111 superans
1892 2041 2036 2094 mul-
2133 2037 2397 2093 Ticinum
2420 2057 2634 2096 nomen
2667 2043 2770 2106 est,
2805 2055 2932 2110 quae
2966 2039 3076 2093 alio
3099 2037 3371 2092 vocabulo
3405 2034 3590 2106 Papia
3611 2033 3749 2088 dici-

435 2124 1130 2181 tosnobiliuminteremit
1149 2131 1492 2200 captamque
1507 2127 1920 2198 civitatemjuri
1933 2145 2034 2182 suo
2135 2131 2247 2195 tur,
2281 2145 2385 2201 per
2416 2133 2534 2184 tres
2562 2146 2743 2184 annos
2775 2128 3064 2191 obsidens,
3099 2127 3339 2182 tandem
3367 2123 3546 2196 cepit.
3579 2123 3754 2193 Cujus

435 2211 701 2268 restituit.
726 2214 1076 2269 Clodoveum
1101 2232 1235 2270 vero
1268 2216 1451 2270 ﬁlium
1470 2217 1712 2272 Turonis
1733 2216 1950 2288 dirigit,
1975 2218 2038 2270 ut
2137 2234 2268 2272 cum
2297 2218 2532 2285 incolas,
2565 2220 2761 2289 utpote
2792 2215 3212 2288 paganus,quia
3241 2213 3605 2269 Christianos
3631 2227 3754 2266 esse

440 2305 498 2356 et
522 2303 958 2373 Petrogorieum
996 2303 1503 2376 Aginnensemque
1533 2321 1749 2376 pagum
1770 2304 1875 2358 sibi
1904 2305 2036 2359 sub-
2142 2309 2512 2378 cognoverat,
2535 2305 2726 2376 gladio
2756 2305 2928 2360 ferire
2967 2301 3382 2369 destinavisset,
3411 2316 3598 2372 equus
3631 2298 3754 2369 ejus

432 2389 596 2460 jiciat
617 2389 808 2456 edicit,
834 2390 1037 2460 juncto
1069 2391 1120 2445 ei
1149 2391 1291 2446 duce
1306 2393 1622 2457 Desiderio,
1647 2396 1709 2446 ut
1735 2395 1860 2462 ejus
1878 2393 2038 2446 frue-
2141 2394 2200 2448 in
2229 2393 2420 2448 medio
2442 2397 2622 2464 porta:
2655 2393 2886 2448 corruit.
2936 2392 3043 2457 Qui
3075 2390 3390 2446 calcaribus
3441 2389 3751 2460 impulsus,

439 2479 601 2532 retur
632 2477 691 2531 in
722 2477 937 2531 cunctis
984 2477 1558 2534 incommoditatibus
1585 2480 1858 2535 subsidio.
1889 2481 2042 2544 Quos
2141 2483 2382 2536 fnslibus
2404 2498 2598 2548 cassus,
2629 2482 2784 2535 nullo
2809 2480 2982 2535 modo
2997 2479 3398 2551 adigipoterat
3416 2476 3492 2532 ad
3509 2492 3755 2548 surgen-

441 2565 805 2632 Mummolus,
828 2565 1148 2622 Guntranni
1177 2567 1465 2639 patricius,
1494 2568 1722 2623 obviam
1741 2585 1872 2623 cum
1889 2587 2044 2625 exer-
2144 2571 2304 2625 dum.
2331 2570 2588 2624 Tandem
2607 2568 3046 2640 suggerentibus
3065 2567 3178 2622 suis
3193 2567 3252 2622 in
3282 2564 3640 2638 religionem
3661 2581 3755 2618 rex

446 2651 560 2706 citu
574 2667 931 2722 progressus,
947 2653 1491 2728 devicitfugavitque
1515 2673 1631 2710 non
1651 2656 1772 2712 sine
1791 2657 2042 2713 maximo
2145 2675 2472 2725 conversus,
2489 2657 2666 2729 fregit
2683 2657 2838 2730 quod
2857 2657 2927 2711 de
2942 2672 3084 2710 nece
3103 2655 3564 2710 Christianorum
3585 2667 3757 2707 vove-

445 2756 680 2796 suorum
703 2741 1072 2798 detrimento.
1097 2745 1240 2798 Nam
1257 2744 1328 2798 de
1353 2745 1605 2800 exercitu
1631 2745 1752 2816 ejus
1767 2745 2047 2818 quinqua-
2145 2751 2238 2802 rat
2267 2751 2484 2802 votum.
2520 2746 2656 2801 Huic
2688 2747 2794 2801 fuit
2825 2743 3313 2816 nuptaClodsinda
3341 2740 3562 2797 Clotari
3579 2741 3760 2795 Fran-

449 2827 612 2900 ginta
640 2829 820 2884 millia
850 2835 982 2885 sunt
1010 2847 1174 2899 cassa,
1208 2849 1338 2886 cum
1369 2850 1404 2888 a
1431 2837 1594 2905 parte
1618 2835 1890 2901 hostium,
1913 2833 2048 2889 licet
2147 2851 2347 2890 eorum
2370 2835 2523 2905 regis
2547 2834 2814 2899 ﬁlia.Qua
2841 2829 3584 2899 defuncta,Rosemundam
3605 2829 3757 2884 Chu-

449 2915 825 2984 devictorum,
867 2935 983 2974 non
1012 2919 1116 2974 nisi
1145 2919 1350 2992 viginti
1387 2921 1568 2976 millia
1595 2923 1708 2976 sint
1738 2925 2042 2993 prostrata.
2152 2923 2419 2978 nimundi
2437 2923 2788 2995 Gepidorum
2803 2921 2955 2992 regis
2972 2925 3169 2975 natam
3183 2918 3402 2990 accepit
3417 2917 3756 2988 conjugem,

447 3003 663 3060 Exinde
714 3006 1066 3078 Chilpericus
1106 3007 1290 3064 filium
1333 3010 1678 3078 Meroveum,
1720 3015 2046 3082 suspectum
2149 3012 2309 3082 cujus
2338 3011 2458 3084 ipse
2481 3011 2701 3066 dudum
2732 3010 3102 3065 interfecerat
3125 3010 3426 3080 patrem.A
3446 3022 3583 3078 qua,
3625 3021 3756 3059 cum

451 3093 589 3160 doli,
620 3095 774 3166 quod
801 3099 992 3167 partes
1034 3097 1411 3153 Brunicliildis
1449 3098 1694 3165 fulcirct,
1735 3099 2048 3172 instigante
2151 3101 2332 3155 tribus
2362 3103 2418 3154 et
2448 3117 2515 3153 eo
2547 3101 2794 3171 amplius
2823 3097 2990 3153 anuis
3023 3097 3084 3152 in
3119 3097 3281 3152 Italia
3323 3112 3496 3167 super
3525 3094 3758 3165 Longo-

406 3233 410 3236 .
451 3198 697 3237 noverca
720 3183 1116 3255 Fredegunde,
1140 3201 1306 3241 coma
1335 3191 1626 3242 attonsum
1657 3205 1722 3242 ac
1752 3187 1810 3242 in
1845 3205 2048 3242 mona-
2070 3235 2118 3296 Ο
2150 3187 2362 3243 bardos
2392 3191 2707 3259 regnasset,
2728 3187 2786 3241 in
2799 3186 3112 3240 vindictam
3131 3188 3390 3256 paterna:
3413 3182 3573 3238 necis
3589 3181 3762 3236 dede-

455 3271 625 3296 ,ΛΑ-2,.
672 3273 693 3296 Δ
711 3271 945 3296 _:..--I..
986 3274 1270 3296 .I_1________
1339 3275 1495 3296 1----21
1539 3277 1689 3296 -,_je,,
1711 3294 1726 3296 _
1745 3275 1784 3296 αξ
1816 3293 1880 3296 4,-
1897 3295 1906 3296 ,
1947 3278 1963 3296 ι
1990 3295 2020 3296 η
2163 3294 2174 3296 _
2195 3295 2207 3296 γ
2228 3294 2248 3296 γ,
2266 3295 2277 3296 γ
2298 3295 2303 3296 ,
2322 3277 2332 3296 ς
2349 3295 2356 3296 ,
2377 3276 2467 3296 Aa-
2488 3293 2504 3296 -
2539 3275 2551 3296 ε
2569 3278 2611 3296 ,ι
2628 3291 2771 3296 -..Αμ-
2788 3278 2911 3296 -ιη,
2936 3277 3011 3296 --ι
3032 3276 3217 3296 _-_1-
3250 3273 3310 3296 Dx
3327 3271 3414 3296 --ζ-
3445 3269 3732 3296 L..II:...-...:..

454 3271 628 3326 sterio
662 3271 948 3328 Aninsola:
979 3274 1299 3343 detrusum,
1333 3275 1502 3347 jussit
1531 3275 1787 3332 ordinari
1814 3278 2047 3350 presby-
2070 3269 2118 3296 "‘
2152 3276 2515 3332 corosissima
2539 3275 2914 3347 ieteremptus
2931 3277 3016 3328 est
3032 3271 3414 3328 morte.Etvir
3444 3269 3760 3326 bellicosis-

454 3361 668 3414 terum.
2153 3367 2330 3422 simus
2348 3381 2706 3436 summaeque
2723 3362 2998 3427 audaciae,
3013 3361 3180 3416 unius
3196 3361 3551 3415 mulierculas
3573 3358 3762 3414 consi-

1058 3469 1283 3525 CAPUT
1319 3471 1446 3526 XVI,
2155 3455 2232 3510 lio
2265 3453 2468 3526 periit;
2498 3453 2594 3525 qui
2625 3468 2727 3524 per
2758 3454 2846 3507 tot
2873 3451 3121 3506 hostium
3146 3453 3366 3520 strages
3389 3449 3544 3503 bello
3575 3447 3762 3502 fame-

2158 3543 2412 3597 sissimus
2427 3541 2658 3595 exstitit.
2694 3542 2760 3595 Et
2782 3539 2879 3594 illa
2907 3537 3142 3610 quidem
3175 3541 3350 3592 tanta;
3379 3533 3765 3591 immanitatis

2162 3631 2358 3686 debita
2377 3629 2484 3684 luit
2505 3631 2794 3683 maturato
2812 3626 3110 3698 supplicia.
3126 3626 3268 3680 Nam
3283 3625 3422 3678 dum
3443 3621 3767 3694 corruptori

2163 3737 2286 3786 suo,
2321 3717 2640 3772 Helmechis
2657 3716 2916 3781 nomine,
2937 3731 3110 3787 quem
3133 3713 3257 3785 ipsa
3275 3713 3333 3766 in
3368 3728 3574 3766 necem
3597 3711 3768 3781 regis-

527 3807 744 3864 Eedem
764 3811 1026 3880 tempore
1051 3808 1442 3864 sanctissimus
1471 3811 1529 3863 et
1559 3825 1690 3864 vere
1717 3811 1832 3865 Deo
1851 3811 2058 3883 dignus
2159 3810 2510 3870 armaverat.
2533 3805 2908 3878 postmodum
2932 3820 2962 3858 e
2982 3803 3192 3858 balneo
3216 3800 3545 3873 egredienti
3568 3797 3768 3854 veneni

456 3895 792 3959 Germanus,
817 3896 1165 3950 Parisiorum
1199 3895 1518 3969 episcopus,
1545 3896 1814 3967 migravit
1840 3898 1914 3952 ad
1945 3901 2055 3955 Do-
2161 3898 2452 3968 poculum,
2477 3895 2633 3967 quod
2651 3894 2898 3948 salutare
2927 3892 3217 3946 asserebat
3243 3888 3766 3962 esse,porrexisset,

459 3983 705 4038 minum.
731 3983 901 4053 Cujus
929 4000 1135 4054 corpus
1163 3982 1221 4036 in
1270 3983 1524 4038 oratorio
1549 3985 1744 4039 Sancti
1777 3985 2054 4042 Vincentii
2155 3979 2250 4040 ille
2265 3984 2461 4056 agnito
2476 3983 2846 4038 mortiferum
2864 3982 3131 4035 haustum
3148 3996 3207 4033 se
3222 3976 3767 4048 bibisse,cvaginato

457 4076 543 4126 est
573 4072 882 4144 sepultum.
917 4069 1064 4134 Quid
1093 4072 1287 4124 autem
1319 4071 1658 4140 Fortunatus
1687 4073 1758 4127 de
1783 4073 1892 4128 hoc
1921 4076 2055 4131 bea-
2157 4074 2350 4144 gladio
2367 4089 2492 4126 eam
2515 4071 2668 4143 quod
2683 4071 2970 4142 reliquum
2988 4069 3324 4123 eratbibere
3343 4065 3767 4139 coegit.Sicque

458 4157 681 4213 tissimo
698 4156 1140 4228 scripseritviro,
1161 4173 1277 4211 non
1291 4159 1757 4228 praetermittam.
1773 4162 2058 4236 Quadam,
2160 4160 2553 4217 nefandissimi
2584 4159 3066 4229 hornicidmjustae
3081 4159 3365 4211 factorum
3383 4171 3624 4210 suorum
3647 4154 3769 4207 sub-

459 4244 667 4316 inquit,
717 4245 837 4300 vice
886 4245 1446 4317 prmcellentissimus
1489 4264 1607 4316 rex,
1666 4250 2060 4308 Childebertus
2155 4251 2389 4323 jacuere
2420 4249 2710 4304 vindictae.
2750 4251 2822 4302 At
2849 4264 2984 4303 vero
3017 4249 3146 4320 post
3181 4245 3565 4312 Alboin,cnm
3598 4241 3767 4312 Clepli

461 4332 674 4401 senior,
706 4349 838 4388 cum
868 4333 920 4388 ei
948 4334 1244 4390 direxisset
1269 4352 1364 4390 sex
1391 4336 1572 4393 millia
1593 4339 1906 4395 solidorum
1927 4358 2064 4413 pau-
2163 4337 2549 4395 nobilissimus
2563 4336 3098 4408 Longobardorum.
3120 4351 3272 4390 anno
3291 4351 3408 4388 uno
3421 4337 3479 4388 et
3491 4350 3586 4388 sex
3611 4347 3766 4386 men-

461 4422 695 4495 peribus
719 4422 1034 4495 eroganda,
1063 4425 1392 4495 expendens
1417 4427 1528 4482 tria
1547 4428 1727 4484 millia
1755 4431 2062 4485 revertitur
2089 4485 2135 4498 _‘
2163 4429 2334 4494 sibus,
2357 4427 2636 4482 tenuisset
2658 4425 3067 4498 principatum,
3097 4425 3289 4478 denuo
3321 4423 3497 4477 duces
3527 4422 3588 4475 in
3626 4421 3764 4474 Lon-

463 4485 537 4566 ad
561 4485 861 4582 palatium:
889 4485 1391 4586 Interrogatusque
1421 4532 1455 4571 a
1479 4533 1616 4590 rege
1647 4518 1692 4574 si
1723 4517 1908 4574 adhuc
1930 4519 2064 4573 resi-
2089 4485 2142 4545 D
2163 4485 2552 4589 gobardorum
2567 4485 2740 4586 gente
2754 4485 3030 4568 decennio
3049 4485 3224 4567 creati
3238 4507 3770 4582 sunt.Etunusquis-

463 4600 628 4654 deret
650 4599 802 4672 quod
835 4599 1131 4667 tribueret,
1165 4603 1464 4676 respondit
1507 4606 1877 4661 medietatem
1911 4623 2063 4663 rese-
2165 4623 2276 4677 que
2335 4605 2546 4660 ducum
2578 4619 2740 4657 suam
2778 4603 3018 4674 regebat
3049 4601 3360 4655 civitatem.
3388 4599 3429 4653 E
3453 4595 3763 4671 quibusali-

465 4687 611 4743 disse
641 4705 747 4744 nec
766 4687 1260 4763 invenisseinOpes
1274 4692 1678 4764 quibustotum
1695 4695 2062 4764 expenderet.
2169 4693 2368 4765 quanti
2399 4693 2606 4748 Gallias
2660 4691 2959 4764 praedandi
2989 4690 3260 4762 cupidine
3292 4691 3580 4759 petentes,
3623 4683 3764 4757 apud

465 4775 570 4832 Cui
589 4793 714 4832 rex:
738 4797 762 4827 α
781 4777 1051 4844 Domine,
1070 4777 1281 4851 inquit,
1303 4780 1458 4836 dona
1479 4781 1634 4853 quod
1650 4781 1877 4837 restitit.
1900 4785 2066 4851 Nam,
2171 4780 2527 4837 Provinciam
2561 4797 2689 4834 cum
2723 4782 2938 4834 Amato
2961 4778 3224 4850 patricio,
3256 4777 3351 4850 qui
3389 4777 3513 4848 regi
3535 4773 3765 4846 parebat

463 4865 688 4922 Ghristo
720 4867 1022 4938 largiente,
1053 4867 1208 4939 quod
1236 4867 1487 4924 donetur
1505 4885 1622 4923 non
1642 4869 1855 4926 deficit.
1879 4891 1908 4920 θ»
1933 4873 2072 4926 lnci-
2169 4870 2532 4943 Guntranno,
2556 4869 2706 4923 bello
2739 4867 3080 4938 conﬂigunt.
3111 4867 3394 4937 Factaque
3425 4863 3498 4920 de
3514 4866 3762 4934 Burgun-

465 4956 609 5011 dens
634 4972 886 5029 namque
901 4974 997 5012 rex
1026 4973 1202 5012 aurea
1221 4956 1506 5018 missoria,
1527 4962 1876 5030 etargentea
1910 4976 2068 5016 com-
2172 4957 2438 5012 dionibns
2481 4957 2734 5012 maxima
2765 4960 2976 5028 strage,
3007 4954 3194 5027 ipsum
3223 4955 3430 5009 ducem
3462 4952 3763 5006 intereme-

465 5044 735 5101 minuens
748 5062 900 5113 vasa,
933 5045 1214 5118 quidquid
1233 5045 1488 5117 primum
1516 5046 1767 5102 habebat
1787 5047 1965 5103 dabat
1981 5065 2068 5104 sa-
2171 5045 2881 5110 runt.QuodGuntrannus
2896 5043 3156 5108 audiens,
3170 5046 3405 5097 evocato
3423 5040 3496 5095 ad
3519 5056 3580 5094 se
3596 5041 3764 5095 Mum-

463 5134 768 5190 cerdotine
779 5134 1065 5206 perderet.
1084 5134 1368 5205 Eratergo
1383 5135 1765 5206 exspectanda
1777 5136 2069 5192 contentio
2171 5135 2328 5189 molo
2352 5137 2622 5206 spectatas
2649 5132 2872 5187 virtutis
2893 5130 3371 5204 viro,patriciatus
3387 5129 3438 5183 ei
3457 5127 3760 5184 indixitcu-

465 5221 620 5276 inter
630 5222 989 5277 sacerdotem
1002 5224 1060 5276 et
1076 5221 1395 5292 principem
1407 5263 1419 5276 .
1437 5222 1741 5278 Faciebant
1759 5224 1908 5296 apud
1922 5240 1982 5279 se
1999 5224 2070 5280 de
2171 5222 2840 5294 ram.Prorumpentibus
2853 5221 3064 5275 iterum
3081 5213 3762 5286 inGaIliasLongobardis,

467 5308 862 5365 misericordia
886 5325 1144 5382 pugnam
1167 5313 1225 5364 et
1248 5309 1320 5365 de
1359 5310 1574 5382 pietate
1601 5315 1924 5379 certamen,
1943 5313 2070 5368 the-
2168 5311 2656 5367 Mummoluscum
2677 5309 2864 5364 valida
2889 5306 3364 5378 Burgundionum
3383 5321 3560 5360 manu
3582 5317 3766 5359 occur-

466 5413 664 5453 sauros
689 5401 752 5453 ut
778 5400 1120 5470 spargerent
1148 5414 1214 5452 ac
1244 5397 1315 5453 de
1345 5399 1458 5453 suis
1484 5399 1714 5454 talentis
1745 5399 1912 5470 egeni
1930 5399 2071 5454 dite-
2170 5399 2630 5467 rit.Qui,duobus
2647 5397 2857 5468 praeliis
2876 5395 3132 5450 hostibus
3155 5410 3331 5467 usque
3349 5394 3424 5448 ad
3437 5406 3759 5464 supremum

465 5487 712 5539 scerent.
745 5485 1027 5556 Denique,
1050 5487 1141 5540 ala
1156 5486 1296 5553 vice,
1319 5503 1453 5542 cum
1475 5489 1641 5558 aptus
1657 5487 1731 5542 ad
1753 5487 2070 5543 sedendum
2173 5486 2548 5554 labefactatis,
2591 5485 2846 5556 reliquos
2886 5483 3167 5555 fugaciter
3204 5481 3263 5536 in
3312 5481 3534 5536 Italiam
3579 5477 3760 5534 redire

468 5571 748 5627 sacerdoti
792 5573 1184 5644 requirerctur
1207 5592 1404 5646 equus,
1458 5591 1554 5630 rex
1593 5577 1825 5631 eisuum
1851 5575 2068 5646 tribuit,
2173 5576 2588 5648 compulit.1\‘ec
2610 5575 2756 5628 ultra
2773 5573 3108 5644 adjecerunt
3127 5570 3389 5625 animum
3410 5563 3756 5640 Longobardi

469 5675 679 5728 rogans
705 5665 766 5715 ut
781 5662 884 5716 sibi
913 5677 1044 5715 eum
1069 5663 1362 5718 retineret.
1393 5665 1630 5720 Interim
1653 5667 1854 5720 beatus
1875 5665 1958 5720 vir
1975 5684 2067 5738 po-
2173 5663 2526 5720 utadGallias
2544 5661 3024 5716 transirent.Nam
3045 5661 3192 5714 Mum
3203 5659 3389 5713 melus
3402 5661 3756 5730 posttergum

469 5745 699 5802 stulanti
728 5748 952 5822 captivo
969 5763 1182 5826 equum
1195 5750 2069 5825 donatinterdictum,quoniam
2159 5768 2364 5808 eorum
2389 5751 2738 5806 Francorum
2760 5749 3016 5821 dirigens
3041 5747 3382 5811 exercitum,
3411 5747 3648 5815 Anagnis
3663 5757 3752 5795 ca-

561 3590 645 3648 De
667 3592 784 3649 divi
805 3593 1066 3649 Germani
1089 3596 1314 3668 episcopi
1331 3597 1582 3664 transitu,
1602 3598 1884 3652 sanctitate
1903 3611 1952 3650 et

1107 3684 1404 3740 miraculis.
