3862 6210
125 389 214 446 705
1156 382 1481 444 HISTORIA
1517 384 1961 449 FRANCORUM.
1991 419 2062 430 —
2092 384 2220 445 LIB.
2249 386 2337 445 III.
3298 396 3404 453 ’ωδ

124 513 301 573 strum,
330 505 388 560 in
418 505 634 561 ﬁnibus
661 506 835 561 Italiae
866 505 1058 572 situm,
1104 504 1408 561 debellavit
1436 508 1495 559 et
1524 504 1694 577 cepit.
1720 513 1775 572 Α
1798 506 1940 561 citus
1970 507 2042 562 ab
2073 524 2141 562 eo
2174 507 2378 563 missus
2406 510 2608 564 Persas
2637 510 3035 582 potentissime
3090 514 3402 573 debellavit

125 593 281 657 Quam
308 596 378 648 ob
408 609 664 660 causam,
702 610 897 648 comes
928 591 1443 663 Langobardorum
1474 593 1694 665 Ragilo,
1798 594 2089 667 victorque
2130 597 2462 667 regrediens
2488 601 2711 652 tantam
2744 600 2954 669 praedae
3002 603 3219 657 molem
3270 621 3402 660 cum

123 680 355 751 Anagnis
377 680 639 746 veniens,
672 680 1036 753 depraedatus
1053 683 1156 745 est,
1188 684 1245 735 et
1275 681 1347 734 ad
1371 697 1472 734 sua
1490 681 1697 735 reverti
1798 683 1998 753 viginti
2021 683 2236 755 pariter
2266 685 2587 755 elephantis
2614 686 2929 741 abduxitut
2958 688 3231 745 humana:
3284 708 3404 749 cre-

122 769 385 834 festinans,
416 768 490 822 ab
517 769 686 823 obvio
717 768 825 823 sibi
857 769 999 823 duce
1022 769 1395 835 Francorum,
1422 769 1700 823 Chranni-
1800 771 2032 825 deretur
2062 788 2224 843 posse
2255 773 2515 827 sufﬁcere
2540 773 2858 845 cupiditati.

127 856 227 909 chis
253 856 505 923 nomine,
538 857 861 927 perimitur.

705 897 927 1000 EIéin
951 945 1127 999 xvm.
1918 982 1958 1000 ,,
2032 983 2070 1000 ..
2116 984 2148 1000 ..
2472 897 2819 1000 δβΡυῖΓΞΧ·

507 1031 598 1086 De
624 1032 833 1086 Justim'
857 1034 1075 1087 minori:
1111 1036 1285 1103 gestis.

178 1120 270 1174 Per
286 1119 404 1174 hzrc
430 1122 704 1192 tempora
728 1121 881 1191 apud
918 1120 1499 1193 Constantinopolim,
1524 1125 1586 1176 ut
1603 1139 1694 1175 su-

119 1223 203 1277 pra
246 1206 650 1277 prmmisimus,
715 1206 971 1262 Justinus
1037 1207 1230 1262 minor
1292 1209 1593 1277 regnabat,
1636 1208 1693 1264 in

119 1297 308 1348 tantum
332 1294 567 1348 avaritaa
602 1295 827 1349 deditus
851 1299 913 1349 ut
942 1311 1103 1349 arcas
1143 1296 1357 1350 ferreas
1378 1296 1499 1350 ﬁeri
1524 1297 1694 1368 jube-

116 1386 202 1448 ret,
229 1383 280 1435 in
308 1381 515 1453 quibus
538 1398 610 1437 ea
634 1398 761 1453 quin
792 1382 1055 1453 rapiebat
1084 1382 1206 1436 auri
1239 1384 1455 1438 talenta
1484 1400 1692 1454 conge-

117 1472 202 1524 ret.
235 1469 325 1523 Hic
346 1485 479 1523 cum
506 1468 766 1525 adivinis
792 1469 1083 1523 mandatis
1096 1485 1297 1524 aurem
1320 1471 1508 1525 cordis
1529 1488 1687 1525 aver-

115 1560 252 1623 teret,
271 1558 422 1627 justo
454 1557 561 1611 Dei
586 1556 809 1627 judicio
825 1573 1028 1611 amens
1050 1556 1283 1611 effectus
1302 1559 1689 1613 est.Postha1c

112 1645 408 1715 Tybericum
443 1645 736 1699 Caesarem
788 1644 1151 1716 adscivit,qui
1206 1645 1327 1715 ejus
1377 1646 1688 1716 imperium

114 1733 443 1802 gubernaret,
479 1731 784 1787 hominem
797 1732 1269 1802 justum,utilem,
1295 1734 1686 1804 eleemosyna-

110 1820 596 1891 rium,sapientem,
622 1820 681 1874 in
703 1820 935 1889 judiciis
965 1838 1216 1891 aequum,
1245 1821 1300 1874 in
1331 1821 1557 1876 victoris
1579 1824 1687 1877 cla-
1709 1820 1760 1879 B

112 1912 276 1963 mmet
304 1908 574 1981 tquodhis
592 1908 864 1963 omnibus
887 1910 1304 1981 supereminet)
1324 1910 1683 1967 verissimum

109 1997 472 2051 Christianum.
505 1997 692 2068 Igitur
716 1997 964 2051 Justinus
995 2014 1125 2051 cum
1188 1998 1455 2053 undecim
1506 2000 1686 2070 impe-

108 2089 250 2139 rasset
275 2086 458 2152 annis,
478 2086 809 2140 amentiam
852 2085 1109 2148 tandem,
1138 2103 1315 2157 quam
1342 2086 1681 2156 incurrerat,

108 2189 209 2227 cum
233 2174 338 2228 vita
364 2173 572 2227 ﬁnivit.
610 2173 769 2227 Bella
824 2189 986 2240 sane,
1029 2190 1155 2244 qua:
1218 2190 1322 2245 per
1386 2175 1682 2230 Narsetem

1903 982 1986 1037 De
2015 983 2412 1041 Britannorum
2444 986 2596 1040 rebus
2620 993 2670 1041 et
2700 987 3013 1041 Guntranm'
3033 990 3295 1060 facinore.

1868 1080 2014 1134 Dum
2046 1080 2167 1135 haec
2200 1080 2258 1136 in
2288 1081 2534 1136 Orientis
2564 1086 2845 1152 geruntur
2890 1086 3166 1155 partibus,
3198 1087 3256 1143 in
3288 1089 3405 1144 Bri-

1797 1167 2009 1222 tanniis
2049 1169 2170 1223 haec
2226 1173 2354 1224 acta
2382 1172 2529 1224 sunt.
2559 1171 2856 1225 Macliavus
2900 1174 2958 1226 et
3014 1174 3253 1231 Bodicus
3303 1178 3399 1234 illo

1794 1258 2059 1327 tempore
2090 1256 2328 1310 comites
2376 1257 2672 1313 Britonum
2701 1261 3029 1331 erant;qui
3083 1263 3398 1323 amicitiam

1793 1345 2053 1397 mutuam
2088 1344 2462 1399 sacramentis
2490 1345 2808 1401 adinvicem
2861 1346 3007 1402 datis
3058 1349 3395 1421 junxerunt.

1790 1431 2007 1486 Mortuo
2039 1432 2269 1500 Bodico,
2288 1433 2586 1488 Macliavus
2611 1434 2794 1489 ﬁlium
2817 1435 2939 1505 ejus
2978 1436 3396 1497 Theodoricum

1790 1516 1861 1570 de
1884 1534 2066 1589 regno
2085 1519 2396 1575 Britanniae
2414 1520 2645 1592 expulit.
2666 1522 3071 1593 Theodoricus,
3092 1529 3400 1600 resumptis

1788 1604 2023 1686 viribus,
2053 1607 2391 1663 Maelianum
2438 1626 2570 1664 cum
2600 1609 2717 1664 ﬁlio
2752 1610 2896 1681 ejus,
2921 1612 3096 1669 Jacob
3135 1616 3398 1686 nomine,

1788 1683 2077 1740 interfecit
2101 1690 2520 1759 paternamque
2542 1687 2939 1745 hmreditatem
2965 1694 3201 1764 recepit.
3218 1683 3398 1752 Varo;

1788 1789 1885 1826 cus
1909 1773 2157 1827 Macliavi
2184 1774 2333 1829 ﬁlius
2368 1777 2519 1846 patri
2550 1776 2608 1829 in
2632 1776 2912 1834 comitatu
2940 1782 3210 1841 succedit.
3241 1785 3397 1840 Tunc

1787 1880 2015 1934 quoque
2045 1864 2433 1931 Guntrannus,
2455 1880 2553 1918 rex
2596 1866 2970 1935 Francorum,
3001 1870 3142 1925 duos
3170 1873 3397 1944 Magna-

1786 1950 1963 2004 charii
1994 1951 2170 2005 soceri
2204 1952 2498 2023 quondam
2526 1952 2609 2006 sui
2650 1953 2798 2007 ﬁlios
2844 1955 3161 2024 interemit,
3215 1960 3393 2016 facul-

1786 2040 1930 2092 tates
1962 2055 2165 2093 eorum
2188 2040 2321 2093 ﬁsco
2339 2038 2662 2110 subjiciens.
2684 2040 2900 2095 Dehinc
2923 2044 3221 2100 subsecuta
3238 2063 3395 2103 mors

1787 2125 2035 2181 duorum
2072 2126 2327 2182 ﬁliorum
2366 2126 2538 2199 ipsius
2568 2133 2672 2183 est.
2706 2128 3069 2202 Quapropter
3097 2132 3388 2190 Guntran-

1784 2231 1890 2269 nus
1914 2214 2107 2269 liberis
2145 2216 2399 2277 orbatus,
2429 2216 2859 2272 Childebertum
2902 2235 3066 2274 suum
3097 2237 3164 2276 ex
3216 2222 3394 2280 fratre

110 2260 1564 2376 ῗῗῗῖἷῗῖῗῖῗξῗξῗῗεΣῗῖᾖῗτῗῖἶῗξῖεἷ¹ἶῗίῗ--,⁵.ξ¹ξ’ξ¹’ἷ¹ῗὶ
1579 2282 1683 2376 {"3"
1783 2300 2084 2372 Sigeberto
2115 2260 2399 2376 nepotem,
2415 2304 2710 2376 adoptavit
2737 2306 2795 2360 in
2825 2306 3032 2367 ﬁlium.

110 2350 537 2419 anticipationem
557 2350 831 2417 diximus,
847 2350 1156 2406 Iustiniani
1187 2350 1678 2424 quidem.tempo-

110 2436 232 2491 ribus
256 2441 456 2510 empta,
491 2437 596 2493 sed
622 2438 727 2492 sub
755 2438 976 2493 Iustino
1006 2438 1324 2494 terminata
1346 2444 1498 2495 sunt.
2389 2427 2612 2483 CAPUT
2642 2429 2782 2485 ΧΧΙ.

702 2526 925 2581 CAPUT
956 2527 1082 2581 XIX,
1956 2513 2040 2569 De
2071 2513 2364 2586 Chilperici
2392 2518 2455 2572 in
2483 2516 2868 2573 Praetextatum
2892 2519 3177 2577 simultate.

280 2613 350 2669 De
374 2615 603 2680 Tiberio
632 2612 977 2669 Constantino
1008 2622 1058 2669 et
1086 2618 1201 2686 ejus
1231 2618 1466 2687 imperio.
1854 2613 2202 2684 Chilpericus
2254 2613 2430 2668 fratre
2483 2614 2623 2686 ejus,
2678 2616 2823 2670 alter
2858 2634 2957 2672 rex
3012 2619 3389 2690 Francorum,

156 2702 345 2758 Mortuo
369 2703 630 2764 Iustino,
676 2702 932 2757 Tiberius
964 2703 1367 2758 Constantinus
1392 2705 1680 2761 Romano-
1782 2702 2729 2775 PrmtextatumRothamageusem
2744 2705 3078 2777 episcopum
3093 2708 3285 2764 exsilio
3299 2711 3393 2765 de-

107 2804 204 2842 rum
223 2807 402 2861 regum
419 2790 949 2863 quinquagesimus
966 2790 1208 2862 sumpsit
1226 2790 1678 2863 impcriumﬂic,
1782 2788 2032 2857 stinavit,
2066 2806 2133 2845 eo
2157 2791 2577 2862 quod,consilio
2600 2792 2978 2848 Brunichildis
3006 2795 3221 2866 regina:
3240 2814 3391 2867 usus,

109 2879 155 2928 ut
168 2878 397 2947 superius
428 2878 713 2944 diximus,
744 2878 846 2932 sub
870 2878 1088 2932 Iustino
1122 2879 1307 2933 adhuc
1335 2880 1521 2934 Czesar
1548 2898 1680 2936 cum
1783 2876 2015 2932 insidias
2041 2877 2147 2950 ipsi
2178 2893 2417 2949 parasse
2440 2880 2744 2935 diceretur.
2767 2882 3055 2938 Meroveus
3075 2901 3208 2940 vero
3239 2886 3391 2942 ﬁlius

108 2967 476 3036 rempublicam
498 2970 745 3038 regeret
770 2969 827 3020 et
846 2968 1057 3021 multas
1078 2968 1683 3041 egeniseleemosynas
1786 2966 1928 3036 ejus,
1966 2983 2140 3037 quem
2196 2971 2558 3023 tonsuratum
2599 2985 2665 3023 ac
2696 2971 3048 3027 monasterio
3093 2972 3392 3031 detrusum

109 3058 345 3124 erogaret,
374 3071 669 3127 magnam
697 3054 746 3109 ei
780 3055 1058 3110 Dominus
1079 3056 1201 3109 auri
1223 3056 1449 3127 copiam
1472 3057 1684 3112 submi-
1705 3096 1753 3155 Ο
1784 3069 1818 3106 a
1876 3056 2038 3123 patre
2127 3053 2298 3109 fuisse
2377 3056 2846 3123 memoravimus,
2926 3057 3136 3115 iterum
3216 3062 3391 3119 laicus

110 3139 339 3201 nislravit.
370 3144 517 3199 Nam
566 3142 945 3197 deambulans
966 3159 1069 3215 per
1100 3144 1398 3215 palatium,
1433 3145 1571 3200 vidit
1625 3139 1752 3201 in“
1784 3140 2049 3196 efﬁcitur.
2106 3142 2250 3197 Nam
2309 3160 2342 3197 a
2397 3144 2734 3199 Guntranno
2795 3145 2960 3214 duce,
3022 3148 3092 3202 de
3145 3165 3260 3221 quo
3300 3168 3391 3207 se-

110 3229 384 3298 pavimento
406 3233 629 3288 domus
650 3231 905 3286 tabulam
928 3233 1682 3300 marmoream,Dominicm
1785 3245 1966 3301 quens
2038 3247 2229 3285 sermo
2289 3233 2454 3301 plura
2505 3232 2783 3300 narrabit,
2838 3249 2943 3304 per
3001 3235 3220 3307 legatos
3276 3239 3392 3294 sol-

108 3319 246 3373 crucis
263 3320 455 3376 vexillo
488 3319 862 3391 insignitam,
891 3322 948 3373 et
973 3320 1048 3375 ait
1075 3337 1087 3374 :
1124 3344 1150 3370 ‹‹
1178 3321 1417 3376 Crucem
1452 3323 1685 3377 Domini
1786 3318 2050 3385 licitatus,
2080 3320 2431 3374 monasterio
2479 3337 2736 3391 egressus
2760 3323 2817 3375 et
2863 3338 2897 3376 a
2919 3322 3151 3378 Gaileno
3178 3343 3279 3381 suo
3309 3328 3394 3383 fa-

110 3420 194 3475 qua
210 3412 387 3479 pectus
405 3408 792 3480 frontemque
813 3408 1035 3463 munire
1057 3408 1609 3481 debemus,indignis
1623 3413 1686 3465 ut
1785 3406 1997 3460 miliari
2053 3409 2207 3460 Veste
2237 3406 2420 3461 laicali
2450 3408 2701 3475 indutus,
2727 3408 2800 3463 ad
2840 3411 3137 3466 ecclesiam
3199 3413 3392 3472 Sancti

112 3497 216 3565 quid
233 3499 459 3569 pedibus
488 3499 911 3554 conculcamus
936 3498 964 3551 ?
997 3520 1024 3547 »
1056 3498 1125 3551 Et
1147 3498 1313 3553 simul
1354 3516 1484 3553 cum
1508 3500 1682 3555 verbo
1783 3494 2007 3549 Martini
2032 3494 2273 3548 Turonis
2326 3498 2388 3548 ut
2426 3495 2785 3565 confugeret,
2838 3501 2921 3550 est
2958 3498 3253 3571 impulsus.
3303 3504 3392 3559 Ad

104 3580 234 3652 jussit
255 3589 525 3643 eamdem
565 3587 823 3641 tabulam
872 3585 1083 3640 auferri
1115 3604 1149 3640 a
1178 3586 1528 3657 pavimento.
1560 3587 1683 3652 Qua
1782 3583 1932 3637 hanc
1983 3583 2230 3655 denique
2254 3586 2311 3636 et
2340 3583 2458 3652 ipse
2501 3584 2828 3638 Guntranus
2856 3587 3216 3656 confugerat,
3266 3602 3391 3645 me-

110 3677 280 3737 amota,
299 3676 607 3747 reperiunt
637 3676 696 3727 et
716 3673 888 3728 aliam
918 3673 1089 3727 simili
1124 3673 1418 3745 signaculo
1454 3690 1680 3745 expres-
1782 3676 1950 3726 tuens
1981 3672 2166 3725 minas
2195 3671 2347 3743 regis
2379 3671 2700 3743 Chilperici,
2738 3688 2806 3727 eo
2837 3674 2992 3744 quod
3021 3674 3309 3730 diceretur
3329 3678 3393 3733 fl-

108 3774 218 3814 sam.
245 3763 367 3818 Post
391 3765 553 3820 hanc
584 3779 815 3835 quoque
857 3762 1154 3834 reperiunt
1180 3765 1237 3816 et
1256 3762 1508 3817 tertiam.
1543 3763 1684 3827 Qui-
1782 3762 1923 3815 lium
1949 3761 1996 3830 ej
2008 3760 2541 3816 usTheodehertum
2558 3760 2613 3815 in
2630 3760 2777 3816 bello
2790 3762 3047 3833 superius
3065 3771 3390 3823 memorato

108 3844 403 3920 busablatis,
437 3850 863 3908 inaestimabilis
891 3850 1102 3921 diuque
1134 3851 1448 3906 occultatus
1494 3851 1552 3906 in
1596 3854 1680 3907 lu-
1784 3849 2166 3916 interemisse,
2199 3847 2562 3920 Quapropter
2607 3848 2954 3920 Chilpericus
3000 3851 3390 3911 Ruccolenum

109 3950 207 3991 cem
230 3941 517 4009 profertur
535 3940 852 3996 thesaurus.
880 3938 1064 4002 Quem
1082 3938 1522 4010 Tiberius,juxta
1543 3957 1683 3995 con-
1783 3938 2096 4009 quemdam
2110 3938 2352 3993 Turonis
2382 3937 2669 3993 direxerat
2694 3937 2791 4010 qui
2820 3954 2953 3993 eum
2979 3939 3184 3995 exinde
3196 3940 3246 3995 vi
3269 3943 3392 3999 abs-

109 4029 291 4083 suetum
316 4029 417 4084 sibi
447 4044 706 4093 rnorem,
736 4026 1086 4099 pauperibus
1117 4028 1399 4098 erogavit.
1434 4029 1682 4087 Narsetis
1783 4027 2058 4084 traheret.
2084 4028 2435 4082 Ruccolenus
2466 4026 2711 4081 Turonis
2739 4026 2975 4083 veniens
3004 4028 3172 4084 beato
3198 4031 3389 4101 ponti-

111 4127 296 4187 quoque
310 4118 655 4173 thesaurum
675 4115 733 4169 in
754 4116 1005 4187 quadam
1034 4115 1209 4170 Italiae
1232 4117 1373 4171 urbe
1402 4120 1554 4172 terra
1583 4119 1681 4174 de-
1782 4115 1874 4169 ﬁci
1893 4118 2031 4170 tunc
2059 4116 2334 4188 Gregorio
2352 4114 2649 4170 mandavit
2668 4118 2731 4169 ut
2760 4115 3160 4173 Guntrannum
3191 4118 3387 4176 abasi-

109 4197 572 4277 fossum,quodam
596 4203 1681 4276 decrepitoindicanteseneinventum,
1783 4204 1892 4258 lica
1946 4207 2142 4259 sancta
2198 4204 2526 4277 expelleret.
2574 4203 2739 4268 Quod
2789 4203 2834 4259 si
2878 4222 3049 4278 agere
3110 4206 3387 4279 differret,

111 4284 154 4339 in
175 4290 336 4348 simile
354 4293 653 4349 dirtribuit
678 4309 839 4365 opus.
874 4292 1089 4363 Sophia
1112 4309 1247 4347 vero
1279 4296 1549 4365 Augusta,
1582 4296 1684 4350 im-
1783 4293 1953 4347 sciret
1976 4309 2111 4347 eum
2141 4309 2275 4348 cum
2306 4292 2493 4347 valida
2518 4309 2698 4347 manu
2722 4296 3029 4349 venturum
3060 4297 3118 4349 et
3145 4296 3389 4353 Irascim-

111 4390 298 4436 memor
310 4382 711 4456 promissionis
737 4399 908 4453 quam
943 4382 1170 4436 Tiberio
1200 4382 1437 4450 fecerat,
1461 4401 1590 4439 cum
1610 4386 1682 4441 ab
1706 4380 1759 4440 D
1783 4383 2095 4454 pleturum.
2133 4382 2375 4436 Sanctus
2395 4385 2590 4436 autem
2622 4381 2860 4437 antistes
2899 4385 3199 4455 respondit
3230 4402 3244 4441 :
3274 4387 3390 4442 Hoc

109 4463 314 4539 imperio
332 4488 637 4527 removere
667 4470 1161 4542 Justinianumque
1184 4471 1388 4525 Justini
1409 4477 1680 4545 nepotem
1784 4486 2083 4541 nunquam
2130 4470 2301 4523 fuisse
2332 4470 2574 4541 factum,
2605 4487 2709 4525 nec
2741 4487 2775 4525 a
2803 4487 2862 4525 se
2887 4472 3002 4526 ullo
3062 4472 3236 4528 modo
3269 4490 3390 4531 esse

109 4556 406 4617 substituere
439 4560 815 4616 moliebatur.
836 4560 1001 4624 Quod
1022 4561 1345 4631 Imperator
1365 4578 1685 4632 agnoscens
1783 4557 2379 4613 fadendumlnterim
2412 4558 2586 4613 miser
2617 4558 2758 4613 dum
2825 4559 3066 4614 domum
3116 4561 3388 4631 ecclesim,

108 4642 378 4715 Augustam
408 4649 689 4705 custodia:
721 4647 1068 4720 mancipavit
1098 4666 1111 4713 ;
1139 4648 1528 4703 Iustinianum
1558 4667 1683 4705 ver-
1782 4647 1843 4701 in
1866 4664 1979 4718 qua
2009 4647 2427 4719 hospitabatur,
2462 4647 2758 4703 destruere
2788 4664 2905 4702 non
2923 4648 3388 4723 formidat,regio

108 4728 546 4810 bisobjnrgatum
604 4737 999 4792 blandioribus
1056 4740 1218 4791 tanto
1269 4736 1327 4791 in
1386 4743 1680 4809 posterum
1782 4735 2413 4805 correptusmorbo,ab
2442 4735 2739 4791 basilicam
2768 4736 3394 4794 sanctiMartinidefer-

108 4834 270 4879 amore
298 4827 493 4883 dilexit
516 4829 579 4881 ut
617 4825 793 4879 ﬁliam
818 4842 980 4879 suam
1008 4824 1123 4879 ﬁlio
1172 4824 1294 4895 ejus
1313 4826 1681 4895 promitteret
1779 4823 1985 4891 tur,ibi
2005 4824 2086 4878 nil
2108 4824 2351 4878 medela:
2376 4823 2762 4897 adeptus,non
2781 4828 2909 4897 post
2939 4827 3151 4881 multos
3169 4826 3287 4881 dies
3308 4830 3393 4881 est

107 4920 156 4957 ac
180 4909 281 4966 ﬁlio
310 4932 407 4969 suo
440 4915 624 4969 ﬁliam
653 4913 773 4984 ejus
804 4913 1141 4968 sociandam
1177 4918 1529 4984 exposceret.
1565 4913 1673 4970 Sed
1779 4911 2291 4967 defunctus.Porro
2338 4912 2629 4966 Meroveus
2659 4911 2729 4965 ad
2759 4912 3125 4981 saapedictam
3156 4913 3393 4969 veniens

105 4991 203 5050 hac
218 5017 298 5055 res
320 5020 432 5074 qua
449 5003 521 5058 de
537 5002 1010 5057 causaincertum
1042 5004 1127 5056 est
1143 5018 1244 5056 cur
1267 5019 1383 5057 non
1417 5003 1680 5073 pervenit
1779 5000 2098 5067 ecclesiam,
2124 5003 2453 5055 memorato
2494 4998 2767 5071 pontiﬁce
2799 4998 2998 5053 missas
3043 5002 3391 5071 celebrante,

109 5083 164 5137 ad
185 5087 455 5146 effectum.
480 5092 567 5146 Ad
590 5092 746 5145 hunc
773 5090 1146 5162 Chilpericus,
1174 5107 1273 5145 rex
1300 5090 1676 5161 Francorum,
1780 5091 2093 5160 petiiteum
2122 5088 2378 5159 eulogias
2403 5087 2508 5142 sibi
2539 5086 2827 5149 dare.Quo
2848 5092 3393 5157 recussante,mina-

109 5184 214 5227 suos
240 5175 486 5250 dirigens
518 5181 761 5251 legatos,
797 5180 980 5233 multa
1006 5179 1077 5233 ab
1108 5196 1176 5234 eo
1204 5184 1681 5243 ornamenta,au-
1780 5185 1870 5236 tus
1891 5181 1976 5233 est
2005 5193 2064 5230 se
2094 5176 2375 5248 quosdam
2400 5176 2470 5230 de
2490 5173 3079 5247 populointerimere,
3113 5180 3391 5249 quoniam

108 5274 213 5317 reos
238 5268 403 5336 etiam
430 5269 791 5340 singularum
816 5267 1063 5339 suscepit
1093 5268 1681 5336 librarum,habentes
1781 5269 1902 5324 sine
1908 5265 2128 5338 judicio
2145 5265 2506 5319 sacerdotum
2522 5280 2655 5318 eum
2677 5262 3088 5318 communione
3119 5265 3389 5336 privaret.

112 5348 167 5402 ab
201 5369 304 5411 una
332 5361 490 5429 parte
530 5357 791 5429 efﬁgiem
823 5356 1189 5430 imperatoris
1241 5361 1299 5412 et
1356 5357 1413 5412 in
1469 5358 1680 5412 circulo
1778 5358 1935 5412 Tunc
1954 5353 2212 5427 pontifex
2243 5350 2511 5423 eulogias
2547 5351 2783 5424 quidem
2811 5351 2863 5406 ei
2904 5350 3081 5420 dedit,
3104 5352 3228 5425 regi
3256 5370 3391 5411 vero

113 5439 381 5512 scriptum:
410 5448 619 5502 TIBERI!
670 5446 1035 5501 Cossumruvr
1090 5463 1345 5500 reapsrm
1398 5447 1682 5513 AUGUSTI;
1782 5462 1888 5517 per
1913 5444 2221 5498 diaconum
2279 5439 2531 5493 innotuit
2555 5456 2682 5512 quae
2722 5443 2849 5494 acta
2894 5439 3143 5497 fuerant.
3174 5442 3395 5516 Regina

112 5526 172 5580 ab
199 5530 300 5588 alio
323 5551 452 5590 vero
484 5534 831 5609 quadrigam
872 5550 936 5588 ac
964 5550 1328 5589 ascensorem
1380 5534 1683 5589 continen-
1781 5534 1975 5603 itaque
2007 5530 2293 5582 clamante
2344 5527 2535 5600 ipsum
2587 5529 2859 5584 clericum
2905 5530 3329 5602 exploratorem
3359 5548 3395 5588 a

117 5617 284 5694 tesque
310 5623 585 5702 scriptum
624 5641 638 5682 :
667 5624 893 5682 (ἔιοιιιλΔ
932 5624 1296 5681 ΒοιιΑΝοιιωι.
1320 5623 1494 5701 Hujus
1520 5639 1683 5681 exer-

1811 5622 2042 5692 leroveo
2064 5614 2447 5687 missum,rex
2474 5631 2609 5675 eum
2656 5617 2718 5677 in
2774 5616 3040 5678 exsilium
3095 5621 3394 5698 relegavit.
