3862 6210
457 376 558 430 707

1539 351 1803 413 AIMOINI
1833 352 2143 410 MONACHI
2182 344 2679 410 FLORIACENSIS

3689 349 3789 405 708

457 493 675 553 Direxit
691 497 888 550 autem
905 491 980 546 ad
998 488 1449 553 sacerdotem,ut
1479 483 1778 539 inimicum
1799 498 1964 536 suum
1997 480 2067 534 de
2093 485 2147 543 Α
2173 481 2515 552 capiendum
2536 478 2659 533 fore
2684 477 3034 549 intelligens,
3062 474 3236 531 virtus
3258 493 3351 544 ne,
3379 475 3424 529 si
3448 476 3521 530 ad
3561 476 3790 546 patrem

457 584 695 641 ecclesia
718 583 1044 653 expelleret.
1098 577 1208 632 Sed
1240 593 1306 630 eo
1365 573 1686 637 differente,
1726 569 2074 640 Chilpericus

455 672 766 728 exercitum
785 667 1137 724 commoveri
1156 663 1445 736 praecepit.
1467 660 1632 724 Quod
1655 659 1890 712 audiens
1903 657 2076 710 Mero-

455 779 592 816 veus
615 761 691 814 ba
706 759 897 814 asilica
917 755 1113 827 egredi
1144 752 1342 808 voluit.
1368 748 1659 804 Leudastis
1679 763 1811 800 vero
1831 744 2070 799 Turoni-

459 867 556 906 cus
587 865 783 904 comes
819 861 1024 918 pueros
1055 843 1197 913 ejus,
1239 839 1335 912 qui
1371 853 1473 910 pro
1522 833 1853 890 necessariis
1891 834 2073 886 causis

458 939 519 993 in
547 936 741 991 villam
773 935 980 999 ierant,
1030 929 1293 1002 peremit.
1346 926 1709 995 Quapropter
1760 922 2069 985 Meroveus,

460 1024 756 1080 adnitente
790 1022 1151 1084 Guntranno,
1181 1013 1520 1071 Marileﬁ‘um
1553 1011 1844 1066 medicum
1876 1027 1909 1063 a
1935 1023 2073 1078 rege

457 1111 787 1166 venientem
809 1107 1015 1174 tenuit,
1042 1106 1347 1175 ablatoque
1375 1118 1514 1156 auro
1546 1116 1611 1154 ac
1634 1101 1874 1169 argento
1921 1095 2076 1166 quod

453 1200 696 1262 ferebat,
730 1214 864 1252 eum
887 1196 1081 1266 utique
1116 1191 1433 1253 occidisset,
1464 1188 1570 1243 nisi
1620 1187 1714 1240 ille
1768 1183 2075 1239 ecclesiam

455 1286 781 1359 expetisset.
809 1287 1032 1338 Interea
1062 1282 1198 1336 dum
1233 1280 1303 1334 de
1339 1282 1501 1350 patre
1531 1292 1594 1331 ac
1624 1289 1869 1328 noverca
1893 1272 2073 1325 Mero-

457 1392 592 1429 veus
622 1374 804 1428 multa
829 1372 1158 1442 loqueretur
1174 1367 1450 1434 facinora,
1476 1363 1726 1436 quadam
1742 1360 1834 1414 die
1867 1359 2077 1429 Grego-

460 1463 613 1519 rium
636 1461 967 1532 episcopum
999 1457 1070 1511 ad
1115 1454 1435 1510 convivium
1467 1451 1736 1516 invitans,
1768 1451 1937 1519 rogat
1969 1444 2072 1499 ali-

463 1551 602 1624 quid
633 1550 705 1604 ad
735 1546 1175 1602 uadiflcationem
1208 1541 1343 1612 legi.
1373 1541 1531 1594 Tunc
1562 1537 1817 1602 antistes,
1843 1537 2071 1604 arrepto

465 1635 792 1692 Salomonis
822 1633 990 1700 libro,
1019 1633 1171 1686 hunc
1197 1629 1448 1702 primum
1481 1625 1822 1679 versiculum
1856 1619 2077 1675 invenit

467 1742 531 1780 ac
561 1724 747 1796 legit:
794 1721 1037 1786 Oculum,
1085 1719 1180 1790 qui
1216 1722 1490 1770 aversatur
1530 1719 1763 1783 patrem,
1817 1707 2075 1778 e/fodiant

2176 570 2498 635 duceretur,
2531 584 2735 638 graves
2766 568 2836 622 de
2890 583 2951 621 se
3003 583 3201 638 pmnas
3263 565 3445 629 daret,
3489 563 3792 618 Gailenum

2175 657 2485 728 quemdam
2507 656 2613 709 sibi
2639 655 2983 709 familiarem
3005 652 3250 724 rogavit,
3275 657 3337 706 ut
3352 668 3411 706 se
3434 651 3632 722 gladio
3664 667 3788 722 per-

2175 747 2412 798 cuteret.
2435 747 2482 796 Α
2504 760 2615 814 quo
2647 744 2827 797 cultro
2862 758 2964 813 per
2994 741 3211 794 viscera
3232 740 3506 810 trajectus
3548 738 3791 797 interiit.

2174 822 2459 898 Gailenus,
2490 830 2768 884 truncatis
2799 829 3142 883 manibusac
3163 828 3404 899 pedibus
3433 827 3697 894 ,naribus
3723 827 3792 878 si-

2177 921 2296 973 mul
2342 923 2402 973 et
2433 918 2685 984 auribus,
2717 917 2966 989 turpiter
3016 916 3192 969 vitam
3245 915 3449 970 finivit.
3483 916 3623 968 Post
3680 913 3797 966 hanc

2178 1007 2400 1062 Sanson
2432 1007 2576 1060 filius
2607 1005 2907 1076 Chilperici
2939 1007 3202 1059 mortuus
3232 1009 3336 1058 est.
3395 1002 3567 1073 Cujus
3629 1001 3796 1055 funus

2178 1112 2309 1150 cum
2337 1094 2518 1149 nimia
2542 1094 2960 1150 lamentatione
2985 1092 3144 1146 idem
3175 1108 3272 1145 rex
3316 1093 3657 1162 prosecutus
3691 1091 3792 1142 est.

2179 1185 2255 1238 Eo
2287 1200 2440 1238 anno
2468 1183 2630 1238 stella
2659 1182 2716 1236 in
2747 1181 2939 1236 medio
2971 1182 3124 1234 lunae
3151 1180 3377 1251 fulgens
3392 1178 3510 1232 visa
3539 1181 3652 1233 est.

2775 1269 2996 1324 CAPUT
3019 1269 3191 1324 XXIV.

2174 1363 2258 1417 .Dc
2279 1358 2848 1417 Guntranni-Bosonis
2871 1358 3089 1426 ﬁliabus
3113 1359 3308 1411 virtute
3322 1356 3498 1428 patris
3526 1353 3788 1418 liberatis,

2599 1448 2934 1516 suﬂ‘ragante
2947 1445 3067 1498 divo
3089 1443 3350 1498 Martino.

2249 1537 2494 1600 Quidam
2515 1535 2946 1604 potentissimus
2968 1549 3273 1604 procerum
3297 1529 3630 1603 Chi'perici,
3650 1530 3789 1584 Gun-

2175 1625 2591 1692 trannus-Boso
2613 1639 2725 1677 uno
2750 1621 2985 1677 nomine
3015 1621 3094 1675 sic
3125 1619 3330 1682 dictus,
3361 1618 3592 1672 relectis
3613 1616 3675 1671 in
3707 1633 3788 1670 ec-

2177 1712 2345 1766 clesia
2374 1711 2555 1766 sancti
2578 1712 2772 1765 Hilarii
2794 1710 3019 1764 ﬁliabus
3055 1709 3190 1775 suis,
3222 1708 3295 1762 ad
3355 1706 3788 1761 Childebertum

468 1831 590 1868 eum
619 1793 767 1866 corvi
803 1810 866 1862 de
908 1807 1229 1863 torrentibus
1260 1804 1448 1876 (Prov.
1496 1801 1644 1870 xxx).
1690 1799 1758 1852 Et
1787 1799 1907 1850 hinc
1948 1795 2074 1867 qui-
2098 1797 2148 1856 B
2175 1801 2418 1855 transiit.
2441 1803 2607 1854 Anno
2622 1815 2752 1854 vero
2778 1799 2944 1853 tertio
2966 1797 3132 1868 regni
3151 1796 3501 1851 Childeberti
3520 1793 3789 1865 junioris,

470 1902 604 1955 dem
631 1899 724 1954 ille
758 1915 874 1952 non
902 1893 1204 1959 intellexit,
1229 1891 1464 1946 antistes
1502 1905 1635 1942 vero
1677 1885 1918 1940 miratus
1966 1887 2072 1950 est,

469 1985 894 2059 redargutionis
922 1983 1027 2038 sibi
1058 1981 1230 2036 verba
1261 1981 1450 2051 prima
1480 1975 1811 2032 occurrisse.

1065 2069 1296 2124 CAPUT
1327 2069 1476 2122 XXII.

681 2164 763 2218 De
794 2161 1114 2216 Guntranno
1143 2158 1521 2226 Pythonissam
1536 2152 1864 2208 consultante

543 2255 674 2309 Post
687 2253 809 2306 hac
835 2248 1420 2304 direxitGuntrannus
1445 2243 1516 2297 ad
1536 2241 1838 2295 mulierem
1863 2235 2077 2307 Pytho-

471 2344 708 2409 nissam,
735 2357 860 2411 qum
894 2340 945 2392 ei
976 2335 1286 2407 aliquando
1319 2349 1436 2386 non
1462 2332 1647 2385 solum
1663 2343 1883 2382 annum
1901 2323 1999 2378 sed
2021 2325 2079 2376 et

472 2432 629 2487 diem
658 2432 715 2483 et
743 2429 953 2482 horam
985 2441 1098 2496 qua
1128 2421 1496 2477 Charibertus
1529 2435 1622 2472 rex
1689 2415 1896 2480 obiret,
1930 2428 2076 2484 prae-

471 2520 711 2584 dixerat,
741 2518 803 2569 ut
840 2531 968 2569 eam
1011 2528 1181 2582 super
1222 2512 1372 2562 statu
1402 2506 1789 2575 interrogaret
1818 2518 1938 2555 suo.
1976 2497 2077 2553 Cui

471 2608 569 2661 illa
601 2607 723 2658 haec
756 2601 976 2656 remisit
1007 2599 1362 2654 mandatam
1389 2597 1525 2659 Hoc,
1550 2591 1916 2663 inquit,anno
1931 2587 2078 2642 Chil-

471 2692 663 2766 perico
677 2690 775 2744 def
778 2683 1518 2755 uncto,Meroveus,devictis
1531 2679 2076 2747 fratribus,regnum

471 2779 730 2851 accipiet,
796 2781 968 2847 teque
1021 2775 1227 2828 ducem
1276 2769 1600 2826 constituet.
1659 2766 1780 2830 Quo
1837 2778 2078 2817 munere

472 2865 866 2940 quinquennio
892 2865 1142 2929 functus,
1161 2860 1407 2932 septimo
1429 2855 1694 2911 efﬁcieris
1721 2853 2074 2924 episcopus.»

540 2957 656 3010 Hoc
700 2955 796 3008 ille
828 2953 1096 3024 episcopo
1136 2947 1409 3019 Gregorio
1437 2945 1652 3012 retulit,
1686 2946 1744 2997 et
1773 2942 1844 2996 ab
1876 2957 1943 2994 eo
1973 2941 2080 2993 hoc

2175 1887 2272 1958 qui
2303 1891 2427 1941 erat
2448 1887 2749 1957 Chilperici
2772 1885 3164 1940 etGuntranni
3191 1885 3468 1957 septimus
3507 1883 3785 1946 decimus,

2175 1975 2720 2030 Guntrannus-Boso
2743 1975 2888 2028 ﬁlias
2917 1991 3045 2028 suas
3061 1974 3298 2028 Pictavis
3327 1972 3553 2026 auferre
3568 1972 3785 2035 volens,

2175 2064 2559 2118 Dracolenum
2614 2063 2927 2134 quendam,
2987 2062 3093 2116 sibi
3147 2061 3583 2115 infestissimum
3618 2074 3788 2129 seque

2176 2155 2644 2222 persequentem,
2674 2154 2735 2205 ut
2765 2168 2798 2205 a
2822 2167 2879 2204 se
2908 2153 3262 2205 averteretur
3278 2149 3544 2220 precibus
3567 2163 3635 2201 ac
3666 2163 3787 2199 mu-

2178 2239 2410 2292 neribus
2422 2241 2652 2294 flectere
2669 2238 3426 2303 nitebatur.Dracolenus,ut
3448 2238 3573 2289 erat
3596 2238 3787 2288 mente

2179 2329 2378 2394 elatus,
2405 2328 2650 2398 superbe
2681 2326 3001 2398 respondit,
3034 2341 3294 2380 asserens
3319 2341 3378 2378 se
3436 2323 3782 2387 funiculum,

2179 2432 2320 2487 quos
2351 2417 2491 2470 alios
2523 2416 2790 2486 deceptos
2835 2414 3076 2485 perdere
3103 2414 3347 2479 solebat,
3387 2416 3658 2485 paratum
3692 2412 3789 2465 ha-

2178 2505 2335 2571 bere,
2368 2507 2430 2557 ut
2459 2520 2527 2558 eo
2560 2504 2963 2557 Guntrannum
2995 2501 3456 2556 involveret.Non
3487 2500 3619 2554 tulit
3640 2500 3788 2554 Gun-

2177 2594 2418 2645 trannus
2443 2592 2689 2662 superba
2711 2592 3055 2662 jactantem,
3087 2590 3186 2645 sed
3209 2606 3414 2644 manus
3440 2590 3674 2644 elevans
3727 2588 3781 2641 in

2177 2679 2998 2752 coalum,prodigiafacientcm
3018 2677 3304 2733 invocavit
3327 2677 3642 2733 Dominum
3656 2679 3783 2732 etut

2179 2769 2281 2824 sibi
2318 2786 2421 2839 per
2450 2769 2918 2824 intercessionem
2942 2767 3091 2822 beati
3129 2766 3356 2821 Martini
3414 2765 3785 2820 misereretur

2181 2859 2380 2914 oravit.
2407 2859 2755 2928 Congressus
2779 2859 2981 2911 contra
3001 2855 3414 2920 adversarium,
3442 2853 3637 2908 fauces
3657 2870 3785 2908 con-

2180 2947 2443 3001 tumacia:
2484 2946 2654 2999 verba
2685 2944 2978 3016 profantes
3012 2946 3181 2998 conto
3240 2942 3550 2997 transfodit
3603 2943 3780 2996 eleva-

468 3059 808 3114 responsum
836 3040 1100 3130 accepit:
1133 3062 1158 3130 ξ(
1211 3039 1321 3130 Ista
1355 3034 1538 3130 magis
1568 3050 1601 3087 a
1646 3035 1771 3130 lDeo
1807 3045 2010 3130 qu'ilm‘
2048 3045 2082 3082 ἃ
2106 3071 2153 3130 C
2183 3038 2420 3104 tumque
2477 3034 2615 3087 sella
2670 3031 3017 3103 equitatoria
3068 3030 3278 3101 dejecit
3337 3029 3666 3084 exanimem
3718 3029 3785 3082 ad

471 3132 700 3188 diabolo
732 3129 949 3200 exquiri
980 3126 1327 3181 debuissent.
1363 3144 1389 3171 η
1429 3123 1838 3176 Verumtamen
1872 3116 2079 3170 Frede-

470 3217 700 3289 gundis,
732 3231 859 3287 quae
916 3213 1137 3268 occulte
1184 3213 1519 3266 Guntranno
1564 3207 1793 3262 favebat
1846 3207 2082 3276 propter

470 3301 1116 3361 mortemTheodeberti
1139 3301 1281 3373 (non
1304 3300 1461 3354 enim
1489 3298 1678 3352 fuerat
1703 3313 1767 3349 ex
1783 3311 1850 3349 ea
1873 3295 2079 3358 natus),

471 3394 629 3449 misit
661 3394 732 3448 ad
763 3410 894 3447 eum
929 3394 990 3446 ut
1011 3393 1269 3446 Meroveo
1301 3387 1568 3442 suaderet
1593 3383 1875 3456 egrediab
1903 3381 2082 3435 eccle-

470 3484 572 3538 sia.
590 3483 686 3537 llle
706 3484 918 3554 praesto
932 3483 1141 3551 putans
1160 3478 1307 3532 forte
1321 3488 1824 3547 percussores,non
1841 3467 2079 3535 distulit;

469 3573 570 3627 sed
599 3571 744 3626 nilei
767 3569 981 3625 nocuit.
1007 3570 1255 3623 Demum
1269 3564 1624 3636 Chilpericus
1653 3578 1753 3633 per
1775 3559 2082 3613 diaconum

471 3661 546 3716 ad
571 3661 899 3733 sepulcrum
931 3657 1112 3712 sancti
1145 3653 1369 3711 Martini
1396 3652 1535 3706 duas
1565 3649 1744 3704 mittit
1773 3645 2082 3706 chartulas,

471 3732 717 3821 quarum
742 3765 857 3802 una
883 3744 1220 3801 continebat
1240 3745 1299 3796 ut
1319 3739 1424 3794 sibi
1443 3737 1712 3794 divinitus
1735 3735 1792 3788 in
1817 3732 2082 3804 alia,quae

471 3841 596 3892 erat
619 3854 816 3904 vacua,
849 3833 1266 3888 rescriberetur
1295 3829 1339 3882 si
1370 3828 1520 3880 foret
1563 3825 1646 3879 fas
1676 3824 2082 3877 Guntrannum

471 3942 506 3980 a
551 3927 768 3997 templo
822 3921 1064 3977 extrahi.
1116 3918 1419 3980 Diaconus,
1481 3912 1672 3968 triduo
1730 3913 2082 3982 exspectans,

467 4014 657 4070 inanis
689 4031 722 4067 a
752 4025 1030 4082 responso
1092 4004 1378 4060 abscessit.
1415 4001 1528 4058 Sed
1587 4001 1954 4054 Guntrannus
1998 4015 2087 4052 ve-

471 4101 762 4157 nientibus
807 4097 958 4167 regis
992 4094 1198 4161 missis,
1230 4093 1422 4164 palam
1465 4090 1658 4145 altaris
1711 4105 1842 4143 cum
1899 4104 2082 4142 sacra-

472 4191 672 4244 mento
703 4186 1100 4256 ﬁdejussorem
1128 4182 1306 4248 dedit,
1318 4182 1609 4252 jactanter
1636 4178 1920 4252 pollicitus
1942 4193 2086 4230 nun-

475 4293 650 4349 quam
682 4292 740 4331 se
770 4273 946 4329 inscio
971 4289 1108 4344 rege
1140 4271 1424 4342 templum
1455 4284 1841 4342 egressurum.

1070 4359 1300 4415 CAPUT
1325 4360 1498 4414 XXIII.

603 4453 685 4508 De
711 4451 961 4509 Mcroveo
992 4450 1264 4505 oraculum
1294 4466 1325 4502 a
1350 4448 1507 4504 libris
1527 4447 1722 4501 divinis
1742 4449 1975 4515 potente.

545 4543 803 4598 Tandem
819 4537 1470 4612 Meroveus,postpositis
1483 4533 1836 4607 Pythonissse
1854 4545 2087 4601 respon-

477 4632 572 4701 sis,
603 4647 707 4703 per
735 4629 990 4685 triduum
1015 4629 1275 4700 vigilans,
1300 4627 1359 4680 in
1391 4624 1595 4679 divinis
1609 4623 1716 4676 hoc
1741 4633 2086 4692 responsum

475 4721 635 4778 libris
664 4721 900 4793 accepit.
925 4721 986 4774 In
1019 4720 1240 4789 Regum
1267 4715 1503 4787 quidem
1537 4711 1649 4767 :Eo
1689 4709 1849 4782 quod,
1878 4706 2086 4778 inquit,

477 4811 758 4883 reliquistis
781 4810 1076 4863 Dominum
1117 4806 1293 4858 Deum
1321 4809 1575 4866 vestrum,
1607 4797 1824 4852 tradidit
1843 4814 1931 4850 vos
1946 4795 2090 4849 Deus

478 4903 535 4958 in
572 4918 760 4956 manus
790 4899 1137 4955 inimicorum
1155 4891 1532 4948 vestrorum.ln
1565 4886 1840 4942 Psalterio
1854 4888 2049 4939 autem
2074 4899 2086 4938 :

476 4991 732 5062 Dejccisti
789 5007 892 5054 eos,
951 4986 1078 5040 dum
1143 4984 1503 5038 allevarentur
1563 4977 1731 5048 (Ps-al.
1787 4977 1970 5037 Lxxn).
2028 4975 2090 5026 In

477 5079 785 5151 Evangelio
811 5093 944 5131 vero
975 5092 987 5129 :
1023 5074 1176 5130 Scitis
1207 5073 1330 5145 quia
1343 5078 1465 5142 post
1491 5067 1710 5122 biduum
1735 5065 1948 5119 Pascha
1977 5063 2088 5132 ﬁet,

480 5172 589 5224 etc.
612 5167 836 5240 (Matth.
864 5164 1035 5236 xxvn).
1063 5163 1158 5218 Ilis
1182 5162 1274 5216 ille
1296 5159 1427 5215 visis
1448 5159 1616 5224 ﬂens,
1641 5155 1714 5210 ad
1742 5153 1924 5210 sancti
1954 5152 2093 5206 Mar-

477 5257 585 5314 tini
604 5257 867 5312 tumbam
893 5270 1024 5310 cum
1057 5249 1393 5325 quingentis
1408 5251 1464 5302 et
1479 5264 1546 5302 eo
1562 5244 1811 5315 amplius
1822 5241 1975 5309 viris,
2001 5256 2089 5294 as-

479 5349 710 5416 sumpto
742 5359 969 5416 quoque
999 5343 1336 5397 Guntranno
1366 5337 1531 5402 duce,
1566 5332 1839 5401 discessit,
1876 5337 1934 5385 et
1991 5344 2094 5401 per

476 5433 1003 5489 Atissiodorensem
1053 5429 1262 5484 urbem
1293 5425 1527 5482 Divione
1587 5425 1775 5476 castro
1834 5420 2090 5486 veniens,

479 5520 687 5577 exinde
717 5521 791 5576 ad
822 5522 1165 5575 Remensem
1199 5513 1580 5588 Campaniam
1609 5509 1858 5565 transiit.
1893 5507 2022 5577 Qui,
2056 5525 2090 5563 a

483 5609 940 5667 Tarvanensibus
966 5607 1029 5666 in
1059 5606 1313 5681 quadam
1338 5603 1472 5660 villa
1495 5601 1918 5658 circumventus
1951 5601 2009 5655 et
2033 5615 2094 5655 se

2183 3126 2419 3176 terram.
2450 3122 2564 3175 Hoc
2596 3125 2804 3175 eventu
2834 3120 2985 3174 felici
3016 3137 3166 3187 usus,
3201 3120 3504 3174 translatas
3536 3137 3569 3174 a
3609 3118 3782 3173 Picta-

2183 3228 2383 3266 vorum
2412 3211 2551 3264 urbe
2578 3210 2636 3264 ﬁl
2666 3227 2727 3263 as
2753 3209 2988 3264 deduxit
3032 3226 3145 3282 quo
3178 3209 3376 3265 voluit.

2793 3298 3015 3352 CAPUT
3039 3298 3185 3352 XXV.

2409 3386 2491 3441 De
2528 3385 2881 3441 Pictavorum
2913 3385 3304 3456 Britonumque
3331 3383 3614 3439 discordia.

2257 3475 2638 3530 Pictavienscs
2668 3491 2897 3546 quoque
2931 3477 2988 3528 et
3023 3473 3352 3544 Bagasseni,
3385 3473 3483 3545 qui
3518 3489 3663 3526 nunc
3685 3474 3781 3525 Ar-

2183 3564 2406 3619 basseni
2441 3564 2728 3629 dicuntur,
2757 3563 3048 3633 conjuncti
3069 3561 3595 3631 Andegavensibus,
3621 3561 3784 3614 Varo-

2183 3653 2314 3690 cum
2346 3635 2621 3689 comitem
2670 3631 2973 3688 Britonum
3005 3633 3313 3705 repentino
3351 3633 3574 3704 impetu
3604 3631 3782 3704 oppri-

2185 3740 2344 3778 mere
2379 3723 2787 3777 moliebantur.
2824 3722 3080 3786 Quorum
3111 3721 3389 3794 praevenit
3420 3721 3650 3775 insidias
3687 3719 3781 3772 Va-

2182 3829 2368 3879 rocus,
2405 3812 2556 3865 circa
2583 3811 2845 3866 medium
2876 3811 3058 3866 noctis
3088 3827 3262 3881 super
3307 3827 3404 3864 eos
3459 3810 3679 3864 irruens
3725 3810 3776 3860 et

2185 3901 2500 3955 maximam
2532 3916 2597 3953 ex
2629 3899 2709 3952 eis
2736 3902 2990 3969 stragem
3018 3898 3254 3956 faciens.
3282 3897 3474 3952 Tertia
3502 3913 3633 3952 vero
3698 3894 3775 3948 die

2184 4005 2315 4042 cum
2347 3989 2582 4043 ducibus
2613 3987 2920 4058 Chilperici
2950 3987 3132 4042 fmdus
3155 3985 3394 4058 pepigit,
3431 3986 3574 4040 dans
3611 3983 3774 4038 ﬁlium

2185 4094 2351 4132 suum
2378 4077 2635 4132 obsidem
2667 4081 2865 4148 etquae
2887 4079 3215 4147 pervaserat
3236 4075 3776 4130 reddensNenetum

2185 4183 2413 4237 quoque
2441 4167 2642 4220 urbem
2657 4181 2725 4219 ea
2753 4165 3084 4219 conditione
3105 4163 3318 4218 refudit
3351 4167 3416 4216 ut
3439 4163 3482 4217 si
3516 4180 3582 4217 ex
3612 4158 3773 4232 gratia

2186 4255 2335 4326 regis
2361 4271 2492 4308 eam
2522 4258 2718 4309 tenore
2761 4253 3325 4320 mereretur,tributa
3354 4251 3660 4323 quotannis
3688 4247 3778 4302 sol-

2111 4353 2164 4412 D
2187 4360 2315 4398 vere
2349 4359 2463 4396 non
2499 4345 2907 4396 morarcretur.
2942 4341 3249 4411 Aliquanto
3276 4345 3471 4393 autem
3495 4339 3770 4408 interjeclo

2187 4436 2450 4502 tempore
2478 4448 2511 4484 a
2543 4430 2654 4484 ﬁde
2684 4429 3020 4491 descisccns,
3054 4428 3302 4482 Eunium
3332 4428 3612 4482 Veneﬁca:
3643 4423 3773 4479 urbis

2188 4521 2522 4594 episcopum
2554 4519 2622 4573 ad
2639 4535 2837 4588 regem
2868 4518 3082 4588 dirigit,
3117 4534 3219 4588 pro
3253 4516 3596 4587 quibusdam
3618 4510 3776 4568 causis

2187 4626 2463 4676 responsa
2493 4610 2765 4662 laturum.
2794 4606 2978 4670 Quem
3011 4623 3107 4660 rex
3139 4623 3270 4660 cum
3305 4605 3388 4659 ira
3425 4605 3774 4676 objurgatum

2190 4699 2396 4754 direxit
2425 4699 2484 4751 in
2512 4696 2797 4751 exsilium.

2695 4784 2919 4839 CAPUT
2951 4782 3120 4850 XXVI,
3145 4782 3341 4837 XXVII.

2191 4876 2273 4932 De
2295 4875 2585 4947 Clu/periri
2611 4875 2666 4928 in
2688 4874 3075 4928 Prwtextatum
3119 4874 3416 4942 episcopum
3475 4869 3774 4925 accusatione

2640 4970 2689 5017 et
2717 4961 3380 5031 Prwtextatipurgatione,

2264 5055 2359 5110 His
2389 5055 2466 5109 ita
2492 5052 2686 5126 gestis,
2704 5051 3033 5122 Ghipericus
3059 5067 3157 5104 rex
3190 5053 3546 5122 congregato
3567 5042 3776 5104 concilio

2193 5146 2534 5218 pontificum
2564 5143 2622 5198 in
2655 5142 2892 5197 ecclesia
2915 5139 3273 5196 SanctiPetri
3290 5140 3587 5194 Parisiacae
3629 5134 3777 5194 urbis,

2193 5237 2599 5292 Praetextatum
2614 5233 3140 5302 Rothomagensem
3153 5228 3668 5302 epiSCOpum(cujus
3678 5224 3778 5295 jam

2193 5323 2584 5394 meminimus)
2606 5321 2801 5376 exsilio
2829 5319 3247 5387 revocatum,in
3274 5335 3480 5372 eorum
3501 5310 3775 5390 praesentia

2192 5431 2323 5470 cum
2355 5415 2462 5469 hac
2488 5411 2853 5467 accusatione
2885 5408 3160 5476 exhibuit,
3215 5407 3495 5464 dicensu
3523 5399 3776 5471 Quamvis,

2193 5502 2506 5559 venerandi
2533 5500 2854 5574 pontifices,
2879 5497 3039 5570 regia
3063 5500 3316 5569 potestas
3346 5513 3514 5552 reum
3545 5492 3773 5574 majestaj

2197 5596 2266 5652 tis
2293 5594 2513 5669 legibus
2530 5573 2919 5648 condemnare
2943 5587 3141 5662 possit,
3162 5605 3272 5663 ego
3290 5592 3491 5647 tamen
3505 5590 3670 5653 hunc,
3697 5573 3774 5651 qui
