3862 6210
184 399 282 455 709

1257 377 1579 448 HISTORIA
1612 371 2060 443 "FRANCORUM.
2091 417 2162 428 —
2194 377 2319 442 LIB.
2350 379 2437 441 ΠΙ.

3392 377 3501 446 ’710

187 519 394 572 falsum
430 514 535 570 sibi
572 511 825 586 pastoris
857 529 1071 567 nomen
1104 515 1358 584 usurpat,
1389 505 1800 580 conjurationis
1823 511 1878 569 Α
1900 523 2015 572 vas,
2047 505 2188 561 mihi
2228 523 2328 561 cur
2359 503 2648 575 denegas?
2699 502 2830 570 Sed,
2880 505 2940 556 ut
2989 497 3172 570 video,
3225 507 3502 574 perversis

186 609 387 662 contra
421 621 516 658 me
533 603 704 656 facta:
738 601 1232 669 auctorem,sacris
1263 617 1378 654 non
1403 597 1801 653 contradicens

191 693 536 756 canonibus,
561 694 767 744 vestra:
799 689 1105 744 audientiae
1138 691 1553 758 repraesento.»
1582 687 1646 738 Et
1662 701 1798 738 con-

187 800 382 837 versus
405 781 478 835 ad
498 782 908 834 Praztextatum
923 778 1450 847 Rothomagensei‘n
1470 775 1799 846 episc0pum

192 896 217 922 ‹‹
254 872 330 926 Ut
358 871 524 942 quid,
566 869 666 934 ait,
701 886 734 923 ο
765 867 1050 938 episcopo,
1081 882 1324 920 munera
1365 865 1576 936 populo
1605 865 1806 916 contra

184 977 376 1014 meam
391 957 643 1029 erogasti
659 956 1125 1019 salutem?Quave
1142 955 1211 1008 de
1227 969 1399 1008 causa
1415 952 1592 1006 lilium
1611 966 1804 1004 meum

187 1049 522 1104 Heroveum
541 1063 673 1102 cum
694 1061 867 1100 uxore
884 1043 1071 1115 patrui
1088 1041 1587 1113 conjunxisti?Non
1603 1040 1808 1108 ignora

183 1137 281 1190 bas
307 1135 454 1206 quid
473 1134 545 1188 de
564 1135 670 1188 hac
692 1149 863 1187 causa
882 1131 1023 1185 sacri
1047 1130 1309 1184 sauciant
1329 1127 1804 1190 canones‘?Quare

184 1228 383 1278 autem
412 1223 496 1276 ita
526 1222 709 1276 filium
734 1221 1002 1274 adversus
1019 1223 1247 1289 patrem
1271 1216 1506 1272 armasti
1532 1232 1720 1279 suum,
1745 1216 1806 1267 ut

186 1311 277 1364 ille
302 1311 530 1381 pariter
548 1326 678 1363 cum
699 1309 811 1362 vita
832 1324 1075 1378 regnum
1104 1308 1273 1360 vellet.
1302 1306 1523 1376 eripere
1543 1303 1803 1357 meum?»

188 1401 509 1470 Postquam
539 1414 670 1452 vero
701 1414 800 1450 rex
830 1397 1000 1462 siluit,
1034 1394 1254 1459 Franci,
1289 1395 1384 1464 qui
1437 1409 1556 1463 pra:
1589 1391 1805 1445 foribus

189 1487 424 1540 stabant
443 1487 530 1540 fre
540 1487 782 1551 mentes,
799 1483 944 1537 ostia
956 1483 1202 1537 basilica:
1220 1481 1528 1553 effringere
1547 1479 1805 1534 niteban-

189 1579 303 1640 tur,
341 1576 403 1627 ut
446 1573 763 1626 antistitem
805 1571 986 1642 ptenis
1025 1571 1360 1625 subderent.
1397 1569 1508 1624 Sed
1536 1585 1654 1642 rex,
1682 1567 1803 1620 haec

191 1663 316 1716 fieri
333 1641 1020 1733 prohibens,Przetextato
1034 1658 1259 1729 copiam
1279 1641 1566 1728 purgandi
1583 1654 1800 1709 tribuit.

192 1749 458 1820 Cumque
485 1748 578 1802 ille
609 1748 837 1816 objecta
864 1747 1173 1812 refelleret,
1207 1745 1442 1816 quidam
1476 1743 1601 1797 falsi
1635 1746 1805 1795 testes

1900 596 2214 660 consentis,
2246 599 2304 649 et
2336 594 2608 664 impletur
2651 592 2708 646 in
2741 595 2796 646 te
2839 593 3070 662 vulgare
3109 593 3499 662 proverbium,

1901 684 2055 754 quod
2089 685 2300 736 Corvus
2331 681 2482 736 corvi
2511 681 2738 735 oculum
2767 697 2882 735 non
2916 683 3095 735 eruet.
3126 701 3152 726 ››
3189 679 3287 734 Cui
3318 697 3503 736 sacer-

1905 774 2034 829 dos:
2071 795 2097 821 ‹‹
2127 773 2276 836 Mihi,
2301 771 2507 842 inquit,
2543 788 2574 822 0
2598 769 3063 840 rex,zequitatem
3085 768 3506 826 deserenticor-

1907 856 2168 922 reptores
2198 856 2364 906 erunt
2393 851 2576 905 multi.
2601 851 2675 904 Te
2709 853 2901 903 autem
2926 849 3360 920 delinquentem
3385 851 3509 922 quis

1907 940 2198 1010 corripiet,
2235 939 2338 993 nisi
2358 939 2449 992 ille
2465 938 2560 1010 qui
2587 955 2645 991 se
2672 939 2884 991 fatetur
2906 937 3303 1008 peccaminum
3326 937 3508 993 vindi-

1908 1030 2075 1084 cem?
2103 1029 2464 1100 Quapropter
2489 1027 2532 1080 si
2561 1029 2757 1095 nos,te
2780 1025 2849 1078 de
2875 1025 3098 1096 justitia
3127 1041 3506 1080 commonen-

1909 1121 2014 1183 tes,
2042 1117 2240 1172 audire
2265 1113 2699 1185 contempseris,
2733 1116 2858 1185 plus
2885 1132 2918 1168 a
2948 1115 3062 1168 Deo
3096 1131 3322 1185 quama
3343 1113 3511 1170 nobis

1906 1204 2410 1259 condemnaberis.
2446 1224 2473 1253 »
2493 1203 2576 1257 Ad
2605 1203 2724 1257 haec
2744 1219 2836 1257 rex
2859 1219 2871 1256 :
2897 1223 2925 1254 α
2944 1202 3108 1274 Apud
3126 1201 3267 1256 alios
3282 1219 3514 1274 semper

1898 1293 2137 1363 justitize
2161 1308 2389 1346 causam
2425 1291 2683 1357 obtineo,
2709 1290 2860 1362 apud
2884 1295 2939 1344 te
2960 1306 3281 1360 nunquam.
3301 1289 3510 1344 Verum

1908 1397 2014 1450 ego
2031 1380 2310 1452 Optimam
2327 1377 2516 1432 inveni
2533 1379 2765 1432 ultionis
2779 1394 2922 1432 meas
2938 1377 3265 1432 materiam.
3282 1377 3517 1431 Persua-

1905 1484 1966 1521 so
2007 1485 2258 1540 namque
2295 1466 2577 1520 Turonico
2630 1465 2864 1537 populo,
2914 1469 2976 1519 ut
3014 1465 3224 1519 clamet
3251 1464 3356 1518 sibi
3389 1482 3422 1519 a
3457 1469 3514 1519 te

1906 1555 2344 1626 zequitatisjura
2371 1553 2667 1624 denegari,
2711 1569 2818 1624 ego
2859 1570 3087 1624 quoque
3141 1554 3512 1623 proclamabo

1907 1660 2023 1710 me,
2058 1644 2153 1715 qui
2187 1643 2362 1697 etiam
2393 1641 2554 1713 regia
2604 1643 2792 1714 polleo
2839 1641 3143 1713 dignitate,
3183 1641 3261 1696 nil
3311 1658 3514 1696 eorum

1907 1750 2033 1805 qua:
2067 1732 2172 1802 ipsi
2205 1733 2496 1803 postulant
2544 1748 2578 1784 a
2620 1734 2676 1784 te
2724 1746 2886 1801 posse
2937 1730 3280 1801 promereri.
3328 1731 3395 1783 Et
3437 1731 3517 1785 sic

192 1842 501 1910 surgentes
525 1836 1028 1891 calumniahantur
1050 1853 1083 1890 a
1111 1834 1382 1905 pontifice
1411 1833 1519 1887 sibi
1563 1848 1802 1886 munera
1823 1826 1876 1887 B
1909 1826 2034 1876 οῖ’ὶο
2067 1821 2368 1875 adversum
2399 1823 2452 1872 te
2484 1820 2830 1889 POPUIOI‘UHI
2865 1818 3019 1885 0di0,
3051 1819 3247 1889 injusli
3279 1818 3515 1873 nomine

193 1929 352 1995 data,
381 1930 444 1980 ut
475 1942 676 1996 regem
701 1925 832 1978 dolo
865 1924 1194 1994 perderent.
1226 1921 1442 1986 Quibus
1471 1921 1800 1992 episcopus:

198 2038 225 2064 «
257 2017 320 2069 ln
353 2015 487 2079 hoc,
519 2013 728 2084 inquit,
752 2028 914 2066 veros
942 2028 1038 2066 vos
1059 2027 1180 2064 esse
1201 2008 1664 2079 confirmo,quod
1681 2024 1802 2060 mu-

202 2107 442 2158 neratos
471 2118 570 2155 vos
601 2117 635 2154 a
668 2117 760 2154 me
791 2100 914 2153 fore
945 2098 1230 2152 fatemini.
1260 2097 1404 2160 Quid
1423 2096 1579 2150 enim
1612 2093 1806 2148 vestris

197 2193 416 2246 ditatus
447 2189 614 2244 donis
637 2188 788 2242 aliud
819 2204 1075 2259 agerem,
1106 2185 1212 2240 nisi
1233 2188 1295 2240 ut
1326 2201 1430 2255 par
1449 2201 1553 2256 pro
1581 2183 1703 2254 pari
1717 2198 1807 2236 re-

196 2278 616 2342 ferrem?Quod
656 2293 789 2331 vero
831 2276 971 2329 falso
1001 2273 1348 2344 confingitis,
1378 2289 1470 2326 me
1499 2272 1652 2324 mala
1681 2269 1806 2341 regi

197 2368 599 2423 machinatum
635 2382 775 2430 esse,
809 2364 866 2418 id
899 2363 1167 2418 omnibus
1197 2361 1382 2416 modis
1408 2361 1614 2414 falsum
1645 2361 1748 2413 est.
1779 2380 1805 2405 ››

200 2460 326 2513 Haec
361 2473 432 2511 eo
461 2455 714 2520 dicente,
746 2470 844 2507 rex
875 2452 1110 2524 quidem
1145 2452 1200 2505 in
1230 2449 1451 2520 regiam
1479 2465 1538 2502 se
1570 2448 1804 2516 recepit,

197 2543 483 2618 episcOpis
514 2547 709 2598 autem
733 2542 791 2596 in
821 2541 995 2596 domo
1024 2539 1271 2594 ecclesiae
1299 2536 1807 2602 residentibus,ad-

198 2635 440 2689 veniens
471 2634 628 2686 Etius
659 2629 1094 2684 archidiaconus
1108 2626 1437 2681 Parisiensis
1459 2626 1646 2680 itaeos
1668 2625 1807 2678 allo-

200 2723 396 2795 quitur
422 2739 434 2776 :
465 2746 491 2770 ‹‹
515 2721 696 2786 Nunc,
723 2718 1110 2790 inquiens,est
1139 2719 1384 2785 tempus,
1411 2731 1443 2768 ο
1468 2711 1807 2767 sanctissimi

197 2811 670 2880 sacerdotes,quo
695 2811 794 2861 aut
819 2824 921 2878 pro
951 2808 1134 2859 vestra
1159 2801 1520 2873 magnanimi
1548 2804 1811 2855 constan-

202 2901 281 2954 tia
311 2895 752 2970 glorificemini,
777 2898 874 2948 aut
894 2909 998 2964 pro
1029 2892 1348 2963 dejectione
1377 2894 1430 2945 et
1462 2888 1811 2944 contumelia

197 2987 396 3043 fratris
431 3003 497 3040 ac
545 2981 869 3054 coepisc0pi
915 2980 1104 3046 vestri,
1137 2978 1492 3050 contemptui
1529 2977 1585 3030 in
1618 2982 1806 3048 postc-

200 3093 352 3142 rum,
387 3075 436 3129 si
470 3071 787 3131 tacueritis,
821 3068 1173 3124 habeamini.
1209 3090 1235 3115 ››
1265 3068 1421 3120 Tunc
1465 3065 1684 3119 caeteris
1723 3068 1808 3118 ta-

1910 1907 2300 1964 denotaberis.
2318 1927 2347 1957 ιδ
2368 1908 2613 1960 Econtra
2641 1906 2894 1978 pontifex
2920 1906 3243 1976 respondit:
3273 1907 3376 1961 «Si
3398 1907 3518 1977 qui-

1908 1997 2042 2051 dem
2083 1997 2190 2050 sim
2239 1995 2501 2065 injustus,
2565 1995 2622 2047 id
2669 1995 2784 2048 Deo
2837 1993 3017 2063 magis
3072 2010 3246 2064 quam
3313 1998 3516 2048 notum

1909 2089 2009 2140 est.
2045 2086 2127 2138 Tu
2158 2100 2290 2138 vero
2340 2083 2384 2136 si
2421 2085 2618 2136 nostra
2666 2081 2990 2151 aspernaris
3041 2080 3283 2148 monita,
3326 2098 3517 2136 sacros

1909 2189 2071 2227 sume
2101 2188 2372 2236 canones,
2400 2172 2475 2236 et,
2495 2169 2583 2222 his
2599 2170 2802 2222 saltem
2825 2168 3208 2234 consentiens,
3234 2169 3397 2239 juxta
3419 2170 3518 2224 de-

1909 2278 2099 2316 cerne.
2134 2260 2320 2313 sTum
2347 2259 2586 2312 demum
2613 2274 2711 2311 rex
2730 2255 2994 2310 animum
3017 2256 3520 2323 antistitis,uterat

1912 2349 2168 2414 callidus,
2201 2349 2304 2402 hoc
2338 2347 2513 2402 modo
2545 2346 2796 2399 mulcere
2820 2345 3010 2416 ccepit.
3041 2345 3175 2398 Erat
3204 2349 3398 2400 autem
3432 2362 3522 2399 co-

1910 2454 2035 2492 ram
2065 2437 2143 2491 eis
2162 2452 2362 2490 mensa
2386 2435 2664 2506 panisque
2695 2433 3104 2504 superpositus,
3128 2449 3259 2488 cum
3287 2433 3521 2488 diversis

1911 2525 2160 2580 ferculis.
2197 2525 2285 2578 Ait
2305 2541 2443 2595 ergo
2474 2540 2572 2577 rex
2598 2523 2670 2576 ad
2687 2522 3077 2576 sacerdotem:
3116 2545 3142 2571 «
3177 2523 3281 2589 En,
3310 2520 3520 2594 inquit,

1909 2615 2192 2670 ferculum
2223 2611 2306 2667 tui
2337 2611 2523 2683 gratia
2558 2609 2773 2682 paravi,
2810 2610 2868 2664 in
2901 2626 3013 2680 quo
3048 2610 3128 2664 nil
3160 2609 3314 2664 aliud
3347 2627 3523 2682 quam

1912 2703 2060 2758 cicer
2089 2717 2403 2771 carnesque
2423 2699 2793 2754 continentur
2808 2696 3147 2750 volatilium.
3177 2697 3346 2751 Utere
3371 2714 3523 2752 nunc

1911 2809 1979 2846 eo
1996 2791 2179 2845 libens
2191 2805 2442 2842 mecum.
2459 2809 2486 2835 »
2507 2789 2679 2840 Beato
2694 2802 2827 2838 vero
2841 2784 3114 2855 Gregorio
3133 2785 3522 2855 respondente

1917 2878 2069 2950 quod
2100 2878 2255 2932 cibus
2276 2876 2326 2930 ei
2347 2875 2566 2947 gratior
2579 2877 2724 2928 esset
2745 2873 2934 2926 facere
2966 2873 3320 2926 voluntatem
3339 2872 3523 2926 Patris

1915 2965 1999 3020 sui
2031 2966 2122 3036 qui
2157 2966 2214 3018 in
2247 2964 2400 3019 ccelis
2423 2966 2527 3029 est,
2562 2967 2619 3016 et
2647 2979 2680 3015 a
2704 2978 2839 3031 rege
2869 2963 3101 3031 petente
3133 2963 3194 3013 ut
3215 2959 3528 3032 sponderet

1912 3069 2010 3106 rex
2041 3053 2178 3106 nihil
2212 3069 2270 3105 se
2301 3055 2508 3105 contra
2537 3065 2788 3103 canones
2816 3050 3100 3114 acturum,
3124 3047 3359 3101 elevatis
3379 3046 3529 3101 Chil-

202 3163 467 3218 centihus
505 3160 678 3232 (quod
723 3161 1052 3212 metuerent
1081 3155 1296 3226 reginas
1338 3155 1615 3218 furorem,
1647 3153 1810 3222 cujus
1830 3162 1877 3225 α
1916 3141 2138 3212 pericus
2166 3138 2434 3193 manibus
2457 3136 2669 3208 juravit
2699 3152 2804 3206 per
2822 3135 3122 3188 Viventem
3150 3133 3209 3188 in
3243 3135 3450 3189 saecula
3464 3151 3524 3188 se

203 3252 477 3306 instinctu
511 3249 620 3302 ista
649 3247 1023 3318 gerebantur)
1047 3249 1104 3298 et
1136 3243 1378 3314 digitum
1400 3242 1596 3296 orisuo
1612 3257 1809 3310 super-

203 3338 582 3412 ponentibus,
614 3334 922 3406 Gregorius
950 3335 1313 3387 Turonorum
1347 3330 1584 3385 antistes
1613 3329 1689 3382 sic
1721 3345 1813 3382 0r-

203 3446 294 3483 sus
325 3430 413 3482 est
438 3425 600 3497 loqui
637 3441 648 3478 :
687 3446 715 3473 ‹‹
742 3423 981 3494 Oportet
1008 3437 1132 3484 nos,
1167 3421 1373 3473 fratres
1394 3416 1736 3484 charissimi,
1760 3420 1817 3470 et

205 3517 456 3571 maxime
483 3531 584 3568 eos
612 3511 708 3583 qui
731 3503 1692 3582 principisfruunturfamiliaritate
1725 3521 1813 3557 sa-

204 3605 390 3659 lubria
402 3605 454 3658 ei
471 3616 783 3673 suggerere
796 3598 1129 3663 consilia,ne
1143 3596 1403 3661 forte,ira
1415 3594 1817 3663 devictus,plus

199 3693 352 3763 justo
378 3692 438 3746 in
463 3689 829 3744 sacerdotem
853 3685 1081 3741 Domini
1097 3688 1531 3740 commoveatur
1544 3686 1599 3735 et
1621 3699 1653 3735 a
1668 3681 1810 3746 Deo,

209 3779 611 3835 innocentium
641 3777 848 3844 ultore,
881 3774 1106 3846 gravius
1137 3772 1430 3845 puniatur.
1465 3792 1492 3820 ››
1527 3770 1638 3824 Illis
1671 3787 1814 3841 quo-

208 3887 316 3942 que
336 3886 440 3924 nec
465 3868 538 3922 ad
559 3867 668 3920 ista
690 3861 1190 3936 respondentibus,
1207 3860 1503 3931 subjunxit
1539 3859 1772 3914 antistes
1803 3874 1815 3912 :

209 3981 236 4008 ς(
267 3957 534 4014 Cavenda
569 3954 760 4019 nobis,
788 3951 1127 4007 sanctissimi
1161 3953 1376 4016 Patres,
1409 3949 1505 4003 illa
1549 3945 1816 4002 terribilis

210 4047 437 4100 Domini
453 4041 840 4100 comminatio
863 4043 966 4106 est,
992 4057 1164 4111 quam
1182 4056 1285 4109 per
1308 4038 1651 4109 prophetam
1669 4052 1815 4106 prae-

211 4135 490 4190 nuntiavit
517 4151 530 4188 :
566 4133 636 4186 Si
663 4149 764 4196 me,
799 4128 1084 4199 inquiens,
1104 4128 1309 4181 dicente
1323 4125 1393 4179 ad
1415 4123 1815 4195 z'mpiumullor-

213 4232 257 4278 te
285 4219 552 4289 morieris,
581 4238 689 4274 non
745 4219 1147 4271 annuntiaveris
1177 4217 1246 4282 ei,
1278 4217 1591 4284 sanguinem
1619 4214 1729 4282 ejus
1755 4211 1817 4264 de

212 4331 367 4367 manu
400 4321 492 4366 tua
517 4310 787 4381 requiram
817 4306 1032 4376 (Ezech.
1061 4306 1166 4377 ιιι).
1196 4305 1308 4358 Nos
1329 4305 1544 4374 itaque,
1578 4301 1815 4372 quispe-

213 4400 568 4456 culatoresin
587 4399 764 4451 domo
786 4395 886 4448 Dei
903 4412 1098 4448 sumus
1112 4392 1299 4464 positi,
1317 4409 1431 4445 non
1457 4390 1818 4461 negligamus

211 4492 326 4561 regi
350 4489 616 4562 pericula
640 4485 947 4540 ostendere
981 4500 1099 4550 sua,
1116 4486 1192 4548 et,
1216 4482 1258 4534 si
1285 4496 1510 4535 necesse
1535 4478 1820 4544 sit,exem-

209 4580 310 4650 plis
328 4580 402 4634 ad
427 4574 890 4646 resipisccndum
906 4575 1270 4644 provocetur,
1291 4569 1537 4640 qualiter
1549 4566 1820 4621 Maximus

210 4669 554 4740 imperator,
581 4666 818 4718 beatum
835 4661 1140 4717 Martinum
1173 4659 1365 4729 impiis
1390 4654 1818 4711 communicare

211 4757 594 4828 compellens,
625 4751 868 4822 imperio
914 4752 1104 4820 pulsus
1159 4749 1249 4814 sit,
1297 4747 1380 4801 vel
1435 4743 1817 4810 Clodomirus,

209 4844 495 4900 sacerdoti
523 4841 688 4896 Avito
717 4857 833 4894 non
866 4839 1203 4908 obaudiens,
1239 4835 1542 4890 interierit.
1580 4854 1606 4882 ››

279 4937 542 5005 Cumque
567 4947 672 4985 nec
701 4935 834 4983 tunc
861 4929 1096 5000 quidem
1111 4927 1314 4996 aliquis
1327 4940 1526 4978 eorum
1549 4939 1823 4993 responsa

212 5022 572 5094 praebuisset,
607 5018 781 5090 aliqui
805 5016 1140 5071 adulatoria;
1153 5014 1288 5068 artis
1301 5013 1426 5083 regi
1452 5011 1821 5066 denuntiave-

214 5117 345 5167 runt
375 5111 605 5166 nullum
638 5108 687 5162 ei
717 5106 1066 5178 pertinacius
1097 5103 1359 5159 resistere
1388 5118 1564 5173 quam
1605 5100 1819 5170 Grego-

213 5202 359 5256 rium
389 5197 766 5255 Turonicum.
795 5195 901 5259 Qui
932 5212 1066 5249 mox
1092 5211 1194 5266 per
1216 5192 1528 5264 quemdam
1574 5189 1820 5244 aulicum

217 5293 500 5354 evocatus,
530 5291 720 5341 stante
759 5301 898 5356 rege
931 5286 1168 5355 propter
1193 5280 1627 5336 tabernaculum
1645 5275 1820 5332 ramis

218 5383 431 5434 tectum
453 5369 1304 5446 BertrannoqueBurdegalensi
1319 5368 1591 5440 pontifice
1613 5368 1827 5421 dextrae

218 5468 336 5538 ejus
353 5468 702 5531 inhaerente,
717 5464 963 5519 sinistra:
984 5478 1121 5516 vero
1153 5458 1528 5533 Ragnemodo
1544 5455 1826 5511 Parisiaco

220 5559 408 5613 taliter
437 5574 538 5612 rex
568 5555 905 5628 episcopum
937 5553 1214 5606 allocutus
1247 5553 1333 5605 est
1358 5548 1554 5603 dicens
1586 5561 1600 5600 :
1633 5563 1665 5596 <<
1706 5542 1827 5601 Die.

212 5645 434 5709 domne
465 5645 748 5723 pontifex,
783 5641 1122 5720 quijustitiaz
1146 5639 1450 5696 tramitem
1477 5632 1826 5692 caeterisser-

1844 4447 1894 4505 D

1918 3228 2150 3281 decreta
2173 3229 2503 3280 sanctorum
2530 3225 2764 3277 Patrum
2789 3239 2903 3276 non
2931 3226 3443 3292 transgressurum.
3460 3223 3522 3276 In

1916 3315 2229 3369 crastinum
2260 3329 2413 3376 vero,
2429 3327 2638 3364 aurora
2667 3309 3184 3381 incipiente,legati
3200 3310 3526 3380 Frcdegun-

1919 3402 2005 3456 dis
2028 3401 2244 3472 regina:
2272 3399 2345 3452 ad
2374 3397 2688 3468 hospitium
2718 3395 3025 3450 memorati
3044 3395 3331 3465 pontificis
3350 3413 3522 3451 vene-

1917 3493 2074 3555 runt,
2106 3491 2423 3559 poscentes,
2453 3489 2510 3538 et
2542 3485 2680 3538 duas
2702 3483 2872 3536 libras
2903 3483 3125 3553 argenti
3158 3501 3261 3555 pro
3282 3501 3524 3540 munere

1921 3579 2247 3642 offerentes,
2269 3574 2407 3628 utin
2428 3570 2810 3641 dejectionem
2833 3569 3157 3623 Praetextati
3173 3571 3528 3628 consentiret

1919 3666 2140 3724 caeteris
2154 3662 2450 3735 episcopis.
2470 3659 2748 3714 Dicebant
2763 3657 2916 3711 enim
2933 3657 3178 3711 aliorum
3197 3674 3256 3711 se
3270 3659 3527 3715 volunta-

1919 3761 2039 3812 tem
2065 3753 2368 3826 probatam
2397 3749 2631 3803 habere.
2662 3747 2761 3800 Illo
2794 3746 2987 3817 itaque
3017 3747 3318 3800 recusante
3365 3749 3442 3814 et,
3479 3747 3528 3803 si

1920 3845 2025 3902 sibi
2045 3844 2199 3898 mille
2220 3841 2378 3895 libra:
2397 3839 2691 3902 darentur,
2707 3835 2863 3889 nullo
2889 3833 3064 3889 modo
3098 3833 3371 3888 assentire
3385 3836 3528 3890 velle

1920 3953 1979 3991 se
1993 3933 2302 3996 asserente,
2318 3928 2538 3998 illisque
2554 3924 2737 3996 magis
2750 3922 3356 3989 instantibus,tandem
3370 3923 3534 3995 polli-

1920 4026 2064 4080 citus
2079 4026 2162 4076 est
2179 4021 2236 4074 in
2264 4015 2505 4073 decretis
2528 4029 2814 4068 canonum
2839 4011 3110 4065 fratribus
3127 4012 3241 4065 suis
3261 4028 3320 4066 se
3337 4028 3530 4067 assen-

1920 4131 2049 4170 sum
2078 4110 2477 4182 praebiturum.
2503 4105 2681 4169 Tunc,
2705 4103 2812 4157 illis
2829 4119 2954 4172 quae
2971 4101 3245 4172 petebant
3264 4118 3322 4156 se
3346 4101 3530 4173 impe-

1922 4206 2098 4256 trasse
2113 4196 2446 4271 putantibus
2461 4195 2518 4248 et
2531 4191 2745 4263 gratias
2758 4189 2982 4260 agendo
2997 4189 3420 4257 recedentibus,
3437 4190 3534 4245 ad-

1923 4291 2206 4344 venerunt
2219 4284 2455 4356 quidam
2470 4280 2794 4335 sacerdotes
2808 4277 3016 4332 similia
3029 4277 3533 4347 petentes.Quibus

1925 4378 2161 4433 antistes
2176 4373 2376 4428 eadem
2394 4387 2503 4441 que
2520 4367 2803 4439 prioribus
2815 4365 3066 4420 reddidit
3080 4382 3373 4438 responsa.
3391 4366 3536 4421 Con-

1923 4462 2287 4520 venientibus
2301 4463 2496 4514 autem
2512 4457 2569 4510 in
2584 4455 2887 4510 concilium
2907 4453 3209 4525 episcopis,
3225 4454 3539 4509 adveniens

1926 4551 2278 4625 Chilpericus
2307 4565 2404 4602 rex
2433 4545 2512 4600 ait
2537 4545 2646 4599 illis
2673 4543 2953 4614 reperisse
2985 4560 3043 4597 se
3075 4543 3134 4597 in
3167 4542 3411 4597 decretis
3441 4559 3535 4596 ca-

1925 4660 2147 4700 nonum
2199 4639 2352 4712 quod
2367 4635 2662 4708 episcopus
2674 4634 2809 4688 furti
2825 4631 3103 4687 obnoxius
3116 4632 3288 4686 sacris
3300 4631 3538 4686 deberet

1925 4731 2134 4806 privari
2166 4726 2485 4783 ordinibus.
2519 4742 2548 4776 θ
2582 4724 2716 4776 Erat
2739 4720 2895 4776 enim
2913 4737 3011 4775 rex
3034 4719 3239 4774 litteris
3256 4719 3535 4776 eruditus.

1927 4823 2184 4891 Cumque
2216 4815 2520 4887 pontifices
2535 4813 2862 4884 quaererent
2884 4809 3009 4880 quis
3030 4825 3232 4862 eorum
3245 4807 3381 4862 furti
3399 4806 3538 4861 insi-

1939 4910 2278 4973 mularetur,
2297 4921 2394 4958 rex
2423 4902 2590 4956 dixit:
2608 4919 2637 4951 ‹‹
2653 4900 2694 4952 Ν
2703 4915 2798 4952 um
2825 4897 2984 4951 obliti
3006 4897 3138 4951 estis
3154 4900 3369 4968 quanta
3381 4895 3539 4950 vobis

1929 4995 2308 5056 ostenderim,
2325 5007 2452 5062 quae
2477 4989 2850 5042 Praetextatus
2870 4983 3013 5037 mihi
3041 4984 3196 5040 furto
3220 4981 3537 5040 abstulit?»

1927 5083 2434 5145 Demonstraverat
2461 5091 2712 5146 namque
2743 5089 2838 5127 rex
2857 5071 3041 5142 pridie
3055 5072 3210 5126 varia
3225 5089 3539 5127 ornamen-

1927 5181 2006 5243 ta,
2032 5187 2281 5246 quorum
2303 5165 2554 5238 pretium
2575 5162 2648 5240 ad
2670 5159 2778 5214 tria
2799 5157 2979 5211 millia
2995 5158 3541 5213 aestimabatursoli-

1930 5244 2306 5328 dorum,cum
2334 5253 2555 5309 sacculo
2575 5249 2797 5304 duobus
2828 5244 3079 5300 millibus
3109 5247 3542 5302 numismatbus

1932 5353 2118 5409 aureis
2145 5347 2382 5402 referto.
2415 5341 2541 5394 llzec
2559 5336 2756 5394 omnia
2787 5333 3014 5389 dicebat
3044 5333 3149 5387 sibi
3180 5332 3250 5387 ab
3273 5331 3541 5406 episcopo

1933 5442 2142 5497 furata.

2006 5529 2118 5586 Sed
2152 5521 2526 5581 Praetextatus
2555 5512 2793 5584 objectis
2822 5509 2988 5567 facile
3020 5527 3079 5566 se
3119 5509 3404 5584 purgavit,
3436 5511 3545 5567 hoc

1936 5618 2112 5676 modo
2127 5629 2249 5688 regi
2268 5622 2546 5680 responsa
2559 5605 2732 5661 dans:
2760 5621 2791 5656 α
2809 5600 3156 5658 Excellentia
3174 5604 3294 5674 tua,
3309 5599 3546 5676 domine
