  <div class='ocr_page' id='page_1' title='image "/cluster/home/n/w/nwhite01/storage/ocr_20150623/139/uva.x000829787/363.png"; bbox 0 0 3862 6210; ppageno 0'>
   <div class='ocr_carea' id='block_1_1' title="bbox 397 382 496 441">
    <p class='ocr_par' dir='ltr' id='par_1_1' title="bbox 397 382 496 441">
     <span class='ocr_line' id='line_1_1' title="bbox 397 382 496 441; baseline -0.02 0"><span class='ocrx_word' id='word_1_1' title='bbox 397 382 496 441; x_wconf 76' lang='lat' dir='ltr'>7H</span> 
     </span>
    </p>
   </div>
   <div class='ocr_carea' id='block_1_2' title="bbox 1452 376 2601 442">
    <p class='ocr_par' dir='ltr' id='par_1_2' title="bbox 1452 376 2601 442">
     <span class='ocr_line' id='line_1_2' title="bbox 1452 376 2601 442; baseline -0.003 -3"><span class='ocrx_word' id='word_1_2' title='bbox 1452 378 1723 442; x_wconf 72' lang='grc' dir='ltr'>ΑΪΜΟΙΝΙ</span> <span class='ocrx_word' id='word_1_3' title='bbox 1757 381 2068 441; x_wconf 74' lang='lat' dir='ltr'>MONACHI</span> <span class='ocrx_word' id='word_1_4' title='bbox 2104 376 2601 438; x_wconf 81' lang='lat' dir='ltr'>FLORIACENSIS</span> 
     </span>
    </p>
   </div>
   <div class='ocr_carea' id='block_1_3' title="bbox 3605 378 3715 436">
    <p class='ocr_par' dir='ltr' id='par_1_3' title="bbox 3605 378 3715 436">
     <span class='ocr_line' id='line_1_3' title="bbox 3605 378 3715 436; baseline 0 0"><span class='ocrx_word' id='word_1_5' title='bbox 3605 378 3715 436; x_wconf 78' lang='grc'>712</span> 
     </span>
    </p>
   </div>
   <div class='ocr_carea' id='block_1_4' title="bbox 399 501 3715 575">
    <p class='ocr_par' dir='ltr' id='par_1_4' title="bbox 399 501 3715 575">
     <span class='ocr_line' id='line_1_4' title="bbox 399 501 3715 575; baseline -0.001 -16"><span class='ocrx_word' id='word_1_6' title='bbox 399 504 480 559; x_wconf 89' lang='lat' dir='ltr'>mi</span> <span class='ocrx_word' id='word_1_7' title='bbox 511 521 629 573; x_wconf 91' lang='lat' dir='ltr'>rex,</span> <span class='ocrx_word' id='word_1_8' title='bbox 662 504 950 560; x_wconf 85' lang='lat' dir='ltr'>reminisci</span> <span class='ocrx_word' id='word_1_9' title='bbox 977 505 1147 571; x_wconf 90' lang='lat' dir='ltr'>valet,</span> <span class='ocrx_word' id='word_1_10' title='bbox 1176 504 1221 559; x_wconf 88' lang='lat' dir='ltr'>si</span> <span class='ocrx_word' id='word_1_11' title='bbox 1247 504 1536 575; x_wconf 82' lang='lat' dir='ltr'>dignatur,</span> <span class='ocrx_word' id='word_1_12' title='bbox 1573 504 2001 560; x_wconf 91' lang='lat' dir='ltr'>Brunichildem</span> <span class='ocrx_word' id='word_1_13' title='bbox 2023 507 2078 565; x_wconf 81' lang='grc' dir='ltr'>Α</span> <span class='ocrx_word' id='word_1_14' title='bbox 2107 502 2376 558; x_wconf 79' lang='lat' dir='ltr'>antistes:</span> <span class='ocrx_word' id='word_1_15' title='bbox 2402 502 2621 570; x_wconf 83' lang='lat' dir='ltr'>«Audi,</span> <span class='ocrx_word' id='word_1_16' title='bbox 2646 502 2823 557; x_wconf 80' lang='lat' dir='ltr'>frater</span> <span class='ocrx_word' id='word_1_17' title='bbox 2836 504 2893 555; x_wconf 87' lang='lat' dir='ltr'>et</span> <span class='ocrx_word' id='word_1_18' title='bbox 2914 501 3209 573; x_wconf 90' lang='lat' dir='ltr'>quondam</span> <span class='ocrx_word' id='word_1_19' title='bbox 3234 501 3715 573; x_wconf 88' lang='lat' dir='ltr'>coepiscope,nisi</span> 
     </span>
    </p>
   </div>
   <div class='ocr_carea' id='block_1_5' title="bbox 398 592 2002 664">
    <p class='ocr_par' dir='ltr' id='par_1_5' title="bbox 398 592 2002 664">
     <span class='ocr_line' id='line_1_5' title="bbox 398 592 2002 664; baseline -0.001 -17"><span class='ocrx_word' id='word_1_20' title='bbox 398 608 433 647; x_wconf 90' lang='lat' dir='ltr'>a</span> <span class='ocrx_word' id='word_1_21' title='bbox 449 593 811 664; x_wconf 86' lang='lat' dir='ltr'>Rothomago</span> <span class='ocrx_word' id='word_1_22' title='bbox 828 593 1134 649; x_wconf 87' lang='lat' dir='ltr'>abeuntem</span> <span class='ocrx_word' id='word_1_23' title='bbox 1150 593 1451 664; x_wconf 87' lang='lat' dir='ltr'>plerasque</span> <span class='ocrx_word' id='word_1_24' title='bbox 1472 593 1723 648; x_wconf 79' lang='lat' dir='ltr'>sarcinas</span> <span class='ocrx_word' id='word_1_25' title='bbox 1740 593 1797 646; x_wconf 90' lang='lat' dir='ltr'>in</span> <span class='ocrx_word' id='word_1_26' title='bbox 1821 592 2002 646; x_wconf 89' lang='lat' dir='ltr'>diver-</span> 
     </span>
    </p>
   </div>
   <div class='ocr_carea' id='block_1_6' title="bbox 396 679 2003 754">
    <p class='ocr_par' dir='ltr' id='par_1_6' title="bbox 396 679 2003 754">
     <span class='ocr_line' id='line_1_6' title="bbox 396 679 2003 754; baseline 0.001 -20"><span class='ocrx_word' id='word_1_27' title='bbox 396 679 471 734; x_wconf 85' lang='lat' dir='ltr'>sis</span> <span class='ocrx_word' id='word_1_28' title='bbox 498 680 792 754; x_wconf 84' lang='lat' dir='ltr'>speciebus</span> <span class='ocrx_word' id='word_1_29' title='bbox 821 681 963 736; x_wconf 89' lang='lat' dir='ltr'>mihi</span> <span class='ocrx_word' id='word_1_30' title='bbox 1005 681 1440 737; x_wconf 89' lang='lat' dir='ltr'>commendasse</span> <span class='ocrx_word' id='word_1_31' title='bbox 1489 684 1565 748; x_wconf 88' lang='lat' dir='ltr'>et,</span> <span class='ocrx_word' id='word_1_32' title='bbox 1614 685 1742 751; x_wconf 90' lang='lat' dir='ltr'>post</span> <span class='ocrx_word' id='word_1_33' title='bbox 1769 681 2003 751; x_wconf 85' lang='lat' dir='ltr'>aliquod</span> 
     </span>
    </p>
   </div>
   <div class='ocr_carea' id='block_1_7' title="bbox 396 769 2000 841">
    <p class='ocr_par' dir='ltr' id='par_1_7' title="bbox 396 769 2000 841">
     <span class='ocr_line' id='line_1_7' title="bbox 396 769 2000 841; baseline -0.001 -18"><span class='ocrx_word' id='word_1_34' title='bbox 396 772 643 840; x_wconf 83' lang='lat' dir='ltr'>tempus,</span> <span class='ocrx_word' id='word_1_35' title='bbox 676 769 861 825; x_wconf 85' lang='lat' dir='ltr'>missis</span> <span class='ocrx_word' id='word_1_36' title='bbox 891 770 1083 841; x_wconf 89' lang='lat' dir='ltr'>pueris</span> <span class='ocrx_word' id='word_1_37' title='bbox 1109 786 1206 823; x_wconf 89' lang='lat' dir='ltr'>eas</span> <span class='ocrx_word' id='word_1_38' title='bbox 1227 786 1261 824; x_wconf 90' lang='lat' dir='ltr'>a</span> <span class='ocrx_word' id='word_1_39' title='bbox 1291 787 1385 823; x_wconf 91' lang='lat' dir='ltr'>me</span> <span class='ocrx_word' id='word_1_40' title='bbox 1418 769 1712 840; x_wconf 80' lang='lat' dir='ltr'>repetisse.</span> <span class='ocrx_word' id='word_1_41' title='bbox 1744 769 2000 840; x_wconf 87' lang='lat' dir='ltr'>Cumque</span> 
     </span>
    </p>
   </div>
   <div class='ocr_carea' id='block_1_8' title="bbox 397 857 1999 928">
    <p class='ocr_par' dir='ltr' id='par_1_8' title="bbox 397 857 1999 928">
     <span class='ocr_line' id='line_1_8' title="bbox 397 857 1999 928; baseline 0 -17"><span class='ocrx_word' id='word_1_42' title='bbox 397 872 505 927; x_wconf 89' lang='lat' dir='ltr'>ego</span> <span class='ocrx_word' id='word_1_43' title='bbox 538 874 604 912; x_wconf 88' lang='lat' dir='ltr'>ex</span> <span class='ocrx_word' id='word_1_44' title='bbox 628 857 736 912; x_wconf 93' lang='lat' dir='ltr'>hac</span> <span class='ocrx_word' id='word_1_45' title='bbox 752 874 814 912; x_wconf 91' lang='lat' dir='ltr'>re</span> <span class='ocrx_word' id='word_1_46' title='bbox 835 861 995 912; x_wconf 91' lang='lat' dir='ltr'>tuam</span> <span class='ocrx_word' id='word_1_47' title='bbox 1026 857 1439 913; x_wconf 89' lang='lat' dir='ltr'>consuluissem</span> <span class='ocrx_word' id='word_1_48' title='bbox 1458 858 1837 924; x_wconf 85' lang='lat' dir='ltr'>voluntatem,</span> <span class='ocrx_word' id='word_1_49' title='bbox 1852 873 1999 928; x_wconf 64' lang='lat' dir='ltr'>prae-</span> 
     </span>
    </p>
   </div>
   <div class='ocr_carea' id='block_1_9' title="bbox 394 944 2000 1016">
    <p class='ocr_par' dir='ltr' id='par_1_9' title="bbox 394 944 2000 1016">
     <span class='ocr_line' id='line_1_9' title="bbox 394 944 2000 1016; baseline 0.001 -19"><span class='ocrx_word' id='word_1_50' title='bbox 394 944 574 1015; x_wconf 91' lang='lat' dir='ltr'>ceptis</span> <span class='ocrx_word' id='word_1_51' title='bbox 602 945 917 1001; x_wconf 89' lang='lat' dir='ltr'>obaudiens</span> <span class='ocrx_word' id='word_1_52' title='bbox 946 946 1077 1012; x_wconf 89' lang='lat' dir='ltr'>tuis,</span> <span class='ocrx_word' id='word_1_53' title='bbox 1107 961 1284 1000; x_wconf 92' lang='lat' dir='ltr'>unam</span> <span class='ocrx_word' id='word_1_54' title='bbox 1310 945 1393 999; x_wconf 88' lang='lat' dir='ltr'>eis</span> <span class='ocrx_word' id='word_1_55' title='bbox 1415 944 1722 1007; x_wconf 85' lang='lat' dir='ltr'>sarcinam,</span> <span class='ocrx_word' id='word_1_56' title='bbox 1748 962 1817 999; x_wconf 90' lang='lat' dir='ltr'>eo</span> <span class='ocrx_word' id='word_1_57' title='bbox 1845 944 2000 1016; x_wconf 89' lang='lat' dir='ltr'>quod</span> 
     </span>
    </p>
   </div>
   <div class='ocr_carea' id='block_1_10' title="bbox 396 1032 2001 1104">
    <p class='ocr_par' dir='ltr' id='par_1_10' title="bbox 396 1032 2001 1104">
     <span class='ocr_line' id='line_1_10' title="bbox 396 1032 2001 1104; baseline -0.001 -18"><span class='ocrx_word' id='word_1_58' title='bbox 396 1033 640 1104; x_wconf 85' lang='lat' dir='ltr'>amplius</span> <span class='ocrx_word' id='word_1_59' title='bbox 666 1034 816 1089; x_wconf 88' lang='lat' dir='ltr'>ferre</span> <span class='ocrx_word' id='word_1_60' title='bbox 828 1050 944 1089; x_wconf 91' lang='lat' dir='ltr'>non</span> <span class='ocrx_word' id='word_1_61' title='bbox 968 1034 1246 1101; x_wconf 83' lang='lat' dir='ltr'>valerent,</span> <span class='ocrx_word' id='word_1_62' title='bbox 1269 1032 1610 1088; x_wconf 87' lang='lat' dir='ltr'>contradidi.</span> <span class='ocrx_word' id='word_1_63' title='bbox 1630 1033 2001 1087; x_wconf 86' lang='lat' dir='ltr'>Venientibus</span> 
     </span>
    </p>
   </div>
   <div class='ocr_carea' id='block_1_11' title="bbox 393 1119 2001 1192">
    <p class='ocr_par' dir='ltr' id='par_1_11' title="bbox 393 1119 2001 1192">
     <span class='ocr_line' id='line_1_11' title="bbox 393 1119 2001 1192; baseline -0.001 -18"><span class='ocrx_word' id='word_1_64' title='bbox 393 1120 605 1175; x_wconf 88' lang='lat' dir='ltr'>iterum</span> <span class='ocrx_word' id='word_1_65' title='bbox 637 1137 702 1176; x_wconf 90' lang='lat' dir='ltr'>ac</span> <span class='ocrx_word' id='word_1_66' title='bbox 723 1122 915 1189; x_wconf 89' lang='lat' dir='ltr'>tertio,</span> <span class='ocrx_word' id='word_1_67' title='bbox 943 1138 1009 1176; x_wconf 89' lang='lat' dir='ltr'>ex</span> <span class='ocrx_word' id='word_1_68' title='bbox 1042 1126 1141 1176; x_wconf 90' lang='lat' dir='ltr'>tua</span> <span class='ocrx_word' id='word_1_69' title='bbox 1153 1121 1411 1192; x_wconf 91' lang='lat' dir='ltr'>jussione</span> <span class='ocrx_word' id='word_1_70' title='bbox 1436 1120 1902 1187; x_wconf 66' lang='lat' dir='ltr'>casterarcddidi,</span> <span class='ocrx_word' id='word_1_71' title='bbox 1922 1119 2001 1173; x_wconf 91' lang='lat' dir='ltr'>di-</span> 
     </span>
    </p>
   </div>
   <div class='ocr_carea' id='block_1_12' title="bbox 392 1208 1997 1281">
    <p class='ocr_par' dir='ltr' id='par_1_12' title="bbox 392 1208 1997 1281">
     <span class='ocr_line' id='line_1_12' title="bbox 392 1208 1997 1281; baseline -0.001 -19"><span class='ocrx_word' id='word_1_72' title='bbox 392 1212 558 1263; x_wconf 89' lang='lat' dir='ltr'>cente</span> <span class='ocrx_word' id='word_1_73' title='bbox 588 1209 1020 1281; x_wconf 86' lang='lat' dir='ltr'>magnificentia</span> <span class='ocrx_word' id='word_1_74' title='bbox 1037 1213 1136 1264; x_wconf 88' lang='lat' dir='ltr'>tua</span> <span class='ocrx_word' id='word_1_75' title='bbox 1161 1209 1301 1263; x_wconf 88' lang='lat' dir='ltr'>mihi</span> <span class='ocrx_word' id='word_1_76' title='bbox 1325 1212 1386 1263; x_wconf 89' lang='lat' dir='ltr'>ut</span> <span class='ocrx_word' id='word_1_77' title='bbox 1416 1226 1451 1263; x_wconf 90' lang='lat' dir='ltr'>a</span> <span class='ocrx_word' id='word_1_78' title='bbox 1468 1225 1561 1263; x_wconf 90' lang='lat' dir='ltr'>me</span> <span class='ocrx_word' id='word_1_79' title='bbox 1583 1226 1652 1263; x_wconf 88' lang='lat' dir='ltr'>ea</span> <span class='ocrx_word' id='word_1_80' title='bbox 1672 1208 1997 1279; x_wconf 90' lang='lat' dir='ltr'>rejicerem,</span> 
     </span>
    </p>
   </div>
   <div class='ocr_carea' id='block_1_13' title="bbox 392 1295 1999 1368">
    <p class='ocr_par' dir='ltr' id='par_1_13' title="bbox 392 1295 1999 1368">
     <span class='ocr_line' id='line_1_13' title="bbox 392 1295 1999 1368; baseline -0.001 -17"><span class='ocrx_word' id='word_1_81' title='bbox 392 1313 467 1351; x_wconf 91' lang='lat' dir='ltr'>ne</span> <span class='ocrx_word' id='word_1_82' title='bbox 496 1311 599 1368; x_wconf 90' lang='lat' dir='ltr'>pro</span> <span class='ocrx_word' id='word_1_83' title='bbox 621 1296 709 1351; x_wconf 90' lang='lat' dir='ltr'>his</span> <span class='ocrx_word' id='word_1_84' title='bbox 728 1297 813 1352; x_wconf 91' lang='lat' dir='ltr'>ira</span> <span class='ocrx_word' id='word_1_85' title='bbox 830 1297 983 1352; x_wconf 90' lang='lat' dir='ltr'>inter</span> <span class='ocrx_word' id='word_1_86' title='bbox 1005 1314 1101 1351; x_wconf 93' lang='lat' dir='ltr'>vos</span> <span class='ocrx_word' id='word_1_87' title='bbox 1118 1296 1329 1351; x_wconf 88' lang='lat' dir='ltr'>iterum</span> <span class='ocrx_word' id='word_1_88' title='bbox 1346 1298 1740 1367; x_wconf 87' lang='lat' dir='ltr'>repullularet.</span> <span class='ocrx_word' id='word_1_89' title='bbox 1763 1295 1999 1350; x_wconf 62' lang='lat' dir='ltr'>Haeduus</span> 
     </span>
    </p>
   </div>
   <div class='ocr_carea' id='block_1_14' title="bbox 390 1383 2001 1455">
    <p class='ocr_par' dir='ltr' id='par_1_14' title="bbox 390 1383 2001 1455">
     <span class='ocr_line' id='line_1_14' title="bbox 390 1383 2001 1455; baseline -0.002 -15"><span class='ocrx_word' id='word_1_90' title='bbox 390 1387 620 1440; x_wconf 81' lang='lat' dir='ltr'>tantum</span> <span class='ocrx_word' id='word_1_91' title='bbox 637 1384 875 1439; x_wconf 69' lang='lat' dir='ltr'>sarcina:</span> <span class='ocrx_word' id='word_1_92' title='bbox 900 1384 1053 1455; x_wconf 88' lang='lat' dir='ltr'>apud</span> <span class='ocrx_word' id='word_1_93' title='bbox 1086 1402 1179 1439; x_wconf 90' lang='lat' dir='ltr'>me</span> <span class='ocrx_word' id='word_1_94' title='bbox 1202 1388 1633 1439; x_wconf 86' lang='lat' dir='ltr'>remanserunt.</span> <span class='ocrx_word' id='word_1_95' title='bbox 1654 1383 2001 1455; x_wconf 84' lang='lat' dir='ltr'>Nuncigitur</span> 
     </span>
    </p>
   </div>
   <div class='ocr_carea' id='block_1_15' title="bbox 393 1471 2004 1543">
    <p class='ocr_par' dir='ltr' id='par_1_15' title="bbox 393 1471 2004 1543">
     <span class='ocr_line' id='line_1_15' title="bbox 393 1471 2004 1543; baseline -0.002 -16"><span class='ocrx_word' id='word_1_96' title='bbox 393 1473 552 1543; x_wconf 88' lang='lat' dir='ltr'>cujus</span> <span class='ocrx_word' id='word_1_97' title='bbox 566 1472 702 1527; x_wconf 88' lang='lat' dir='ltr'>furti</span> <span class='ocrx_word' id='word_1_98' title='bbox 716 1489 809 1527; x_wconf 92' lang='lat' dir='ltr'>me</span> <span class='ocrx_word' id='word_1_99' title='bbox 824 1472 1016 1543; x_wconf 82' lang='lat' dir='ltr'>arguis</span> <span class='ocrx_word' id='word_1_100' title='bbox 1028 1472 1151 1527; x_wconf 90' lang='lat' dir='ltr'>fore</span> <span class='ocrx_word' id='word_1_101' title='bbox 1166 1473 1480 1527; x_wconf 90' lang='lat' dir='ltr'>obnoxium</span> <span class='ocrx_word' id='word_1_102' title='bbox 1494 1472 1522 1527; x_wconf 74' lang='lat' dir='ltr'>‘I</span> <span class='ocrx_word' id='word_1_103' title='bbox 1542 1495 1569 1520; x_wconf 85' lang='lat'>»</span> <span class='ocrx_word' id='word_1_104' title='bbox 1589 1472 1688 1527; x_wconf 87' lang='lat' dir='ltr'>Cui</span> <span class='ocrx_word' id='word_1_105' title='bbox 1704 1471 2004 1542; x_wconf 87' lang='lat' dir='ltr'>respondit</span> 
     </span>
    </p>
   </div>
   <div class='ocr_carea' id='block_1_16' title="bbox 390 1559 2003 1616">
    <p class='ocr_par' dir='ltr' id='par_1_16' title="bbox 390 1559 2003 1616">
     <span class='ocr_line' id='line_1_16' title="bbox 390 1559 2003 1616; baseline -0.002 0"><span class='ocrx_word' id='word_1_106' title='bbox 390 1577 518 1616; x_wconf 90' lang='lat' dir='ltr'>rex:</span> <span class='ocrx_word' id='word_1_107' title='bbox 552 1584 581 1611; x_wconf 85' lang='lat'><strong><em>«</em></strong></span> <span class='ocrx_word' id='word_1_108' title='bbox 604 1560 661 1616; x_wconf 93' lang='lat' dir='ltr'>Si</span> <span class='ocrx_word' id='word_1_109' title='bbox 687 1560 810 1615; x_wconf 64' lang='lat' dir='ltr'>haec</span> <span class='ocrx_word' id='word_1_110' title='bbox 839 1560 918 1615; x_wconf 91' lang='lat' dir='ltr'>ita</span> <span class='ocrx_word' id='word_1_111' title='bbox 946 1577 1004 1615; x_wconf 82' lang='lat' dir='ltr'>se</span> <span class='ocrx_word' id='word_1_112' title='bbox 1034 1561 1251 1616; x_wconf 81' lang='lat' dir='ltr'>habent</span> <span class='ocrx_word' id='word_1_113' title='bbox 1280 1564 1338 1615; x_wconf 92' lang='lat' dir='ltr'>et</span> <span class='ocrx_word' id='word_1_114' title='bbox 1371 1560 1643 1616; x_wconf 66' lang='lat' dir='ltr'>custodia:</span> <span class='ocrx_word' id='word_1_115' title='bbox 1697 1576 1865 1614; x_wconf 86' lang='lat' dir='ltr'>causa</span> <span class='ocrx_word' id='word_1_116' title='bbox 1895 1559 2003 1613; x_wconf 89' lang='lat' dir='ltr'>ista</span> 
     </span>
    </p>
   </div>
   <div class='ocr_carea' id='block_1_17' title="bbox 393 1646 2002 1720">
    <p class='ocr_par' dir='ltr' id='par_1_17' title="bbox 393 1646 2002 1720">
     <span class='ocr_line' id='line_1_17' title="bbox 393 1646 2002 1720; baseline -0.002 -16"><span class='ocrx_word' id='word_1_117' title='bbox 393 1648 706 1720; x_wconf 87' lang='lat' dir='ltr'>suscepisti,</span> <span class='ocrx_word' id='word_1_118' title='bbox 734 1663 835 1703; x_wconf 90' lang='lat' dir='ltr'>cur</span> <span class='ocrx_word' id='word_1_119' title='bbox 863 1648 1111 1703; x_wconf 91' lang='lat' dir='ltr'>limbum</span> <span class='ocrx_word' id='word_1_120' title='bbox 1134 1649 1321 1703; x_wconf 84' lang='lat' dir='ltr'>aureis</span> <span class='ocrx_word' id='word_1_121' title='bbox 1350 1648 1635 1702; x_wconf 89' lang='lat' dir='ltr'>intextum</span> <span class='ocrx_word' id='word_1_122' title='bbox 1656 1648 1766 1702; x_wconf 84' lang='lat' dir='ltr'>ﬁlis</span> <span class='ocrx_word' id='word_1_123' title='bbox 1796 1646 2002 1701; x_wconf 85' lang='lat' dir='ltr'>exinde</span> 
     </span>
    </p>
   </div>
   <div class='ocr_carea' id='block_1_18' title="bbox 389 1734 2000 1807">
    <p class='ocr_par' dir='ltr' id='par_1_18' title="bbox 389 1734 2000 1807">
     <span class='ocr_line' id='line_1_18' title="bbox 389 1734 2000 1807; baseline -0.002 -16"><span class='ocrx_word' id='word_1_124' title='bbox 389 1736 621 1807; x_wconf 85' lang='lat' dir='ltr'>rapiens</span> <span class='ocrx_word' id='word_1_125' title='bbox 645 1735 871 1791; x_wconf 90' lang='lat' dir='ltr'>secuisti</span> <span class='ocrx_word' id='word_1_126' title='bbox 896 1738 952 1789; x_wconf 89' lang='lat' dir='ltr'>et</span> <span class='ocrx_word' id='word_1_127' title='bbox 982 1752 1136 1803; x_wconf 90' lang='lat' dir='ltr'>eum,</span> <span class='ocrx_word' id='word_1_128' title='bbox 1168 1752 1272 1806; x_wconf 90' lang='lat' dir='ltr'>pro</span> <span class='ocrx_word' id='word_1_129' title='bbox 1302 1735 1483 1790; x_wconf 87' lang='lat' dir='ltr'>nostri</span> <span class='ocrx_word' id='word_1_130' title='bbox 1534 1735 1877 1805; x_wconf 88' lang='lat' dir='ltr'>dejectione,</span> <span class='ocrx_word' id='word_1_131' title='bbox 1913 1734 2000 1788; x_wconf 91' lang='lat' dir='ltr'>his</span> 
     </span>
    </p>
   </div>
   <div class='ocr_carea' id='block_1_19' title="bbox 2105 589 3711 663">
    <p class='ocr_par' dir='ltr' id='par_1_19' title="bbox 2105 589 3711 663">
     <span class='ocr_line' id='line_1_19' title="bbox 2105 589 3711 663; baseline -0.001 -19"><span class='ocrx_word' id='word_1_132' title='bbox 2105 592 2255 661; x_wconf 85' lang='lat' dir='ltr'>regis</span> <span class='ocrx_word' id='word_1_133' title='bbox 2283 591 2677 663; x_wconf 86' lang='lat' dir='ltr'>promerueris</span> <span class='ocrx_word' id='word_1_134' title='bbox 2690 589 2960 661; x_wconf 87' lang='lat' dir='ltr'>gratiam,</span> <span class='ocrx_word' id='word_1_135' title='bbox 2996 592 3192 644; x_wconf 89' lang='lat' dir='ltr'>nostra</span> <span class='ocrx_word' id='word_1_136' title='bbox 3218 605 3336 644; x_wconf 91' lang='lat' dir='ltr'>non</span> <span class='ocrx_word' id='word_1_137' title='bbox 3361 589 3583 660; x_wconf 84' lang='lat' dir='ltr'>poteris</span> <span class='ocrx_word' id='word_1_138' title='bbox 3598 590 3711 644; x_wconf 85' lang='lat' dir='ltr'>frui</span> 
     </span>
    </p>
   </div>
   <div class='ocr_carea' id='block_1_20' title="bbox 2103 677 3711 749">
    <p class='ocr_par' dir='ltr' id='par_1_20' title="bbox 2103 677 3711 749">
     <span class='ocr_line' id='line_1_20' title="bbox 2103 677 3711 749; baseline 0 -17"><span class='ocrx_word' id='word_1_139' title='bbox 2103 680 2394 733; x_wconf 88' lang='lat' dir='ltr'>societate.</span> <span class='ocrx_word' id='word_1_140' title='bbox 2414 700 2441 728; x_wconf 84' lang='grc'><strong>››</strong></span> <span class='ocrx_word' id='word_1_141' title='bbox 2458 680 2590 733; x_wconf 88' lang='lat' dir='ltr'>Post</span> <span class='ocrx_word' id='word_1_142' title='bbox 2620 679 2742 733; x_wconf 61' lang='lat' dir='ltr'>haec</span> <span class='ocrx_word' id='word_1_143' title='bbox 2774 678 2997 749; x_wconf 81' lang='lat' dir='ltr'>rogavit</span> <span class='ocrx_word' id='word_1_144' title='bbox 3025 677 3711 749; x_wconf 87' lang='lat' dir='ltr'>Chilpericuspontifiees,</span> 
     </span>
    </p>
   </div>
   <div class='ocr_carea' id='block_1_21' title="bbox 2106 756 3715 832">
    <p class='ocr_par' dir='ltr' id='par_1_21' title="bbox 2106 756 3715 832">
     <span class='ocr_line' id='line_1_21' title="bbox 2106 756 3715 832; baseline 0 -13"><span class='ocrx_word' id='word_1_145' title='bbox 2106 769 2165 819; x_wconf 91' lang='lat' dir='ltr'>ut</span> <span class='ocrx_word' id='word_1_146' title='bbox 2188 756 2473 820; x_wconf 89' lang='lat' dir='ltr'>autvestis</span> <span class='ocrx_word' id='word_1_147' title='bbox 2499 766 2826 821; x_wconf 57' lang='lat' dir='ltr'>Praetextati</span> <span class='ocrx_word' id='word_1_148' title='bbox 2840 765 3220 832; x_wconf 90' lang='lat' dir='ltr'>scinderetur,</span> <span class='ocrx_word' id='word_1_149' title='bbox 3235 768 3337 819; x_wconf 90' lang='lat' dir='ltr'>aut</span> <span class='ocrx_word' id='word_1_150' title='bbox 3360 766 3715 820; x_wconf 89' lang='lat' dir='ltr'>centesimus</span> 
     </span>
    </p>
   </div>
   <div class='ocr_carea' id='block_1_22' title="bbox 2104 854 3713 928">
    <p class='ocr_par' dir='ltr' id='par_1_22' title="bbox 2104 854 3713 928">
     <span class='ocr_line' id='line_1_22' title="bbox 2104 854 3713 928; baseline 0.001 -20"><span class='ocrx_word' id='word_1_151' title='bbox 2104 859 2335 909; x_wconf 89' lang='lat' dir='ltr'>octavus</span> <span class='ocrx_word' id='word_1_152' title='bbox 2386 856 2637 928; x_wconf 86' lang='lat' dir='ltr'>psalmus</span> <span class='ocrx_word' id='word_1_153' title='bbox 2682 854 2797 927; x_wconf 89' lang='lat' dir='ltr'>(qui</span> <span class='ocrx_word' id='word_1_154' title='bbox 2838 854 3274 909; x_wconf 87' lang='lat' dir='ltr'>maledictiones</span> <span class='ocrx_word' id='word_1_155' title='bbox 3316 854 3713 909; x_wconf 84' lang='lat' dir='ltr'>Iscariothicas</span> 
     </span>
    </p>
   </div>
   <div class='ocr_carea' id='block_1_23' title="bbox 2101 943 3713 1016">
    <p class='ocr_par' dir='ltr' id='par_1_23' title="bbox 2101 943 3713 1016">
     <span class='ocr_line' id='line_1_23' title="bbox 2101 943 3713 1016; baseline 0 -19"><span class='ocrx_word' id='word_1_156' title='bbox 2101 943 2378 1008; x_wconf 88' lang='lat' dir='ltr'>continet)</span> <span class='ocrx_word' id='word_1_157' title='bbox 2417 961 2590 1016; x_wconf 86' lang='lat' dir='ltr'>super</span> <span class='ocrx_word' id='word_1_158' title='bbox 2615 960 2749 999; x_wconf 89' lang='lat' dir='ltr'>eum</span> <span class='ocrx_word' id='word_1_159' title='bbox 2775 944 3137 1006; x_wconf 85' lang='lat' dir='ltr'>recitaretur,</span> <span class='ocrx_word' id='word_1_160' title='bbox 3179 944 3264 999; x_wconf 87' lang='lat' dir='ltr'>vel</span> <span class='ocrx_word' id='word_1_161' title='bbox 3304 947 3463 998; x_wconf 88' lang='lat' dir='ltr'>certe</span> <span class='ocrx_word' id='word_1_162' title='bbox 3488 944 3551 997; x_wconf 91' lang='lat' dir='ltr'>in</span> <span class='ocrx_word' id='word_1_163' title='bbox 3580 960 3713 1015; x_wconf 89' lang='lat' dir='ltr'>per-</span> 
     </span>
    </p>
   </div>
   <div class='ocr_carea' id='block_1_24' title="bbox 2102 1031 3713 1104">
    <p class='ocr_par' dir='ltr' id='par_1_24' title="bbox 2102 1031 3713 1104">
     <span class='ocr_line' id='line_1_24' title="bbox 2102 1031 3713 1104; baseline -0.001 -18"><span class='ocrx_word' id='word_1_164' title='bbox 2102 1037 2340 1104; x_wconf 91' lang='lat' dir='ltr'>petuum</span> <span class='ocrx_word' id='word_1_165' title='bbox 2372 1031 2785 1087; x_wconf 90' lang='lat' dir='ltr'>communione</span> <span class='ocrx_word' id='word_1_166' title='bbox 2816 1032 3158 1103; x_wconf 87' lang='lat' dir='ltr'>privaretur.</span> <span class='ocrx_word' id='word_1_167' title='bbox 3192 1031 3300 1087; x_wconf 91' lang='lat' dir='ltr'>Sed</span> <span class='ocrx_word' id='word_1_168' title='bbox 3339 1031 3713 1103; x_wconf 80' lang='lat' dir='ltr'>pontiﬁcibus</span> 
     </span>
    </p>
   </div>
   <div class='ocr_carea' id='block_1_25' title="bbox 2101 1120 3713 1192">
    <p class='ocr_par' dir='ltr' id='par_1_25' title="bbox 2101 1120 3713 1192">
     <span class='ocr_line' id='line_1_25' title="bbox 2101 1120 3713 1192; baseline -0.001 -18"><span class='ocrx_word' id='word_1_169' title='bbox 2101 1120 2209 1174; x_wconf 91' lang='lat' dir='ltr'>hoc</span> <span class='ocrx_word' id='word_1_170' title='bbox 2232 1137 2402 1192; x_wconf 87' lang='lat' dir='ltr'>agere</span> <span class='ocrx_word' id='word_1_171' title='bbox 2436 1121 2830 1175; x_wconf 78' lang='lat' dir='ltr'>recusantibus</span> <span class='ocrx_word' id='word_1_172' title='bbox 2856 1124 2913 1174; x_wconf 89' lang='lat' dir='ltr'>et</span> <span class='ocrx_word' id='word_1_173' title='bbox 2940 1120 3192 1174; x_wconf 86' lang='lat' dir='ltr'>maxime</span> <span class='ocrx_word' id='word_1_174' title='bbox 3224 1120 3501 1191; x_wconf 89' lang='lat' dir='ltr'>Gregorio</span> <span class='ocrx_word' id='word_1_175' title='bbox 3525 1120 3713 1174; x_wconf 88' lang='lat' dir='ltr'>Turo-</span> 
     </span>
    </p>
   </div>
   <div class='ocr_carea' id='block_1_26' title="bbox 2101 1207 3711 1278">
    <p class='ocr_par' dir='ltr' id='par_1_26' title="bbox 2101 1207 3711 1278">
     <span class='ocr_line' id='line_1_26' title="bbox 2101 1207 3711 1278; baseline 0 -17"><span class='ocrx_word' id='word_1_176' title='bbox 2101 1208 2263 1262; x_wconf 89' lang='lat' dir='ltr'>nensi</span> <span class='ocrx_word' id='word_1_177' title='bbox 2292 1207 2600 1273; x_wconf 88' lang='lat' dir='ltr'>renitente,</span> <span class='ocrx_word' id='word_1_178' title='bbox 2625 1208 2696 1262; x_wconf 89' lang='lat' dir='ltr'>ab</span> <span class='ocrx_word' id='word_1_179' title='bbox 2724 1208 2961 1262; x_wconf 87' lang='lat' dir='ltr'>ecclesia</span> <span class='ocrx_word' id='word_1_180' title='bbox 2986 1209 3359 1262; x_wconf 69' lang='lat' dir='ltr'>Prmtextatus</span> <span class='ocrx_word' id='word_1_181' title='bbox 3388 1208 3627 1278; x_wconf 89' lang='lat' dir='ltr'>pellitur</span> <span class='ocrx_word' id='word_1_182' title='bbox 3642 1224 3711 1261; x_wconf 88' lang='lat' dir='ltr'>ac</span> 
     </span>
    </p>
   </div>
   <div class='ocr_carea' id='block_1_27' title="bbox 2100 1295 3707 1367">
    <p class='ocr_par' dir='ltr' id='par_1_27' title="bbox 2100 1295 3707 1367">
     <span class='ocr_line' id='line_1_27' title="bbox 2100 1295 3707 1367; baseline 0.001 -18"><span class='ocrx_word' id='word_1_183' title='bbox 2100 1295 2371 1350; x_wconf 70' lang='lat' dir='ltr'>custodiae</span> <span class='ocrx_word' id='word_1_184' title='bbox 2394 1295 2661 1350; x_wconf 89' lang='lat' dir='ltr'>traditur.</span> <span class='ocrx_word' id='word_1_185' title='bbox 2692 1296 2772 1349; x_wconf 91' lang='lat' dir='ltr'>De</span> <span class='ocrx_word' id='word_1_186' title='bbox 2803 1311 2916 1367; x_wconf 88' lang='lat' dir='ltr'>qua</span> <span class='ocrx_word' id='word_1_187' title='bbox 2943 1295 3082 1349; x_wconf 91' lang='lat' dir='ltr'>dum</span> <span class='ocrx_word' id='word_1_188' title='bbox 3115 1295 3317 1365; x_wconf 81' lang='lat' dir='ltr'>fugere</span> <span class='ocrx_word' id='word_1_189' title='bbox 3351 1299 3528 1350; x_wconf 93' lang='lat' dir='ltr'>noctu</span> <span class='ocrx_word' id='word_1_190' title='bbox 3554 1295 3707 1350; x_wconf 90' lang='lat' dir='ltr'>nite-</span> 
     </span>
    </p>
   </div>
   <div class='ocr_carea' id='block_1_28' title="bbox 2100 1382 3709 1455">
    <p class='ocr_par' dir='ltr' id='par_1_28' title="bbox 2100 1382 3709 1455">
     <span class='ocr_line' id='line_1_28' title="bbox 2100 1382 3709 1455; baseline -0.001 -17"><span class='ocrx_word' id='word_1_191' title='bbox 2100 1386 2280 1448; x_wconf 89' lang='lat' dir='ltr'>retur,</span> <span class='ocrx_word' id='word_1_192' title='bbox 2313 1398 2624 1453; x_wconf 79' lang='lat' dir='ltr'>caesusque,</span> <span class='ocrx_word' id='word_1_193' title='bbox 2657 1382 2716 1436; x_wconf 90' lang='lat' dir='ltr'>in</span> <span class='ocrx_word' id='word_1_194' title='bbox 2748 1382 2934 1436; x_wconf 89' lang='lat' dir='ltr'>insula</span> <span class='ocrx_word' id='word_1_195' title='bbox 2959 1382 3212 1455; x_wconf 89' lang='lat' dir='ltr'>quadam</span> <span class='ocrx_word' id='word_1_196' title='bbox 3239 1383 3438 1450; x_wconf 86' lang='lat' dir='ltr'>maris,</span> <span class='ocrx_word' id='word_1_197' title='bbox 3474 1399 3607 1455; x_wconf 61' lang='lat' dir='ltr'>quin</span> <span class='ocrx_word' id='word_1_198' title='bbox 3628 1383 3709 1437; x_wconf 87' lang='lat' dir='ltr'>ci-</span> 
     </span>
    </p>
   </div>
   <div class='ocr_carea' id='block_1_29' title="bbox 2103 1469 3709 1543">
    <p class='ocr_par' dir='ltr' id='par_1_29' title="bbox 2103 1469 3709 1543">
     <span class='ocr_line' id='line_1_29' title="bbox 2103 1469 3709 1543; baseline -0.001 -18"><span class='ocrx_word' id='word_1_199' title='bbox 2103 1470 2258 1525; x_wconf 88' lang='lat' dir='ltr'>vitati</span> <span class='ocrx_word' id='word_1_200' title='bbox 2302 1470 2526 1541; x_wconf 84' lang='lat' dir='ltr'>adjacet</span> <span class='ocrx_word' id='word_1_201' title='bbox 2573 1470 2944 1536; x_wconf 71' lang='lat' dir='ltr'>Constantiae,</span> <span class='ocrx_word' id='word_1_202' title='bbox 2977 1470 3036 1523; x_wconf 91' lang='lat' dir='ltr'>in</span> <span class='ocrx_word' id='word_1_203' title='bbox 3082 1469 3342 1525; x_wconf 90' lang='lat' dir='ltr'>exsilium</span> <span class='ocrx_word' id='word_1_204' title='bbox 3390 1471 3709 1543; x_wconf 85' lang='lat' dir='ltr'>relegatur.</span> 
     </span>
    </p>
   </div>
   <div class='ocr_carea' id='block_1_30' title="bbox 2664 1557 3139 1612">
    <p class='ocr_par' dir='ltr' id='par_1_30' title="bbox 2664 1557 3139 1612">
     <span class='ocr_line' id='line_1_30' title="bbox 2664 1557 3139 1612; baseline 0.002 -1"><span class='ocrx_word' id='word_1_205' title='bbox 2664 1557 2886 1612; x_wconf 85' lang='lat' dir='ltr'>CAPUT</span> <span class='ocrx_word' id='word_1_206' title='bbox 2919 1558 3139 1612; x_wconf 84' lang='lat' dir='ltr'>XXVIII.</span> 
     </span>
    </p>
   </div>
   <div class='ocr_carea' id='block_1_31' title="bbox 2101 1644 3714 1715">
    <p class='ocr_par' dir='ltr' id='par_1_31' title="bbox 2101 1644 3714 1715">
     <span class='ocr_line' id='line_1_31' title="bbox 2101 1644 3714 1715; baseline 0.001 -17"><span class='ocrx_word' id='word_1_207' title='bbox 2101 1644 2184 1698; x_wconf 84' lang='lat' dir='ltr'>De</span> <span class='ocrx_word' id='word_1_208' title='bbox 2207 1644 2525 1701; x_wconf 78' lang='lat' dir='ltr'>Guntranni</span> <span class='ocrx_word' id='word_1_209' title='bbox 2553 1644 3010 1715; x_wconf 78' lang='lat' dir='ltr'>Burgundionum</span> <span class='ocrx_word' id='word_1_210' title='bbox 3035 1648 3172 1715; x_wconf 77' lang='lat' dir='ltr'>regis</span> <span class='ocrx_word' id='word_1_211' title='bbox 3190 1645 3261 1700; x_wconf 85' lang='lat' dir='ltr'>ad</span> <span class='ocrx_word' id='word_1_212' title='bbox 3308 1644 3714 1701; x_wconf 79' lang='lat' dir='ltr'>Childebertum</span> 
     </span>
    </p>
   </div>
   <div class='ocr_carea' id='block_1_32' title="bbox 2767 1736 3025 1788">
    <p class='ocr_par' dir='ltr' id='par_1_32' title="bbox 2767 1736 3025 1788">
     <span class='ocr_line' id='line_1_32' title="bbox 2767 1736 3025 1788; baseline 0.004 -1"><span class='ocrx_word' id='word_1_213' title='bbox 2767 1736 3025 1788; x_wconf 76' lang='lat' dir='ltr'>oratione.</span> 
     </span>
    </p>
   </div>
   <div class='ocr_carea' id='block_1_33' title="bbox 391 1796 3713 1896">
    <p class='ocr_par' dir='ltr' id='par_1_33' title="bbox 391 1796 3713 1896">
     <span class='ocr_line' id='line_1_33' title="bbox 391 1796 3713 1896; baseline 0 -18"><span class='ocrx_word' id='word_1_214' title='bbox 391 1796 595 1896; x_wconf 66' lang='lat' dir='ltr'>quibus</span> <span class='ocrx_word' id='word_1_215' title='bbox 626 1824 729 1878; x_wconf 84' lang='lat' dir='ltr'>tibi</span> <span class='ocrx_word' id='word_1_216' title='bbox 773 1824 986 1895; x_wconf 87' lang='lat' dir='ltr'>placuit</span> <span class='ocrx_word' id='word_1_217' title='bbox 1033 1796 1456 1877; x_wconf 74' lang='lat' dir='ltr'>distribuisti?»</span> <span class='ocrx_word' id='word_1_218' title='bbox 1502 1796 1656 1876; x_wconf 74' lang='lat' dir='ltr'>Tunc</span> <span class='ocrx_word' id='word_1_219' title='bbox 1700 1796 1997 1877; x_wconf 83' lang='lat' dir='ltr'>sacerdos:</span> <span class='ocrx_word' id='word_1_220' title='bbox 2030 1817 2081 1880; x_wconf 90' lang='lat' dir='ltr'><strong>B</strong></span> <span class='ocrx_word' id='word_1_221' title='bbox 2154 1823 2332 1877; x_wconf 89' lang='lat' dir='ltr'>Porro</span> <span class='ocrx_word' id='word_1_222' title='bbox 2355 1796 3713 1893; x_wconf 81' lang='lat' dir='ltr'>GuntrannusrexBurgundionumChildeberto</span> 
     </span>
    </p>
   </div>
   <div class='ocr_carea' id='block_1_34' title="bbox 392 1910 2002 1982">
    <p class='ocr_par' dir='ltr' id='par_1_34' title="bbox 392 1910 2002 1982">
     <span class='ocr_line' id='line_1_34' title="bbox 392 1910 2002 1982; baseline 0.002 -21"><span class='ocrx_word' id='word_1_223' title='bbox 392 1933 420 1961; x_wconf 82' lang='lat'><strong><em>«</em></strong></span> <span class='ocrx_word' id='word_1_224' title='bbox 452 1911 539 1965; x_wconf 84' lang='lat' dir='ltr'>Ad</span> <span class='ocrx_word' id='word_1_225' title='bbox 557 1911 831 1982; x_wconf 88' lang='lat' dir='ltr'>sitajam,</span> <span class='ocrx_word' id='word_1_226' title='bbox 849 1911 1057 1982; x_wconf 91' lang='lat' dir='ltr'>inquit,</span> <span class='ocrx_word' id='word_1_227' title='bbox 1076 1911 1257 1965; x_wconf 89' lang='lat' dir='ltr'>semel</span> <span class='ocrx_word' id='word_1_228' title='bbox 1274 1910 1409 1977; x_wconf 84' lang='lat' dir='ltr'>dixi,</span> <span class='ocrx_word' id='word_1_229' title='bbox 1435 1913 1492 1964; x_wconf 89' lang='lat' dir='ltr'>et</span> <span class='ocrx_word' id='word_1_230' title='bbox 1513 1910 1888 1965; x_wconf 87' lang='lat' dir='ltr'>nunciterum</span> <span class='ocrx_word' id='word_1_231' title='bbox 1915 1910 2002 1965; x_wconf 88' lang='lat' dir='ltr'>di-</span> 
     </span>
    </p>
   </div>
   <div class='ocr_carea' id='block_1_35' title="bbox 390 1997 2002 2069">
    <p class='ocr_par' dir='ltr' id='par_1_35' title="bbox 390 1997 2002 2069">
     <span class='ocr_line' id='line_1_35' title="bbox 390 1997 2002 2069; baseline 0 -16"><span class='ocrx_word' id='word_1_232' title='bbox 390 2014 479 2066; x_wconf 89' lang='lat' dir='ltr'>co,</span> <span class='ocrx_word' id='word_1_233' title='bbox 499 2014 593 2054; x_wconf 89' lang='lat' dir='ltr'>me</span> <span class='ocrx_word' id='word_1_234' title='bbox 612 2016 727 2054; x_wconf 92' lang='lat' dir='ltr'>non</span> <span class='ocrx_word' id='word_1_235' title='bbox 751 1999 825 2054; x_wconf 93' lang='lat' dir='ltr'>ob</span> <span class='ocrx_word' id='word_1_236' title='bbox 862 1998 1016 2053; x_wconf 89' lang='lat' dir='ltr'>aliud</span> <span class='ocrx_word' id='word_1_237' title='bbox 1038 1998 1146 2053; x_wconf 89' lang='lat' dir='ltr'>illis</span> <span class='ocrx_word' id='word_1_238' title='bbox 1185 1997 1293 2054; x_wconf 89' lang='lat' dir='ltr'>ista</span> <span class='ocrx_word' id='word_1_239' title='bbox 1313 1998 1582 2069; x_wconf 90' lang='lat' dir='ltr'>largitum</span> <span class='ocrx_word' id='word_1_240' title='bbox 1606 1998 1775 2053; x_wconf 89' lang='lat' dir='ltr'>fuisse</span> <span class='ocrx_word' id='word_1_241' title='bbox 1801 1998 1906 2053; x_wconf 90' lang='lat' dir='ltr'>nisi</span> <span class='ocrx_word' id='word_1_242' title='bbox 1939 2002 2002 2053; x_wconf 93' lang='lat' dir='ltr'>ut</span> 
     </span>
    </p>
   </div>
   <div class='ocr_carea' id='block_1_36' title="bbox 390 2086 1998 2158">
    <p class='ocr_par' dir='ltr' id='par_1_36' title="bbox 390 2086 1998 2158">
     <span class='ocr_line' id='line_1_36' title="bbox 390 2086 1998 2158; baseline 0 -17"><span class='ocrx_word' id='word_1_243' title='bbox 390 2102 594 2142; x_wconf 90' lang='lat' dir='ltr'>eorum</span> <span class='ocrx_word' id='word_1_244' title='bbox 627 2086 965 2142; x_wconf 88' lang='lat' dir='ltr'>muneribus</span> <span class='ocrx_word' id='word_1_245' title='bbox 993 2086 1136 2140; x_wconf 87' lang='lat' dir='ltr'>mihi</span> <span class='ocrx_word' id='word_1_246' title='bbox 1162 2086 1443 2141; x_wconf 86' lang='lat' dir='ltr'>concessis</span> <span class='ocrx_word' id='word_1_247' title='bbox 1480 2102 1682 2158; x_wconf 87' lang='lat' dir='ltr'>parem</span> <span class='ocrx_word' id='word_1_248' title='bbox 1713 2087 1998 2143; x_wconf 85' lang='lat' dir='ltr'>referrem</span> 
     </span>
    </p>
   </div>
   <div class='ocr_carea' id='block_1_37' title="bbox 390 2174 2001 2246">
    <p class='ocr_par' dir='ltr' id='par_1_37' title="bbox 390 2174 2001 2246">
     <span class='ocr_line' id='line_1_37' title="bbox 390 2174 2001 2246; baseline 0.001 -18"><span class='ocrx_word' id='word_1_249' title='bbox 390 2174 636 2245; x_wconf 88' lang='lat' dir='ltr'>gratiam</span> <span class='ocrx_word' id='word_1_250' title='bbox 649 2216 661 2228; x_wconf 95' lang='lat'>.</span> <span class='ocrx_word' id='word_1_251' title='bbox 678 2175 917 2241; x_wconf 90' lang='lat' dir='ltr'>Utvero,</span> <span class='ocrx_word' id='word_1_252' title='bbox 934 2174 1182 2246; x_wconf 88' lang='lat' dir='ltr'>propriis</span> <span class='ocrx_word' id='word_1_253' title='bbox 1195 2175 1687 2242; x_wconf 82' lang='lat' dir='ltr'>deficientibus,cx</span> <span class='ocrx_word' id='word_1_254' title='bbox 1701 2192 2001 2231; x_wconf 87' lang='lat' dir='ltr'>commen-</span> 
     </span>
    </p>
   </div>
   <div class='ocr_carea' id='block_1_38' title="bbox 391 2262 1996 2333">
    <p class='ocr_par' dir='ltr' id='par_1_38' title="bbox 391 2262 1996 2333">
     <span class='ocr_line' id='line_1_38' title="bbox 391 2262 1996 2333; baseline 0 -16"><span class='ocrx_word' id='word_1_255' title='bbox 391 2262 538 2317; x_wconf 90' lang='lat' dir='ltr'>datis</span> <span class='ocrx_word' id='word_1_256' title='bbox 550 2262 741 2333; x_wconf 89' lang='lat' dir='ltr'>aliqua</span> <span class='ocrx_word' id='word_1_257' title='bbox 753 2262 1547 2333; x_wconf 72' lang='lat' dir='ltr'>prmsnmerem,confidentia</span> <span class='ocrx_word' id='word_1_258' title='bbox 1559 2279 1761 2318; x_wconf 91' lang='lat' dir='ltr'>ausum</span> <span class='ocrx_word' id='word_1_259' title='bbox 1776 2264 1996 2331; x_wconf 85' lang='lat' dir='ltr'>tribuit,</span> 
     </span>
    </p>
   </div>
   <div class='ocr_carea' id='block_1_39' title="bbox 389 2349 1995 2421">
    <p class='ocr_par' dir='ltr' id='par_1_39' title="bbox 389 2349 1995 2421">
     <span class='ocr_line' id='line_1_39' title="bbox 389 2349 1995 2421; baseline 0.001 -17"><span class='ocrx_word' id='word_1_260' title='bbox 389 2365 458 2404; x_wconf 91' lang='lat' dir='ltr'>eo</span> <span class='ocrx_word' id='word_1_261' title='bbox 483 2350 638 2421; x_wconf 89' lang='lat' dir='ltr'>quod</span> <span class='ocrx_word' id='word_1_262' title='bbox 657 2350 966 2417; x_wconf 84' lang='lat' dir='ltr'>Meroveus,</span> <span class='ocrx_word' id='word_1_263' title='bbox 989 2351 1074 2420; x_wconf 90' lang='lat' dir='ltr'>cuj</span> <span class='ocrx_word' id='word_1_264' title='bbox 1085 2366 1147 2404; x_wconf 89' lang='lat' dir='ltr'>ns</span> <span class='ocrx_word' id='word_1_265' title='bbox 1167 2349 1609 2420; x_wconf 89' lang='lat' dir='ltr'>illaconjugium</span> <span class='ocrx_word' id='word_1_266' title='bbox 1627 2352 1995 2421; x_wconf 87' lang='lat' dir='ltr'>expetiverat,</span> 
     </span>
    </p>
   </div>
   <div class='ocr_carea' id='block_1_40' title="bbox 389 2436 1999 2509">
    <p class='ocr_par' dir='ltr' id='par_1_40' title="bbox 389 2436 1999 2509">
     <span class='ocr_line' id='line_1_40' title="bbox 389 2436 1999 2509; baseline 0 -17"><span class='ocrx_word' id='word_1_267' title='bbox 389 2454 457 2493; x_wconf 80' lang='lat' dir='ltr'>ex</span> <span class='ocrx_word' id='word_1_268' title='bbox 488 2441 546 2492; x_wconf 90' lang='lat' dir='ltr'>te</span> <span class='ocrx_word' id='word_1_269' title='bbox 574 2437 885 2492; x_wconf 89' lang='lat' dir='ltr'>carnaliter</span> <span class='ocrx_word' id='word_1_270' title='bbox 900 2437 1148 2507; x_wconf 89' lang='lat' dir='ltr'>genitus,</span> <span class='ocrx_word' id='word_1_271' title='bbox 1174 2436 1315 2490; x_wconf 89' lang='lat' dir='ltr'>mihi</span> <span class='ocrx_word' id='word_1_272' title='bbox 1341 2436 1398 2491; x_wconf 92' lang='lat' dir='ltr'>in</span> <span class='ocrx_word' id='word_1_273' title='bbox 1421 2437 1710 2508; x_wconf 89' lang='lat' dir='ltr'>baptismo</span> <span class='ocrx_word' id='word_1_274' title='bbox 1732 2438 1999 2509; x_wconf 88' lang='lat' dir='ltr'>spiritalis</span> 
     </span>
    </p>
   </div>
   <div class='ocr_carea' id='block_1_41' title="bbox 391 2523 2000 2596">
    <p class='ocr_par' dir='ltr' id='par_1_41' title="bbox 391 2523 2000 2596">
     <span class='ocr_line' id='line_1_41' title="bbox 391 2523 2000 2596; baseline 0 -17"><span class='ocrx_word' id='word_1_275' title='bbox 391 2527 539 2579; x_wconf 88' lang='lat' dir='ltr'>esset</span> <span class='ocrx_word' id='word_1_276' title='bbox 558 2523 726 2577; x_wconf 86' lang='lat' dir='ltr'>filius.</span> <span class='ocrx_word' id='word_1_277' title='bbox 760 2544 789 2572; x_wconf 87' lang='grc'><strong>››</strong></span> <span class='ocrx_word' id='word_1_278' title='bbox 818 2523 1302 2578; x_wconf 82' lang='lat' dir='ltr'>Animadvertens</span> <span class='ocrx_word' id='word_1_279' title='bbox 1334 2523 1683 2596; x_wconf 89' lang='lat' dir='ltr'>Chilpericus</span> <span class='ocrx_word' id='word_1_280' title='bbox 1700 2526 2000 2580; x_wconf 70' lang='lat' dir='ltr'>Praetexta-</span> 
     </span>
    </p>
   </div>
   <div class='ocr_carea' id='block_1_42' title="bbox 389 2610 1996 2683">
    <p class='ocr_par' dir='ltr' id='par_1_42' title="bbox 389 2610 1996 2683">
     <span class='ocr_line' id='line_1_42' title="bbox 389 2610 1996 2683; baseline 0.001 -17"><span class='ocrx_word' id='word_1_281' title='bbox 389 2616 515 2666; x_wconf 90' lang='lat' dir='ltr'>tum</span> <span class='ocrx_word' id='word_1_282' title='bbox 530 2612 641 2665; x_wconf 92' lang='lat' dir='ltr'>hoc</span> <span class='ocrx_word' id='word_1_283' title='bbox 654 2610 831 2666; x_wconf 91' lang='lat' dir='ltr'>modo</span> <span class='ocrx_word' id='word_1_284' title='bbox 845 2626 961 2665; x_wconf 91' lang='lat' dir='ltr'>non</span> <span class='ocrx_word' id='word_1_285' title='bbox 976 2628 1140 2683; x_wconf 90' lang='lat' dir='ltr'>posse</span> <span class='ocrx_word' id='word_1_286' title='bbox 1152 2611 1431 2683; x_wconf 89' lang='lat' dir='ltr'>superari,</span> <span class='ocrx_word' id='word_1_287' title='bbox 1447 2612 1646 2667; x_wconf 89' lang='lat' dir='ltr'>relicto</span> <span class='ocrx_word' id='word_1_288' title='bbox 1673 2612 1895 2668; x_wconf 88' lang='lat' dir='ltr'>concilii</span> <span class='ocrx_word' id='word_1_289' title='bbox 1914 2614 1996 2668; x_wconf 93' lang='lat' dir='ltr'>lo-</span> 
     </span>
    </p>
   </div>
   <div class='ocr_carea' id='block_1_43' title="bbox 390 2698 1994 2769">
    <p class='ocr_par' dir='ltr' id='par_1_43' title="bbox 390 2698 1994 2769">
     <span class='ocr_line' id='line_1_43' title="bbox 390 2698 1994 2769; baseline 0.001 -16"><span class='ocrx_word' id='word_1_290' title='bbox 390 2714 551 2766; x_wconf 90' lang='lat' dir='ltr'>co,ac</span> <span class='ocrx_word' id='word_1_291' title='bbox 564 2698 891 2753; x_wconf 87' lang='lat' dir='ltr'>convocatis</span> <span class='ocrx_word' id='word_1_292' title='bbox 905 2698 1248 2769; x_wconf 89' lang='lat' dir='ltr'>quibusdam</span> <span class='ocrx_word' id='word_1_293' title='bbox 1264 2698 1369 2754; x_wconf 89' lang='lat' dir='ltr'>sibi</span> <span class='ocrx_word' id='word_1_294' title='bbox 1383 2699 1454 2754; x_wconf 91' lang='lat' dir='ltr'>ad</span> <span class='ocrx_word' id='word_1_295' title='bbox 1463 2700 1854 2768; x_wconf 89' lang='lat' dir='ltr'>ulantibus,ait</span> <span class='ocrx_word' id='word_1_296' title='bbox 1868 2701 1994 2756; x_wconf 90' lang='lat' dir='ltr'>illis:</span> 
     </span>
    </p>
   </div>
   <div class='ocr_carea' id='block_1_44' title="bbox 388 2786 1996 2858">
    <p class='ocr_par' dir='ltr' id='par_1_44' title="bbox 388 2786 1996 2858">
     <span class='ocr_line' id='line_1_44' title="bbox 388 2786 1996 2858; baseline 0.004 -19"><span class='ocrx_word' id='word_1_297' title='bbox 388 2805 420 2839; x_wconf 69' lang='grc' dir='ltr'><strong>ς</strong></span> <span class='ocrx_word' id='word_1_298' title='bbox 450 2786 674 2840; x_wconf 83' lang='lat' dir='ltr'>Victum</span> <span class='ocrx_word' id='word_1_299' title='bbox 705 2803 797 2840; x_wconf 92' lang='lat' dir='ltr'>me</span> <span class='ocrx_word' id='word_1_300' title='bbox 826 2787 1012 2841; x_wconf 91' lang='lat' dir='ltr'>verbis</span> <span class='ocrx_word' id='word_1_301' title='bbox 1038 2787 1288 2858; x_wconf 88' lang='lat' dir='ltr'>episcopi</span> <span class='ocrx_word' id='word_1_302' title='bbox 1331 2787 1539 2851; x_wconf 85' lang='lat' dir='ltr'>fateor,</span> <span class='ocrx_word' id='word_1_303' title='bbox 1590 2792 1647 2843; x_wconf 89' lang='lat' dir='ltr'>et</span> <span class='ocrx_word' id='word_1_304' title='bbox 1686 2806 1822 2844; x_wconf 88' lang='lat' dir='ltr'>vera</span> <span class='ocrx_word' id='word_1_305' title='bbox 1863 2806 1996 2845; x_wconf 90' lang='lat' dir='ltr'>eum</span> 
     </span>
    </p>
   </div>
   <div class='ocr_carea' id='block_1_45' title="bbox 389 2874 1994 2948">
    <p class='ocr_par' dir='ltr' id='par_1_45' title="bbox 389 2874 1994 2948">
     <span class='ocr_line' id='line_1_45' title="bbox 389 2874 1994 2948; baseline 0.002 -20"><span class='ocrx_word' id='word_1_306' title='bbox 389 2874 661 2946; x_wconf 87' lang='lat' dir='ltr'>prosequi</span> <span class='ocrx_word' id='word_1_307' title='bbox 691 2874 830 2930; x_wconf 92' lang='lat' dir='ltr'>scio.</span> <span class='ocrx_word' id='word_1_308' title='bbox 864 2874 976 2929; x_wconf 91' lang='lat' dir='ltr'>Sed</span> <span class='ocrx_word' id='word_1_309' title='bbox 1007 2878 1070 2928; x_wconf 92' lang='lat' dir='ltr'>ut</span> <span class='ocrx_word' id='word_1_310' title='bbox 1101 2874 1460 2946; x_wconf 90' lang='lat' dir='ltr'>Fredegundi</span> <span class='ocrx_word' id='word_1_311' title='bbox 1487 2876 1702 2948; x_wconf 68' lang='lat' dir='ltr'>regina:</span> <span class='ocrx_word' id='word_1_312' title='bbox 1739 2878 1994 2947; x_wconf 85' lang='lat' dir='ltr'>satisfiat,</span> 
     </span>
    </p>
   </div>
   <div class='ocr_carea' id='block_1_46' title="bbox 387 2961 2000 3035">
    <p class='ocr_par' dir='ltr' id='par_1_46' title="bbox 387 2961 2000 3035">
     <span class='ocr_line' id='line_1_46' title="bbox 387 2961 2000 3035; baseline 0.002 -19"><span class='ocrx_word' id='word_1_313' title='bbox 387 2961 466 3017; x_wconf 90' lang='lat' dir='ltr'>ite</span> <span class='ocrx_word' id='word_1_314' title='bbox 497 2978 561 3017; x_wconf 91' lang='lat' dir='ltr'>ac</span> <span class='ocrx_word' id='word_1_315' title='bbox 593 2980 659 3017; x_wconf 88' lang='lat' dir='ltr'>ex</span> <span class='ocrx_word' id='word_1_316' title='bbox 691 2966 878 3017; x_wconf 76' lang='lat' dir='ltr'>vestra</span> <span class='ocrx_word' id='word_1_317' title='bbox 905 2963 1062 3035; x_wconf 90' lang='lat' dir='ltr'>quasi</span> <span class='ocrx_word' id='word_1_318' title='bbox 1094 2979 1343 3034; x_wconf 87' lang='lat' dir='ltr'>persona</span> <span class='ocrx_word' id='word_1_319' title='bbox 1387 2964 1690 3019; x_wconf 91' lang='lat' dir='ltr'>consilium</span> <span class='ocrx_word' id='word_1_320' title='bbox 1721 2965 1773 3019; x_wconf 91' lang='lat' dir='ltr'>ei</span> <span class='ocrx_word' id='word_1_321' title='bbox 1798 2965 2000 3021; x_wconf 90' lang='lat' dir='ltr'>dantes</span> 
     </span>
    </p>
   </div>
   <div class='ocr_carea' id='block_1_47' title="bbox 390 3049 1997 3124">
    <p class='ocr_par' dir='ltr' id='par_1_47' title="bbox 390 3049 1997 3124">
     <span class='ocr_line' id='line_1_47' title="bbox 390 3049 1997 3124; baseline 0.002 -20"><span class='ocrx_word' id='word_1_322' title='bbox 390 3049 592 3105; x_wconf 87' lang='lat' dir='ltr'>dicite:</span> <span class='ocrx_word' id='word_1_323' title='bbox 630 3074 655 3100; x_wconf 76' lang='grc' dir='ltr'><strong><em>α</em></strong></span> <span class='ocrx_word' id='word_1_324' title='bbox 691 3051 811 3106; x_wconf 91' lang='lat' dir='ltr'>Scis</span> <span class='ocrx_word' id='word_1_325' title='bbox 840 3050 973 3123; x_wconf 87' lang='lat' dir='ltr'>quia</span> <span class='ocrx_word' id='word_1_326' title='bbox 990 3051 1258 3107; x_wconf 90' lang='lat' dir='ltr'>dominus</span> <span class='ocrx_word' id='word_1_327' title='bbox 1272 3055 1467 3107; x_wconf 89' lang='lat' dir='ltr'>noster</span> <span class='ocrx_word' id='word_1_328' title='bbox 1495 3053 1867 3124; x_wconf 83' lang='lat' dir='ltr'>Chilpericus,</span> <span class='ocrx_word' id='word_1_329' title='bbox 1901 3071 1997 3108; x_wconf 92' lang='lat' dir='ltr'>rex</span> 
     </span>
    </p>
   </div>
   <div class='ocr_carea' id='block_1_48' title="bbox 2100 1909 3712 1983">
    <p class='ocr_par' dir='ltr' id='par_1_48' title="bbox 2100 1909 3712 1983">
     <span class='ocr_line' id='line_1_48' title="bbox 2100 1909 3712 1983; baseline 0.001 -20"><span class='ocrx_word' id='word_1_330' title='bbox 2100 1909 2224 1980; x_wconf 88' lang='lat' dir='ltr'>regi</span> <span class='ocrx_word' id='word_1_331' title='bbox 2267 1910 2714 1978; x_wconf 86' lang='lat' dir='ltr'>Austrasiorum,</span> <span class='ocrx_word' id='word_1_332' title='bbox 2766 1910 2963 1983; x_wconf 87' lang='lat' dir='ltr'>nepoti</span> <span class='ocrx_word' id='word_1_333' title='bbox 3017 1927 3139 1976; x_wconf 91' lang='lat' dir='ltr'>suo,</span> <span class='ocrx_word' id='word_1_334' title='bbox 3173 1913 3236 1965; x_wconf 93' lang='lat' dir='ltr'>ut</span> <span class='ocrx_word' id='word_1_335' title='bbox 3274 1910 3542 1981; x_wconf 85' lang='lat' dir='ltr'>pacificus</span> <span class='ocrx_word' id='word_1_336' title='bbox 3573 1926 3712 1965; x_wconf 90' lang='lat' dir='ltr'>cum</span> 
     </span>
    </p>
   </div>
   <div class='ocr_carea' id='block_1_49' title="bbox 2101 1998 3716 2070">
    <p class='ocr_par' dir='ltr' id='par_1_49' title="bbox 2101 1998 3716 2070">
     <span class='ocr_line' id='line_1_49' title="bbox 2101 1998 3716 2070; baseline 0 -18"><span class='ocrx_word' id='word_1_337' title='bbox 2101 1998 2434 2068; x_wconf 89' lang='lat' dir='ltr'>proceribus</span> <span class='ocrx_word' id='word_1_338' title='bbox 2466 1998 2630 2069; x_wconf 88' lang='lat' dir='ltr'>regni</span> <span class='ocrx_word' id='word_1_339' title='bbox 2662 1998 2745 2052; x_wconf 88' lang='lat' dir='ltr'>sui</span> <span class='ocrx_word' id='word_1_340' title='bbox 2771 1999 2843 2052; x_wconf 92' lang='lat' dir='ltr'>ad</span> <span class='ocrx_word' id='word_1_341' title='bbox 2860 2002 3309 2070; x_wconf 89' lang='lat' dir='ltr'>pontem,quem</span> <span class='ocrx_word' id='word_1_342' title='bbox 3329 2001 3601 2054; x_wconf 87' lang='lat' dir='ltr'>Petreum</span> <span class='ocrx_word' id='word_1_343' title='bbox 3629 1999 3716 2053; x_wconf 87' lang='lat' dir='ltr'>di-</span> 
     </span>
    </p>
   </div>
   <div class='ocr_carea' id='block_1_50' title="bbox 2101 2085 3715 2157">
    <p class='ocr_par' dir='ltr' id='par_1_50' title="bbox 2101 2085 3715 2157">
     <span class='ocr_line' id='line_1_50' title="bbox 2101 2085 3715 2157; baseline 0.001 -17"><span class='ocrx_word' id='word_1_344' title='bbox 2101 2085 2369 2153; x_wconf 89' lang='lat' dir='ltr'>cunt,sibi</span> <span class='ocrx_word' id='word_1_345' title='bbox 2391 2090 2717 2140; x_wconf 89' lang='lat' dir='ltr'>occurreret</span> <span class='ocrx_word' id='word_1_346' title='bbox 2746 2086 3061 2141; x_wconf 87' lang='lat' dir='ltr'>mandavit.</span> <span class='ocrx_word' id='word_1_347' title='bbox 3090 2089 3152 2140; x_wconf 91' lang='lat' dir='ltr'>1n</span> <span class='ocrx_word' id='word_1_348' title='bbox 3175 2088 3334 2157; x_wconf 81' lang='lat' dir='ltr'>cujus</span> <span class='ocrx_word' id='word_1_349' title='bbox 3350 2086 3715 2141; x_wconf 85' lang='lat' dir='ltr'>advenientis</span> 
     </span>
    </p>
   </div>
   <div class='ocr_carea' id='block_1_51' title="bbox 2099 2173 3713 2245">
    <p class='ocr_par' dir='ltr' id='par_1_51' title="bbox 2099 2173 3713 2245">
     <span class='ocr_line' id='line_1_51' title="bbox 2099 2173 3713 2245; baseline 0.001 -18"><span class='ocrx_word' id='word_1_350' title='bbox 2099 2173 2455 2245; x_wconf 84' lang='lat' dir='ltr'>amplexibus</span> <span class='ocrx_word' id='word_1_351' title='bbox 2478 2173 2571 2227; x_wconf 92' lang='lat' dir='ltr'>diu</span> <span class='ocrx_word' id='word_1_352' title='bbox 2589 2174 3236 2241; x_wconf 86' lang='lat' dir='ltr'>immoratus,universis</span> <span class='ocrx_word' id='word_1_353' title='bbox 3258 2175 3713 2230; x_wconf 87' lang='lat' dir='ltr'>audientibussic</span> 
     </span>
    </p>
   </div>
   <div class='ocr_carea' id='block_1_52' title="bbox 2099 2262 3711 2335">
    <p class='ocr_par' dir='ltr' id='par_1_52' title="bbox 2099 2262 3711 2335">
     <span class='ocr_line' id='line_1_52' title="bbox 2099 2262 3711 2335; baseline 0.001 -19"><span class='ocrx_word' id='word_1_354' title='bbox 2099 2265 2184 2316; x_wconf 90' lang='lat' dir='ltr'>est</span> <span class='ocrx_word' id='word_1_355' title='bbox 2213 2262 2468 2317; x_wconf 88' lang='lat' dir='ltr'>locutus:</span> <span class='ocrx_word' id='word_1_356' title='bbox 2496 2285 2522 2312; x_wconf 72' lang='grc' dir='ltr'><strong>ι(</strong></span> <span class='ocrx_word' id='word_1_357' title='bbox 2550 2263 2922 2329; x_wconf 88' lang='lat' dir='ltr'>Evenit,meis</span> <span class='ocrx_word' id='word_1_358' title='bbox 2936 2263 3419 2335; x_wconf 71' lang='lat' dir='ltr'>prmpedienlibus</span> <span class='ocrx_word' id='word_1_359' title='bbox 3436 2264 3711 2335; x_wconf 88' lang='lat' dir='ltr'>peccatis,</span> 
     </span>
    </p>
   </div>
   <div class='ocr_carea' id='block_1_53' title="bbox 2102 2350 3714 2424">
    <p class='ocr_par' dir='ltr' id='par_1_53' title="bbox 2102 2350 3714 2424">
     <span class='ocr_line' id='line_1_53' title="bbox 2102 2350 3714 2424; baseline 0.002 -21"><span class='ocrx_word' id='word_1_360' title='bbox 2102 2354 2162 2404; x_wconf 90' lang='lat' dir='ltr'>ut</span> <span class='ocrx_word' id='word_1_361' title='bbox 2187 2366 2252 2404; x_wconf 88' lang='lat' dir='ltr'>ex</span> <span class='ocrx_word' id='word_1_362' title='bbox 2285 2366 2379 2404; x_wconf 90' lang='lat' dir='ltr'>me</span> <span class='ocrx_word' id='word_1_363' title='bbox 2408 2350 2615 2421; x_wconf 85' lang='lat' dir='ltr'>genitis</span> <span class='ocrx_word' id='word_1_364' title='bbox 2635 2367 2894 2405; x_wconf 90' lang='lat' dir='ltr'>carerem</span> <span class='ocrx_word' id='word_1_365' title='bbox 2926 2351 3072 2406; x_wconf 82' lang='lat' dir='ltr'>filiis.</span> <span class='ocrx_word' id='word_1_366' title='bbox 3093 2352 3252 2406; x_wconf 90' lang='lat' dir='ltr'>Unde</span> <span class='ocrx_word' id='word_1_367' title='bbox 3286 2352 3714 2424; x_wconf 90' lang='lat' dir='ltr'>mihi,propriis</span> 
     </span>
    </p>
   </div>
   <div class='ocr_carea' id='block_1_54' title="bbox 2100 2437 3715 2512">
    <p class='ocr_par' dir='ltr' id='par_1_54' title="bbox 2100 2437 3715 2512">
     <span class='ocr_line' id='line_1_54' title="bbox 2100 2437 3715 2512; baseline 0.003 -21"><span class='ocrx_word' id='word_1_368' title='bbox 2100 2437 2302 2492; x_wconf 88' lang='lat' dir='ltr'>orbato</span> <span class='ocrx_word' id='word_1_369' title='bbox 2333 2438 2679 2505; x_wconf 69' lang='lat' dir='ltr'>haeredibus,</span> <span class='ocrx_word' id='word_1_370' title='bbox 2715 2456 2950 2494; x_wconf 89' lang='lat' dir='ltr'>necesse</span> <span class='ocrx_word' id='word_1_371' title='bbox 2980 2442 3068 2494; x_wconf 89' lang='lat' dir='ltr'>est</span> <span class='ocrx_word' id='word_1_372' title='bbox 3095 2456 3358 2512; x_wconf 65' lang='lat' dir='ltr'>quaerere</span> <span class='ocrx_word' id='word_1_373' title='bbox 3373 2444 3715 2508; x_wconf 87' lang='lat' dir='ltr'>extraneos,</span> 
     </span>
    </p>
   </div>
   <div class='ocr_carea' id='block_1_55' title="bbox 2099 2525 3714 2600">
    <p class='ocr_par' dir='ltr' id='par_1_55' title="bbox 2099 2525 3714 2600">
     <span class='ocr_line' id='line_1_55' title="bbox 2099 2525 3714 2600; baseline 0.003 -22"><span class='ocrx_word' id='word_1_374' title='bbox 2099 2525 2303 2597; x_wconf 89' lang='lat' dir='ltr'>quibus</span> <span class='ocrx_word' id='word_1_375' title='bbox 2316 2529 2511 2596; x_wconf 88' lang='lat' dir='ltr'>partos</span> <span class='ocrx_word' id='word_1_376' title='bbox 2528 2527 2854 2593; x_wconf 87' lang='lat' dir='ltr'>relinquam</span> <span class='ocrx_word' id='word_1_377' title='bbox 2870 2528 3491 2599; x_wconf 63' lang='lat' dir='ltr'>thesaurosﬂptimum</span> <span class='ocrx_word' id='word_1_378' title='bbox 3511 2530 3714 2600; x_wconf 88' lang='lat' dir='ltr'>itaque</span> 
     </span>
    </p>
   </div>
   <div class='ocr_carea' id='block_1_56' title="bbox 2094 2612 3710 2688">
    <p class='ocr_par' dir='ltr' id='par_1_56' title="bbox 2094 2612 3710 2688">
     <span class='ocr_line' id='line_1_56' title="bbox 2094 2612 3710 2688; baseline 0.004 -22"><span class='ocrx_word' id='word_1_379' title='bbox 2094 2612 2344 2683; x_wconf 86' lang='lat' dir='ltr'>judicavi</span> <span class='ocrx_word' id='word_1_380' title='bbox 2369 2614 2613 2680; x_wconf 88' lang='lat' dir='ltr'>te,omni</span> <span class='ocrx_word' id='word_1_381' title='bbox 2634 2615 2892 2670; x_wconf 88' lang='lat' dir='ltr'>humana</span> <span class='ocrx_word' id='word_1_382' title='bbox 2910 2632 3082 2670; x_wconf 91' lang='lat' dir='ltr'>carne</span> <span class='ocrx_word' id='word_1_383' title='bbox 3099 2616 3242 2670; x_wconf 87' lang='lat' dir='ltr'>mihi</span> <span class='ocrx_word' id='word_1_384' title='bbox 3260 2617 3489 2672; x_wconf 89' lang='lat' dir='ltr'>charior</span> <span class='ocrx_word' id='word_1_385' title='bbox 3501 2633 3710 2688; x_wconf 87' lang='lat' dir='ltr'>nepos,</span> 
     </span>
    </p>
   </div>
   <div class='ocr_carea' id='block_1_57' title="bbox 2103 2700 3713 2777">
    <p class='ocr_par' dir='ltr' id='par_1_57' title="bbox 2103 2700 3713 2777">
     <span class='ocr_line' id='line_1_57' title="bbox 2103 2700 3713 2777; baseline 0.004 -23"><span class='ocrx_word' id='word_1_386' title='bbox 2103 2700 2490 2770; x_wconf 87' lang='lat' dir='ltr'>Childeberte,</span> <span class='ocrx_word' id='word_1_387' title='bbox 2510 2702 2745 2774; x_wconf 90' lang='lat' dir='ltr'>eligere,</span> <span class='ocrx_word' id='word_1_388' title='bbox 2771 2704 2869 2775; x_wconf 91' lang='lat' dir='ltr'>qui</span> <span class='ocrx_word' id='word_1_389' title='bbox 2900 2708 2958 2758; x_wconf 88' lang='lat' dir='ltr'>et</span> <span class='ocrx_word' id='word_1_390' title='bbox 2987 2704 3100 2758; x_wconf 88' lang='lat' dir='ltr'>mei</span> <span class='ocrx_word' id='word_1_391' title='bbox 3138 2721 3425 2761; x_wconf 91' lang='lat' dir='ltr'>successor</span> <span class='ocrx_word' id='word_1_392' title='bbox 3463 2706 3713 2777; x_wconf 89' lang='lat' dir='ltr'>regniet</span> 
     </span>
    </p>
   </div>
   <div class='ocr_carea' id='block_1_58' title="bbox 2100 2791 3713 2866">
    <p class='ocr_par' dir='ltr' id='par_1_58' title="bbox 2100 2791 3713 2866">
     <span class='ocr_line' id='line_1_58' title="bbox 2100 2791 3713 2866; baseline 0.005 -23"><span class='ocrx_word' id='word_1_393' title='bbox 2100 2791 2439 2862; x_wconf 87' lang='lat' dir='ltr'>congregati</span> <span class='ocrx_word' id='word_1_394' title='bbox 2452 2808 2601 2846; x_wconf 88' lang='lat' dir='ltr'>esses</span> <span class='ocrx_word' id='word_1_395' title='bbox 2615 2808 2904 2862; x_wconf 87' lang='lat' dir='ltr'>possessor</span> <span class='ocrx_word' id='word_1_396' title='bbox 2921 2794 3565 2866; x_wconf 84' lang='lat' dir='ltr'>thesauri.Qnapropter</span> <span class='ocrx_word' id='word_1_397' title='bbox 3585 2812 3713 2851; x_wconf 87' lang='lat' dir='ltr'>ma-</span> 
     </span>
    </p>
   </div>
   <div class='ocr_carea' id='block_1_59' title="bbox 2100 2880 3711 2950">
    <p class='ocr_par' dir='ltr' id='par_1_59' title="bbox 2100 2880 3711 2950">
     <span class='ocr_line' id='line_1_59' title="bbox 2100 2880 3711 2950; baseline 0.004 -19"><span class='ocrx_word' id='word_1_398' title='bbox 2100 2881 2523 2949; x_wconf 67' lang='lat' dir='ltr'>neat,oro,quaa</span> <span class='ocrx_word' id='word_1_399' title='bbox 2555 2880 2706 2934; x_wconf 89' lang='lat' dir='ltr'>inter</span> <span class='ocrx_word' id='word_1_400' title='bbox 2728 2883 2957 2950; x_wconf 87' lang='lat' dir='ltr'>patrem</span> <span class='ocrx_word' id='word_1_401' title='bbox 2980 2896 3047 2934; x_wconf 88' lang='lat' dir='ltr'>ac</span> <span class='ocrx_word' id='word_1_402' title='bbox 3066 2881 3247 2936; x_wconf 83' lang='lat' dir='ltr'>filium</span> <span class='ocrx_word' id='word_1_403' title='bbox 3266 2881 3441 2937; x_wconf 90' lang='lat' dir='ltr'>debet</span> <span class='ocrx_word' id='word_1_404' title='bbox 3462 2899 3711 2938; x_wconf 86' lang='lat' dir='ltr'>manere</span> 
     </span>
    </p>
   </div>
   <div class='ocr_carea' id='block_1_60' title="bbox 2101 2965 3707 3041">
    <p class='ocr_par' dir='ltr' id='par_1_60' title="bbox 2101 2965 3707 3041">
     <span class='ocr_line' id='line_1_60' title="bbox 2101 2965 3707 3041; baseline 0.004 -23"><span class='ocrx_word' id='word_1_405' title='bbox 2101 2965 2348 3020; x_wconf 88' lang='lat' dir='ltr'>dilectio.</span> <span class='ocrx_word' id='word_1_406' title='bbox 2378 2966 2530 3020; x_wconf 87' lang='lat' dir='ltr'>Unus</span> <span class='ocrx_word' id='word_1_407' title='bbox 2552 2983 2656 3021; x_wconf 90' lang='lat' dir='ltr'>nos</span> <span class='ocrx_word' id='word_1_408' title='bbox 2678 2972 2945 3040; x_wconf 89' lang='lat' dir='ltr'>protegat</span> <span class='ocrx_word' id='word_1_409' title='bbox 2963 2970 3214 3041; x_wconf 81' lang='lat' dir='ltr'>clypeus,</span> <span class='ocrx_word' id='word_1_410' title='bbox 3234 2986 3349 3024; x_wconf 90' lang='lat' dir='ltr'>una</span> <span class='ocrx_word' id='word_1_411' title='bbox 3369 2974 3576 3025; x_wconf 90' lang='lat' dir='ltr'>contra</span> <span class='ocrx_word' id='word_1_412' title='bbox 3602 2971 3707 3025; x_wconf 85' lang='lat' dir='ltr'>ad-</span> 
     </span>
    </p>
   </div>
   <div class='ocr_carea' id='block_1_61' title="bbox 2099 3055 3713 3130">
    <p class='ocr_par' dir='ltr' id='par_1_61' title="bbox 2099 3055 3713 3130">
     <span class='ocr_line' id='line_1_61' title="bbox 2099 3055 3713 3130; baseline 0.004 -25"><span class='ocrx_word' id='word_1_413' title='bbox 2099 3056 2397 3106; x_wconf 73' lang='lat' dir='ltr'>versantes</span> <span class='ocrx_word' id='word_1_414' title='bbox 2428 3055 2859 3123; x_wconf 88' lang='lat' dir='ltr'>tueaturhasta;</span> <span class='ocrx_word' id='word_1_415' title='bbox 2893 3057 3033 3111; x_wconf 85' lang='lat' dir='ltr'>etab</span> <span class='ocrx_word' id='word_1_416' title='bbox 3060 3057 3344 3111; x_wconf 88' lang='lat' dir='ltr'>hodierno</span> <span class='ocrx_word' id='word_1_417' title='bbox 3360 3060 3418 3111; x_wconf 90' lang='lat' dir='ltr'>et</span> <span class='ocrx_word' id='word_1_418' title='bbox 3434 3057 3713 3130; x_wconf 86' lang='lat' dir='ltr'>deinceps</span> 
     </span>
    </p>
   </div>
   <div class='ocr_carea' id='block_1_62' title="bbox 390 3139 3708 3214">
    <p class='ocr_par' dir='ltr' id='par_1_62' title="bbox 390 3139 3708 3214">
     <span class='ocr_line' id='line_1_62' title="bbox 390 3139 3708 3214; baseline 0.002 -21"><span class='ocrx_word' id='word_1_419' title='bbox 390 3139 721 3194; x_wconf 88' lang='lat' dir='ltr'>misericors</span> <span class='ocrx_word' id='word_1_420' title='bbox 746 3143 832 3194; x_wconf 88' lang='lat' dir='ltr'>est</span> <span class='ocrx_word' id='word_1_421' title='bbox 855 3142 914 3194; x_wconf 93' lang='lat' dir='ltr'>et</span> <span class='ocrx_word' id='word_1_422' title='bbox 943 3140 1215 3194; x_wconf 88' lang='lat' dir='ltr'>confessis</span> <span class='ocrx_word' id='word_1_423' title='bbox 1243 3140 1354 3195; x_wconf 91' lang='lat' dir='ltr'>cito</span> <span class='ocrx_word' id='word_1_424' title='bbox 1387 3141 1648 3213; x_wconf 82' lang='lat' dir='ltr'>ignoscit.</span> <span class='ocrx_word' id='word_1_425' title='bbox 1684 3143 1837 3197; x_wconf 90' lang='lat' dir='ltr'>Vade</span> <span class='ocrx_word' id='word_1_426' title='bbox 1859 3159 1998 3214; x_wconf 91' lang='lat' dir='ltr'>ergo</span> <span class='ocrx_word' id='word_1_427' title='bbox 2022 3143 2069 3203; x_wconf 91' lang='lat' dir='ltr'>C</span> <span class='ocrx_word' id='word_1_428' title='bbox 2100 3139 2229 3194; x_wconf 88' lang='lat' dir='ltr'>talis</span> <span class='ocrx_word' id='word_1_429' title='bbox 2257 3139 2410 3194; x_wconf 88' lang='lat' dir='ltr'>inter</span> <span class='ocrx_word' id='word_1_430' title='bbox 2436 3157 2540 3195; x_wconf 90' lang='lat' dir='ltr'>nos</span> <span class='ocrx_word' id='word_1_431' title='bbox 2572 3141 2817 3196; x_wconf 80' lang='lat' dir='ltr'>Charitas</span> <span class='ocrx_word' id='word_1_432' title='bbox 2848 3148 3290 3214; x_wconf 86' lang='lat' dir='ltr'>permaneat,ut</span> <span class='ocrx_word' id='word_1_433' title='bbox 3309 3144 3356 3199; x_wconf 87' lang='lat' dir='ltr'>si</span> <span class='ocrx_word' id='word_1_434' title='bbox 3386 3145 3566 3200; x_wconf 90' lang='lat' dir='ltr'>dante</span> <span class='ocrx_word' id='word_1_435' title='bbox 3588 3148 3708 3202; x_wconf 86' lang='lat' dir='ltr'>Deo</span> 
     </span>
    </p>
   </div>
   <div class='ocr_carea' id='block_1_63' title="bbox 390 3227 1999 3302">
    <p class='ocr_par' dir='ltr' id='par_1_63' title="bbox 390 3227 1999 3302">
     <span class='ocr_line' id='line_1_63' title="bbox 390 3227 1999 3302; baseline 0.002 -21"><span class='ocrx_word' id='word_1_436' title='bbox 390 3230 449 3282; x_wconf 90' lang='lat' dir='ltr'>et</span> <span class='ocrx_word' id='word_1_437' title='bbox 480 3232 849 3299; x_wconf 87' lang='lat' dir='ltr'>prosternere</span> <span class='ocrx_word' id='word_1_438' title='bbox 880 3227 1122 3299; x_wconf 90' lang='lat' dir='ltr'>pedibus</span> <span class='ocrx_word' id='word_1_439' title='bbox 1148 3227 1270 3298; x_wconf 88' lang='lat' dir='ltr'>ejus</span> <span class='ocrx_word' id='word_1_440' title='bbox 1286 3230 1676 3302; x_wconf 83' lang='lat' dir='ltr'>conﬁtereque</span> <span class='ocrx_word' id='word_1_441' title='bbox 1700 3233 1754 3284; x_wconf 91' lang='lat' dir='ltr'>te</span> <span class='ocrx_word' id='word_1_442' title='bbox 1788 3230 1845 3283; x_wconf 91' lang='lat' dir='ltr'>in</span> <span class='ocrx_word' id='word_1_443' title='bbox 1863 3246 1999 3284; x_wconf 90' lang='lat' dir='ltr'>eum</span> 
     </span>
    </p>
   </div>
   <div class='ocr_carea' id='block_1_64' title="bbox 387 3315 2002 3388">
    <p class='ocr_par' dir='ltr' id='par_1_64' title="bbox 387 3315 2002 3388">
     <span class='ocr_line' id='line_1_64' title="bbox 387 3315 2002 3388; baseline 0.001 -19"><span class='ocrx_word' id='word_1_444' title='bbox 387 3331 672 3388; x_wconf 89' lang='lat' dir='ltr'>peccasse,</span> <span class='ocrx_word' id='word_1_445' title='bbox 702 3332 766 3371; x_wconf 85' lang='lat' dir='ltr'>ac</span> <span class='ocrx_word' id='word_1_446' title='bbox 795 3315 1097 3371; x_wconf 86' lang='lat' dir='ltr'>confestim</span> <span class='ocrx_word' id='word_1_447' title='bbox 1131 3315 1394 3387; x_wconf 87' lang='lat' dir='ltr'>indulget</span> <span class='ocrx_word' id='word_1_448' title='bbox 1409 3317 1533 3372; x_wconf 90' lang='lat' dir='ltr'>tibi.</span> <span class='ocrx_word' id='word_1_449' title='bbox 1568 3337 1593 3369; x_wconf 65' lang='grc' dir='ltr'><strong>ι</strong></span> <span class='ocrx_word' id='word_1_450' title='bbox 1617 3318 1833 3381; x_wconf 89' lang='lat' dir='ltr'>Quibus</span> <span class='ocrx_word' id='word_1_451' title='bbox 1839 3318 2002 3388; x_wconf 90' lang='lat' dir='ltr'>jussa</span> 
     </span>
    </p>
   </div>
   <div class='ocr_carea' id='block_1_65' title="bbox 387 3402 1992 3476">
    <p class='ocr_par' dir='ltr' id='par_1_65' title="bbox 387 3402 1992 3476">
     <span class='ocr_line' id='line_1_65' title="bbox 387 3402 1992 3476; baseline 0.001 -18"><span class='ocrx_word' id='word_1_452' title='bbox 387 3402 837 3476; x_wconf 79' lang='lat' dir='ltr'>perﬁcientibus,</span> <span class='ocrx_word' id='word_1_453' title='bbox 864 3405 1126 3459; x_wconf 88' lang='lat' dir='ltr'>seductus</span> <span class='ocrx_word' id='word_1_454' title='bbox 1149 3407 1233 3461; x_wconf 84' lang='lat' dir='ltr'>est</span> <span class='ocrx_word' id='word_1_455' title='bbox 1258 3407 1632 3461; x_wconf 54' lang='lat' dir='ltr'>Praetextatus</span> <span class='ocrx_word' id='word_1_456' title='bbox 1659 3422 1861 3461; x_wconf 90' lang='lat' dir='ltr'>eorum</span> <span class='ocrx_word' id='word_1_457' title='bbox 1890 3406 1992 3461; x_wconf 89' lang='lat' dir='ltr'>do-</span> 
     </span>
    </p>
   </div>
   <div class='ocr_carea' id='block_1_66' title="bbox 389 3491 1999 3566">
    <p class='ocr_par' dir='ltr' id='par_1_66' title="bbox 389 3491 1999 3566">
     <span class='ocr_line' id='line_1_66' title="bbox 389 3491 1999 3566; baseline 0.001 -20"><span class='ocrx_word' id='word_1_458' title='bbox 389 3491 457 3546; x_wconf 89' lang='lat' dir='ltr'>lis</span> <span class='ocrx_word' id='word_1_459' title='bbox 480 3491 647 3564; x_wconf 90' lang='lat' dir='ltr'>quise</span> <span class='ocrx_word' id='word_1_460' title='bbox 662 3509 889 3565; x_wconf 86' lang='lat' dir='ltr'>quoque</span> <span class='ocrx_word' id='word_1_461' title='bbox 907 3492 1323 3566; x_wconf 87' lang='lat' dir='ltr'>pollicebantur</span> <span class='ocrx_word' id='word_1_462' title='bbox 1340 3495 1517 3565; x_wconf 91' lang='lat' dir='ltr'>pedes</span> <span class='ocrx_word' id='word_1_463' title='bbox 1535 3495 1686 3564; x_wconf 90' lang='lat' dir='ltr'>regis</span> <span class='ocrx_word' id='word_1_464' title='bbox 1706 3495 1999 3549; x_wconf 87' lang='lat' dir='ltr'>deoscula-</span> 
     </span>
    </p>
   </div>
   <div class='ocr_carea' id='block_1_67' title="bbox 385 3572 2001 3647">
    <p class='ocr_par' dir='ltr' id='par_1_67' title="bbox 385 3572 2001 3647">
     <span class='ocr_line' id='line_1_67' title="bbox 385 3572 2001 3647; baseline -0.001 -20"><span class='ocrx_word' id='word_1_465' title='bbox 385 3574 565 3641; x_wconf 85' lang='lat' dir='ltr'>turos,</span> <span class='ocrx_word' id='word_1_466' title='bbox 595 3576 658 3628; x_wconf 91' lang='lat' dir='ltr'>ut</span> <span class='ocrx_word' id='word_1_467' title='bbox 701 3574 753 3629; x_wconf 92' lang='lat' dir='ltr'>ei</span> <span class='ocrx_word' id='word_1_468' title='bbox 795 3574 1139 3646; x_wconf 89' lang='lat' dir='ltr'>ignosceret.</span> <span class='ocrx_word' id='word_1_469' title='bbox 1173 3573 1453 3647; x_wconf 90' lang='lat' dir='ltr'>Sequenti</span> <span class='ocrx_word' id='word_1_470' title='bbox 1489 3574 1581 3629; x_wconf 92' lang='lat' dir='ltr'>die</span> <span class='ocrx_word' id='word_1_471' title='bbox 1614 3572 2001 3629; x_wconf 88' lang='lat' dir='ltr'>residentibus</span> 
     </span>
    </p>
   </div>
   <div class='ocr_carea' id='block_1_68' title="bbox 384 3658 1998 3735">
    <p class='ocr_par' dir='ltr' id='par_1_68' title="bbox 384 3658 1998 3735">
     <span class='ocr_line' id='line_1_68' title="bbox 384 3658 1998 3735; baseline -0.002 -19"><span class='ocrx_word' id='word_1_472' title='bbox 384 3660 665 3735; x_wconf 89' lang='lat' dir='ltr'>episcopis</span> <span class='ocrx_word' id='word_1_473' title='bbox 689 3662 746 3717; x_wconf 91' lang='lat' dir='ltr'>in</span> <span class='ocrx_word' id='word_1_474' title='bbox 779 3661 1043 3728; x_wconf 86' lang='lat' dir='ltr'>concilio,</span> <span class='ocrx_word' id='word_1_475' title='bbox 1091 3658 1449 3733; x_wconf 88' lang='lat' dir='ltr'>Chilpericus</span> <span class='ocrx_word' id='word_1_476' title='bbox 1479 3676 1611 3714; x_wconf 92' lang='lat' dir='ltr'>cum</span> <span class='ocrx_word' id='word_1_477' title='bbox 1653 3661 1998 3715; x_wconf 64' lang='lat' dir='ltr'>Praetextato</span> 
     </span>
    </p>
   </div>
   <div class='ocr_carea' id='block_1_69' title="bbox 382 3747 1997 3820">
    <p class='ocr_par' dir='ltr' id='par_1_69' title="bbox 382 3747 1997 3820">
     <span class='ocr_line' id='line_1_69' title="bbox 382 3747 1997 3820; baseline -0.002 -15"><span class='ocrx_word' id='word_1_478' title='bbox 382 3748 591 3806; x_wconf 90' lang='lat' dir='ltr'>iterato</span> <span class='ocrx_word' id='word_1_479' title='bbox 639 3750 901 3806; x_wconf 88' lang='lat' dir='ltr'>altercari</span> <span class='ocrx_word' id='word_1_480' title='bbox 944 3750 1137 3820; x_wconf 85' lang='lat' dir='ltr'>coepit,</span> <span class='ocrx_word' id='word_1_481' title='bbox 1182 3749 1405 3803; x_wconf 90' lang='lat' dir='ltr'>dicens:</span> <span class='ocrx_word' id='word_1_482' title='bbox 1455 3770 1484 3798; x_wconf 89' lang='lat'><strong><em>«</em></strong></span> <span class='ocrx_word' id='word_1_483' title='bbox 1531 3747 1589 3801; x_wconf 92' lang='lat' dir='ltr'>Si</span> <span class='ocrx_word' id='word_1_484' title='bbox 1617 3764 1863 3802; x_wconf 89' lang='lat' dir='ltr'>munera</span> <span class='ocrx_word' id='word_1_485' title='bbox 1892 3763 1997 3818; x_wconf 90' lang='lat' dir='ltr'>pro</span> 
     </span>
    </p>
   </div>
   <div class='ocr_carea' id='block_1_70' title="bbox 385 3838 1999 3909">
    <p class='ocr_par' dir='ltr' id='par_1_70' title="bbox 385 3838 1999 3909">
     <span class='ocr_line' id='line_1_70' title="bbox 385 3838 1999 3909; baseline -0.001 -16"><span class='ocrx_word' id='word_1_486' title='bbox 385 3839 721 3896; x_wconf 90' lang='lat' dir='ltr'>muneribus</span> <span class='ocrx_word' id='word_1_487' title='bbox 751 3838 1089 3904; x_wconf 90' lang='lat' dir='ltr'>retribuisti,</span> <span class='ocrx_word' id='word_1_488' title='bbox 1122 3838 1486 3891; x_wconf 88' lang='lat' dir='ltr'>sacramenta</span> <span class='ocrx_word' id='word_1_489' title='bbox 1512 3852 1615 3907; x_wconf 92' lang='lat' dir='ltr'>pro</span> <span class='ocrx_word' id='word_1_490' title='bbox 1646 3840 1809 3909; x_wconf 91' lang='lat' dir='ltr'>parte</span> <span class='ocrx_word' id='word_1_491' title='bbox 1822 3838 1999 3894; x_wconf 83' lang='lat' dir='ltr'>Mero-</span> 
     </span>
    </p>
   </div>
   <div class='ocr_carea' id='block_1_71' title="bbox 387 3924 1996 3994">
    <p class='ocr_par' dir='ltr' id='par_1_71' title="bbox 387 3924 1996 3994">
     <span class='ocr_line' id='line_1_71' title="bbox 387 3924 1996 3994; baseline -0.002 -10"><span class='ocrx_word' id='word_1_492' title='bbox 387 3928 474 3984; x_wconf 83' lang='lat' dir='ltr'>vei</span> <span class='ocrx_word' id='word_1_493' title='bbox 499 3932 702 3985; x_wconf 91' lang='lat' dir='ltr'>contra</span> <span class='ocrx_word' id='word_1_494' title='bbox 735 3943 929 3982; x_wconf 90' lang='lat' dir='ltr'>meam</span> <span class='ocrx_word' id='word_1_495' title='bbox 968 3926 1212 3980; x_wconf 90' lang='lat' dir='ltr'>salutem</span> <span class='ocrx_word' id='word_1_496' title='bbox 1261 3940 1362 3979; x_wconf 91' lang='lat' dir='ltr'>cur</span> <span class='ocrx_word' id='word_1_497' title='bbox 1391 3924 1668 3994; x_wconf 81' lang='lat' dir='ltr'>exegisti?</span> <span class='ocrx_word' id='word_1_498' title='bbox 1700 3944 1728 3978; x_wconf 66' lang='grc' dir='ltr'><strong>ο</strong></span> <span class='ocrx_word' id='word_1_499' title='bbox 1758 3926 1844 3981; x_wconf 87' lang='lat' dir='ltr'>Ad</span> <span class='ocrx_word' id='word_1_500' title='bbox 1874 3926 1996 3981; x_wconf 68' lang='lat' dir='ltr'>haec</span> 
     </span>
    </p>
   </div>
   <div class='ocr_carea' id='block_1_72' title="bbox 384 4012 1995 4087">
    <p class='ocr_par' dir='ltr' id='par_1_72' title="bbox 384 4012 1995 4087">
     <span class='ocr_line' id='line_1_72' title="bbox 384 4012 1995 4087; baseline -0.001 -16"><span class='ocrx_word' id='word_1_501' title='bbox 384 4017 651 4072; x_wconf 87' lang='lat' dir='ltr'>sacerdos</span> <span class='ocrx_word' id='word_1_502' title='bbox 688 4013 1021 4087; x_wconf 89' lang='lat' dir='ltr'>respondit:</span> <span class='ocrx_word' id='word_1_503' title='bbox 1070 4032 1099 4064; x_wconf 68' lang='grc' dir='ltr'><strong>α</strong></span> <span class='ocrx_word' id='word_1_504' title='bbox 1145 4012 1374 4067; x_wconf 91' lang='lat' dir='ltr'>Innotni</span> <span class='ocrx_word' id='word_1_505' title='bbox 1430 4012 1754 4067; x_wconf 89' lang='lat' dir='ltr'>celsitudini</span> <span class='ocrx_word' id='word_1_506' title='bbox 1793 4018 1995 4070; x_wconf 66' lang='lat' dir='ltr'>vestrae</span> 
     </span>
    </p>
   </div>
   <div class='ocr_carea' id='block_1_73' title="bbox 380 4100 1994 4173">
    <p class='ocr_par' dir='ltr' id='par_1_73' title="bbox 380 4100 1994 4173">
     <span class='ocr_line' id='line_1_73' title="bbox 380 4100 1994 4173; baseline -0.002 -13"><span class='ocrx_word' id='word_1_507' title='bbox 380 4105 708 4160; x_wconf 81' lang='lat' dir='ltr'>Meroveum</span> <span class='ocrx_word' id='word_1_508' title='bbox 730 4118 823 4155; x_wconf 92' lang='lat' dir='ltr'>me</span> <span class='ocrx_word' id='word_1_509' title='bbox 856 4119 923 4156; x_wconf 89' lang='lat' dir='ltr'>ex</span> <span class='ocrx_word' id='word_1_510' title='bbox 960 4101 1185 4156; x_wconf 89' lang='lat' dir='ltr'>lavacro</span> <span class='ocrx_word' id='word_1_511' title='bbox 1214 4100 1524 4173; x_wconf 89' lang='lat' dir='ltr'>suscepisse</span> <span class='ocrx_word' id='word_1_512' title='bbox 1557 4101 1811 4157; x_wconf 86' lang='lat' dir='ltr'>salutari.</span> <span class='ocrx_word' id='word_1_513' title='bbox 1832 4103 1994 4158; x_wconf 88' lang='lat' dir='ltr'>Ideo-</span> 
     </span>
    </p>
   </div>
   <div class='ocr_carea' id='block_1_74' title="bbox 383 4187 1992 4264">
    <p class='ocr_par' dir='ltr' id='par_1_74' title="bbox 383 4187 1992 4264">
     <span class='ocr_line' id='line_1_74' title="bbox 383 4187 1992 4264; baseline -0.001 -18"><span class='ocrx_word' id='word_1_514' title='bbox 383 4209 495 4264; x_wconf 87' lang='lat' dir='ltr'>que</span> <span class='ocrx_word' id='word_1_515' title='bbox 522 4191 569 4246; x_wconf 91' lang='lat' dir='ltr'>si</span> <span class='ocrx_word' id='word_1_516' title='bbox 597 4190 837 4245; x_wconf 88' lang='lat' dir='ltr'>facultas</span> <span class='ocrx_word' id='word_1_517' title='bbox 876 4187 1096 4255; x_wconf 85' lang='lat' dir='ltr'>fuisset,</span> <span class='ocrx_word' id='word_1_518' title='bbox 1143 4188 1320 4244; x_wconf 90' lang='lat' dir='ltr'>etiam</span> <span class='ocrx_word' id='word_1_519' title='bbox 1364 4190 1638 4262; x_wconf 85' lang='lat' dir='ltr'>angelum</span> <span class='ocrx_word' id='word_1_520' title='bbox 1668 4191 1902 4246; x_wconf 91' lang='lat' dir='ltr'>Domini</span> <span class='ocrx_word' id='word_1_521' title='bbox 1934 4192 1992 4245; x_wconf 88' lang='lat' dir='ltr'>in</span> 
     </span>
    </p>
   </div>
   <div class='ocr_carea' id='block_1_75' title="bbox 382 4277 1992 4352">
    <p class='ocr_par' dir='ltr' id='par_1_75' title="bbox 382 4277 1992 4352">
     <span class='ocr_line' id='line_1_75' title="bbox 382 4277 1992 4352; baseline 0 -16"><span class='ocrx_word' id='word_1_522' title='bbox 382 4281 505 4352; x_wconf 88' lang='lat' dir='ltr'>ejus</span> <span class='ocrx_word' id='word_1_523' title='bbox 533 4294 858 4334; x_wconf 86' lang='lat' dir='ltr'>evocassem</span> <span class='ocrx_word' id='word_1_524' title='bbox 885 4277 1179 4334; x_wconf 86' lang='lat' dir='ltr'>auxilium.</span> <span class='ocrx_word' id='word_1_525' title='bbox 1196 4297 1226 4331; x_wconf 63' lang='grc' dir='ltr'><strong>θ</strong></span> <span class='ocrx_word' id='word_1_526' title='bbox 1243 4277 1391 4343; x_wconf 87' lang='lat' dir='ltr'>Quid</span> <span class='ocrx_word' id='word_1_527' title='bbox 1411 4278 1617 4351; x_wconf 85' lang='lat' dir='ltr'>plura?</span> <span class='ocrx_word' id='word_1_528' title='bbox 1639 4280 1992 4352; x_wconf 89' lang='lat' dir='ltr'>procedente</span> 
     </span>
    </p>
   </div>
   <div class='ocr_carea' id='block_1_76' title="bbox 384 4367 1989 4440">
    <p class='ocr_par' dir='ltr' id='par_1_76' title="bbox 384 4367 1989 4440">
     <span class='ocr_line' id='line_1_76' title="bbox 384 4367 1989 4440; baseline 0.001 -17"><span class='ocrx_word' id='word_1_529' title='bbox 384 4368 612 4440; x_wconf 87' lang='lat' dir='ltr'>longius</span> <span class='ocrx_word' id='word_1_530' title='bbox 625 4367 1020 4435; x_wconf 88' lang='lat' dir='ltr'>altercatione,</span> <span class='ocrx_word' id='word_1_531' title='bbox 1037 4368 1408 4423; x_wconf 68' lang='lat' dir='ltr'>Praetextatus</span> <span class='ocrx_word' id='word_1_532' title='bbox 1420 4368 1494 4423; x_wconf 89' lang='lat' dir='ltr'>ad</span> <span class='ocrx_word' id='word_1_533' title='bbox 1514 4369 1689 4440; x_wconf 90' lang='lat' dir='ltr'>pedes</span> <span class='ocrx_word' id='word_1_534' title='bbox 1700 4370 1852 4440; x_wconf 88' lang='lat' dir='ltr'>regis</span> <span class='ocrx_word' id='word_1_535' title='bbox 1865 4385 1989 4424; x_wconf 92' lang='lat' dir='ltr'>cor-</span> 
     </span>
    </p>
   </div>
   <div class='ocr_carea' id='block_1_77' title="bbox 2100 3227 3708 3303">
    <p class='ocr_par' dir='ltr' id='par_1_77' title="bbox 2100 3227 3708 3303">
     <span class='ocr_line' id='line_1_77' title="bbox 2100 3227 3708 3303; baseline 0.005 -22"><span class='ocrx_word' id='word_1_536' title='bbox 2100 3227 2248 3282; x_wconf 85' lang='lat' dir='ltr'>ﬁlios</span> <span class='ocrx_word' id='word_1_537' title='bbox 2278 3243 2677 3298; x_wconf 89' lang='lat' dir='ltr'>procreavero,</span> <span class='ocrx_word' id='word_1_538' title='bbox 2708 3232 2763 3284; x_wconf 93' lang='lat' dir='ltr'>te</span> <span class='ocrx_word' id='word_1_539' title='bbox 2792 3232 2993 3286; x_wconf 90' lang='lat' dir='ltr'>tamen</span> <span class='ocrx_word' id='word_1_540' title='bbox 3024 3248 3057 3286; x_wconf 92' lang='lat' dir='ltr'>a</span> <span class='ocrx_word' id='word_1_541' title='bbox 3076 3232 3207 3303; x_wconf 86' lang='lat' dir='ltr'>jure</span> <span class='ocrx_word' id='word_1_542' title='bbox 3238 3249 3357 3288; x_wconf 90' lang='lat' dir='ltr'>non</span> <span class='ocrx_word' id='word_1_543' title='bbox 3402 3249 3708 3289; x_wconf 87' lang='lat' dir='ltr'>secernam</span> 
     </span>
    </p>
   </div>
   <div class='ocr_carea' id='block_1_78' title="bbox 2100 3316 3698 3390">
    <p class='ocr_par' dir='ltr' id='par_1_78' title="bbox 2100 3316 3698 3390">
     <span class='ocr_line' id='line_1_78' title="bbox 2100 3316 3698 3390; baseline 0.004 -21"><span class='ocrx_word' id='word_1_544' title='bbox 2100 3316 2488 3371; x_wconf 68' lang='lat' dir='ltr'>haereditario.</span> <span class='ocrx_word' id='word_1_545' title='bbox 2516 3335 2547 3368; x_wconf 80' lang='grc'>»</span> <span class='ocrx_word' id='word_1_546' title='bbox 2579 3317 2672 3371; x_wconf 84' lang='lat' dir='ltr'>His</span> <span class='ocrx_word' id='word_1_547' title='bbox 2702 3317 2866 3373; x_wconf 88' lang='lat' dir='ltr'>dictis</span> <span class='ocrx_word' id='word_1_548' title='bbox 2897 3321 2955 3374; x_wconf 86' lang='lat' dir='ltr'>et</span> <span class='ocrx_word' id='word_1_549' title='bbox 2982 3320 3318 3390; x_wconf 89' lang='lat' dir='ltr'>proceribus</span> <span class='ocrx_word' id='word_1_550' title='bbox 3340 3320 3698 3376; x_wconf 85' lang='lat' dir='ltr'>Childeberti</span> 
     </span>
    </p>
   </div>
   <div class='ocr_carea' id='block_1_79' title="bbox 2100 3404 3706 3480">
    <p class='ocr_par' dir='ltr' id='par_1_79' title="bbox 2100 3404 3706 3480">
     <span class='ocr_line' id='line_1_79' title="bbox 2100 3404 3706 3480; baseline 0.006 -24"><span class='ocrx_word' id='word_1_551' title='bbox 2100 3419 2206 3475; x_wconf 92' lang='lat' dir='ltr'>pro</span> <span class='ocrx_word' id='word_1_552' title='bbox 2234 3420 2301 3458; x_wconf 89' lang='lat' dir='ltr'>eo</span> <span class='ocrx_word' id='word_1_553' title='bbox 2315 3404 2754 3476; x_wconf 88' lang='lat' dir='ltr'>spondentibus,</span> <span class='ocrx_word' id='word_1_554' title='bbox 2779 3421 2846 3461; x_wconf 89' lang='lat' dir='ltr'>eo</span> <span class='ocrx_word' id='word_1_555' title='bbox 2870 3407 3027 3478; x_wconf 92' lang='lat' dir='ltr'>quod</span> <span class='ocrx_word' id='word_1_556' title='bbox 3042 3407 3159 3480; x_wconf 90' lang='lat' dir='ltr'>ipse</span> <span class='ocrx_word' id='word_1_557' title='bbox 3172 3423 3318 3479; x_wconf 90' lang='lat' dir='ltr'>puer</span> <span class='ocrx_word' id='word_1_558' title='bbox 3330 3409 3519 3464; x_wconf 89' lang='lat' dir='ltr'>adhuc</span> <span class='ocrx_word' id='word_1_559' title='bbox 3536 3413 3706 3478; x_wconf 88' lang='lat' dir='ltr'>esset,</span> 
     </span>
    </p>
   </div>
   <div class='ocr_carea' id='block_1_80' title="bbox 2102 3491 3709 3566">
    <p class='ocr_par' dir='ltr' id='par_1_80' title="bbox 2102 3491 3709 3566">
     <span class='ocr_line' id='line_1_80' title="bbox 2102 3491 3709 3566; baseline 0.005 -21"><span class='ocrx_word' id='word_1_560' title='bbox 2102 3491 2270 3546; x_wconf 92' lang='lat' dir='ltr'>simul</span> <span class='ocrx_word' id='word_1_561' title='bbox 2303 3493 2656 3563; x_wconf 89' lang='lat' dir='ltr'>prandentes</span> <span class='ocrx_word' id='word_1_562' title='bbox 2686 3497 2743 3547; x_wconf 91' lang='lat' dir='ltr'>et</span> <span class='ocrx_word' id='word_1_563' title='bbox 2767 3511 2825 3549; x_wconf 91' lang='lat' dir='ltr'>se</span> <span class='ocrx_word' id='word_1_564' title='bbox 2853 3496 3191 3550; x_wconf 89' lang='lat' dir='ltr'>muneribus</span> <span class='ocrx_word' id='word_1_565' title='bbox 3219 3496 3602 3566; x_wconf 89' lang='lat' dir='ltr'>honorantes,</span> <span class='ocrx_word' id='word_1_566' title='bbox 3633 3499 3709 3552; x_wconf 86' lang='lat' dir='ltr'>ad</span> 
     </span>
    </p>
   </div>
   <div class='ocr_carea' id='block_1_81' title="bbox 2100 3582 3706 3659">
    <p class='ocr_par' dir='ltr' id='par_1_81' title="bbox 2100 3582 3706 3659">
     <span class='ocr_line' id='line_1_81' title="bbox 2100 3582 3706 3659; baseline 0.005 -26"><span class='ocrx_word' id='word_1_567' title='bbox 2100 3596 2203 3633; x_wconf 91' lang='lat' dir='ltr'>sua</span> <span class='ocrx_word' id='word_1_568' title='bbox 2227 3584 2359 3635; x_wconf 90' lang='lat' dir='ltr'>sunt</span> <span class='ocrx_word' id='word_1_569' title='bbox 2388 3582 2620 3636; x_wconf 87' lang='lat' dir='ltr'>reversi.</span> <span class='ocrx_word' id='word_1_570' title='bbox 2665 3583 3078 3639; x_wconf 87' lang='lat' dir='ltr'>Verumtamen</span> <span class='ocrx_word' id='word_1_571' title='bbox 3125 3586 3345 3656; x_wconf 88' lang='lat' dir='ltr'>legatos</span> <span class='ocrx_word' id='word_1_572' title='bbox 3377 3587 3608 3659; x_wconf 89' lang='lat' dir='ltr'>utrique</span> <span class='ocrx_word' id='word_1_573' title='bbox 3634 3587 3706 3643; x_wconf 90' lang='lat' dir='ltr'>ad</span> 
     </span>
    </p>
   </div>
   <div class='ocr_carea' id='block_1_82' title="bbox 2101 3667 3709 3743">
    <p class='ocr_par' dir='ltr' id='par_1_82' title="bbox 2101 3667 3709 3743">
     <span class='ocr_line' id='line_1_82' title="bbox 2101 3667 3709 3743; baseline 0.005 -21"><span class='ocrx_word' id='word_1_574' title='bbox 2101 3667 2485 3739; x_wconf 84' lang='lat' dir='ltr'>Chilpericum</span> <span class='ocrx_word' id='word_1_575' title='bbox 2504 3672 3444 3743; x_wconf 80' lang='lat' dir='ltr'>regemmisernnt,denuntiantes</span> <span class='ocrx_word' id='word_1_576' title='bbox 3460 3679 3524 3730; x_wconf 89' lang='lat' dir='ltr'>ut</span> <span class='ocrx_word' id='word_1_577' title='bbox 3539 3679 3709 3730; x_wconf 87' lang='lat' dir='ltr'>antea</span> 
     </span>
    </p>
   </div>
   <div class='ocr_carea' id='block_1_83' title="bbox 2099 3757 3706 3833">
    <p class='ocr_par' dir='ltr' id='par_1_83' title="bbox 2099 3757 3706 3833">
     <span class='ocr_line' id='line_1_83' title="bbox 2099 3757 3706 3833; baseline 0.004 -22"><span class='ocrx_word' id='word_1_578' title='bbox 2099 3773 2227 3829; x_wconf 66' lang='lat' dir='ltr'>qua:</span> <span class='ocrx_word' id='word_1_579' title='bbox 2248 3757 2318 3812; x_wconf 90' lang='lat' dir='ltr'>de</span> <span class='ocrx_word' id='word_1_580' title='bbox 2349 3775 2554 3814; x_wconf 90' lang='lat' dir='ltr'>eorum</span> <span class='ocrx_word' id='word_1_581' title='bbox 2589 3775 2772 3831; x_wconf 90' lang='lat' dir='ltr'>regno</span> <span class='ocrx_word' id='word_1_582' title='bbox 2817 3769 3147 3833; x_wconf 85' lang='lat' dir='ltr'>pervaserat</span> <span class='ocrx_word' id='word_1_583' title='bbox 3172 3763 3468 3831; x_wconf 87' lang='lat' dir='ltr'>redderet,</span> <span class='ocrx_word' id='word_1_584' title='bbox 3517 3768 3618 3818; x_wconf 91' lang='lat' dir='ltr'>aut</span> <span class='ocrx_word' id='word_1_585' title='bbox 3646 3781 3706 3819; x_wconf 90' lang='lat' dir='ltr'>se</span> 
     </span>
    </p>
   </div>
   <div class='ocr_carea' id='block_1_84' title="bbox 2099 3845 3707 3923">
    <p class='ocr_par' dir='ltr' id='par_1_84' title="bbox 2099 3845 3707 3923">
     <span class='ocr_line' id='line_1_84' title="bbox 2099 3845 3707 3923; baseline 0.004 -24"><span class='ocrx_word' id='word_1_586' title='bbox 2099 3845 2173 3899; x_wconf 91' lang='lat' dir='ltr'>ad</span> <span class='ocrx_word' id='word_1_587' title='bbox 2197 3845 2334 3899; x_wconf 92' lang='lat' dir='ltr'>belli</span> <span class='ocrx_word' id='word_1_588' title='bbox 2360 3847 2681 3902; x_wconf 87' lang='lat' dir='ltr'>certamina</span> <span class='ocrx_word' id='word_1_589' title='bbox 2703 3852 3076 3920; x_wconf 64' lang='lat' dir='ltr'>praepararet.</span> <span class='ocrx_word' id='word_1_590' title='bbox 3104 3849 3267 3912; x_wconf 85' lang='lat' dir='ltr'>Quod</span> <span class='ocrx_word' id='word_1_591' title='bbox 3296 3850 3393 3905; x_wconf 89' lang='lat' dir='ltr'>ille</span> <span class='ocrx_word' id='word_1_592' title='bbox 3425 3854 3567 3906; x_wconf 90' lang='lat' dir='ltr'>tunc</span> <span class='ocrx_word' id='word_1_593' title='bbox 3588 3852 3707 3923; x_wconf 89' lang='lat' dir='ltr'>qui-</span> 
     </span>
    </p>
   </div>
   <div class='ocr_carea' id='block_1_85' title="bbox 2099 3932 3703 4012">
    <p class='ocr_par' dir='ltr' id='par_1_85' title="bbox 2099 3932 3703 4012">
     <span class='ocr_line' id='line_1_85' title="bbox 2099 3932 3703 4012; baseline 0.005 -25"><span class='ocrx_word' id='word_1_594' title='bbox 2099 3932 2233 3988; x_wconf 90' lang='lat' dir='ltr'>dem</span> <span class='ocrx_word' id='word_1_595' title='bbox 2265 3935 2555 4008; x_wconf 90' lang='lat' dir='ltr'>despectui</span> <span class='ocrx_word' id='word_1_596' title='bbox 2586 3937 2805 3991; x_wconf 87' lang='lat' dir='ltr'>habuit.</span> <span class='ocrx_word' id='word_1_597' title='bbox 2830 3937 2951 4001; x_wconf 88' lang='lat' dir='ltr'>Quo</span> <span class='ocrx_word' id='word_1_598' title='bbox 2966 3940 3231 4011; x_wconf 90' lang='lat' dir='ltr'>tempore</span> <span class='ocrx_word' id='word_1_599' title='bbox 3259 3938 3493 3995; x_wconf 89' lang='lat' dir='ltr'>sinister</span> <span class='ocrx_word' id='word_1_600' title='bbox 3507 3941 3703 4012; x_wconf 89' lang='lat' dir='ltr'>populi</span> 
     </span>
    </p>
   </div>
   <div class='ocr_carea' id='block_1_86' title="bbox 2095 4026 3703 4101">
    <p class='ocr_par' dir='ltr' id='par_1_86' title="bbox 2095 4026 3703 4101">
     <span class='ocr_line' id='line_1_86' title="bbox 2095 4026 3703 4101; baseline 0.004 -25"><span class='ocrx_word' id='word_1_601' title='bbox 2095 4039 2300 4078; x_wconf 90' lang='lat' dir='ltr'>rumor</span> <span class='ocrx_word' id='word_1_602' title='bbox 2324 4026 2595 4081; x_wconf 90' lang='lat' dir='ltr'>adversus</span> <span class='ocrx_word' id='word_1_603' title='bbox 2616 4026 2914 4082; x_wconf 90' lang='lat' dir='ltr'>Salonium</span> <span class='ocrx_word' id='word_1_604' title='bbox 2932 4031 2991 4082; x_wconf 89' lang='lat' dir='ltr'>et</span> <span class='ocrx_word' id='word_1_605' title='bbox 3004 4028 3382 4099; x_wconf 88' lang='lat' dir='ltr'>Sagittarium</span> <span class='ocrx_word' id='word_1_606' title='bbox 3404 4027 3703 4101; x_wconf 88' lang='lat' dir='ltr'>episcopos</span> 
     </span>
    </p>
   </div>
   <div class='ocr_carea' id='block_1_87' title="bbox 2095 4112 3700 4190">
    <p class='ocr_par' dir='ltr' id='par_1_87' title="bbox 2095 4112 3700 4190">
     <span class='ocr_line' id='line_1_87' title="bbox 2095 4112 3700 4190; baseline 0.003 -25"><span class='ocrx_word' id='word_1_607' title='bbox 2095 4112 2482 4169; x_wconf 85' lang='lat' dir='ltr'>surrexit.Hos</span> <span class='ocrx_word' id='word_1_608' title='bbox 2494 4118 2723 4170; x_wconf 87' lang='lat' dir='ltr'>sanctus</span> <span class='ocrx_word' id='word_1_609' title='bbox 2743 4116 2988 4171; x_wconf 82' lang='lat' dir='ltr'>Nicetius</span> <span class='ocrx_word' id='word_1_610' title='bbox 3016 4116 3413 4190; x_wconf 81' lang='lat' dir='ltr'>Lugdunensis</span> <span class='ocrx_word' id='word_1_611' title='bbox 3444 4117 3700 4184; x_wconf 87' lang='lat' dir='ltr'>antistes,</span> 
     </span>
    </p>
   </div>
   <div class='ocr_carea' id='block_1_88' title="bbox 2093 4202 3698 4277">
    <p class='ocr_par' dir='ltr' id='par_1_88' title="bbox 2093 4202 3698 4277">
     <span class='ocr_line' id='line_1_88' title="bbox 2093 4202 3698 4277; baseline 0.006 -24"><span class='ocrx_word' id='word_1_612' title='bbox 2093 4202 2658 4276; x_wconf 87' lang='lat' dir='ltr'>enutritos,primum</span> <span class='ocrx_word' id='word_1_613' title='bbox 2679 4205 2914 4277; x_wconf 89' lang='lat' dir='ltr'>quidem</span> <span class='ocrx_word' id='word_1_614' title='bbox 2927 4205 3415 4274; x_wconf 89' lang='lat' dir='ltr'>diaconii,deinde</span> <span class='ocrx_word' id='word_1_615' title='bbox 3427 4208 3698 4262; x_wconf 88' lang='lat' dir='ltr'>sacerdo-</span> 
     </span>
    </p>
   </div>
   <div class='ocr_carea' id='block_1_89' title="bbox 2090 4289 3696 4366">
    <p class='ocr_par' dir='ltr' id='par_1_89' title="bbox 2090 4289 3696 4366">
     <span class='ocr_line' id='line_1_89' title="bbox 2090 4289 3696 4366; baseline 0.005 -23"><span class='ocrx_word' id='word_1_616' title='bbox 2090 4289 2538 4361; x_wconf 89' lang='lat' dir='ltr'>tiieosgradibus</span> <span class='ocrx_word' id='word_1_617' title='bbox 2551 4291 2935 4364; x_wconf 88' lang='lat' dir='ltr'>insignivit.Et</span> <span class='ocrx_word' id='word_1_618' title='bbox 2950 4295 3245 4350; x_wconf 89' lang='lat' dir='ltr'>Salonium</span> <span class='ocrx_word' id='word_1_619' title='bbox 3263 4295 3501 4366; x_wconf 88' lang='lat' dir='ltr'>quidem</span> <span class='ocrx_word' id='word_1_620' title='bbox 3524 4298 3696 4351; x_wconf 81' lang='lat' dir='ltr'>Ehre-</span> 
     </span>
    </p>
   </div>
   <div class='ocr_carea' id='block_1_90' title="bbox 2093 4376 3699 4456">
    <p class='ocr_par' dir='ltr' id='par_1_90' title="bbox 2093 4376 3699 4456">
     <span class='ocr_line' id='line_1_90' title="bbox 2093 4376 3699 4456; baseline 0.004 -26"><span class='ocrx_word' id='word_1_621' title='bbox 2093 4376 2251 4431; x_wconf 89' lang='lat' dir='ltr'>duni.</span> <span class='ocrx_word' id='word_1_622' title='bbox 2286 4378 2659 4450; x_wconf 88' lang='lat' dir='ltr'>Sagittarium</span> <span class='ocrx_word' id='word_1_623' title='bbox 2690 4398 2823 4436; x_wconf 87' lang='lat' dir='ltr'>vero</span> <span class='ocrx_word' id='word_1_624' title='bbox 2852 4383 3005 4454; x_wconf 90' lang='lat' dir='ltr'>apud</span> <span class='ocrx_word' id='word_1_625' title='bbox 3044 4383 3366 4454; x_wconf 86' lang='lat' dir='ltr'>Vapingum</span> <span class='ocrx_word' id='word_1_626' title='bbox 3400 4385 3699 4456; x_wconf 86' lang='lat' dir='ltr'>episcopos</span> 
     </span>
    </p>
   </div>
   <div class='ocr_carea' id='block_1_91' title="bbox 383 4457 3693 4546">
    <p class='ocr_par' dir='ltr' id='par_1_91' title="bbox 383 4457 3693 4546">
     <span class='ocr_line' id='line_1_91' title="bbox 383 4457 3693 4546; baseline 0.005 -34"><span class='ocrx_word' id='word_1_627' title='bbox 383 4457 519 4546; x_wconf 84' lang='lat' dir='ltr'>ruit,</span> <span class='ocrx_word' id='word_1_628' title='bbox 541 4458 831 4546; x_wconf 83' lang='lat' dir='ltr'>clamans:</span> <span class='ocrx_word' id='word_1_629' title='bbox 861 4476 887 4509; x_wconf 80' lang='grc'><strong>‹</strong></span> <span class='ocrx_word' id='word_1_630' title='bbox 914 4457 1197 4525; x_wconf 83' lang='lat' dir='ltr'>Miserere,</span> <span class='ocrx_word' id='word_1_631' title='bbox 1248 4457 1695 4512; x_wconf 90' lang='lat' dir='ltr'>clementissime</span> <span class='ocrx_word' id='word_1_632' title='bbox 1732 4474 1853 4526; x_wconf 88' lang='lat' dir='ltr'>rex,</span> <span class='ocrx_word' id='word_1_633' title='bbox 1884 4458 1988 4514; x_wconf 89' lang='lat' dir='ltr'>ho-</span> <span class='ocrx_word' id='word_1_634' title='bbox 2009 4467 2063 4527; x_wconf 92' lang='lat' dir='ltr'><strong>D</strong></span> <span class='ocrx_word' id='word_1_635' title='bbox 2092 4465 2356 4521; x_wconf 88' lang='lat' dir='ltr'>instituit.</span> <span class='ocrx_word' id='word_1_636' title='bbox 2394 4467 2477 4521; x_wconf 89' lang='lat' dir='ltr'>Illi</span> <span class='ocrx_word' id='word_1_637' title='bbox 2507 4485 2639 4524; x_wconf 90' lang='lat' dir='ltr'>vero</span> <span class='ocrx_word' id='word_1_638' title='bbox 2674 4486 2790 4524; x_wconf 88' lang='lat' dir='ltr'>non</span> <span class='ocrx_word' id='word_1_639' title='bbox 2820 4471 2973 4525; x_wconf 91' lang='lat' dir='ltr'>velut</span> <span class='ocrx_word' id='word_1_640' title='bbox 3000 4472 3250 4543; x_wconf 89' lang='lat' dir='ltr'>episcopi</span> <span class='ocrx_word' id='word_1_641' title='bbox 3270 4472 3541 4544; x_wconf 88' lang='lat' dir='ltr'>religioni</span> <span class='ocrx_word' id='word_1_642' title='bbox 3562 4490 3693 4546; x_wconf 87' lang='lat' dir='ltr'>ope-</span> 
     </span>
    </p>
   </div>
   <div class='ocr_carea' id='block_1_92' title="bbox 382 4544 1988 4618">
    <p class='ocr_par' dir='ltr' id='par_1_92' title="bbox 382 4544 1988 4618">
     <span class='ocr_line' id='line_1_92' title="bbox 382 4544 1988 4618; baseline 0 -17"><span class='ocrx_word' id='word_1_643' title='bbox 382 4545 630 4614; x_wconf 77' lang='lat' dir='ltr'>micidae,</span> <span class='ocrx_word' id='word_1_644' title='bbox 665 4544 762 4617; x_wconf 91' lang='lat' dir='ltr'>qui</span> <span class='ocrx_word' id='word_1_645' title='bbox 790 4547 847 4601; x_wconf 89' lang='lat' dir='ltr'>te</span> <span class='ocrx_word' id='word_1_646' title='bbox 877 4562 1059 4618; x_wconf 90' lang='lat' dir='ltr'>regno</span> <span class='ocrx_word' id='word_1_647' title='bbox 1092 4547 1305 4617; x_wconf 90' lang='lat' dir='ltr'>pellere</span> <span class='ocrx_word' id='word_1_648' title='bbox 1344 4546 1495 4601; x_wconf 91' lang='lat' dir='ltr'>volui</span> <span class='ocrx_word' id='word_1_649' title='bbox 1522 4549 1580 4601; x_wconf 91' lang='lat' dir='ltr'>et</span> <span class='ocrx_word' id='word_1_650' title='bbox 1604 4546 1785 4600; x_wconf 85' lang='lat' dir='ltr'>filium</span> <span class='ocrx_word' id='word_1_651' title='bbox 1826 4550 1988 4601; x_wconf 89' lang='lat' dir='ltr'>tuum</span> 
     </span>
    </p>
   </div>
   <div class='ocr_carea' id='block_1_93' title="bbox 381 4633 1990 4707">
    <p class='ocr_par' dir='ltr' id='par_1_93' title="bbox 381 4633 1990 4707">
     <span class='ocr_line' id='line_1_93' title="bbox 381 4633 1990 4707; baseline 0.001 -18"><span class='ocrx_word' id='word_1_652' title='bbox 381 4633 489 4690; x_wconf 87' lang='lat' dir='ltr'>tibi</span> <span class='ocrx_word' id='word_1_653' title='bbox 516 4634 875 4690; x_wconf 89' lang='lat' dir='ltr'>substituere.</span> <span class='ocrx_word' id='word_1_654' title='bbox 900 4654 930 4687; x_wconf 61' lang='grc' dir='ltr'>θ</span> <span class='ocrx_word' id='word_1_655' title='bbox 963 4635 1092 4689; x_wconf 79' lang='lat' dir='ltr'>Haec</span> <span class='ocrx_word' id='word_1_656' title='bbox 1130 4651 1198 4691; x_wconf 91' lang='lat' dir='ltr'>eo</span> <span class='ocrx_word' id='word_1_657' title='bbox 1248 4636 1541 4707; x_wconf 81' lang='lat' dir='ltr'>loquente,</span> <span class='ocrx_word' id='word_1_658' title='bbox 1585 4637 1904 4706; x_wconf 89' lang='lat' dir='ltr'>prostratus</span> <span class='ocrx_word' id='word_1_659' title='bbox 1932 4639 1990 4691; x_wconf 89' lang='lat' dir='ltr'>et</span> 
     </span>
    </p>
   </div>
   <div class='ocr_carea' id='block_1_94' title="bbox 380 4722 1986 4796">
    <p class='ocr_par' dir='ltr' id='par_1_94' title="bbox 380 4722 1986 4796">
     <span class='ocr_line' id='line_1_94' title="bbox 380 4722 1986 4796; baseline 0.001 -18"><span class='ocrx_word' id='word_1_660' title='bbox 380 4722 502 4796; x_wconf 89' lang='lat' dir='ltr'>ipse</span> <span class='ocrx_word' id='word_1_661' title='bbox 525 4740 622 4779; x_wconf 90' lang='lat' dir='ltr'>rex</span> <span class='ocrx_word' id='word_1_662' title='bbox 641 4723 882 4795; x_wconf 90' lang='lat' dir='ltr'>pedibus</span> <span class='ocrx_word' id='word_1_663' title='bbox 901 4724 1145 4779; x_wconf 91' lang='lat' dir='ltr'>aliorum</span> <span class='ocrx_word' id='word_1_664' title='bbox 1171 4725 1557 4789; x_wconf 86' lang='lat' dir='ltr'>sacerdotum,</span> <span class='ocrx_word' id='word_1_665' title='bbox 1576 4723 1674 4795; x_wconf 89' lang='lat' dir='ltr'>qui</span> <span class='ocrx_word' id='word_1_666' title='bbox 1697 4723 1753 4777; x_wconf 91' lang='lat' dir='ltr'>in</span> <span class='ocrx_word' id='word_1_667' title='bbox 1769 4725 1986 4795; x_wconf 82' lang='lat' dir='ltr'>synodo</span> 
     </span>
    </p>
   </div>
   <div class='ocr_carea' id='block_1_95' title="bbox 379 4810 1983 4883">
    <p class='ocr_par' dir='ltr' id='par_1_95' title="bbox 379 4810 1983 4883">
     <span class='ocr_line' id='line_1_95' title="bbox 379 4810 1983 4883; baseline 0 -15"><span class='ocrx_word' id='word_1_668' title='bbox 379 4812 733 4882; x_wconf 86' lang='lat' dir='ltr'>residebant,</span> <span class='ocrx_word' id='word_1_669' title='bbox 750 4813 966 4868; x_wconf 85' lang='lat' dir='ltr'>aiebat:</span> <span class='ocrx_word' id='word_1_670' title='bbox 986 4834 1014 4866; x_wconf 68' lang='grc' dir='ltr'><strong>ς</strong></span> <span class='ocrx_word' id='word_1_671' title='bbox 1030 4813 1266 4881; x_wconf 77' lang='lat' dir='ltr'>Audite,</span> <span class='ocrx_word' id='word_1_672' title='bbox 1288 4810 1626 4867; x_wconf 87' lang='lat' dir='ltr'>sanctissimi</span> <span class='ocrx_word' id='word_1_673' title='bbox 1639 4812 1983 4883; x_wconf 85' lang='lat' dir='ltr'>sacerdotes,</span> 
     </span>
    </p>
   </div>
   <div class='ocr_carea' id='block_1_96' title="bbox 379 4900 1987 4957">
    <p class='ocr_par' dir='ltr' id='par_1_96' title="bbox 379 4900 1987 4957">
     <span class='ocr_line' id='line_1_96' title="bbox 379 4900 1987 4957; baseline 0 -1"><span class='ocrx_word' id='word_1_674' title='bbox 379 4902 860 4957; x_wconf 87' lang='lat' dir='ltr'>nefandissimum</span> <span class='ocrx_word' id='word_1_675' title='bbox 881 4919 1047 4956; x_wconf 92' lang='lat' dir='ltr'>reum</span> <span class='ocrx_word' id='word_1_676' title='bbox 1080 4900 1423 4956; x_wconf 83' lang='lat' dir='ltr'>exsecrabile</span> <span class='ocrx_word' id='word_1_677' title='bbox 1450 4900 1672 4954; x_wconf 91' lang='lat' dir='ltr'>crimen</span> <span class='ocrx_word' id='word_1_678' title='bbox 1702 4900 1987 4956; x_wconf 83' lang='lat' dir='ltr'>confiten-</span> 
     </span>
    </p>
   </div>
   <div class='ocr_carea' id='block_1_97' title="bbox 377 4988 1990 5061">
    <p class='ocr_par' dir='ltr' id='par_1_97' title="bbox 377 4988 1990 5061">
     <span class='ocr_line' id='line_1_97' title="bbox 377 4988 1990 5061; baseline 0.001 -16"><span class='ocrx_word' id='word_1_679' title='bbox 377 4992 519 5045; x_wconf 88' lang='lat' dir='ltr'>tem.</span> <span class='ocrx_word' id='word_1_680' title='bbox 554 5010 584 5043; x_wconf 63' lang='grc' dir='ltr'><strong>ι</strong></span> <span class='ocrx_word' id='word_1_681' title='bbox 602 4990 1013 5046; x_wconf 83' lang='lat' dir='ltr'>Verumtamen</span> <span class='ocrx_word' id='word_1_682' title='bbox 1033 4988 1401 5061; x_wconf 86' lang='lat' dir='ltr'>pontificibus</span> <span class='ocrx_word' id='word_1_683' title='bbox 1425 5006 1458 5043; x_wconf 92' lang='lat' dir='ltr'>a</span> <span class='ocrx_word' id='word_1_684' title='bbox 1476 4991 1634 5043; x_wconf 89' lang='lat' dir='ltr'>terra</span> <span class='ocrx_word' id='word_1_685' title='bbox 1655 5005 1853 5061; x_wconf 89' lang='lat' dir='ltr'>regem</span> <span class='ocrx_word' id='word_1_686' title='bbox 1877 4992 1990 5047; x_wconf 91' lang='lat' dir='ltr'>ele-</span> 
     </span>
    </p>
   </div>
   <div class='ocr_carea' id='block_1_98' title="bbox 376 5077 1979 5151">
    <p class='ocr_par' dir='ltr' id='par_1_98' title="bbox 376 5077 1979 5151">
     <span class='ocr_line' id='line_1_98' title="bbox 376 5077 1979 5151; baseline 0.001 -18"><span class='ocrx_word' id='word_1_687' title='bbox 376 5079 661 5147; x_wconf 87' lang='lat' dir='ltr'>vantibus,</span> <span class='ocrx_word' id='word_1_688' title='bbox 687 5079 967 5151; x_wconf 88' lang='lat' dir='ltr'>jussitrex</span> <span class='ocrx_word' id='word_1_689' title='bbox 986 5081 1390 5134; x_wconf 63' lang='lat' dir='ltr'>Praetextatum</span> <span class='ocrx_word' id='word_1_690' title='bbox 1411 5078 1482 5133; x_wconf 92' lang='lat' dir='ltr'>ab</span> <span class='ocrx_word' id='word_1_691' title='bbox 1510 5077 1747 5133; x_wconf 89' lang='lat' dir='ltr'>ecclesia</span> <span class='ocrx_word' id='word_1_692' title='bbox 1764 5079 1979 5149; x_wconf 87' lang='lat' dir='ltr'>egredi.</span> 
     </span>
    </p>
   </div>
   <div class='ocr_carea' id='block_1_99' title="bbox 376 5167 1985 5245">
    <p class='ocr_par' dir='ltr' id='par_1_99' title="bbox 376 5167 1985 5245">
     <span class='ocr_line' id='line_1_99' title="bbox 376 5167 1985 5245; baseline 0.004 -23"><span class='ocrx_word' id='word_1_693' title='bbox 376 5168 500 5241; x_wconf 90' lang='lat' dir='ltr'>Ipse</span> <span class='ocrx_word' id='word_1_694' title='bbox 526 5172 720 5223; x_wconf 89' lang='lat' dir='ltr'>autem</span> <span class='ocrx_word' id='word_1_695' title='bbox 746 5169 807 5225; x_wconf 90' lang='lat' dir='ltr'>in</span> <span class='ocrx_word' id='word_1_696' title='bbox 837 5167 1062 5240; x_wconf 87' lang='lat' dir='ltr'>regiam</span> <span class='ocrx_word' id='word_1_697' title='bbox 1093 5185 1151 5223; x_wconf 91' lang='lat' dir='ltr'>se</span> <span class='ocrx_word' id='word_1_698' title='bbox 1181 5167 1417 5240; x_wconf 87' lang='lat' dir='ltr'>recepit,</span> <span class='ocrx_word' id='word_1_699' title='bbox 1450 5168 1688 5226; x_wconf 88' lang='lat' dir='ltr'>mittens</span> <span class='ocrx_word' id='word_1_700' title='bbox 1717 5170 1789 5225; x_wconf 90' lang='lat' dir='ltr'>ad</span> <span class='ocrx_word' id='word_1_701' title='bbox 1820 5190 1985 5245; x_wconf 85' lang='lat' dir='ltr'>syno-</span> 
     </span>
    </p>
   </div>
   <div class='ocr_carea' id='block_1_100' title="bbox 375 5257 1984 5337">
    <p class='ocr_par' dir='ltr' id='par_1_100' title="bbox 375 5257 1984 5337">
     <span class='ocr_line' id='line_1_100' title="bbox 375 5257 1984 5337; baseline 0.003 -23"><span class='ocrx_word' id='word_1_702' title='bbox 375 5259 517 5315; x_wconf 89' lang='lat' dir='ltr'>dum</span> <span class='ocrx_word' id='word_1_703' title='bbox 548 5258 832 5331; x_wconf 87' lang='lat' dir='ltr'>quosdam</span> <span class='ocrx_word' id='word_1_704' title='bbox 862 5273 1135 5325; x_wconf 85' lang='lat' dir='ltr'>canones,</span> <span class='ocrx_word' id='word_1_705' title='bbox 1177 5257 1380 5330; x_wconf 88' lang='lat' dir='ltr'>quibus</span> <span class='ocrx_word' id='word_1_706' title='bbox 1405 5263 1529 5314; x_wconf 88' lang='lat' dir='ltr'>erat</span> <span class='ocrx_word' id='word_1_707' title='bbox 1558 5278 1817 5319; x_wconf 88' lang='lat' dir='ltr'>annexus</span> <span class='ocrx_word' id='word_1_708' title='bbox 1841 5283 1984 5337; x_wconf 86' lang='lat' dir='ltr'>qua-</span> 
     </span>
    </p>
   </div>
   <div class='ocr_carea' id='block_1_101' title="bbox 374 5346 1983 5423">
    <p class='ocr_par' dir='ltr' id='par_1_101' title="bbox 374 5346 1983 5423">
     <span class='ocr_line' id='line_1_101' title="bbox 374 5346 1983 5423; baseline 0.004 -20"><span class='ocrx_word' id='word_1_709' title='bbox 374 5347 567 5403; x_wconf 84' lang='lat' dir='ltr'>ternio</span> <span class='ocrx_word' id='word_1_710' title='bbox 595 5362 794 5414; x_wconf 80' lang='lat' dir='ltr'>novus,</span> <span class='ocrx_word' id='word_1_711' title='bbox 819 5346 1123 5401; x_wconf 90' lang='lat' dir='ltr'>continens</span> <span class='ocrx_word' id='word_1_712' title='bbox 1142 5347 1294 5403; x_wconf 71' lang='lat' dir='ltr'>haec:</span> <span class='ocrx_word' id='word_1_713' title='bbox 1324 5369 1354 5400; x_wconf 67' lang='grc' dir='ltr'><strong>ς</strong></span> <span class='ocrx_word' id='word_1_714' title='bbox 1385 5348 1691 5423; x_wconf 86' lang='lat' dir='ltr'>Episcopus</span> <span class='ocrx_word' id='word_1_715' title='bbox 1715 5353 1774 5407; x_wconf 91' lang='lat' dir='ltr'>in</span> <span class='ocrx_word' id='word_1_716' title='bbox 1796 5355 1983 5409; x_wconf 90' lang='lat' dir='ltr'>homi-</span> 
     </span>
    </p>
   </div>
   <div class='ocr_carea' id='block_1_102' title="bbox 375 5434 1975 5513">
    <p class='ocr_par' dir='ltr' id='par_1_102' title="bbox 375 5434 1975 5513">
     <span class='ocr_line' id='line_1_102' title="bbox 375 5434 1975 5513; baseline 0.005 -23"><span class='ocrx_word' id='word_1_717' title='bbox 375 5434 527 5490; x_wconf 90' lang='lat' dir='ltr'>cidio</span> <span class='ocrx_word' id='word_1_718' title='bbox 547 5436 635 5489; x_wconf 91' lang='lat' dir='ltr'>vel</span> <span class='ocrx_word' id='word_1_719' title='bbox 650 5434 870 5490; x_wconf 71' lang='lat' dir='ltr'>caeteris</span> <span class='ocrx_word' id='word_1_720' title='bbox 886 5434 1282 5491; x_wconf 88' lang='lat' dir='ltr'>criminalibus</span> <span class='ocrx_word' id='word_1_721' title='bbox 1297 5437 1692 5510; x_wconf 88' lang='lat' dir='ltr'>deprehensus</span> <span class='ocrx_word' id='word_1_722' title='bbox 1708 5444 1975 5513; x_wconf 90' lang='lat' dir='ltr'>peccatis,</span> 
     </span>
    </p>
   </div>
   <div class='ocr_carea' id='block_1_103' title="bbox 376 5521 1976 5597">
    <p class='ocr_par' dir='ltr' id='par_1_103' title="bbox 376 5521 1976 5597">
     <span class='ocr_line' id='line_1_103' title="bbox 376 5521 1976 5597; baseline 0.006 -19"><span class='ocrx_word' id='word_1_723' title='bbox 376 5521 548 5578; x_wconf 87' lang='lat' dir='ltr'>sacris</span> <span class='ocrx_word' id='word_1_724' title='bbox 564 5522 1147 5595; x_wconf 88' lang='lat' dir='ltr'>priveturordinibus.</span> <span class='ocrx_word' id='word_1_725' title='bbox 1174 5543 1205 5577; x_wconf 63' lang='grc' dir='ltr'><strong><em>ι</em></strong></span> <span class='ocrx_word' id='word_1_726' title='bbox 1238 5525 1333 5580; x_wconf 84' lang='lat' dir='ltr'>His</span> <span class='ocrx_word' id='word_1_727' title='bbox 1360 5527 1541 5597; x_wconf 91' lang='lat' dir='ltr'>lectis,</span> <span class='ocrx_word' id='word_1_728' title='bbox 1566 5528 1699 5585; x_wconf 91' lang='lat' dir='ltr'>dum</span> <span class='ocrx_word' id='word_1_729' title='bbox 1730 5532 1976 5588; x_wconf 69' lang='lat' dir='ltr'>Praetex-</span> 
     </span>
    </p>
   </div>
   <div class='ocr_carea' id='block_1_104' title="bbox 371 5611 1978 5694">
    <p class='ocr_par' dir='ltr' id='par_1_104' title="bbox 371 5611 1978 5694">
     <span class='ocr_line' id='line_1_104' title="bbox 371 5611 1978 5694; baseline 0.006 -24"><span class='ocrx_word' id='word_1_730' title='bbox 371 5611 527 5670; x_wconf 83' lang='lat' dir='ltr'>tatus</span> <span class='ocrx_word' id='word_1_731' title='bbox 538 5613 716 5667; x_wconf 78' lang='lat' dir='ltr'>staret</span> <span class='ocrx_word' id='word_1_732' title='bbox 726 5613 982 5685; x_wconf 89' lang='lat' dir='ltr'>stupens,</span> <span class='ocrx_word' id='word_1_733' title='bbox 996 5611 1077 5667; x_wconf 85' lang='lat' dir='ltr'>ait</span> <span class='ocrx_word' id='word_1_734' title='bbox 1087 5611 1167 5667; x_wconf 90' lang='lat' dir='ltr'>illi</span> <span class='ocrx_word' id='word_1_735' title='bbox 1179 5613 1531 5673; x_wconf 88' lang='lat' dir='ltr'>Bertrannus</span> <span class='ocrx_word' id='word_1_736' title='bbox 1543 5617 1978 5694; x_wconf 87' lang='lat' dir='ltr'>Burdegalensis</span> 
     </span>
    </p>
   </div>
   <div class='ocr_carea' id='block_1_105' title="bbox 2089 4554 3695 4630">
    <p class='ocr_par' dir='ltr' id='par_1_105' title="bbox 2089 4554 3695 4630">
     <span class='ocr_line' id='line_1_105' title="bbox 2089 4554 3695 4630; baseline 0.004 -19"><span class='ocrx_word' id='word_1_737' title='bbox 2089 4572 2216 4611; x_wconf 84' lang='lat' dir='ltr'>ram</span> <span class='ocrx_word' id='word_1_738' title='bbox 2250 4554 2594 4622; x_wconf 88' lang='lat' dir='ltr'>dabant,sed</span> <span class='ocrx_word' id='word_1_739' title='bbox 2610 4561 2889 4629; x_wconf 85' lang='lat' dir='ltr'>tanquam</span> <span class='ocrx_word' id='word_1_740' title='bbox 2902 4560 3135 4630; x_wconf 82' lang='lat' dir='ltr'>tyranni</span> <span class='ocrx_word' id='word_1_741' title='bbox 3150 4560 3695 4629; x_wconf 88' lang='lat' dir='ltr'>homicidiis,rerum</span> 
     </span>
    </p>
   </div>
   <div class='ocr_carea' id='block_1_106' title="bbox 2090 4644 3690 4722">
    <p class='ocr_par' dir='ltr' id='par_1_106' title="bbox 2090 4644 3690 4722">
     <span class='ocr_line' id='line_1_106' title="bbox 2090 4644 3690 4722; baseline 0.004 -23"><span class='ocrx_word' id='word_1_742' title='bbox 2090 4644 2410 4699; x_wconf 87' lang='lat' dir='ltr'>alienarum</span> <span class='ocrx_word' id='word_1_743' title='bbox 2461 4646 2912 4717; x_wconf 85' lang='lat' dir='ltr'>pervasionibus,</span> <span class='ocrx_word' id='word_1_744' title='bbox 2946 4648 3238 4704; x_wconf 88' lang='lat' dir='ltr'>adulteriis</span> <span class='ocrx_word' id='word_1_745' title='bbox 3269 4666 3503 4722; x_wconf 88' lang='lat' dir='ltr'>quoque</span> <span class='ocrx_word' id='word_1_746' title='bbox 3537 4669 3690 4706; x_wconf 86' lang='lat' dir='ltr'>vaca-</span> 
     </span>
    </p>
   </div>
   <div class='ocr_carea' id='block_1_107' title="bbox 2088 4733 3695 4814">
    <p class='ocr_par' dir='ltr' id='par_1_107' title="bbox 2088 4733 3695 4814">
     <span class='ocr_line' id='line_1_107' title="bbox 2088 4733 3695 4814; baseline 0.006 -25"><span class='ocrx_word' id='word_1_747' title='bbox 2088 4733 2246 4789; x_wconf 89' lang='lat' dir='ltr'>bant.</span> <span class='ocrx_word' id='word_1_748' title='bbox 2280 4734 2665 4789; x_wconf 89' lang='lat' dir='ltr'>Etintautum</span> <span class='ocrx_word' id='word_1_749' title='bbox 2699 4752 2899 4791; x_wconf 90' lang='lat' dir='ltr'>eorum</span> <span class='ocrx_word' id='word_1_750' title='bbox 2931 4739 3176 4793; x_wconf 82' lang='lat' dir='ltr'>excrevit</span> <span class='ocrx_word' id='word_1_751' title='bbox 3206 4740 3507 4795; x_wconf 87' lang='lat' dir='ltr'>malitiaut</span> <span class='ocrx_word' id='word_1_752' title='bbox 3530 4760 3695 4814; x_wconf 83' lang='lat' dir='ltr'>super</span> 
     </span>
    </p>
   </div>
   <div class='ocr_carea' id='block_1_108' title="bbox 2086 4823 3691 4897">
    <p class='ocr_par' dir='ltr' id='par_1_108' title="bbox 2086 4823 3691 4897">
     <span class='ocr_line' id='line_1_108' title="bbox 2086 4823 3691 4897; baseline 0.006 -21"><span class='ocrx_word' id='word_1_753' title='bbox 2086 4823 2372 4878; x_wconf 84' lang='lat' dir='ltr'>Victorem</span> <span class='ocrx_word' id='word_1_754' title='bbox 2391 4824 2775 4880; x_wconf 80' lang='lat' dir='ltr'>Tricassinum</span> <span class='ocrx_word' id='word_1_755' title='bbox 2804 4828 3401 4897; x_wconf 88' lang='lat' dir='ltr'>antistitem,natalitii</span> <span class='ocrx_word' id='word_1_756' title='bbox 3430 4832 3517 4884; x_wconf 91' lang='lat' dir='ltr'>sui</span> <span class='ocrx_word' id='word_1_757' title='bbox 3544 4831 3691 4887; x_wconf 87' lang='lat' dir='ltr'>diem</span> 
     </span>
    </p>
   </div>
   <div class='ocr_carea' id='block_1_109' title="bbox 2084 4910 3693 4990">
    <p class='ocr_par' dir='ltr' id='par_1_109' title="bbox 2084 4910 3693 4990">
     <span class='ocr_line' id='line_1_109' title="bbox 2084 4910 3693 4990; baseline 0.005 -23"><span class='ocrx_word' id='word_1_758' title='bbox 2084 4910 2294 4967; x_wconf 83' lang='lat' dir='ltr'>festum</span> <span class='ocrx_word' id='word_1_759' title='bbox 2309 4916 2739 4984; x_wconf 88' lang='lat' dir='ltr'>agentem,cum</span> <span class='ocrx_word' id='word_1_760' title='bbox 2758 4916 2993 4971; x_wconf 88' lang='lat' dir='ltr'>cohorte</span> <span class='ocrx_word' id='word_1_761' title='bbox 3014 4917 3693 4990; x_wconf 86' lang='lat' dir='ltr'>irruentesmilitari,ejus</span> 
     </span>
    </p>
   </div>
   <div class='ocr_carea' id='block_1_110' title="bbox 2085 5000 3691 5080">
    <p class='ocr_par' dir='ltr' id='par_1_110' title="bbox 2085 5000 3691 5080">
     <span class='ocr_line' id='line_1_110' title="bbox 2085 5000 3691 5080; baseline 0.007 -28"><span class='ocrx_word' id='word_1_762' title='bbox 2085 5000 2429 5055; x_wconf 89' lang='lat' dir='ltr'>vestimenta</span> <span class='ocrx_word' id='word_1_763' title='bbox 2458 5001 2809 5069; x_wconf 85' lang='lat' dir='ltr'>scindentcs,</span> <span class='ocrx_word' id='word_1_764' title='bbox 2831 5003 3080 5059; x_wconf 87' lang='lat' dir='ltr'>famulos</span> <span class='ocrx_word' id='word_1_765' title='bbox 3101 5020 3276 5061; x_wconf 64' lang='lat' dir='ltr'>caesos</span> <span class='ocrx_word' id='word_1_766' title='bbox 3296 5006 3691 5080; x_wconf 87' lang='lat' dir='ltr'>fugantes,ap-</span> 
     </span>
    </p>
   </div>
   <div class='ocr_carea' id='block_1_111' title="bbox 2084 5091 3692 5167">
    <p class='ocr_par' dir='ltr' id='par_1_111' title="bbox 2084 5091 3692 5167">
     <span class='ocr_line' id='line_1_111' title="bbox 2084 5091 3692 5167; baseline 0.006 -24"><span class='ocrx_word' id='word_1_767' title='bbox 2084 5093 2352 5161; x_wconf 89' lang='lat' dir='ltr'>paratum</span> <span class='ocrx_word' id='word_1_768' title='bbox 2371 5091 2597 5164; x_wconf 91' lang='lat' dir='ltr'>prandii</span> <span class='ocrx_word' id='word_1_769' title='bbox 2613 5108 2852 5148; x_wconf 91' lang='lat' dir='ltr'>omnem</span> <span class='ocrx_word' id='word_1_770' title='bbox 2871 5099 3145 5164; x_wconf 87' lang='lat' dir='ltr'>raperent</span> <span class='ocrx_word' id='word_1_771' title='bbox 3164 5098 3222 5149; x_wconf 90' lang='lat' dir='ltr'>et</span> <span class='ocrx_word' id='word_1_772' title='bbox 3239 5095 3427 5167; x_wconf 89' lang='lat' dir='ltr'>ipsum</span> <span class='ocrx_word' id='word_1_773' title='bbox 3453 5099 3692 5152; x_wconf 87' lang='lat' dir='ltr'>cumbae</span> 
     </span>
    </p>
   </div>
   <div class='ocr_carea' id='block_1_112' title="bbox 2084 5180 3691 5254">
    <p class='ocr_par' dir='ltr' id='par_1_112' title="bbox 2084 5180 3691 5254">
     <span class='ocr_line' id='line_1_112' title="bbox 2084 5180 3691 5254; baseline 0.007 -22"><span class='ocrx_word' id='word_1_774' title='bbox 2084 5180 2437 5235; x_wconf 88' lang='lat' dir='ltr'>contumelia</span> <span class='ocrx_word' id='word_1_775' title='bbox 2454 5182 2641 5235; x_wconf 89' lang='lat' dir='ltr'>solum</span> <span class='ocrx_word' id='word_1_776' title='bbox 2664 5182 3398 5254; x_wconf 85' lang='lat' dir='ltr'>relinquerent.Quacausa</span> <span class='ocrx_word' id='word_1_777' title='bbox 3425 5186 3500 5241; x_wconf 87' lang='lat' dir='ltr'>ad</span> <span class='ocrx_word' id='word_1_778' title='bbox 3532 5204 3691 5243; x_wconf 87' lang='lat' dir='ltr'>aures</span> 
     </span>
    </p>
   </div>
   <div class='ocr_carea' id='block_1_113' title="bbox 2081 5266 3686 5347">
    <p class='ocr_par' dir='ltr' id='par_1_113' title="bbox 2081 5266 3686 5347">
     <span class='ocr_line' id='line_1_113' title="bbox 2081 5266 3686 5347; baseline 0.007 -27"><span class='ocrx_word' id='word_1_779' title='bbox 2081 5266 2404 5322; x_wconf 89' lang='lat' dir='ltr'>Guntranni</span> <span class='ocrx_word' id='word_1_780' title='bbox 2428 5269 2579 5347; x_wconf 80' lang='lat' dir='ltr'>regis</span> <span class='ocrx_word' id='word_1_781' title='bbox 2601 5269 2811 5339; x_wconf 89' lang='lat' dir='ltr'>delata,</span> <span class='ocrx_word' id='word_1_782' title='bbox 2833 5289 2899 5326; x_wconf 86' lang='lat' dir='ltr'>ex</span> <span class='ocrx_word' id='word_1_783' title='bbox 2919 5272 3042 5343; x_wconf 89' lang='lat' dir='ltr'>ejus</span> <span class='ocrx_word' id='word_1_784' title='bbox 3051 5273 3213 5344; x_wconf 85' lang='lat' dir='ltr'>jussu</span> <span class='ocrx_word' id='word_1_785' title='bbox 3234 5274 3481 5329; x_wconf 86' lang='lat' dir='ltr'>collecta</span> <span class='ocrx_word' id='word_1_786' title='bbox 3500 5280 3585 5331; x_wconf 87' lang='lat' dir='ltr'>est</span> <span class='ocrx_word' id='word_1_787' title='bbox 3604 5291 3686 5347; x_wconf 78' lang='lat' dir='ltr'>sy-</span> 
     </span>
    </p>
   </div>
   <div class='ocr_carea' id='block_1_114' title="bbox 2080 5357 3689 5433">
    <p class='ocr_par' dir='ltr' id='par_1_114' title="bbox 2080 5357 3689 5433">
     <span class='ocr_line' id='line_1_114' title="bbox 2080 5357 3689 5433; baseline 0.005 -22"><span class='ocrx_word' id='word_1_788' title='bbox 2080 5357 2267 5412; x_wconf 88' lang='lat' dir='ltr'>nodus</span> <span class='ocrx_word' id='word_1_789' title='bbox 2280 5358 2433 5430; x_wconf 89' lang='lat' dir='ltr'>apud</span> <span class='ocrx_word' id='word_1_790' title='bbox 2448 5358 2939 5433; x_wconf 86' lang='lat' dir='ltr'>Lugdunum,qua</span> <span class='ocrx_word' id='word_1_791' title='bbox 2955 5362 3300 5433; x_wconf 69' lang='lat' dir='ltr'>praesidente</span> <span class='ocrx_word' id='word_1_792' title='bbox 3323 5369 3524 5421; x_wconf 88' lang='lat' dir='ltr'>sancto</span> <span class='ocrx_word' id='word_1_793' title='bbox 3543 5365 3689 5420; x_wconf 85' lang='lat' dir='ltr'>Nice-</span> 
     </span>
    </p>
   </div>
   <div class='ocr_carea' id='block_1_115' title="bbox 2080 5445 3683 5523">
    <p class='ocr_par' dir='ltr' id='par_1_115' title="bbox 2080 5445 3683 5523">
     <span class='ocr_line' id='line_1_115' title="bbox 2080 5445 3683 5523; baseline 0.005 -24"><span class='ocrx_word' id='word_1_794' title='bbox 2080 5445 2183 5514; x_wconf 90' lang='lat' dir='ltr'>tio,</span> <span class='ocrx_word' id='word_1_795' title='bbox 2212 5446 2317 5501; x_wconf 91' lang='lat' dir='ltr'>hos</span> <span class='ocrx_word' id='word_1_796' title='bbox 2345 5448 2635 5507; x_wconf 87' lang='lat' dir='ltr'>convictos</span> <span class='ocrx_word' id='word_1_797' title='bbox 2661 5466 2693 5503; x_wconf 89' lang='lat' dir='ltr'>a</span> <span class='ocrx_word' id='word_1_798' title='bbox 2723 5450 2973 5521; x_wconf 88' lang='lat' dir='ltr'>propriis</span> <span class='ocrx_word' id='word_1_799' title='bbox 3003 5451 3220 5523; x_wconf 88' lang='lat' dir='ltr'>expulit</span> <span class='ocrx_word' id='word_1_800' title='bbox 3248 5452 3504 5510; x_wconf 84' lang='lat' dir='ltr'>sedibus.</span> <span class='ocrx_word' id='word_1_801' title='bbox 3532 5453 3683 5511; x_wconf 82' lang='lat' dir='ltr'>Unde</span> 
     </span>
    </p>
   </div>
   <div class='ocr_carea' id='block_1_116' title="bbox 2078 5533 3678 5616">
    <p class='ocr_par' dir='ltr' id='par_1_116' title="bbox 2078 5533 3678 5616">
     <span class='ocr_line' id='line_1_116' title="bbox 2078 5533 3678 5616; baseline 0.006 -27"><span class='ocrx_word' id='word_1_802' title='bbox 2078 5533 2892 5612; x_wconf 86' lang='lat' dir='ltr'>illigraviterindignati,regis</span> <span class='ocrx_word' id='word_1_803' title='bbox 2913 5540 3163 5612; x_wconf 86' lang='lat' dir='ltr'>gratiam</span> <span class='ocrx_word' id='word_1_804' title='bbox 3180 5540 3285 5597; x_wconf 90' lang='lat' dir='ltr'>sibi</span> <span class='ocrx_word' id='word_1_805' title='bbox 3306 5545 3678 5616; x_wconf 87' lang='lat' dir='ltr'>acquirentes,</span> 
     </span>
    </p>
   </div>
   <div class='ocr_carea' id='block_1_117' title="bbox 2079 5622 3673 5705">
    <p class='ocr_par' dir='ltr' id='par_1_117' title="bbox 2079 5622 3673 5705">
     <span class='ocr_line' id='line_1_117' title="bbox 2079 5622 3673 5705; baseline 0.005 -23"><span class='ocrx_word' id='word_1_806' title='bbox 2079 5622 2326 5700; x_wconf 86' lang='lat' dir='ltr'>acceptis</span> <span class='ocrx_word' id='word_1_807' title='bbox 2350 5626 2423 5683; x_wconf 87' lang='lat' dir='ltr'>ab</span> <span class='ocrx_word' id='word_1_808' title='bbox 2453 5642 2523 5684; x_wconf 87' lang='lat' dir='ltr'>eo</span> <span class='ocrx_word' id='word_1_809' title='bbox 2549 5626 2804 5701; x_wconf 80' lang='lat' dir='ltr'>epistolis</span> <span class='ocrx_word' id='word_1_810' title='bbox 2827 5628 2901 5686; x_wconf 86' lang='lat' dir='ltr'>ad</span> <span class='ocrx_word' id='word_1_811' title='bbox 2924 5644 3139 5705; x_wconf 85' lang='lat' dir='ltr'>papam</span> <span class='ocrx_word' id='word_1_812' title='bbox 3163 5629 3673 5692; x_wconf 64' lang='lat' dir='ltr'>Romanumloan-</span> 
     </span>
    </p>
   </div>
  </div>
