3862 6210
423 401 560 462 .7I5

1552 390 1815 451 MMOINI
1843 374 2163 448 nomen!
2199 390 2694 453 FLORIACENSIS

3630 407 3713 472 ‘716

458 520 1223 594 interpellarent,pollicitus
1251 537 1310 576 se
1338 519 1692 576 resecclesiae
1713 516 2071 572 reddi-turum
2100 519 2157 578 Α
2177 534 2327 585 rum,
2361 538 2395 573 a
2424 520 2590 575 nobis
2631 520 2842 591 injuste
2873 538 3295 596 oppressorum,
3349 533 3510 588 morti
3565 537 3716 592 reddi.

459 617 516 666 et
549 614 702 666 mala
733 629 860 683 quae
918 613 1287 666 commiserat
1319 610 1783 665 emendaturum.
1821 605 2074 660 Antistes

459 717 615 767 vero,
653 686 993 770 rogantibus
1042 718 1303 755 annuens
1333 698 1622 759 fratribus,
1648 712 1778 750 eum
1811 709 2072 748 commu-

458 789 619 844 nioni
640 789 910 842 restituit.
929 789 1042 843 Sed
1064 805 1258 843 comes
1277 788 1347 842 ad
1369 786 1761 857 Engolismam
1793 798 2072 847 reversus,

457 878 666 932 domos
697 894 838 948 quas
865 881 1198 948 pervaserat
1232 874 1728 941 destruxit,dicens
1758 888 1770 926 :
1809 894 1836 922 «
1870 870 1927 925 Si
1953 871 2075 924 haec

459 966 698 1021 ecclesia
728 966 954 1036 recipit,
988 966 1191 1020 saltem
1224 965 1450 1020 deserta
1471 962 1858 1017 inveniantur.
1888 979 1916 1008 »
1948 958 2078 1028 Epi-

459 1071 835 1126 scopussane,
876 1055 964 1109 his
994 1055 1224 1120 auditis,
1259 1053 1467 1107 iterum
1499 1049 1911 1106 communione
1942 1063 2076 1101 eum

459 1145 685 1217 privans
715 1143 1096 1198 vitadecessit.
1135 1143 1411 1196 Nantinus
1427 1156 1654 1212 quoque
1673 1156 1706 1193 a
1736 1136 2076 1209 quibusdam

460 1233 738 1307 episcopis
757 1233 997 1304 pecunia
1043 1232 1326 1305 corruptis
1369 1227 1768 1285 communioni
1798 1224 2076 1290 redditus,

460 1324 520 1378 in
553 1324 821 1378 morbum
846 1321 1063 1376 incidit.
1088 1322 1228 1376 Cum
1263 1337 1396 1374 vero
1410 1319 1598 1374 valida
1629 1315 1980 1371 cruciaretur
2000 1313 2079 1367 fe-

463 1415 587 1479 bre,
611 1412 897 1466 clamabat
933 1429 946 1465 :
985 1433 1012 1462 ‹‹
1071 1411 1189 1465 Heu
1223 1410 1235 1463 ι
1297 1411 1409 1463 heu
1442 1409 1454 1462 l
1490 1424 1616 1479 quae
1649 1406 1946 1459 tormenta
2002 1402 2073 1456 ab

462 1503 719 1556 Heraclio
755 1502 909 1554 illata
933 1499 1160 1572 patior!
1195 1501 1316 1570 Ipse
1350 1516 1441 1552 me
1457 1513 1609 1551 nunc
1642 1494 1874 1559 cruciat,
1903 1490 2076 1562 ipsius

462 1590 600 1661 igne
628 1606 956 1644 consumor.
982 1590 1220 1643 Mortem
1251 1592 1404 1656 peto,
1439 1603 1511 1640 ne
1543 1585 1637 1638 diu
1660 1583 1810 1636 male
1827 1581 2070 1634 vivam.»

461 1681 524 1732 In
557 1678 642 1732 his
667 1677 898 1732 vocibus
927 1676 1268 1731 constitutus
1299 1673 1534 1727 interiit.
1566 1669 1824 1726 Audiant
1853 1667 1961 1721 ista
1977 1666 2074 1738 qui

462 1767 872 1832 sacerdotibus,
914 1767 998 1819 vel
1027 1767 1143 1819 Deo
1178 1763 1385 1818 servire
1429 1760 1808 1834 cupientibus,
1835 1756 2073 1828 injurias

2179 607 2313 661 dere
2343 609 2655 679 proximos.
2699 610 2980 666 Pmniteat
3030 631 3132 668 nos
3185 618 3413 673 tandem
3463 623 3714 694 aliquando

2179 698 2465 750 malorum
2508 715 2635 768 quae
2683 699 3003 770 gessimus;
3061 705 3120 756 et
3166 707 3410 761 conversi
3458 710 3523 763 ad
3566 713 3718 768 Domi-

2180 802 2341 847 num,
2382 786 2725 857 placabilem
2759 805 2892 842 eum
2921 807 3092 861 super
3122 796 3371 849 nostram
3403 797 3717 869 imploremus

2176 872 2300 927 fore
2330 875 2634 931 malitiam.
2694 876 2889 949 Neque
2952 879 3129 946 enim,
3191 885 3440 952 quamvis
3482 885 3717 958 indignos,

2177 961 2282 1016 sibi
2312 963 2593 1034 supplices
2647 966 3021 1035 aversabitur,
3054 969 3186 1040 quia
3232 975 3315 1025 est
3353 972 3636 1029 misericors
3675 981 3719 1030 et

2179 1050 2917 1110 1niserator.lncendamus
2949 1055 3124 1126 igitur
3177 1058 3394 1131 iniquas
3443 1061 3717 1132 descriptio-

2179 1155 2301 1205 nes,
2336 1142 2393 1193 et
2425 1157 2565 1211 quas
2594 1142 2668 1196 ad
2697 1145 3136 1214 oppressionem
3154 1148 3528 1203 constituimus
3553 1166 3720 1222 paupe-

2179 1243 2329 1293 rum,
2369 1227 2442 1282 ad
2475 1233 2732 1284 nostram
2784 1235 3232 1305 nostrorumque
3285 1235 3553 1290 deleamus
3597 1238 3712 1290 Salu-

2179 1317 2318 1369 tem.
2351 1315 2497 1370 Nihil
2531 1321 2616 1371 est
2667 1319 2822 1389 quod
2877 1319 3208 1390 timeamus,
3235 1323 3278 1377 si
3323 1341 3447 1378 vere
3495 1324 3718 1395 paenitea-

2178 1404 2492 1475 mus,quasi
2505 1407 2723 1477 passuri
2739 1408 3058 1480 gravia,qui
3076 1412 3406 1481 pertulimus
3423 1411 3716 1482 gravissima.

2179 1492 2327 1555 Quid
2353 1494 2507 1548 enim
2539 1495 2657 1565 pati
2687 1501 2874 1568 potest
2895 1499 3122 1568 gravius
3153 1517 3320 1571 quam
3375 1504 3434 1555 ut
3477 1501 3719 1555 amittatur

2179 1581 2333 1652 quod
2347 1585 2431 1635 est
2449 1582 2675 1637 eharius
2695 1585 2722 1638 ?
2741 1583 2887 1648 Quid
2904 1603 3037 1641 vero
3068 1588 3230 1642 nobis
3253 1588 3452 1661 poterit
3474 1604 3580 1642 esse
3625 1587 3718 1640 dul-

2179 1669 2295 1723 cius
2329 1688 2503 1741 quam
2523 1675 2794 1726 natorum
2837 1674 3076 1729 affectus
3092 1676 3119 1730 ?
3142 1677 3351 1740 Quibus
3375 1693 3532 1748 porro
3551 1692 3636 1747 per
3657 1677 3721 1729 tot

2178 1775 2468 1813 annorum
2500 1760 2780 1815 curricula
2813 1766 3010 1832 partos
3037 1781 3390 1819 reservamus
3417 1762 3718 1827 thesauros,si

459 1857 740 1927 irrogant.
773 1824 1101 1925 Intelligant
1139 1854 1322 1906 Deum
1353 1868 1475 1905 esse
1502 1824 1797 1904 vindicem
1864 1824 2074 1916 injuste
2105 1824 2158 1884 Β
2178 1848 2584 1919 praemittimus
2613 1824 2893 1916 hazredes,
2920 1868 3063 1922 quos
3084 1855 3474 1924 optaveramus
3497 1851 3602 1905 fieri
3626 1824 3719 1903 suc-

455 1961 886 2018 oppressorum.

1071 2031 1303 2086 CAPUT
1334 2029 1533 2084 XXXII.

573 2122 656 2176 De
686 2121 978 2192 Chilperici
992 2138 1093 2192 per
1118 2118 1518 2189 Fredegundem
1540 2119 1595 2170 in
1625 2132 1743 2170 suos
1773 2116 1973 2170 savitz’a

455 2242 469 2250 -
528 2212 874 2285 Chilpericus
896 2211 1072 2265 etiam
1093 2227 1212 2276 rex,
1229 2209 1574 2279 suggerente
1590 2205 1965 2276 Fredegunde
1988 2220 2073 2258 re-

454 2299 1133 2373 gina,proscriptionibus
1151 2295 1501 2368 gravissimis
1520 2295 1798 2366 populum
1821 2293 1925 2346 sibi
1947 2293 2071 2346 sub-

446 2391 668 2460 jectum
686 2393 934 2443 atterere
962 2387 1150 2457 ccepit.
1185 2386 1308 2448 Qua
1327 2385 1395 2438 de
1427 2399 1597 2436 causa
1626 2381 1791 2435 multi
1814 2399 1845 2435 e
1877 2382 2066 2453 plebe,

449 2477 706 2531 nativum
737 2476 1132 2546 relinquentes
1154 2472 1702 2539 solum,maluerunt
1722 2471 1940 2522 exsules
1963 2486 2065 2523 no-

447 2581 545 2618 vas
579 2580 838 2635 quaerere
869 2563 1032 2617 sedes
1077 2578 1252 2632 quam
1304 2559 1523 2630 patrios
1567 2557 1870 2611 incolendo
1922 2557 2066 2611 fines

446 2653 656 2723 iujusto
695 2669 860 2705 ruere
895 2651 997 2704 sub
1031 2666 1207 2704 onere
1233 2648 1453 2702 tributi.
1487 2649 1640 2700 Inter
1663 2648 1870 2699 czetera
1897 2662 2061 2699 nam-

445 2757 555 2812 que
571 2759 696 2813 quz-e
720 2741 1078 2811 cogebantur
1098 2739 1314 2792 solvere
1336 2735 1588 2790 liberiori
1606 2735 1781 2788 etiam
1806 2735 1912 2789 orti
1930 2750 2062 2804 pro-

443 2830 633 2900 genie,
667 2847 699 2884 e
730 2832 884 2882 terra
915 2827 1149 2900 propria
1170 2827 1320 2880 culta
1353 2825 1548 2878 labore
1570 2824 1915 2894 amphoram
1946 2823 2061 2876 vini

451 2918 628 2989 regia:
683 2917 1014 2970 inferebant
1056 2932 1289 2969 mensas.
1342 2914 1558 2967 Marcus
1611 2911 2058 2978 referendarius,

447 3006 581 3061 huic
612 3004 841 3060 muneri
873 3003 1234 3074 praepositus,
1267 3005 1329 3055 ut
1348 3003 1580 3055 cunctas
1611 2998 1931 3071 Aquitania:
1965 3016 2062 3053 ur-

2177 1951 2427 1990 cessores
2443 1937 2470 1991 ?
2485 1937 2814 1992 Cavendum
2830 1940 3087 2009 profecto
3105 1945 3186 1995 est
3210 1958 3283 1996 ne
3296 1941 3436 1995 illius
3463 1936 3717 2009 evangelici

2177 2024 2541 2080 incurramus
2553 2028 2901 2082 sententiam
2919 2029 3102 2084 divitis
3115 2028 3546 2101 qui,innovando
3557 2028 3723 2080 horrea

2176 2118 2235 2168 et
2264 2117 2672 2187 congreganda
2709 2117 2911 2184 multa,
2946 2119 3168 2189 accepit
3212 2133 3530 2189 responsum
3557 2132 3606 2169 se
3631 2130 3720 2167 non

2174 2201 2428 2256 visurum
2461 2202 2615 2256 diem
2654 2205 2968 2258 crastinum
2997 2222 3102 2260 nec
3141 2222 3371 2260 suarum
3413 2202 3720 2275 cogniturum

2171 2291 2463 2345 haaredem
2496 2308 2710 2346 rerum.
2742 2292 2855 2347 Sed
2886 2293 3171 2365 propitius
3187 2295 3312 2365 jam
3333 2296 3509 2365 potest
3529 2307 3630 2346 esse
3651 2288 3722 2360 qui

2171 2378 2542 2434 vindicavitet
2555 2380 2754 2435 mitior
2770 2398 2943 2451 quam
2958 2399 3004 2434 si
3032 2399 3148 2437 non
3167 2383 3544 2437 vindicasset.»
3561 2378 3721 2447 Hujus-

2170 2468 2328 2522 modi
2360 2469 2683 2523 orationem
2714 2469 3124 2524 circumferens
3163 2466 3720 2542 Fredegundisregina,

2168 2557 2490 2611 transduxit
2504 2557 2891 2629 Chilpericnm
2925 2576 3123 2631 regem
3146 2578 3181 2614 a
3199 2560 3388 2614 furore
3403 2555 3720 2622 auimi,atque

2165 2643 2549 2700 intentionem
2583 2646 2703 2716 ejus
2724 2647 2869 2702 adeo
2903 2648 3204 2716 emollivit,
3241 2651 3300 2702 ut
3324 2647 3528 2701 libellos
3564 2641 3723 2712 quibus

2164 2734 2417 2788 nefanda
2443 2734 2850 2790 continebatur
2878 2737 2986 2804 lex,
3021 2754 3202 2791 manu
3233 2734 3463 2808 propria
3481 2729 3721 2787 voracibus

2165 2823 2419 2876 traderet
2449 2823 2718 2877 flammis.
2753 2823 2968 2887 Quibus
3021 2823 3508 2896 peractis,junior
3557 2833 3716 2874 eorum

2162 2911 2310 2964 ﬁlius
2341 2911 2493 2965 diem
2523 2911 2689 2966 obiit.
2719 2912 2891 2983 Cujus
2945 2916 3350 2984 corpusculum
3409 2912 3464 2965 in
3513 2904 3716 2964 oratorio

2161 3001 2491 3053 sanctorum
2509 3000 2763 3070 Dionysii
2791 3018 2854 3055 ac
2871 3001 3163 3058 sociorum
3184 3003 3306 3073 ejus
3331 3001 3622 3070 martyrum
3659 2993 3721 3045 est

445 3096 566 3161 bes,
599 3111 728 3166 quae
757 3094 826 3148 ab
852 3109 1099 3163 regnum
1133 3088 1436 3163 Chilperici
1469 3088 1753 3159 respicere
1786 3088 2058 3142 videban-
2087 3099 2136 3159 α
2162 3088 2487 3145 humatum.
2516 3089 2628 3142 Nec
2656 3091 2896 3161 longum
2927 3089 3174 3146 ﬂuxerat
3199 3094 3439 3161 tempus,
3465 3088 3594 3141 alter
3610 3096 3718 3153 quo-

441 3187 555 3250 tur,
588 3183 661 3237 ad
707 3183 828 3236 haec
859 3180 1132 3235 solvenda
1160 3178 1347 3234 verbis
1377 3179 1464 3232 vel
1495 3177 1667 3230 minis
1705 3177 1992 3242 invitaret,
2025 3194 2059 3231 a

443 3269 836 3326 Lemowicinis
864 3271 1145 3325 seditione
1177 3274 1304 3324 orta
1324 3269 1622 3340 jugulatur
1646 3283 1660 3335 ;
1685 3270 1742 3321 et
1773 3268 1915 3323 tomi
1935 3267 2057 3321 uni-

437 3360 582 3414 versi
615 3376 757 3430 quos
784 3376 977 3414 secum
1008 3360 1232 3414 ferebat
1260 3358 1394 3429 igne
1408 3355 1649 3411 cremati
1681 3359 1835 3410 sunt.
1873 3358 2050 3410 Porro

441 3448 809 3520 Chilpericus,
830 3448 966 3502 dum
993 3447 1252 3519 pessimis
1267 3444 1522 3517 quotidie
1542 3443 1820 3513 adjiceret
1832 3445 2050 3514 pejora,

438 3537 596 3592 febre
623 3537 894 3608 arripitur
921 3537 1126 3591 valida.
1158 3539 1202 3590 A
1241 3552 1353 3608 quo
1381 3549 1514 3589 cum
1556 3533 1902 3586 convalescit
1926 3534 2051 3586 lan-

438 3643 638 3698 guore,
671 3627 938 3698 parvulus
967 3625 1089 3696 ejus
1119 3625 1266 3678 filius
1293 3640 1398 3678 nec
1430 3623 1570 3677 dum
1599 3620 1888 3691 baptisma
1919 3637 2054 3675 con-

438 3719 661 3770 secutus
705 3718 992 3786 tegrotare
1023 3713 1196 3783 coepit
1254 3712 1499 3782 gravius.
1527 3713 1634 3776 Qui
1693 3709 2055 3780 baptismatis

437 3803 625 3874 gratia
654 3803 929 3868 imbutus,
963 3803 1146 3854 levato
1185 3800 1476 3870 paulisper
1506 3799 1901 3864 incommodo,
1938 3815 2056 3852 ma-

437 3893 587 3946 trem
620 3891 875 3962 nequivit
900 3888 1190 3942 lzetificare
1203 3887 1412 3958 gaudio
1447 3889 1791 3959 pleno.Nam
1812 3888 2054 3941 fratrem

440 3980 562 4049 ejus
592 3979 1026 4041 Clodobertum,
1060 3976 1150 4028 cui
1188 3977 1329 4030 aetas
1351 3977 1694 4044 provectior,
1725 3993 1792 4030 eo
1847 3992 2054 4030 conva-

439 4068 690 4121 lescente
723 4064 908 4119 doluit
928 4062 1478 4118 similiaincurrisse.
1498 4067 1583 4120 Ita
1609 4065 2056 4136 deniquelatens

443 4154 616 4227 pestis
647 4153 705 4206 in
721 4155 905 4206 totam
929 4151 1590 4225 ditfundebaturregiam
1611 4157 1833 4227 prolem
1852 4171 1915 4208 ac
1945 4155 1989 4208 si
2023 4171 2056 4208 a

443 4240 753 4296 visceribus
782 4239 1068 4294 transiens
1093 4241 1370 4311 paternis,
1401 4243 1459 4296 in
1494 4243 1745 4298 ﬁliorum
1779 4242 2057 4298 membris

444 4329 874 4385 haereditariam
904 4329 1193 4383 videretur
1214 4330 1355 4385 velle
1375 4332 1479 4386 sibi
1511 4332 1803 4388 vindicare
1834 4332 2052 4386 sedem.

441 4418 699 4474 Tandem
733 4417 1145 4488 Fredegundis,
1179 4417 1339 4488 cujus
1361 4421 1532 4475 toties
1553 4421 1719 4475 dolor
1740 4422 1928 4475 lacera
1947 4423 2058 4474 tor-

2161 3193 2269 3247 que
2300 3193 2367 3230 ex
2394 3177 2522 3230 [iliis
2537 3178 2795 3247 superius
2817 3179 3154 3234 nominatus
3168 3179 3549 3242 Clodobertus,
3582 3166 3720 3224 morti

2159 3264 2330 3334 coepit
2355 3280 2476 3318 esse
2506 3265 2815 3335 proximus.
2843 3266 3227 3321 Consternata
3257 3269 3440 3320 mater
3466 3259 3625 3317 anxiis
3649 3271 3721 3326 ge-

2158 3353 2396 3407 mitibus
2424 3354 2752 3424 languentis
2769 3354 2889 3422 Iilii,
2907 3356 2979 3410 ad
2996 3355 3296 3410 basilicam
3313 3351 3498 3409 Sancti
3513 3341 3720 3405 Medardi

2157 3440 2470 3497 Suessionis
2497 3459 2630 3496 eum
2657 3442 2860 3497 defert.
2899 3443 3002 3497 Ubi
3058 3447 3304 3516 uterque
3344 3456 3539 3514 parens
3584 3431 3717 3495 votis,

2155 3528 2341 3584 aureis
2363 3529 2528 3585 donis
2558 3530 2738 3584 sancti
2769 3532 3132 3587 honorarunt
3167 3523 3613 3605 sepulcrum.Sed
3643 3519 3719 3574 ad-

2156 3619 2421 3674 veniente
2440 3625 2628 3686 nocte,
2658 3636 2833 3692 aeger,
2871 3621 3144 3676 ultimum
3169 3619 3451 3676 exhalavit
3474 3613 3716 3687 spiritum.

2157 3709 2329 3780 Cujus
2378 3710 2547 3764 funus
2572 3711 2826 3781 praefatae
2858 3711 3012 3766 urbis
3030 3714 3296 3784 populus,
3315 3711 3465 3782 pulla
3482 3707 3616 3760 veste
3641 3698 3720 3751 cir-

2157 3799 2556 3868 cumamictus,
2589 3816 2719 3854 cum
2747 3800 3000 3855 maximo
3034 3803 3190 3856 luctu
3221 3802 3294 3856 ad
3317 3795 3591 3855 ecclesiam
3618 3789 3723 3843 San-

2156 3891 2381 3942 ctorum
2413 3888 2654 3959 Crispini
2693 3891 2749 3942 et
2776 3888 3117 3960 Crispiniani
3149 3893 3236 3945 est
3265 3888 3597 3960 prosecutus.
3628 3876 3719 3940 0υο

2156 3975 2216 4029 in
2249 3976 2372 4030 loco
2396 3976 2700 4045 praedictus
2720 3976 2872 4047 regis
2899 3976 3046 4031 ﬁlius
3074 3977 3452 4032 tumularium
3475 3973 3550 4027 est
3574 3963 3721 4036 sepul-

2159 4065 2350 4117 turam
2375 4065 2914 4136 adeptus.Sequenti
2942 4065 3153 4120 abhinc
3181 4083 3336 4122 anno
3371 4063 3507 4119 alius
3539 4073 3596 4112 ex
3626 4048 3723 4106 ﬁliis

2160 4152 2482 4223 Chilperici,
2511 4154 2893 4209 Theodericus
2906 4154 3165 4223 nomine,
3189 4155 3503 4211 terminum
3535 4143 3724 4202 sortitus

2159 4245 2243 4296 est
2272 4241 2420 4298 vitae.
2455 4243 2617 4297 Unde
2649 4243 2999 4314 Chilpericus
3025 4243 3235 4298 divina)
3253 4227 3721 4298 animadversionis

2152 4330 2433 4401 judicium
2466 4331 2667 4386 cervici
2699 4331 3006 4386 imminere
3038 4350 3154 4388 sua:
3181 4343 3549 4404 cognoscens,
3583 4318 3726 4376 mutta

2159 4419 2505 4491 pauperibus
2551 4420 2778 4488 Christi,
2808 4437 2906 4475 seu
2932 4422 3206 4485 ecclesiis,
3241 4419 3481 4492 largitur
3509 4405 3723 4468 donaria.

445 4507 660 4580 quebat
709 4505 1048 4578 praecordia,
1074 4507 1299 4577 quoties
1356 4511 1736 4564 semimortua
1787 4511 2055 4563 natorum
2081 4549 2136 4610 D
2162 4509 2466 4562 Restiterat
2493 4525 2631 4564 sane
2673 4509 2859 4564 adhuc
2911 4527 3058 4565 unus
3089 4527 3121 4565 e
3175 4509 3338 4581 regia
3366 4505 3541 4579 prole,
3587 4507 3725 4570 quem

561 4597 571 4610 ι
723 4596 734 4610 1
779 4595 792 4610 1
858 4597 867 4610 ι
1369 4596 1378 4606 ι
1418 4597 1450 4610 .-
1589 4598 1610 4610 Α
1679 4597 1710 4610 ο.
1762 4597 1796 4610 ,ι
1896 4598 1910 4610 ι
1938 4597 1992 4610 ν.
2167 4597 2218 4610 n.
2251 4597 2280 4610 οι
2397 4597 2406 4606 ι
2643 4601 2653 4610 .
2719 4597 2755 4610 «ιο
3005 4599 3014 4608 -
3101 4605 3110 4610 -
3487 4595 3595 4610 νδι-
3624 4585 3725 4610 Dub

444 4595 946 4668 contemplabatur
990 4611 1261 4666 corpora,
1293 4596 1549 4666 pristinae
1586 4597 1828 4651 feritatis
1860 4597 2057 4666 oblita,

443 4684 685 4740 humani
706 4683 894 4739 induit
929 4683 1392 4754 compassionem
1419 4685 1599 4740 animi
1620 4686 1962 4758 ;adiensque
1976 4703 2064 4747 re-

443 4773 707 4847 gem,huj
719 4772 944 4828 usmodi
963 4771 1116 4842 apud
1139 4788 1273 4826 eum
1297 4772 1498 4828 habuit
1515 4790 1849 4829 sermonem
1877 4792 1888 4828 :
1911 4797 1938 4824 ‹‹
1964 4777 2063 4830 Be-

445 4863 683 4930 neficiis,
715 4861 924 4933 inquit,
962 4860 1166 4914 divinis
1224 4865 1473 4928 nosmet,
1502 4863 1582 4917 mi
1613 4863 1716 4930 vir,
1749 4863 2062 4919 benefactis

442 4951 791 5023 respondere
819 4949 1108 5015 convenit,
1153 4965 1297 5019 quos
1324 4965 1574 5021 superna
1605 4968 1721 5006 non
1750 4952 1916 5023 punit
1947 4954 2058 5007 cle-

441 5039 682 5105 mentia,
706 5041 867 5094 tanto
892 5041 1154 5109 tempore
1183 5040 1685 5107 perseverantesin
1704 5041 2057 5096 malitiaNe-

441 5145 552 5202 que
575 5127 730 5184 enim
754 5126 982 5198 flagella
1035 5125 1454 5197 omnipotentis
1507 5129 1608 5183 Dei
1661 5129 2054 5193 sustinuimus,

440 5217 601 5291 quasi
631 5215 840 5284 rei,sed
870 5215 930 5268 in
951 5214 1375 5284 virgafiliorum
1397 5217 1630 5285 eruditi,
1653 5219 2054 5289 propheticum

436 5307 579 5362 illud
609 5306 824 5360 dictum
851 5305 909 5358 in
945 5303 1111 5358 nobis
1141 5320 1337 5358 sumus
1367 5306 1584 5376 experti
1609 5323 1622 5360 :
1655 5306 1794 5372 Quia
1813 5308 2053 5377 ﬂagellat

436 5397 708 5454 Dominus
761 5410 968 5448 omnem
1023 5393 1201 5462 ﬁlium
1259 5411 1415 5465 quem
1468 5397 1654 5466 recipit
1698 5396 1893 5468 (Hebr.
1930 5399 2048 5468 κη).

438 5486 579 5538 Ecce
608 5499 858 5553 namque
890 5499 1015 5549 nos,
1048 5485 1106 5535 et
1128 5482 1345 5536 feribus
1373 5487 1431 5537 et
1466 5483 1634 5538 variis
1665 5501 1815 5555 saepe
1868 5488 2050 5541 vexati

434 5570 877 5633 calamitatibus,
895 5571 1130 5642 insuper
1142 5570 1397 5625 filiorum
1417 5574 1712 5643 amplexus
1730 5573 2049 5631 amittimus

431 5657 806 5728 Gratissimos,
838 5671 983 5730 quos
1028 5659 1300 5730 lacrymaa
1333 5659 1639 5716 viduarum
1669 5664 1728 5716 et
1755 5664 2046 5735 orphano-

2163 4597 2512 4668 Chilpericus
2540 4597 2810 4653 custodia:
2827 4599 3248 4670 mancipatum,
3265 4595 3597 4668 suggerente
3624 4585 3726 4638 Fre-

2163 4685 2450 4756 degunde,
2483 4685 2808 4740 custodibus
2852 4686 3065 4757 legavit
3088 4685 3470 4759 puniendum.
3497 4681 3569 4734 Ita
3591 4671 3721 4729 effer-

2162 4779 2367 4833 buerat
2397 4775 2745 4846 Chilpericus
2775 4775 2834 4829 in
2861 4775 3084 4830 malitia
3116 4781 3179 4831 ut
3210 4794 3330 4831 non
3381 4773 3430 4828 ei
3487 4759 3726 4823 sufficeret

2163 4865 2361 4938 generi
2393 4864 2514 4935 ejus
2544 4863 2858 4918 imminens
2882 4865 3124 4920 caelestis
3171 4864 3445 4929 vindicta,
3479 4853 3574 4913 nisi
3623 4859 3722 4904 eam

2161 4955 2566 5025 augmentaret
2592 4969 2693 5024 per
2730 4969 2833 5007 sua
2851 4953 3130 5009 facinora.

2732 5042 2955 5097 CAPUT
2979 5043 3196 5096 XXXIII.

2155 5131 2238 5185 De
2265 5130 2612 5186 inundatione
2640 5147 2931 5203 aquarum,
2964 5137 3268 5202 tempestate
3316 5129 3448 5195 cwlz',
3474 5120 3725 5180 terramotu

2661 5227 2712 5273 et
2717 5219 2980 5289 prodigiis
2996 5219 3196 5274 multis.

2223 5311 2390 5363 Anno
2422 5326 2454 5362 v
2485 5307 2814 5363 Chideberti
2843 5307 2992 5378 regis
3016 5309 3130 5380 (qui
3156 5307 3265 5362 fuit
3297 5323 3482 5362 nonus
3509 5297 3719 5357 decimus

2153 5398 2456 5469 Chilperici
2473 5401 2644 5470 atque
2667 5397 3010 5467 Guntranni)
3027 5400 3203 5452 tanta!
3220 5398 3342 5451 lues
3363 5402 3630 5466 aquarum
3644 5393 3722 5454 per

2150 5488 2437 5541 universas
2470 5486 2912 5558 regionesfactze
2928 5490 3067 5542 sunt
3094 5485 3410 5541 Galliarum
3437 5485 3497 5537 ut
3525 5472 3720 5533 flumina

2147 5577 2446 5641 terminos,
2481 5592 2623 5646 quos
2649 5591 2947 5646 nunquam
2981 5578 3152 5630 antea
3210 5569 3584 5634 excesserant,
3614 5572 3720 5634 pra“

2146 5667 2678 5735 tergressa,pecora
2694 5662 2936 5735 quidem
2967 5664 3160 5735 exitio,
3186 5661 3433 5720 mdiﬁcia
3459 5671 3581 5716 vero
3630 5647 3717 5705 duo
