3862 6210
140 402 229 461 ιιι
1199 380 1523 451 HISTORIA
1559 384 2000 450 FBANCORTM.
2027 420 2097 433 -—
2132 386 2264 450 LIB.
2296 388 2387 445 111.
3354 390 3460 447 71s

143 543 370 600 rumque
398 526 672 580 locorum
703 521 861 595 gravi
888 520 1189 577 afﬁcerent
1217 519 1406 576 ruina.
1434 518 1649 584 Quibus
1670 518 1749 574 al-
1771 525 1826 585 Α
1854 517 1977 572 fieri
2035 517 2404 583 catholicum,
2432 519 2632 571 tamen
2685 513 3027 571 infirmitate
3065 513 3346 587 impulsus
3377 518 3463 571 est

143 633 361 672 veorum
384 630 627 668 suorum
657 615 842 667 metas
859 609 1607 683 repetentibus,pluviisque
1630 625 1748 662 ces-
1855 608 2038 680 ipsam
2069 605 2335 678 amplecti
2375 606 2741 677 religionem.

141 706 403 770 santibus,
434 702 591 756 circa
641 716 909 755 mensem
970 699 1067 771 qui
1118 698 1464 771 September
1519 695 1748 763 dicitur,
2416 694 2639 751 CAPUT
2692 695 2881 752 XXXV.

146 795 316 849 denuo
349 793 593 847 arbores
628 790 971 845 ﬂoruerunt.
997 789 1153 843 Τιιηϐ
1183 804 1413 860 quoque
1441 785 1634 857 fulgur
1650 801 1751 857 ρον
1852 795 1933 849 De
1959 792 2165 849 Tiberii
2183 787 2525 845 Constantini
2543 786 2687 841 obitu
2710 793 2760 840 et
2789 784 3057 841 Mauricii
3082 787 3137 841 in
3166 783 3464 858 Imperium

146 883 336 938 ccelum
387 878 715 934 cucurrisse
746 877 927 931 visum
961 879 1047 931 est
1091 876 1426 947 sonitusque
1471 878 1751 946 tanquam
2477 877 2817 931 successione.

144 970 425 1027 ruentium
447 967 728 1023 arborum
748 981 853 1037 per
868 968 1052 1020 totam
1083 980 1233 1036 pene
1260 968 1478 1018 terram
1502 963 1750 1020 auditus.
1921 971 2179 1028 Tiberius
2203 985 2335 1024 vero
2369 964 2777 1023 Constantinus
2807 967 3119 1036 postquam
3153 961 3466 1035 imperium

146 1056 576 1130 Burdegalensis
605 1054 800 1109 civitas
844 1055 1185 1108 terrmmotu
1243 1068 1519 1108 concussa
1551 1055 1664 1119 est;
1697 1054 1748 1106 et

1952 1060 2097 1115 rexit
2126 1057 2313 1126 annis,
2329 1054 2581 1110 sentiens
2622 1052 2779 1108 diem
2812 1069 2928 1107 sua:
2958 1051 3271 1107 imminere
3298 1066 3466 1106 voca-

150 1149 211 1203 de
234 1146 530 1219 Pyrenaeis
547 1143 844 1198 montibus
867 1142 1139 1197 immensi
1161 1141 1385 1212 lapides
1409 1143 1542 1196 sunt
1559 1139 1753 1206 evulsi,
1855 1148 2047 1215 tionis,
2073 1165 2187 1203 una
2216 1161 2345 1201 cum
2378 1142 2614 1199 consilio
2666 1144 2936 1214 Augustas,
2981 1139 3211 1212 sophia;
3260 1138 3465 1195 lauri-

153 1237 339 1309 quibus
366 1234 662 1288 immensa
683 1247 961 1303 pecorum
993 1231 1417 1302 hominumque
1446 1227 1756 1284 ΠιιιῙὶίὶιιάο
1855 1237 2247 1308 cium,genere
2275 1233 2698 1306 Cappadocem,
2725 1231 2912 1285 virum
2945 1233 3269 1297 strenuum,
3292 1227 3469 1300 elegit

151 1340 405 1398 percussa
428 1320 676 1377 interiit.
703 1319 870 1375 Vicus
896 1319 1356 1391 Burdegalensis,
1377 1317 1644 1374 incendio
1672 1318 1759 1373 di-
1859 1325 1931 1381 ad
1962 1324 2273 1398 imperium
2290 1338 2568 1394 suamque
2585 1320 2764 1375 filiam
2793 1318 3087 1391 regalibus
3109 1312 3470 1373 ornamentis

151 1414 342 1468 vinitus
371 1415 506 1467 orto
560 1408 885 1481 nulliusque
915 1408 1171 1464 hominis
1200 1406 1591 1463 incitamentis
1618 1422 1759 1478 aug-
1862 1418 2131 1472 ornatam
2158 1414 2212 1470 ei
2245 1411 2501 1477 tradidit,
2533 1410 2731 1465 dicens
2760 1426 2774 1464 :
2822 1432 2849 1459 «
2884 1408 2971 1464 Sit
3001 1407 3108 1463 tibi
3156 1406 3470 1479 imperium

152 1505 401 1558 mentato
424 1498 856 1565 inﬂammatus,
886 1499 1100 1552 multos
1130 1497 1360 1564 exussit,
1393 1495 1579 1550 subito
1602 1511 1748 1549 com-

1952 1520 1992 1557 n
2022 1504 2129 1558 hac
2155 1502 2344 1574 puella
2385 1516 2740 1555 concessum:
2777 1499 2948 1553 Utere
3001 1512 3069 1552 eo
3104 1495 3372 1557 feliciter,
3405 1494 3469 1549 in

152 1588 510 1663 prehendens
537 1587 745 1641 domos
761 1588 817 1640 et
848 1602 1012 1641 areas
1036 1584 1298 1657 frugibus
1322 1584 1764 1641 refertas.Aure-
1862 1596 2058 1648 mente
2108 1592 2328 1647 habens
2381 1589 2714 1662 mqllitatem
2744 1605 2810 1643 ac
2860 1585 3147 1658 justitiam
3182 1582 3475 1657 prmcipua

151 1677 413 1732 lianensis
472 1675 610 1729 urbs
649 1674 820 1729 simili
871 1673 1142 1729 incendio
1196 1675 1413 1727 vastata
1460 1675 1563 1729 est.
1596 1670 1763 1741 Apud
1862 1679 2064 1751 optimi
2094 1678 2458 1751 imperatoris
2478 1694 2598 1731 esse
2630 1676 2901 1747 insignia.
2935 1696 2963 1723 »
3000 1675 3131 1728 Haec
3162 1675 3472 1745 postquam

155 1765 526 1821 Carnotinum
544 1780 763 1835 pagum
779 1762 847 1817 de
864 1761 1097 1817 effracto
1113 1778 1263 1833 pane
1277 1759 1506 1833 sanguis
1518 1758 1758 1815 θίἨυΧίὶο
1863 1769 2023 1836 dixit,
2048 1783 2389 1839 corpoream
2413 1765 2746 1836 relinquens
2765 1763 3074 1818 sarcinam:
3090 1761 3163 1817 ad
3190 1764 3471 1817 aeternam

153 1857 209 1909 ln
234 1855 376 1909 urbe
417 1853 651 1907 Pictava
678 1853 847 1923 lupus
874 1868 905 1906 e
932 1850 1082 1905 silvis
1112 1850 1366 1917 veniens,
1401 1866 1503 1922 per
1532 1851 1761 1920 portam
1790 1850 1841 1910 B
1863 1856 2129 1929 migravit
2154 1854 2423 1929 patriam,
2449 1853 2767 1908 maximum
2792 1852 2878 1906 sui
2897 1851 3088 1906 obitus
3114 1849 3344 1922 populis
3371 1848 3476 1902 sibi

154 1943 274 2015 ing?
277 1960 439 1997 855113
464 1944 568 2010 (³5ὶῖ
603 1957 717 2012 qua
747 1956 878 1994 cum
909 1939 1129 1994 θωιθνίδ
1155 1940 1366 2007 Clausa:
1391 1939 1590 2009 lupum
1615 1935 1763 1991 θίνθδ
1861 1946 2100 2003 subditis
2114 1940 2838 2015 relinquensluctum.Fuit
2864 1939 3022 1993 enim
3042 1954 3286 1992 summie
3317 1936 3480 1991 boni-

154 2031 206 2085 in
225 2029 423 2085 media
446 2029 876 2083 interemerunt
901 2027 1285 2085 urbe.Coelum
1308 2042 1536 2099 quoque
1560 2025 1763 2080 ardere
1862 2032 2080 2100 tatis,in
2111 2029 2494 2102 eleemosynis
2511 2029 2899 2103 promptus,in
2925 2026 3246 2099 judicando
3270 2025 3476 2081 cautis-

154 2119 323 2173 visum
348 2121 439 2172 est
467 2119 525 2172 et
550 2116 717 2187 Liger
746 2115 948 2170 ﬂuvius
978 2116 1107 2188 plus
1132 2115 1297 2170 solito
1324 2113 1592 2169 excrevit.
1624 2112 1767 2167 Ven-
1864 2121 2293 2189 simusmullum
2317 2117 2870 2190 despiciens,o1nnes
2903 2114 3173 2188 diligens,
3195 2114 3316 2187 ipse
3341 2130 3481 2187 quo-

154 2212 238 2262 tus
270 2212 468 2262 auster
498 2209 623 2261 tam
649 2204 867 2260 violens
896 2204 1004 2259 fuit
1034 2208 1097 2259 ut
1128 2204 1295 2259 silvas
1348 2204 1763 2276 prosterneret,
1868 2228 1977 2283 que
2009 2212 2095 2264 est
2126 2206 2366 2263 dilectus
2395 2223 2429 2260 a
2455 2206 2692 2261 cunctis.
2717 2204 2840 2270 Quo
2870 2202 3482 2272 defuncto,llauricius

158 2296 354 2351 domos
375 2296 463 2349 vel
488 2310 652 2365 sepes
668 2295 918 2361 erueret,
949 2293 1338 2366 hominesque
1369 2308 1549 2364 usque
1581 2290 1654 2346 ad
1685 2290 1769 2346 in-
1866 2313 2121 2370 purpura
2154 2296 2413 2362 indutus,
2446 2294 2776 2349 diademate
2807 2292 3131 2361 redimitus,
3163 2292 3237 2347 ad
3264 2291 3482 2346 circum

156 2384 551 2439 ternecionem
581 2382 884 2436 volutaret-
920 2381 1090 2452 Clljus
1120 2379 1366 2436 turbinis
1387 2379 1663 2453 Spatium,
1694 2395 1763 2433 80
1870 2385 2147 2461 processit
2167 2383 2584 2451 et,acclamatis
2609 2382 2714 2436 sibi
2741 2381 3253 2452 laudibus,largitis
3267 2380 3481 2452 populo

159 2474 259 2528 loci
283 2488 400 2545 quo
438 2471 591 2525 visus
618 2474 704 2525 est
727 2470 1062 2537 cucurrisse,
1091 2468 1279 2524 tenuit
1311 2466 1368 2523 in
1400 2467 1770 2523 latitudinem
1874 2476 1955 2548 (ut
1979 2474 2158 2530 moris
2181 2473 2286 2543 est)
2309 2470 2669 2536 muneribus,
2687 2470 2907 2542 primus
2937 2487 3002 2525 ex
3023 2469 3352 2525 Graecorum
3383 2482 3482 2539 ge-

150 2562 352 2633 jugera
405 2562 653 2629 septem,
680 2558 815 2611 licet
862 2556 1168 2629 longitudo
1211 2558 1429 2629 quanta
1476 2559 1623 2611 esset
1652 2573 1771 2612 non

155 2652 339 2722 posset
350 2646 647 2703 aestimari.
666 2644 781 2700 Sed
802 2646 924 2700 haec
953 2644 1241 2718 prodigia,
1259 2645 1456 2716 gravia
1477 2648 1610 2700 sunt
1639 2645 1771 2700 sub-

152 2742 343 2792 secuta
399 2737 575 2791 mala.
610 2735 754 2789 Nam
805 2738 862 2789 et
908 2733 1195 2788 discordia
1246 2733 1398 2789 inter
1425 2750 1589 2807 reges
1622 2736 1770 2802 orta,

153 2825 301 2880 bella
329 2823 597 2879 excitavit
626 2821 833 2886 civilia,
869 2824 927 2876 et
969 2820 1315 2893 dysenteriae
1355 2823 1596 2877 morbus
1624 2824 1774 2876 totas

154 2930 330 2985 prope
362 2910 666 2983 occupavit
693 2909 918 2965 Gallias.
954 2909 1079 2974 Qua
1106 2913 1268 2983 peste
1297 2910 1659 2980 Austrigildis
1681 2925 1773 2964 re-

157 3003 644 3073 ginaGuntranno
670 2999 792 3070 regi
815 3003 994 3071 nupta
1012 2998 1306 3067 laborans,
1327 3000 1624 3071 querelam
1649 3014 1773 3053 ma-

156 3091 263 3146 rito
289 3090 565 3146 adversus
590 3088 844 3143 medicos
865 3086 1093 3155 detulit,
1125 3088 1288 3160 quasi
1319 3088 1555 3143 illorum
1588 3086 1771 3159 negli-

156 3179 351 3251 gentia
381 3194 525 3250 erga
575 3194 634 3231 se
669 3175 955 3248 aegritudo
988 3176 1388 3232 convaluisset.
1420 3177 1584 3231 Iussu
1616 3175 1772 3229 Gun-

156 3270 347 3324 trauni
371 3265 614 3322 diversis
641 3265 828 3338 poenis
854 3264 1063 3321 medici
1094 3265 1447 3321 interierunt
1475 3282 1488 3321 :
1536 3264 1774 3337 ipsaque

158 3359 284 3427 post
311 3354 590 3410 deﬁciens
618 3355 856 3409 mortua
879 3356 991 3409 est.

738 3460 960 3517 CAPUT
982 3459 1207 3517 XXXIX.

158 3548 237 3605 De
283 3551 470 3622 legatis
519 3550 693 3622 captis
743 3556 799 3622 get
830 3553 1081 3622 remissis.
1131 3550 1216 3606 De
1243 3548 1508 3607 Maurilii
1554 3550 1780 3622 episcopi

228 3568 237 3603 τ
283 3568 470 3622 Legatis
519 3568 582 3608 ca
622 3568 693 3606 us
751 3568 799 3605 et
830 3568 1081 3607 remissis.
1131 3568 1216 3606 ue
1243 3568 1504 3607 maurzm
1554 3568 1776 3622 episcopi

228 3622 517 3704 laudabilis
546 3568 885 3704 cgita-deque
909 3620 1162 3694 Gregorii
1192 3622 1522 3678 Turonensis
1543 3638 1651 3693 pro
1673 3620 1778 3690 ﬁde

229 3695 492 3749 catholica
512 3695 763 3749 victoria.
1519 3763 1531 3770 ν
1680 3737 1687 3743 .

230 3800 450 3865 Quibus
472 3799 674 3855 diebus
701 3799 1051 3872 Chilpericus
1081 3801 1303 3873 legatos
1328 3800 1583 3856 Mirionis
1610 3800 1779 3856 Galli-

158 3890 259 3945 ciae
278 3882 460 3962 regis,
491 3888 589 3961 qui
624 3889 819 3944 Suevis
849 3889 1239 3962 imperitabat,
1276 3890 1348 3945 ad
1373 3890 1778 3945 Guntrannum

155 3990 365 4049 regem
386 3977 615 4044 missos,
650 3976 805 4047 apud
830 3976 1142 4033 Pictavium
1173 3978 1324 4049 cepit
1351 3980 1409 4033 et
1440 3977 1688 4033 Parisius
1718 3977 1778 4032 in

157 4065 424 4121 custodia
450 4064 824 4137 posuit.Quos
850 4068 1045 4121 tamen
1076 4068 1205 4137 post
1230 4081 1450 4120 annum
1472 4066 1686 4122 liberos
1708 4066 1781 4122 ad

155 4154 403 4228 propria
422 4152 971 4208 remisit.Maurilius
991 4169 1221 4226 quoque
1246 4153 1606 4209 Caturcensis
1631 4166 1779 4226 pon-

160 4244 324 4312 tifex,
362 4244 504 4298 dum
534 4245 776 4315 propter
800 4242 1071 4315 podagra:
1100 4242 1502 4298 infirmitatem
1529 4243 1784 4298 candens

157 4334 388 4389 ferrum
401 4333 554 4387 tibiis
572 4349 673 4387 seu
684 4331 927 4403 pedibus
944 4332 1646 4405 imponeret,languorem
1662 4349 1783 4404 pes-

1874 2581 2013 2620 nere
2044 2562 2103 2617 in
2136 2560 2447 2634 imperium
2478 2559 2853 2614 confirmatus
2877 2562 2982 2614 est.

2446 2647 2670 2703 CAPUT
2693 2645 2911 2703 XXXVI.

2192 2738 2276 2795 De
2295 2739 2474 2811 prima
2513 2736 2988 2807 Langobardorum
3017 2753 3156 2807 rege.

1943 2831 2016 2885 At
2045 2844 2180 2883 vero
2210 2826 2596 2898 Langobardi,
2631 2842 2763 2881 cum
2790 2842 2894 2899 per
2922 2841 3104 2880 annes
3130 2825 3333 2880 decem
3383 2824 3487 2879 sub

1874 2916 2156 2992 potestate
2172 2916 2381 2972 ducum
2397 2914 2655 2983 fuissent,
2676 2914 2914 2971 tandem
2937 2913 3234 2969 communi
3248 2913 3487 2970 consilio

1875 3006 2129 3063 Flavium
2146 3004 2585 3077 Authari,supra
2612 3004 2921 3060 memorati
2942 3003 3221 3077 principis
3245 3002 3491 3077 Clepho-

1877 3097 1966 3152 nis
1996 3096 2201 3163 filium,
2226 3110 2427 3166 regem
2450 3093 2557 3148 sibi
2588 3096 2934 3149 statuerunt.
2965 3092 3067 3149 Cui
3097 3093 3172 3148 ob
3199 3094 3489 3148 restaura-

1877 3186 2096 3240 tionem
2122 3182 2494 3255 regni,daces
2522 3182 2619 3255 qui
2650 3185 2787 3237 tunc
2817 3186 3005 3249 erant,
3036 3182 3290 3237 mediam
3315 3181 3493 3237 totius

1877 3272 2213 3328 substantim
2227 3288 2343 3326 suae
2368 3272 2596 3344 partem
2619 3271 3149 3338 contribuerunt,ut
3166 3272 3315 3326 esset
3338 3270 3491 3325 unde

1877 3378 1977 3418 rex
2003 3361 2123 3434 ipse
2142 3359 2254 3413 sive
2277 3360 2375 3432 qui
2407 3357 2460 3412 ei
2491 3358 2957 3432 obsequebantur
2986 3376 3092 3431 per
3119 3360 3344 3414 diversa
3376 3357 3490 3413 dis-

1879 3448 2081 3506 tributi
2112 3447 2303 3503 oi‘flcia
2333 3449 2647 3502 alerentur.
2686 3448 2820 3502 Erat
2838 3464 2975 3501 sane
3002 3448 3113 3502 hoc
3140 3445 3405 3501 mirabile
3432 3445 3492 3501 in

1879 3541 2054 3611 gente
2084 3535 2627 3609 Langobardorum.
2650 3535 2813 3590 Nulla
2843 3537 2969 3590 erat
2999 3534 3290 3601 violentia,
3321 3534 3494 3589 nulla:

1878 3625 2248 3682 struebantur
2278 3622 2540 3692 insidias;
2573 3623 2964 3697 unusquisque
3004 3636 3117 3696 quo
3149 3616 3372 3678 libebat
3400 3637 3495 3678 se-

1879 3732 2047 3771 curus
2078 3715 2201 3771 sine
2228 3713 2441 3769 timore
2470 3714 2771 3786 pergebat.

2437 3802 2662 3858 CAPUT
2692 3802 2936 3860 XXXVII.

1952 3893 2033 3949 De
2061 3892 2331 3949 Mauricio
2353 3894 2669 3965 imperatore
2691 3891 2931 3951 Francos
2962 3894 3019 3948 in
3041 3890 3423 3964 Langobardos

2515 3981 2853 4038 sollicitante.

1953 4072 2069 4128 Hoc
2100 4074 2382 4145 tempore,
2413 4071 2715 4127 Mauricius
2762 4067 3084 4144 imperator
3114 4068 3489 4127 Childeberto

1881 4161 2008 4233 regi
2030 4161 2383 4216 Francorum
2411 4159 2836 4233 quinquaginta
2855 4159 3036 4216 millia
3055 4157 3375 4216 solidorum
3392 4176 3499 4232 per

1882 4251 2106 4321 legatos
2133 4264 2264 4304 suos
2294 4263 2363 4304 ea
2390 4249 2483 4304 vel
2522 4249 2775 4305 maxime
2809 4249 3017 4304 direxit
3054 4249 3241 4321 gratia
3267 4251 3332 4305 ut
3360 4266 3496 4305 cum

1885 4338 2138 4394 exercitu
2165 4353 2340 4408 supra
2370 4337 2781 4409 Langobardos
2810 4338 3059 4393 irrueret
3087 4350 3301 4410 eosque
3333 4337 3499 4393 Italia

160 4423 380 4478 simum
431 4421 694 4477 ίηοιιιτίῑο
739 4421 860 4486 Quo
900 4422 1362 4493 ingravescente,
1420 4422 1558 4477 dum
1614 4419 1781 4477 multi
1810 4440 1862 4500 D
1888 4427 2144 4500 pelleret.
2164 4425 2292 4493 Qui,
2327 4425 2409 4480 nil
2440 4429 2720 4490 moratus,
2743 4443 2874 4482 cum
2908 4427 3217 4482 innumera
3246 4424 3497 4481 Franco-

160 4514 565 4585 episcopatnm
587 4510 899 4579 ambirent,
914 4511 1033 4582 ipse
1052 4511 1375 4567 Ursicinum
1397 4511 1783 4584 eligens,dum

162 4602 358 4657 adhuc
399 4604 690 4673 superstes
726 4603 892 4668 esset,
910 4600 1175 4655 benedici
1195 4601 1557 4673 fecit,sicque
1578 4601 1649 4655 ab
1674 4600 1784 4655 hoc

163 4692 377 4746 smeulo
398 4688 693 4763 migravit.
717 4688 842 4744 Fuit
866 4691 1062 4744 autem
1084 4689 1573 4762 eleemosynarius
1596 4687 1781 4756 valde,

164 4779 549 4852 Scripturisin
573 4780 805 4833 tantum
817 4778 1076 4833 eruditus
1096 4776 1319 4834 divinus
1337 4782 1399 4834 ut
1412 4776 1786 4850 genealogias

164 4866 389 4921 Veteris
431 4864 791 4922 Testamenti
820 4867 1162 4937 plerumque
1210 4867 1552 4922 memoriter
1580 4882 1784 4921 recen-

165 4959 340 5010 seret.
366 4959 664 5028 Pauperes
691 4954 948 5009 Ecclesiae
970 4970 1085 5010 suae
1107 4971 1246 5027 ergo
1274 4955 1612 5027 iniquorum
1635 4954 1788 5026 judi-

166 5060 301 5099 cnm
324 5043 766 5118 oppressionem
785 5043 1164 5113 sustentabat,
1181 5046 1243 5098 ut
1257 5043 1399 5099 illud
1419 5043 1525 5098 Job
1539 5042 1784 5099 Domino

169 5132 510 5189 decantaret
533 5132 762 5188 dicens:
785 5131 953 5188 Pater
980 5149 1124 5187 eram
1136 5150 1463 5207 pauperum,
1486 5140 1536 5189 et
1570 5150 1789 5190 causam

167 5241 350 5280 eorum
389 5222 796 5295 diligentissime
824 5223 1220 5294 inuestigabam
1246 5222 1397 5297 (Job.
1427 5231 1601 5297 XXIX).
1632 5223 1791 5278 Tunc

167 5314 345 5369 etiam
402 5311 721 5385 Gregorius
745 5311 1090 5367 Turonensis
1137 5327 1269 5368 cum
1324 5312 1561 5385 Egilane
1592 5310 1790 5366 Leuvi-

165 5403 305 5475 gildi
334 5403 732 5474 Hispanorum
762 5400 915 5471 regis
945 5400 1156 5474 legato,
1181 5418 1359 5474 quem
1404 5400 1478 5456 ad
1509 5398 1788 5471 Chilperi-

162 5508 295 5548 cum
329 5490 599 5556 miserat,
632 5488 768 5560 quia
791 5491 916 5544 erat
943 5488 1064 5561 ipse
1096 5490 1256 5563 Egila
1277 5490 1543 5558 Arianus,
1576 5488 1647 5543 de
1678 5487 1790 5543 ﬁde

160 5586 380 5639 sanctas
405 5577 714 5635 Trinitatis
742 5576 1075 5635 conﬂictum
1096 5580 1299 5636 habuit
1327 5582 1533 5635 etcum
1550 5575 1790 5634 mirabi-

153 5671 294 5732 liter
321 5665 653 5745 superavit,
676 5665 784 5733 Qui
801 5667 1062 5741 quamvis
1090 5670 1359 5743 negasset
1387 5682 1448 5726 se
1474 5665 1789 5742 aliquando

1884 4528 2016 4571 rum
2030 4513 2624 4571 multitudineltaliam
2640 4516 2829 4572 subito
2845 4512 3117 4571 introivit.
3128 4512 3497 4586 Langobardi

1884 4617 2018 4657 vero
2050 4601 2422 4656 conserendae
2456 4618 2664 4659 manus
2697 4616 2861 4675 spem
2915 4601 3270 4674 abjicientes,
3302 4601 3496 4657 muni-

1885 4690 2098 4746 mentis
2124 4704 2358 4746 suarum
2390 4707 2450 4745 se
2479 4692 2823 4747 commisere
2839 4689 3093 4757 urbium,
3113 4693 3190 4756 et,
3218 4688 3498 4744 intercur-

1884 4778 2361 4853 rentibuslegatis
2387 4780 2713 4852 oblatisque
2739 4778 3339 4849 muneribus,pactum
3361 4790 3495 4833 cum

1887 4869 2252 4924 Cbildeberto
2282 4866 2696 4930 fecerunt.Quo
2727 4865 2803 4920 ad
2828 4864 3034 4919 Gallias
3062 4866 3386 4932 remeante,
3404 4879 3496 4921 co-

1888 4958 2050 5030 gnito
2076 4956 2396 5030 imperator
2422 4953 2719 5011 Mauricius
2750 4951 2906 5026 quod
2934 4967 3066 5007 cum
3099 4950 3496 5023 Longobardis

1888 5048 2071 5103 {trdus
2099 5045 2591 5112 iniisset,solidos,
2611 5057 2755 5115 quos
2787 5040 2839 5097 ei
2867 5041 2942 5097 ob
2975 5038 3495 5112 Langobardorum

1889 5135 2281 5209 expulsionem
2312 5133 2570 5199 dederat,
2601 5132 2865 5203 repetere
2895 5130 3085 5202 cmpit.
3121 5131 3194 5184 At
3222 5126 3340 5197 ille,
3365 5144 3493 5186 sua-

1887 5239 2018 5279 rum
2033 5222 2240 5279 virium
2262 5221 2521 5292 potentia
2540 5220 2741 5289 fretus,
2767 5237 2872 5295 pro
2900 5221 3006 5277 hac
3028 5235 3091 5275 re
3122 5232 3231 5275 nec
3261 5232 3498 5292 respon-

1889 5328 2016 5366 sum
2042 5308 2284 5364 reddere
2316 5308 2515 5365 voluit.

2432 5396 2650 5452 CAPUT
2678 5397 2947 5455 XXXVIII.

2046 5485 2130 5540 De
2151 5484 2518 5556 persecutione
2544 5485 2925 5542 catholicorum
2950 5490 3007 5542 in
3035 5486 3333 5560 Hispania.

1962 5571 2187 5630 Exstitit
2209 5571 2269 5626 in
2295 5570 2406 5626 illis
2435 5569 2635 5628 diebus
2664 5573 2818 5645 apud
2848 5574 3146 5647 Hispanias
3174 5574 3498 5649 persecutio

1896 5665 2024 5723 dira
2074 5658 2510 5733 catholicorum,
2541 5674 2671 5739 quae
2707 5660 2809 5719 tali
2845 5661 3099 5742 quadam
3156 5678 3225 5722 ex
3261 5677 3432 5722 causa
3460 5676 3500 5722 δ.
