3862 6210
480 371 584 428 τις)
1581 361 1846 428 AIMOINI
1875 359 2186 453 MONACHI
2221 367 2709 428 FLORIAGENSIS
3642 389 3723 451 720

491 490 798 548 Gadsunda
826 493 1015 546 matre
1042 489 1418 546 Brunichildis
1445 494 1528 547 est
1554 491 1831 548 excitata:
1866 493 2097 548 Ilerme-
2114 499 2166 556 Α
2193 491 2508 566 capiendus
2528 497 2625 549 aut
2642 492 3206 553 interﬁciendusmlm
3223 512 3320 557 suo
3339 504 3569 562 exercitu
3587 509 3719 580 foret,

494 581 1107 654 negildus,Lemngildi
1131 582 1723 672 regisﬁlius,sororem
1745 583 2092 639 Childeberli
2191 583 2558 672 Brunichilde
2582 600 2685 654 pro
2714 599 2781 638 eo
2809 583 3220 656 intercedente,
3250 590 3317 645 ab
3338 590 3632 652 imminenti
3650 618 3721 672 pe-

486 672 739 726 habebat
764 688 1023 726 uxorem.
1042 671 1146 735 Qui
1179 671 1924 742 videlicetHermenegildus
1945 689 2090 742 prm-
2187 671 2366 726 riculo
2391 673 2651 745 eripitur.
2677 673 3013 729 Praesidium
3039 678 3230 732 tamen
3247 681 3361 750 ejus
3377 700 3531 754 supra
3550 671 3722 743 memo-

487 760 774 815 dicatione
806 759 1071 828 Leandri,
1095 761 1438 831 Hispalensis
1461 761 1766 830 pontiﬁcis,
1791 764 1963 832 atque
1986 762 2087 815 ad-
2187 759 2296 812 rati
2320 760 2490 814 duces
2516 761 2824 832 direptioni
2853 763 3238 822 tradiderunt.
3264 767 3582 839 Chilpericus
3604 775 3721 830 Desi-

482 848 812 903 hortatione
830 848 1220 919 sumconjugis
1239 849 1747 903 abArianahzeresi
1767 849 1904 921 (qua
1923 853 2086 920 pater
2188 846 2414 902 derium
2464 849 2671 904 ducem
2703 851 2775 904 ad
2823 852 3215 922 pervadendas
3265 857 3644 916 Petrocoricum
3678 868 3721 917 et

482 955 615 992 suus
635 938 972 1010 languebat)
989 937 1061 991 ad
1084 937 1425 992 catholicam
1448 939 1622 992 ﬁdem
1647 956 1950 994 conversus
1969 940 2087 993 fue-
2185 937 2524 1007 Agennum,
2550 939 2874 1010 Aquitaniae
2897 941 3084 1009 urbes,
3111 959 3238 998 cum
3270 945 3543 1003 instructis
3566 951 3721 1022 dirigit

479 1032 589 1084 rat.
617 1027 922 1082 Gadsunda
952 1029 1146 1080 autem
1179 1026 1440 1080 tentabat
1465 1027 1513 1082 si
1547 1030 1738 1098 posset
1763 1028 2086 1099 lngundem
2187 1026 2392 1097 copiis.
2418 1027 2520 1090 Qui
2540 1029 2740 1099 fugato
2758 1029 3100 1100 Ragnoaldo
3123 1032 3571 1105 duce,przedictas
3589 1041 3720 1095 urbes

481 1133 644 1171 suam
661 1119 895 1187 neptem
915 1116 1168 1181 flectere,
1186 1117 1247 1168 ut
1268 1115 1544 1169 maritum
1561 1115 1942 1188 qualicunque
1956 1134 2084 1188 per-
2187 1113 2392 1168 invasit
2422 1132 2775 1188 uxoremque
2808 1118 3126 1188 Ragnoaldi
3156 1123 3368 1177 cunctis
3387 1125 3541 1180 rebus
3567 1144 3722 1198 exspo-

488 1206 650 1260 deret
677 1207 884 1259 morte.
907 1203 1019 1259 Sed
1045 1220 1175 1258 cum
1202 1203 1260 1257 id
1293 1203 1581 1276 nequisset
1611 1204 2088 1276 implere,suadet
2186 1202 2361 1257 liavit.
2397 1205 2691 1259 Baudastis
2739 1206 2851 1260 dux
2903 1223 3035 1261 cum
3091 1209 3338 1266 maxima
3376 1213 3454 1266 sui
3496 1215 3722 1270 exercitus

481 1293 622 1366 regi--
637 1297 699 1348 ut
729 1293 911 1347 ﬁlium
944 1309 1076 1346 cum
1104 1309 1278 1347 uxore
1320 1292 1556 1364 propria
1585 1293 1818 1347 alterius
1847 1292 2086 1347 civitatis
2186 1294 2350 1362 parte
2369 1291 2425 1346 in
2446 1293 2742 1348 Wasconia
2763 1295 2953 1364 periit.
2980 1297 3106 1350 Fuit
3130 1297 3226 1353 illo
3251 1301 3498 1372 tempore
3520 1303 3723 1358 reclusus

476 1383 679 1454 jubcat
701 1381 950 1436 incolere
971 1380 1281 1447 domicilia,
1299 1381 1494 1435 dicens
1519 1399 1577 1435 se
1609 1381 1822 1436 otfendi
1849 1398 1915 1436 eo
1934 1381 2087 1452 quod
2187 1379 2423 1450 quidam
2455 1381 2553 1435 Dei
2584 1398 2800 1450 servus,
2830 1383 3117 1455 Hospitius
3142 1387 3544 1460 nomine,apud
3561 1390 3721 1444 Nicen-

483 1470 716 1525 alterius
739 1473 928 1524 essent
948 1470 1101 1523 ﬁdei.
1130 1470 1388 1541 Cumque
1412 1470 1516 1523 hac
1546 1470 1757 1541 injuria
1781 1471 2090 1525 Hcrmcne-
2189 1484 2308 1521 sem
2341 1469 2566 1522 urbem.
2594 1468 2698 1533 Qui
2731 1470 2946 1525 catenis
2974 1488 3147 1542 super
3175 1475 3392 1530 nudum
3415 1493 3599 1550 corpus
3623 1494 3724 1532 con-

483 1559 670 1631 gildus
695 1559 936 1612 minime
970 1558 1297 1613 flecteretur
1333 1559 1405 1612 ad
1436 1558 1704 1628 neganda
1748 1575 1896 1613 verae
1952 1559 2084 1614 ﬁdei
2187 1557 2412 1611 strictus
2440 1556 2661 1621 ferreis,
2691 1559 2936 1630 desuper
2990 1561 3173 1617 cilicio
3205 1565 3508 1635 tegebatur.
3540 1566 3722 1620 Czeteris

482 1647 1073 1720 sacramenta,impius
1090 1651 1253 1719 pater
1267 1665 1399 1702 eum
1420 1647 2085 1719 sepsitcustodia.Quem
2188 1643 2421 1714 quidem
2453 1645 2651 1701 diebus
2678 1665 2886 1719 purum
2937 1665 3152 1718 panem
3183 1654 3239 1704 et
3275 1669 3475 1724 paucos
3521 1653 3724 1724 dactylos

483 1737 877 1809 postmodum,
903 1736 958 1789 in
992 1735 1111 1806 ipso
1139 1752 1297 1789 sacro
1320 1735 1572 1806 paschali
1600 1735 1710 1803 die,
1740 1737 1920 1790 securi
1952 1755 2086 1808 per—
2189 1731 2430 1796 edebat:
2464 1734 2522 1787 in
2573 1733 3026 1806 Quadragesima
3071 1754 3206 1793 vero
3251 1739 3518 1795 radicibus
3543 1756 3722 1807 earum,

481 1844 705 1882 cussum
763 1825 1077 1880 interemit.
1112 1823 1383 1895 lngundis
1430 1840 1564 1878 vero
1620 1827 1749 1894 post
1798 1826 1991 1882 mariti
2023 1843 2087 1881 ac
2190 1823 3157 1892 quaseremusferebat,herbarum
3181 1828 3722 1900 alebatur.Perquem,

482 1915 752 1987 martyris
781 1915 949 1968 funus
982 1915 1053 1968 ab
1077 1912 1358 1984 Hispaniis
1380 1912 1627 1984 fugiens,
1661 1913 1801 1968 dum
1832 1915 2086 1985 genuina
2109 1911 2160 1969 B
2187 1908 2245 1961 in
2269 1909 2434 1963 terris
2461 1912 2580 1965 solo
2602 1912 2788 1966 adhuc
2807 1929 3049 1984 corpore
3074 1917 3722 1983 conversantam,virtutes

481 2005 672 2060 Galliae
697 2006 988 2076 repeteret
1015 2020 1170 2069 arva,
1198 2002 1257 2056 in
1287 2019 1491 2056 manus
1515 2003 1768 2057 militum
1802 2002 2081 2074 incidens,
2185 1999 2491 2064 multas,ad
2511 2000 2741 2055 laudem
2764 2005 2816 2056 et
2841 2003 3089 2073 gloriam
3123 2005 3370 2060 nominis
3390 2005 3725 2072 sui,Dominus

481 2095 578 2168 qui
618 2095 865 2149 limitem
896 2092 1176 2164 Hispaniae
1208 2092 1474 2146 adversus
1499 2092 1712 2146 Gothos
1749 2094 2079 2163 tuebantur,
2184 2086 2487 2141 ostendere
2517 2092 2601 2142 est
2626 2089 2912 2161 dignatus.
2947 2093 3024 2148 Ea
3053 2096 3394 2165 tempestate
3421 2094 3604 2148 beatus
3620 2093 3726 2148 Mar-

481 2200 611 2238 cum
645 2200 819 2254 parvo
851 2183 968 2238 ﬁlio
1000 2185 1166 2254 capta
1212 2184 1384 2253 atque
1412 2181 1469 2235 in
1504 2181 1755 2235 Siciliam
1785 2182 1974 2249 ducta,
2004 2184 2082 2239 ibi
2183 2173 2337 2228 tinus
2365 2175 2710 2233 Galliciensis
2739 2180 3110 2254 migravit}ad
3145 2182 3468 2237 Dominum.
3500 2182 3585 2235 Hic
3609 2183 3723 2234 Pan-

481 2273 634 2329 diem
661 2272 863 2327 clausit
913 2274 1262 2325 extremum.
1296 2269 1464 2323 Filius
1504 2286 1638 2324 vero
1673 2270 2082 2326 Constantino-
2184 2263 2362 2317 Ποῖ)ίᾶ
2384 2265 2678 2334 oriundus),
2707 2269 2832 2322 1008
2851 2270 3130 2325 sanctain
3165 2271 3392 2326 Oriente
3419 2269 3723 2333 οἰΐουιηίθηεν

477 2361 659 2432 polim
682 2360 1020 2433 imperatori
1043 2357 1308 2414 Mauricio
1337 2361 1423 2411 est
1453 2357 1721 2412 directus.
1747 2358 2081 2429 Captivitate
2184 2351 2414 2408 abunde
2439 2371 2496 2408 se
2529 2355 2640 2409 illic
2670 2356 2872 2412 litteris
2898 2358 3128 2427 imbuit,
3159 2363 3217 2414 et
3249 2377 3350 2432 per
3374 2359 3635 2414 Galliciam
3660 2373 3725 2410 re-

477 2449 692 2504 sororis
718 2449 1116 2503 Childebertus
1136 2450 1456 2518 comperta,
1492 2450 1548 2500 et
1582 2445 1652 2499 de
1678 2446 1764 2500 his
1791 2463 1918 2518 quae
1942 2464 2079 2503 con-
2182 2444 2430 2511 vertens,
2463 2442 2520 2497 in
2544 2444 2796 2514 basilica,
2831 2464 2959 2519 quae
2990 2449 3187 2520 prima
3224 2449 3376 2521 apud
3407 2448 3652 2519 Hispanos
3681 2445 3724 2499 in

477 2541 567 2592 tra
591 2554 720 2592 eam
748 2540 909 2608 gesta
946 2537 1180 2589 fuerant
1209 2534 1419 2589 certior
1445 2534 1644 2602 factus,
1675 2535 1987 2590 exercitum
2019 2536 2077 2592 in
2179 2528 2401 2585 honore
2422 2534 2601 2588 sancti
2621 2535 2843 2589 Martini
2867 2537 3130 2592 dedicata
3149 2541 3255 2606 est,
3277 2537 3520 2608 pontifex
3544 2535 3725 2591 ordina-

477 2624 809 2696 Hispaniam
865 2625 1107 2696 trajecit,
1140 2640 1271 2678 cum
1323 2623 1518 2678 Gothis
1574 2624 1772 2693 praelia
1820 2625 2079 2680 conflixit
2179 2621 2288 2685 tus,
2312 2619 2548 2692 triginta
2573 2621 2630 2676 in
2653 2624 2760 2678 hoc
2788 2625 2977 2679 ofﬁcio
3011 2626 3263 2697 explevit
3293 2642 3486 2680 annos.

476 2714 906 2786 maximamque
963 2713 1186 2767 cladem
1237 2711 1316 2766 eis
1370 2710 1625 2767 inferens
1656 2713 1837 2768 victor
1865 2714 2072 2769 exinde
2247 2711 2415 2764 Anno
2455 2727 2533 2764 VII
2567 2710 2913 2767 Childeberti
2943 2713 3116 2785 regis,
3153 2714 3252 2786 qui
3303 2714 3408 2768 fuit
3433 2730 3514 2766 xx:
3542 2711 3724 2782 Chilpe-

474 2820 763 2875 regressus
794 2805 900 2857 est.
2171 2795 2272 2850 rici
2301 2800 2472 2869 atque
2501 2799 2844 2868 Guntranni,
2864 2802 3026 2855 stella
3055 2806 3321 2858 cometes
3347 2802 3457 2855 visa
3475 2803 3552 2855 est
3575 2799 3626 2852 in
3653 2797 3722 2852 die

540 2893 785 2946 Rursum
811 2889 1108 2945 Mauricius
1139 2890 1441 2961 Augustus,
1473 2891 1692 2963 legatos
1736 2891 1809 2946 ad
1838 2891 2067 2947 Childe-
2169 2889 2366 2940 sancto
2394 2888 2644 2943 Paschie.
2675 2890 2843 2959 Apud
2872 2889 3209 2946 Suessionas
3251 2891 3528 2946 civitatem
3555 2888 3722 2942 ccelum

466 2981 696 3036 bertum
728 2979 1130 3046 mittens,eum
1154 2981 1215 3033 ut
1240 2983 1441 3033 contra
1468 2979 1878 3050 Longobardos
1905 2998 2067 3036 exer-
2169 2973 2372 3029 ardere
2403 2975 2586 3031 Visum
2630 2981 2733 3032 est.
2763 2980 2824 3032 In
2872 2995 3023 3051 pago
3070 2980 3354 3035 Parisiaco
3412 2976 3636 3050 sanguis,
3669 2974 3721 3028 de

463 3069 641 3124 citum
699 3068 992 3140 dirigeret,
1028 3068 1249 3122 orabat.
1307 3067 1703 3123 Childebertus
1733 3063 2320 3140 existimansnnube
2386 3065 2592 3135 ﬂuens,
2670 3067 3015 3123 vestimenta
3081 3071 3402 3124 multorum
3464 3066 3719 3122 hominum

461 3120 1190 3227 germanam
1209 3120 1706 3228 Constantinopoli
1737 3120 2064 3228 :1;
2094 3120 2140 3180 Ο
2163 3154 2500 3212 cruentavit.
2524 3120 3718 3225 valetudinesvariaz—acﬁm'ortaiitas‘magna,

459 3246 607 3318 gatis
627 3245 874 3300 Mauricii
895 3244 1282 3316 acquiescens,
1306 3249 1368 3298 ut
1385 3261 1546 3299 suam
1575 3248 1766 3316 posset
1798 3263 2059 3302 sororem
2164 3257 2232 3296 eo
2264 3257 2440 3311 anno,
2476 3244 2829 3299 Francorum
2859 3245 3130 3301 attrivere
3154 3250 3414 3319 gentem.

456 3334 734 3407 recipere,
764 3333 974 3388 iterum
1008 3322 1357 3409 Francorum
1389 3333 1703 3388 exercitum
1734 3335 1806 3389 ad
1835 3335 2058 3390 Italiam
2784 3334 3007 3388 CAPUT
3038 3333 3145 3389 XL.

454 3428 656 3479 contra
688 3422 1100 3494 Langobardos
1144 3421 1368 3477 direxit.
1419 3422 1630 3477 Verum
1662 3423 2057 3496 Longobardis
2470 3420 2554 3475 De
2580 3420 2785 3476 Rodini
2813 3422 2960 3477 ducis
2991 3424 3139 3479 obitu
3168 3431 3220 3479 et
3237 3426 3455 3496 pietate.

451 3513 632 3568 aciem
665 3512 983 3585 producere
1010 3513 1181 3583 atque
1207 3511 1550 3566 adversariis
1571 3511 1654 3565 ire
1683 3511 1912 3566 obviam
1940 3531 2058 3569 me—
2226 3507 2382 3563 Tunc
2427 3525 2656 3581 quoque
2716 3510 2972 3565 Rodinus
3025 3512 3138 3566 dux
3179 3516 3437 3568 mortuus
3465 3512 3559 3576 est,
3585 3521 3718 3562 verus

449 3602 784 3671 ditantibus,
806 3600 1003 3655 Franci
1024 3617 1088 3655 ac
1106 3600 1430 3668 Alemanni,
1460 3599 1876 3655 dissensionem
1903 3601 2057 3657 inter
2156 3595 2665 3668 eleemosynarius,
2681 3599 2952 3655 bonitatis
2978 3601 3207 3672 plenus,
3215 3602 3372 3673 juste
3395 3599 3521 3655 sein
3541 3593 3718 3653 cunctis

447 3708 506 3746 se
536 3691 835 3758 habentes,
867 3689 990 3745 sine
1023 3688 1188 3743 ullius
1218 3688 1358 3743 lucri
1386 3688 1809 3760 conquisitione
1837 3689 1910 3744 ad
1950 3708 2052 3762 pa-
2155 3701 2334 3756 agens
2363 3703 2428 3741 ac
2485 3703 2767 3760 pauperes
2800 3688 3003 3744 Christi
3033 3690 3304 3762 diligens.
3337 3691 3436 3744 Hic
3477 3689 3602 3744 dum
3628 3699 3717 3738 una

447 3780 618 3836 triam
647 3781 1006 3835 remearunt.
2155 3775 2381 3830 dierum
2408 3780 2702 3832 mortuum
2732 3778 2974 3850 sepelire
2997 3780 3194 3849 vellet,
3219 3779 3466 3854 propriis
3489 3771 3718 3851 praecepit

1001 3883 1226 3938 CAPUT
1265 3879 1486 3937 xxxlx,
2150 3864 2343 3935 pueris
2358 3868 2806 3920 monumentum
2827 3867 3120 3938 quoddam
3141 3870 3390 3942 aperire,
3408 3870 3470 3922 ut
3493 3867 3545 3921 in
3571 3881 3629 3919 eo
3644 3863 3717 3916 de-

442 3976 525 4031 De
573 3975 858 4031 Benedicto
918 3979 967 4027 et
1020 3971 1243 4039 Pelagio
1272 3970 1533 4025 Romanis
1572 3973 1934 4042 pontiﬁcibus.
1963 3975 2048 4032 De
2148 3955 2413 4010 fundum
2440 3960 2704 4028 Poneret-
2740 3957 2905 4021 Ουοά
2930 3957 3011 4013 illi
3041 3976 3174 4014 cum
3212 3962 3499 4015 maturato
3527 3953 3716 4042 ίωΡιίῗῗ

512 4047 803 4102 Mummoli
827 4048 883 4098 in
911 4038 1243 4098 Avenionem
1280 4038 1671 4165 ρνἎαρίοῘΒρ
1719 4038 2047 4102 Childeberti
2146 4038 3714 4118 sent,inveneruntimmensiponderisthesauriumsoli-

516 4118 586 4165 ml
622 4116 977 4165 Clu'lnericum
1003 4115 1330 4165 transitione.
1411 4131 1437 4165 e
1463 4113 1610 4165 Luna
1643 4114 2042 4165 Camnannrum.
2145 4132 2467 4165 flammam...
2503 4152 2614 4165 ηηη
2653 4137 3148 4165 ηηηιηηηηηηλ...ν.
3203 4152 3508 4165 ..ηηηηηνη
3562 4133 3713 4165 nlnvn.

516 4118 586 4205 (ζά
622 4116 977 4205 σΙιιΖρενξξειῖζι
1003 4115 1330 4205 ίνᾳημςίζίοηςς
1355 4113 1437 4205 Pe
1463 4113 1610 4196 LVPO
1643 4114 2042 4205 θατηρίξηρνωη
2144 4132 2468 4205 dorumque
2502 4152 2618 4189 non
2651 4113 3152 4192 contemnendum
3203 4152 3532 4202 numerum,
3562 4133 3713 4187 eleva-

515 4189 664 4241 duce.
700 4184 781 4242 De
834 4184 1121 4258 C/tilperici
1165 4186 1227 4238 in
1267 4185 1641 4258 Petfggoricos
1691 4184 2035 4258 expeditione.

515 4224 664 4241 ιιμιυ.
700 4224 777 4242 μυ
835 4224 1117 4239 unum”...
1267 4224 1292 4238 ι
1323 4224 1430 4238 μιν
1471 4224 1638 4241 mm...
1691 4224 1748 4240 ω,
1953 4224 1988 4242 ,ι
2023 4233 2035 4244 ,
3363 4227 3373 4236 .
3426 4226 3437 4236 .
3545 4224 3555 4234 .

513 4260 598 4314 De
614 4258 904 4314 Baudastis
926 4224 1164 4328 z'rtzteritu,
1189 4262 1238 4309 et
1255 4224 1592 4328 deflouspitii
1619 4224 1810 4312 redigi
1841 4224 2037 4314 salicti-
2139 4224 2383 4328 “mf?”
2414 4227 2632 4328 cna
2664 4224 2997 4328 defulemnt
3047 4231 3184 4328 sint?
3213 4228 3439 4328 ἀΡΨἯ]
3479 4241 3557 4279 sm
3593 4234 3714 4328 ξ)

517 4335 643 4397 tate,
687 4337 737 4383 et
769 4330 906 4384 beati
944 4314 1180 4381 Martini
1231 4314 1561 4382 Galliciensis
1620 4332 1868 4398 transitu,
1902 4339 1951 4386 et
1978 4330 2041 4386 de

2183 4314 2524 4368 antiamJlle
2553 4331 2687 4369 vero
2717 4315 2958 4370 domum
2985 4317 3215 4370 caeleste
3249 4315 3582 4386 intelligens,
3597 4323 3708 4380 pau-

512 4408 706 4456 comete
734 4408 782 4455 et
796 4406 1045 4473 portento
1075 4399 1282 4455 caelesti.
2062 4401 2116 4460 D
2143 4401 2375 4472 peribus
2397 4407 2601 4457 cuncta
2631 4407 2714 4470 (ut
2745 4407 3140 4471 consueverat)
3172 4405 3437 4476 largitus,
3469 4403 3711 4456 talentum

514 4492 836 4546 Romanam
869 4505 1042 4563 porro
1074 4487 1382 4543 Ecclesiam
1404 4489 1827 4560 postJoannem
1860 4491 2038 4547 Bene-
2143 4489 2248 4546 sibi
2281 4491 2564 4546 creditum
2598 4492 2648 4546 ei
2682 4509 2715 4547 a
2768 4509 2882 4564 quo
2929 4496 3234 4566 acceperat
3265 4491 3603 4564 duplicatum
3629 4497 3712 4556 per

440 4580 624 4635 dictus
654 4580 900 4651 suscepit
926 4577 1411 4650 regendam.Post
1433 4593 1606 4648 quem
1630 4577 1890 4650 Pelagius
1912 4581 2038 4635 abs-
2142 4595 2350 4633 manus
2379 4579 2764 4635 retransmisit
2792 4597 3133 4652 egenorum.
3165 4583 3345 4637 Multa
3365 4584 3552 4636 autem
3575 4575 3711 4646 signa

436 4687 548 4746 que
571 4669 826 4741 jussione
854 4665 1131 4741 principis
1159 4666 1456 4721 ordinatus
1473 4668 1580 4727 est,
1613 4682 1681 4720 eo
1706 4668 1860 4736 quod
1891 4669 2038 4726 Lon-
2141 4670 2199 4722 et
2223 4668 2488 4741 prodigia
2517 4686 2584 4725 eo
2613 4687 2765 4726 anno
2792 4670 2850 4724 in
2876 4671 3017 4726 coelo
3037 4673 3170 4724 sunt
3195 4671 3343 4726 visa.

432 4759 675 4832 gobardi
700 4758 1032 4814 obsiderent
1047 4757 1314 4818 Romam,
1339 4770 1444 4808 nec
1468 4757 1658 4825 posset
1678 4754 1981 4828 quisquam
2005 4777 2039 4814 a
2753 4776 2976 4831 CAPUT
3005 4775 3138 4831 XLI,

430 4849 616 4905 Roma
640 4846 932 4922 progredi.
963 4843 1309 4900 Mummolus
1339 4841 1613 4914 patricius
1643 4861 1676 4897 a
1696 4844 1951 4900 Guntran

2184 4870 2219 4920 le
2267 4862 2555 4938 Chilperici
2589 4868 2645 4920 in
2671 4866 2911 4921 heresim
2937 4863 3305 4920 Sabellianam
3335 4865 3484 4937 lapsu
3522 4869 3568 4917 et
3600 4858 3709 4915 resi-

425 4955 565 5010 rege
593 4935 930 5002 desciscens,
958 4933 1015 4988 in
1046 4930 1402 4986 Avenionem
1454 4937 1704 4986 castrum
1748 4951 1807 4988 se
1839 4939 2036 4991 contu-
2379 4930 2399 4938 ’
2794 4938 3074 5013 piscentia.

425 5028 512 5096 lit,
548 5026 640 5082 ubi
672 5026 941 5081 adversus
980 5022 1330 5076 insectantes
1360 5019 1537 5074 armis
1568 5039 1690 5076 sese
1731 5022 2032 5081 defensare
2206 5028 2316 5081 Per
2351 5025 2509 5081 idem
2557 5030 2787 5099 tempus
2819 5025 3170 5097 Chilpericus
3217 5044 3320 5081 rex
3355 5023 3707 5081 Sabellianam

426 5117 664 5188 aliisque
722 5113 983 5171 subsidiis
1043 5111 1274 5166 munire
1326 5112 1588 5183 parabat.
1635 5112 2032 5171 Childebertus
2132 5115 2329 5170 volens
2350 5106 3706 5188 promulgarehteresim,scripsitGalliarumepi-

421 5207 619 5272 etiam,
641 5201 962 5259 Guntranni
982 5217 1118 5273 pace
1148 5199 1366 5267 relicta,
1385 5199 1702 5270 Chilperico
1725 5203 2032 5275 conjungi-
2131 5205 2314 5276 scopis
2340 5204 2713 5272 ut,Trinitate
2737 5203 2980 5274 abjecta,
3006 5220 3183 5258 unum
3217 5208 3453 5258 tantum
3484 5197 3708 5256 dicerent

417 5297 534 5362 tur,
576 5291 952 5366 promittente
985 5287 1327 5359 Chilperico,
1359 5305 1427 5342 eo
1475 5288 1630 5360 quod
1680 5288 1800 5343 sine
1832 5291 2027 5348 liberis
2128 5295 2333 5359 Deum,
2370 5315 2398 5343 «
2430 5310 2688 5347 asserens
2719 5292 2995 5348 eumdum
3025 5309 3143 5347 esse
3177 5293 3418 5347 Patrem
3449 5290 3541 5364 qui
3565 5284 3706 5341 Filius

418 5381 1025 5450 esset,Childebertum
1046 5377 1309 5448 regnisui
1326 5377 1613 5431 facturum
1635 5377 2019 5437 sehzeredem.
2124 5384 2213 5437 vel
2236 5382 2480 5452 Spiritus
2502 5386 2734 5436 sanatus
2764 5385 2870 5448 est,
2889 5385 2946 5436 et
2977 5381 3252 5435 eumdem
3287 5382 3491 5436 Filium
3514 5395 3571 5432 ac
3599 5373 3706 5444 Spi-

419 5471 592 5540 Cujus
620 5466 1036 5540 promissionis,
1053 5470 1113 5520 ut
1139 5466 1196 5519 in
1227 5465 1448 5520 caeteris
1473 5465 1669 5519 solitus
1697 5470 1839 5535 erat,
1862 5484 2020 5522 men-
2120 5471 2297 5526 ritum
2329 5474 2590 5525 sanctum
2612 5469 2707 5542 qui
2733 5472 2901 5525 Pater
2926 5474 3029 5536 est,
3051 5486 3152 5523 nec
3176 5469 3525 5525 divisionem
3542 5477 3704 5538 perso-

393 5558 523 5631 qdax
557 5555 1045 5629 apparuit.Lupus
1075 5553 1187 5608 dux
1219 5553 1653 5626 Campaniensis
1680 5555 1750 5609 ab
1772 5557 2013 5611 Ursione
2118 5576 2326 5614 narum
2357 5559 2416 5614 in
2471 5560 2654 5614 Deum
2709 5561 2823 5614 ullo
2857 5559 3033 5614 modo
3067 5557 3308 5617 cadere.
3341 5578 3374 5611 >>
3404 5556 3563 5622 Quod
3591 5565 3698 5607 cum

391 5648 468 5726 et
496 5641 816 5702 Bertefrido
843 5639 902 5696 in
926 5640 1126 5718 fugam
1143 5643 1322 5711 actus,
1347 5658 1477 5698 cum
1502 5642 1880 5717 jamjamque
1911 5647 2013 5702 aut
2113 5648 2388 5720 Gregorio
2431 5649 2775 5725 Turonenci,
2804 5649 2902 5724 qui
2947 5651 3082 5706 tunc
3137 5650 3388 5705 caeteros
3429 5645 3696 5719 episcopos
