3862 6210
166 472 262 530 ’721

1226 467 1550 528 HISTORIA
1586 466 2033 530 FRANCORUM.
2062 499 2136 515 —
2172 471 2301 530 LIB.
2331 470 2423 530 III.

3386 471 3494 530 722

161 590 459 648 sanctitate
496 589 770 665 praeibat,
790 592 1029 650 suadere
1051 595 1382 661 conaretur,
1403 596 1461 649 et
1486 596 1680 649 tamen
1713 593 1772 649 in
1794 603 1846 662 Α
1868 611 1905 649 n
1922 610 1997 649 on
2032 594 2256 664 dixisse,
2277 596 2377 651 sed
2398 613 2431 651 a
2450 592 2730 651 Leudasle
2758 592 3007 651 indicata
3020 609 3300 650 narrasse.
3326 594 3493 661 Quae-

159 684 265 738 hac
293 682 520 738 ratione
547 681 833 738 Hilarium
863 686 1035 755 atque
1078 683 1465 755 Augustinum
1497 682 1602 738 sibi
1633 700 1773 738 con-

163 773 364 828 trarios
392 772 699 839 fateretur,
723 772 806 827 ait
835 773 906 827 ad
925 789 1057 827 eum
1089 774 1290 828 beatus
1307 773 1543 827 antistes
1578 790 1590 827 :
1616 792 1647 825 «
1668 772 1774 827 Ga-

160 860 408 915 vendum
437 863 546 927 est,
566 860 809 915 domine
824 861 910 915 'mi
932 877 1051 929 rex,
1070 876 1143 915 ne
1166 864 1223 915 et
1244 860 1337 915 ille
1360 859 1636 915 irascatur
1666 859 1771 915 tibi

161 949 318 1020 cujus
343 948 428 1004 illi
452 949 693 1004 fuerunt
720 948 947 1016 famuli,
983 949 1102 1021 qui,
1136 952 1198 1004 ut
1227 952 1290 1003 tu
1313 948 1433 1021 ipse
1460 948 1679 1017 fateris,
1714 949 1771 1003 in

161 1037 265 1094 ista
294 1037 638 1093 credulitate
684 1040 819 1093 sunt
863 1037 1158 1093 contrarii.
1188 1058 1217 1086 »
1243 1038 1421 1092 Porro
1466 1053 1604 1108 rege
1638 1052 1771 1091 cum

160 1126 306 1182 festu
331 1126 728 1200 respondente
756 1126 911 1199 quod
950 1125 1327 1200 sapientiores
1352 1142 1420 1181 eo
1453 1142 1519 1180 ex
1548 1126 1657 1181 hoc
1683 1124 1769 1179 fo-

160 1220 289 1271 rent
318 1214 746 1288 interrogandi,
772 1215 1037 1272 sacerdos
1082 1214 1223 1269 dixit
1255 1232 1269 1269 :
1302 1237 1330 1264 ‹‹
1364 1215 1488 1269 Non
1526 1230 1645 1268 esse
1680 1230 1769 1268 sa-

161 1304 419 1376 pientem
442 1304 771 1376 quicunque
795 1304 966 1358 aliter
995 1320 1062 1358 ex
1091 1302 1204 1357 fide
1235 1317 1301 1358 ac
1322 1302 1441 1374 ipse
1472 1301 1771 1357 sentiret.»

163 1391 348 1448 Salvio
380 1396 579 1447 autem
610 1391 904 1463 Albigensi
936 1392 1204 1463 episcopo
1252 1391 1325 1445 ad
1369 1390 1646 1462 palatium
1675 1407 1771 1446 ve-

161 1480 343 1536 nienti
360 1480 644 1537 suadebat
664 1483 728 1535 ut
746 1480 851 1536 sibi
873 1482 1295 1535 consentaneus
1314 1479 1602 1547 existeret,
1627 1479 1774 1534 lecta

159 1570 216 1624 in
247 1569 487 1625 auribus
516 1570 637 1640 ejus
656 1569 936 1637 chartula,
955 1568 1013 1623 in
1046 1585 1162 1641 qua
1178 1570 1566 1623 memoratam
1586 1568 1771 1622 heare-

152 1657 262 1713 sim
310 1657 751 1730 conscripserat.
806 1656 990 1721 Quam
1045 1656 1140 1711 ille
1198 1656 1400 1711 beatus
1442 1656 1500 1711 in
1540 1659 1771 1711 tantum

158 1747 463 1803 abhorruit
488 1750 569 1815 ut,
587 1746 630 1802 si
661 1746 721 1802 in
739 1748 862 1819 ejus
880 1747 1030 1802 forte
1051 1745 1322 1801 manibus
1351 1746 1690 1814 devenisset,
1710 1746 1771 1801 in

155 1840 351 1909 partes
383 1836 620 1891 scissam
651 1836 975 1890 minaretur
1019 1852 1153 1907 igne
1197 1851 1478 1890 cremare.
1512 1835 1770 1907 Denique

1875 681 2048 737 situm
2083 684 2423 752 Leudasten,
2449 701 2552 739 nec
2585 684 2885 738 inventum
2917 683 3058 755 (ipse
3086 683 3244 738 enim
3271 683 3377 738 sibi
3418 686 3487 740 ti-

1873 788 2038 827 mens
2067 772 2420 827 audientiam
2433 773 2676 845 fugerat)
2702 772 2986 827 antistites
3020 771 3486 828 excommunica-

1873 863 2079 915 verunt
2098 877 2230 915 eum
2254 864 2311 916 et
2331 861 2663 917 absentibus
2687 878 2759 915 ne
2782 877 2915 915 cum
2932 860 2988 914 in
3006 860 3487 915 communionem

1872 948 2673 1021 reciperent,scripserunt.Eo
2689 949 2794 1004 loci
2810 948 3133 1003 mirabilem
3150 947 3490 1021 patientiam

1873 1036 2026 1107 regis
2056 1037 2152 1109 qui
2183 1037 2426 1092 aderant
2463 1037 2657 1091 mirati
2698 1041 2851 1105 sunt,
2885 1037 3040 1109 quia,
3084 1037 3346 1109 quamvis
3372 1038 3487 1093 tale

1872 1125 2053 1179 scelus
2074 1125 2145 1180 de
2166 1125 2370 1197 regina
2395 1125 2753 1181 diffamatum
2774 1126 2924 1181 foret
2942 1125 3097 1197 quod
3122 1126 3226 1198 ipsi
3255 1141 3488 1199 quoque

1874 1212 2261 1284 ignominiam
2290 1218 2619 1286 generaret,
2642 1232 2942 1287 nunquam
2972 1218 3168 1269 tamen
3194 1214 3485 1271 itaanimo

1872 1307 2198 1357 commotus
2212 1304 2919 1377 estutqucmlibetinjuste
2935 1304 3096 1376 oppri
3109 1303 3485 1368 meret.Quod

1872 1389 2011 1444 alias
2040 1407 2176 1446 sane
2193 1409 2311 1447 non
2329 1395 2701 1447 consueverat
2718 1409 2911 1464 agere.
2939 1393 3319 1448 Solummodo
3340 1393 3482 1447 Leu-

1873 1478 2095 1543 dasten,
2128 1496 2196 1535 eo
2228 1481 2385 1553 quod
2413 1485 2619 1536 contra
2650 1481 2983 1553 episcopum
3015 1482 3223 1537 falsum
3276 1482 3485 1537 tulerat

1871 1567 2880 1639 testimonium,excommunicatum
2907 1570 2978 1625 ab
3001 1571 3162 1625 omni
3187 1587 3287 1625 suo
3312 1569 3484 1641 jussit

1873 1654 2376 1727 eliminarircgno.
2400 1659 2556 1712 Tunc
2576 1659 2869 1714 Leudastis
2892 1659 3185 1714 universas
3205 1674 3335 1712 suas
3364 1675 3477 1727 res,

1872 1758 1999 1814 quas
2033 1743 2083 1797 ei
2110 1760 2215 1815 per
2246 1745 2592 1801 beneﬁcium
2620 1746 2772 1817 regis
2824 1763 3109 1802 concessa:
3155 1748 3407 1815 fuerant,
3445 1764 3480 1802 a

1872 1831 2097 1887 civitate
2121 1833 2405 1888 Turonica
2432 1834 2489 1888 in
2520 1835 2843 1906 Biturigum
2875 1835 3017 1889 fines
3044 1835 3389 1906 asportavit;
3423 1839 3481 1890 et

155 1942 405 1981 cernens
431 1941 533 1980 rex
564 1941 768 1980 omnes
805 1924 911 1979 sibi
957 1923 1246 1979 contraria
1283 1923 1519 1991 sentire,
1554 1923 1625 1978 ab
1673 1923 1770 1979 illa
1796 1918 1846 1978 Β
1872 1919 1967 1975 diu
1982 1922 2091 1976 huc
2109 1920 2357 1994 illucque
2380 1923 2945 1990 oberrans,tandem,
2966 1928 3094 1994 post
3112 1925 3353 1995 longum
3374 1926 3477 1979 aevi

155 2013 395 2087 quidem
425 2012 642 2086 quievit
686 2013 1031 2069 intentione.
1063 2012 1298 2067 Addidit
1335 2014 1530 2067 autem
1561 2011 1769 2066 nostris

153 2103 362 2158 litteris
389 2123 455 2170 ω,
481 2118 713 2174 omega,
737 2102 1016 2170 Graecam,
1065 2107 1123 2158 et
1154 2104 1271 2157 tres
1318 2101 1477 2169 alias,
1520 2117 1767 2174 quarum

153 2192 522 2247 characteres
550 2191 622 2246 ab
649 2190 771 2264 ipso
794 2191 1057 2246 inventos
1081 2208 1212 2246 cum
1232 2190 1478 2264 propriis
1503 2190 1657 2247 sonis
1675 2190 1767 2244 hic

152 2279 598 2352 subscripsimus
608 2305 640 2349 χ
672 2280 763 2348 ch,
805 2286 830 2332 θ
858 2280 989 2351 th,<p
1012 2280 1117 2353 ph;
1147 2280 1491 2352 directisque
1513 2278 1767 2352 epistolis

152 2367 225 2423 ad
252 2367 516 2423 civitates
545 2368 651 2423 sibi
683 2371 973 2442 parentes,
1006 2368 1282 2441 prazcepit
1313 2372 1372 2423 ut
1400 2367 1563 2441 pueri
1589 2367 1649 2423 in
1674 2366 1764 2422 his

150 2456 504 2512 docerentur
524 2460 584 2512 et
613 2456 742 2512 libri
773 2457 1001 2529 pumice
1039 2457 1260 2529 planati
1288 2456 1760 2513 rescriberentur.

760 2545 981 2601 CAPUT
1005 2546 1158 2601 XLII.

458 2634 544 2689 De
582 2634 838 2705 Agricola
866 2642 917 2689 et
934 2633 1210 2689 Dalmatia
1236 2636 1448 2689 sanctis.

213 2724 329 2780 His
359 2724 587 2791 diebus,
618 2723 888 2796 Agricola
919 2722 1313 2779 Cabilonensis
1360 2726 1418 2777 et
1446 2723 1762 2780 Dalmatius

140 2813 518 2875 Rutenensis,
537 2811 641 2866 viri
674 2811 734 2866 in
756 2811 1057 2867 sanctitate
1090 2810 1365 2883 praecipui
1387 2814 1446 2865 et
1463 2812 1762 2884 pontifica-

140 2907 271 2959 tum
302 2902 528 2975 optime
549 2901 1041 2969 administrantes,
1065 2900 1315 2955 essecqu
1339 2900 1755 2973 migraverunt.

138 2992 182 3045 Ε
208 2992 425 3064 quibus
439 2991 733 3064 Agricola,
753 2989 1051 3046 ecclesiam
1073 3006 1189 3044 suze
1213 2988 1452 3045 civitatis
1473 2991 1759 3047 columnis

140 3079 383 3149 fulcivit,
399 3095 700 3135 marmore
716 3078 971 3146 variavit,
987 3077 1209 3133 musivo
1233 3077 1509 3150 depinxit.
1534 3079 1758 3135 Dalma-

1870 2010 2140 2082 spatium,
2178 2012 2577 2067 reconciliatus
2610 2013 2869 2067 Ecclesiae
2917 2017 2975 2068 et
3014 2012 3071 2066 in
3104 2013 3354 2084 gratiam
3385 2031 3477 2069 re-

1869 2104 2066 2172 ceptus
2094 2117 2127 2155 a
2148 2116 2308 2173 rege,
2336 2100 2472 2155 dum
2502 2101 3172 2156 monereturaPontiflce
3199 2101 3476 2173 Gregorio

1872 2190 2156 2260 quatenus
2187 2189 2519 2243 observaret
2547 2206 2604 2243 se
2634 2206 2668 2244 a
2693 2189 2911 2260 reginae
2944 2189 3140 2244 animo
3182 2193 3385 2245 contra
3415 2208 3474 2247 se

1865 2276 2120 2345 turbato,
2155 2276 2579 2348 parvipendens
2616 2277 3098 2346 admonitionem,
3128 2278 3266 2333 dum
3296 2279 3474 2334 illain

1866 2365 2115 2436 quadam
2149 2369 2342 2421 oraret
2366 2367 2622 2434 ecclesia,
2648 2366 2720 2421 ad
2742 2366 2919 2438 pedes
2948 2367 3071 2437 ejus
3100 2367 3470 2440 provolvitur.

1862 2455 1910 2507 A
1943 2471 2058 2526 qua
2080 2455 2399 2528 despectus,
2420 2456 2557 2511 dum
2582 2455 2901 2512 oratorium
2930 2456 3401 2528 fuissetegressus
3417 2461 3475 2512 et

1864 2545 2133 2616 quaedam
2176 2544 2560 2600 mercimonia
2595 2562 2788 2600 emere
2820 2545 3008 2613 vellet,
3042 2548 3104 2600 ut
3136 2546 3472 2602 muneribus

1863 2632 1970 2686 sibi
1999 2633 2261 2706 reginam
2295 2633 2647 2703 conciliaret,
2671 2635 2743 2689 ab
2773 2634 2897 2705 ejus
2923 2634 3116 2705 pueris
3140 2633 3473 2690 circumval-

1861 2720 2033 2777 latur.
2067 2723 2108 2777 E
2135 2723 2337 2795 quibus
2370 2740 2549 2778 unum
2580 2722 2772 2796 gladio
2806 2723 3154 2796 percutiens,
3188 2723 3469 2797 areliquis

1860 2808 1921 2864 in
1948 2810 2146 2884 fugam
2171 2816 2327 2867 actus
2344 2813 2400 2867 in
2416 2813 2611 2869 medio
2626 2815 2802 2884 ponte
2818 2813 3115 2868 Parisiacae
3139 2813 3466 2886 urbis,pede

1860 2897 2013 2954 inter
2028 2900 2141 2956 duo
2166 2901 2323 2973 ligna
2343 2902 2503 2972 lapso
2529 2902 2730 2957 tibiam
2755 2900 3069 2974 sibifregit.
3090 2902 3253 2958 Unde
3274 2903 3465 2958 subla-

1859 2990 2032 3057 tus,et
2061 2988 2122 3044 in
2148 3007 2321 3044 unam
2347 2990 2539 3045 villam
2563 2992 2725 3064 jussu
2741 2991 2892 3063 regis
2912 2992 2985 3046 ad
3005 2991 3333 3047 sanandum
3365 2992 3468 3047 de-

1856 3080 2140 3149 portatus,
2159 3096 2193 3134 a
2214 3079 2400 3135 missis
2429 3080 2644 3152 reginze
2674 3080 2825 3135 inter
2856 3080 2999 3136 duos
3021 3083 3207 3136 vectes
3229 3079 3465 3136 effracto

135 3168 251 3224 tius
275 3185 413 3224 vero
472 3185 637 3223 suam
676 3183 827 3240 saepe
872 3166 1243 3236 destruendo,
1269 3166 1408 3223 dum
1451 3166 1756 3223 meliorare
1779 3198 1829 3261 ο
1856 3170 2111 3237 gutture,
2146 3167 2437 3223 infelicem
2467 3170 2646 3224 vitam
2676 3169 2876 3225 finivit.

136 3257 395 3325 nittitur,
430 3255 841 3328 imperfectam
872 3255 1124 3327 reliquit.

734 3344 956 3400 CAPUT
993 3344 1170 3399 XLIII.

205 3433 292 3489 De
314 3432 600 3490 Leudastz's
628 3434 833 3488 comitis
872 3433 936 3487 ob
984 3432 1335 3504 tyranm'dam
1364 3432 1678 3504 expulsione.

207 3522 511 3579 Leudastis
543 3538 682 3577 sane
715 3521 1029 3577 Turonicus
1060 3538 1254 3578 comes
1299 3538 1367 3577 eo
1416 3525 1681 3593 tempore
1721 3538 1756 3577 a

136 3611 422 3667 comitatu
438 3611 744 3666 submotus
757 3613 936 3677 est,eo
960 3611 1113 3683 quod
1128 3611 1407 3683 populum
1421 3610 1628 3682 injuste
1650 3626 1751 3683 op-

136 3698 421 3769 primeret
440 3702 499 3754 et
517 3697 795 3770 Gregorio
814 3697 973 3769 ponti
983 3697 1071 3752 ﬁci
1091 3698 1200 3770 (cui
1216 3698 1552 3770 frequenter
1563 3714 1750 3753 sacra-

138 3791 341 3844 menta
382 3787 629 3843 dederat
666 3803 727 3842 se
772 3803 1072 3859 nunquam
1122 3787 1475 3859 nociturum)
1515 3786 1753 3858 injurias

137 3874 924 3949 irrogaret.Succedenteque
939 3874 1541 3943 Eunomio,Leudastis
1552 3879 1753 3931 contra

136 3965 477 4038 episcopum
504 3966 642 4021 felle
663 3968 1009 4032 commotus,
1049 3965 1207 4038 quasi
1235 3965 1356 4037 ejus
1385 3965 1622 4020 consilio
1645 3964 1753 4020 ista

133 4052 237 4108 sibi
267 4054 623 4121 evenissent,
664 4054 738 4109 ad
765 4070 966 4126 regem
998 4054 1269 4126 perrexit,
1302 4070 1572 4109 accusans
1610 4054 1750 4109 Gre-

136 4143 367 4215 gorium
400 4144 558 4216 quod
583 4143 877 4198 civitatem
894 4142 1238 4198 Turonicam
1258 4143 1382 4215 regi
1411 4143 1748 4198 Guntranno

133 4233 362 4289 tradere
395 4234 570 4288 vellet
613 4235 670 4287 et
718 4232 787 4287 de
831 4231 1036 4304 regina
1081 4231 1369 4303 permulta
1417 4231 1752 4303 loqueretur

134 4323 306 4391 mala,
341 4322 652 4378 affirmans
684 4337 814 4376 eam
846 4338 977 4376 cum
997 4322 1318 4375 Bertranno
1340 4318 1747 4391 Burdegalensi

136 4410 400 4485 episcopo
435 4409 693 4466 misceri.
728 4410 986 4465 Habebat
1001 4412 1195 4464 autem
1218 4412 1627 4481 cooperantem
1658 4407 1747 4462 Ri-

1928 3256 2045 3310 Hoc
2067 3271 2205 3327 ergo
2225 3256 2378 3310 exitu
2398 3258 2589 3328 periit,
2619 3257 2714 3329 qui
2744 3261 2806 3312 ut
2830 3257 3049 3313 crimen
3072 3257 3342 3330 episcopo
3360 3274 3462 3314 suo

1858 3342 2151 3414 objiceret,
2194 3346 2406 3399 multos
2446 3346 2505 3400 in
2537 3345 2760 3401 vincula
2801 3348 3145 3418 conjecerat,
3179 3347 3463 3420 quosdam

1856 3430 2033 3485 etiam
2068 3432 2401 3487 verberibus
2446 3434 2736 3489 affecerat.
2776 3436 2888 3489 Nec
2936 3435 2994 3489 in
3051 3435 3187 3507 ipsis
3232 3453 3462 3508 quoque

1854 3520 2161 3575 sceleribus
2179 3521 2589 3592 degenerabat.
2610 3523 2751 3577 Nam
2767 3523 2836 3576 de
2866 3522 3134 3577 fiscaliuis
3165 3526 3321 3579 ortus
3340 3540 3461 3579 ser-

1852 3610 1953 3678 vis,
1979 3609 2234 3684 primum
2253 3609 2457 3665 culinae
2480 3610 2788 3683 deputatus
2821 3614 2906 3664 est
2931 3610 3126 3681 regiae.
3161 3610 3294 3677 Sed,
3327 3611 3463 3683 quia

1850 3698 2023 3772 lippis
2054 3702 2180 3755 erat
2208 3697 2407 3766 oculis,
2427 3699 2563 3754 inde
2588 3699 2649 3753 in
2678 3698 2985 3770 pistrinum
3016 3698 3319 3771 redigitur.
3353 3699 3460 3755 Ubi

1852 3787 1988 3843 dum
2003 3787 2156 3843 inter
2170 3788 2546 3843 fermentatas
2559 3804 2773 3843 massas
2784 3803 2843 3842 se
2857 3787 3127 3841 delectari
3140 3786 3457 3857 assimulat,

1850 3876 1991 3950 fuga
2008 3877 2319 3933 seserv1tio
2347 3876 2647 3933 subtraxit.
2667 3876 2851 3941 Quam
2885 3876 3020 3931 dum
3049 3876 3257 3947 saepius
3284 3875 3457 3933 redu-

1851 3969 1972 4021 etas
1987 3966 2219 4038 repetit,
2242 3965 2397 4021 auris
2410 3966 2756 4021 abscissione
2779 3966 3035 4037 signatus
3057 3967 3161 4020 est.
3182 3964 3288 4030 Qui
3308 3965 3459 4021 hanc

1851 4054 1929 4126 inj
1943 4055 2128 4111 uriam
2163 4059 2360 4127 tegere
2392 4072 2510 4110 non
2539 4056 2756 4124 valens,
2779 4056 2851 4110 ad
2882 4071 3117 4111 uxorem
3138 4054 3459 4111 Chariberti

1850 4144 2003 4215 regis
2032 4160 2090 4199 se
2118 4143 2487 4202 contulit.Cui
2521 4144 2943 4199 adulationibus
2979 4143 3458 4200 familiarissimus

1849 4230 2051 4299 factus,
2071 4235 2256 4287 custos
2281 4248 2564 4305 equorum
2578 4232 2988 4287 efficitur.lnde
3002 4232 3339 4288 comitatum
3362 4250 3456 4288 su-

1849 4336 1953 4392 per
1982 4323 2220 4375 caeteros
2250 4323 2452 4376 nactus
2490 4322 2770 4389 custodes,
2800 4325 2929 4393 post
2959 4327 3209 4378 mortem
3238 4320 3456 4393 reginas

1846 4411 2187 4464 comitatum
2198 4409 2546 4464 Turonicum
2567 4426 2601 4464 a
2614 4410 2948 4465 Chariberto
2963 4410 3326 4482 percepit.De
3340 4426 3453 4481 quo

133 4500 345 4555 culfum
372 4500 679 4566 clericum,
700 4499 797 4571 qui
828 4501 1030 4553 contra
1056 4497 1395 4570 magistrum
1419 4498 1631 4552 multos
1660 4500 1746 4552 est
1768 4479 1821 4541 D
1847 4513 1979 4553 cum
2011 4498 2356 4570 ignominia,
2382 4515 2558 4570 quam
2580 4498 2802 4569 prasfati
2829 4515 3047 4567 sumus,
3071 4498 3326 4569 dejectus
3344 4500 3451 4566 est,

137 4589 500 4644 machinatus
524 4588 715 4643 dolos.
742 4588 855 4641 Rex
882 4587 1099 4659 itaque,
1136 4603 1239 4660 pro
1270 4585 1357 4641 his
1393 4603 1519 4658 qua:
1553 4585 1624 4640 de
1651 4602 1741 4641 re-

136 4675 265 4747 gina
282 4677 438 4733 dicta
461 4679 658 4743 erant,
674 4675 959 4748 synodum
976 4674 1217 4731 adunari
1234 4673 1746 4746 praecepit.Conve-

137 4766 420 4823 nientibus
441 4782 589 4838 ergo
613 4765 768 4837 apud
791 4765 1209 4819 Brittannicum
1229 4763 1421 4819 villam
1442 4761 1741 4836 episcopis,

138 4857 190 4908 et
212 4856 539 4911 Bertranno
574 4853 789 4925 injuste
817 4853 921 4908 sibi
971 4853 1189 4908 crimen
1234 4851 1570 4923 impositum
1623 4867 1743 4906 esse

140 4948 551 5017 conquerente,
595 4942 922 5014 Gregorius,
956 4961 1023 4998 ex
1070 4943 1301 4997 decreto
1341 4939 1611 5008 fratrum,
1656 4944 1746 4996 ter

132 5033 534 5105 jusjurandum
551 5032 800 5104 praebuit
819 5049 877 5087 se
893 5031 952 5087 id
966 5048 1261 5104 nunquam
1273 5032 1444 5086 fuisse
1465 5033 1741 5098 locutum,

141 5126 190 5177 et
220 5123 482 5195 quamvis
514 5121 576 5176 id
606 5120 964 5176 contrarium
1001 5121 1437 5176 auctoritatibus
1460 5119 1743 5188 viderent,

141 5215 363 5285 propter
393 5209 870 5267 satisfaciendum
922 5213 1119 5265 tamen
1157 5210 1279 5283 regi
1311 5212 1604 5281 peractum
1638 5210 1742 5263 est.

142 5298 530 5364 Quamobrem
569 5297 852 5353 adeuntes
882 5298 1181 5370 pontifices
1212 5316 1435 5371 regem,
1481 5298 1749 5353 dixerunt

140 5387 186 5443 ei
214 5406 226 5443 :
259 5410 285 5440 α
323 5389 531 5443 Frater
580 5389 641 5440 et
675 5386 1039 5461 coepiscOpus
1079 5390 1276 5443 noster
1313 5387 1618 5459 Gregorius
1663 5403 1748 5441 sa-

139 5476 439 5532 cramentis
461 5492 524 5530 se
549 5475 920 5530 innocentem
941 5475 1211 5533 ostendit.
1232 5475 1380 5540 Quid
1404 5492 1557 5530 nunc
1570 5474 1641 5529 de
1668 5477 1745 5542 te,

139 5567 218 5621 vel
245 5569 575 5622 Bertranno
623 5563 908 5637 episcopo,
950 5566 1046 5638 qui
1095 5565 1258 5620 fratri
1296 5568 1491 5620 nostro
1526 5565 1743 5619 calum-

138 5654 279 5710 niam
307 5654 546 5721 inllixit,
572 5651 861 5723 agendum
885 5670 1103 5723 censes,
1124 5653 1228 5708 nisi
1248 5657 1304 5708 et
1326 5653 1743 5708 communione

139 5743 473 5817 privemini?
504 5763 534 5791 ››
556 5739 772 5805 Quibus
797 5742 1096 5815 respondit
1114 5758 1213 5797 rex
1232 5759 1265 5797 a
1294 5740 1601 5815 semetipso
1616 5743 1742 5798 hzec

1842 4588 2097 4642 Riculfus
2129 4604 2261 4644 vero
2295 4589 2557 4655 clericus,
2591 4588 2686 4661 qui
2720 4591 2923 4643 contra
2966 4588 3282 4644 antistitem
3314 4603 3449 4660 pro-

1844 4677 2037 4749 prium
2061 4677 2236 4732 falsus
2265 4693 2380 4732 non
2408 4677 2689 4732 dubitavit
2719 4694 2840 4733 esse
2871 4677 3052 4744 testis,
3081 4675 3451 4748 praecipiente

1844 4783 1981 4839 rege
2009 4770 2172 4822 tanta
2192 4766 2463 4822 sustinuit
2478 4768 2706 4839 ﬂagella
2728 4771 2810 4834 ut,
2834 4766 3058 4822 etiamsi
3080 4765 3448 4833 mreusforet,

1844 4856 2187 4911 miraculum
2222 4859 2417 4911 tamen
2440 4857 2831 4929 spectantibus
2851 4856 3136 4927 prmberet
3161 4858 3324 4910 tanta
3351 4870 3451 4926 pa-

1845 4946 1996 5001 tiens
2027 4948 2338 5000 tormenta.
2373 4945 2585 4999 Verum
2622 4962 2655 4998 a
2685 4944 2913 5017 capitali
2944 4944 3221 5017 supplicio
3270 4942 3449 4999 inter-

1843 5037 2017 5090 ventu
2038 5033 2191 5089 beati
2221 5032 2502 5104 Gregorii,
2530 5032 2803 5086 Iiberatus
2833 5036 2937 5086 est.
2970 5032 3098 5100 Qui,
3131 5034 3285 5087 inter
3322 5049 3453 5088 cru-

1846 5122 2026 5179 ciatus
2047 5125 2105 5177 et
2125 5122 2385 5188 verbera,
2405 5121 2513 5175 hoc
2538 5120 2828 5175 confessus
2858 5122 2942 5172 est
2957 5119 3087 5175 ideo
3119 5137 3177 5175 se
3210 5120 3349 5175 talia
3379 5121 3450 5177 de

1848 5210 2050 5283 regina
2064 5209 2424 5266 adinvenisse
2447 5212 2508 5263 ut
2532 5224 2599 5262 ea
2627 5208 2695 5263 de
2724 5223 2906 5278 regno
2923 5207 3453 5276 ejecta,Clodoveus

1845 5300 1963 5372 (qui
1986 5300 2138 5354 solus
2157 5315 2223 5353 ex
2249 5297 2378 5352 ﬁliis
2409 5296 2711 5368 Chilperici
2738 5295 3056 5366 supererat)
3096 5311 3131 5348 a
3160 5297 3323 5365 patre
3367 5311 3455 5349 re-

1847 5403 2028 5459 gnum
2051 5385 2365 5457 suscipiens
2376 5383 2777 5456 regnaretllic
2798 5382 3013 5439 etenim
3030 5382 3368 5453 Glodoveus,
3386 5399 3456 5438 ex

1847 5475 1960 5530 alia
1988 5490 2165 5529 uxore
2197 5473 2502 5544 Chilperici
2539 5476 2706 5527 natus
2737 5475 2867 5544 post
2895 5475 3146 5527 mortem
3200 5469 3457 5527 ﬁliorum

1848 5564 2000 5635 regis
2031 5563 2131 5636 qui
2157 5579 2221 5618 ex
2256 5561 2635 5634 Fredegunde
2684 5561 2865 5635 geniti
2914 5565 3100 5630 erant,
3142 5559 3459 5633 instigante

1844 5669 1968 5725 ipsa
1993 5651 2215 5724 regina,
2242 5651 2396 5723 apud
2418 5651 2737 5708 Brenacum
2764 5651 2957 5706 villam
2983 5668 3015 5706 a
3034 5655 3194 5723 patre
3222 5667 3463 5707 manere

1839 5743 2028 5816 jussus
2065 5743 2169 5810 est,
2199 5744 2260 5797 ut
2290 5740 2466 5798 simili
2507 5758 2619 5814 quo
2670 5742 2878 5799 fratres
2911 5741 3119 5798 morbo
3151 5740 3463 5813 deperiret.
