3862 6210
413 413 520 474 723

1507 416 1776 478 AIMOINI
1802 420 2117 482 MONACEI
2156 421 2652 486 FLOBIACENSIS

3633 443 3725 502 ’124

417 535 565 635 Nam
583 533 748 635 ap_ud_
751 534 1026 635 eumdem
1037 534 1222 635 vicum
1246 534 1588 635 dysenteriaz
1607 542 1746 635 tunc
1761 541 2030 635 saeviebat
2047 554 2104 614 Α
2136 546 2327 604 nodus
2352 549 2506 624 apud
2537 549 2885 624 Lugdunum
2917 555 3268 628 congregata
3297 557 3514 615 multos
3537 557 3729 635 episco-

417 624 615 699 pestis.
639 625 755 683 Sed
775 627 870 683 ille
905 627 1002 685 ubi
1036 627 1242 684 mortis
1283 627 1460 684 evasit
1496 629 1826 697 discrimen,
1867 631 2032 687 dolos

418 714 842 786 perseutiscens
856 732 1139 780 novercae,
1160 716 1412 771 fastuose
1435 733 1564 772 eam
1595 718 1916 788 despiciens
1938 719 2032 790 ja-

419 803 659 859 ctitabat
683 821 743 860 se
773 805 958 861 solum
991 806 1284 860 hazredem
1299 805 1463 876 regni
1492 805 1914 863 relictum.Non
1938 809 2032 864 de-

419 891 580 947 fuere
605 895 806 948 tamen
830 893 926 966 qui
956 893 1236 949 delatoria
1253 898 1456 950 contra
1481 911 1614 950 eum
1636 895 1719 950 usi
1741 900 1885 964 arte,
1911 914 2028 952 non

418 981 602 1036 solum
633 1000 760 1056 quae
791 983 1203 1056 ipseinjuriose
1225 983 1570 1055 loquebatur
1593 983 1662 1038 de
1693 983 1916 1054 regina,
1934 1001 2029 1039 ve-

419 1087 552 1127 rum
584 1072 642 1126 et
669 1071 863 1144 aliqua
891 1071 963 1126 ad
994 1072 1178 1144 ipsam
1204 1071 1490 1126 referrent
1518 1071 1842 1140 mendacia,
1877 1089 2028 1127 asse-

419 1161 614 1215 rentes
637 1158 920 1215 maleﬁcio
943 1159 1116 1214 matri
1139 1159 1438 1232 cujusdam
1471 1159 1877 1226 meretriculae,
1903 1177 2030 1232 quae

419 1263 552 1302 cum
569 1247 854 1303 Clodoveo
868 1249 1036 1303 solita
1048 1247 1471 1318 eratcubare,ej
1482 1265 1546 1301 us
1556 1246 1702 1302 ﬁlios
1723 1246 2026 1303 interiisse.

419 1335 662 1408 Regina,
693 1336 804 1392 hoc
853 1335 1070 1404 audito,
1103 1335 1402 1392 iracundia
1437 1339 1752 1404 commota,
1781 1337 2032 1410 puellam

421 1423 657 1498 quidem
675 1441 885 1481 caesam
906 1429 1040 1481 ante
1053 1425 1365 1498 hospitium
1382 1424 1516 1481 Clod
1527 1425 1646 1480 ovei
1662 1426 1793 1496 palo
1817 1442 2029 1498 praece-

421 1512 510 1586 pit
529 1512 714 1586 inﬁgi.
738 1513 976 1570 Matrem
1002 1531 1137 1570 vero
1163 1514 1306 1586 ejus,
1337 1513 1669 1570 verberibus
1693 1515 2028 1583 laceratam,

419 1617 558 1657 vera
579 1601 752 1659 fuisse
784 1619 912 1676 qua:
943 1602 1096 1658 dicta
1123 1605 1290 1658 erant
1315 1602 1572 1674 proﬁteri
1603 1602 1812 1675 coegit.
1828 1602 1970 1658 Cum
1997 1620 2034 1658 a

421 1706 562 1762 rege
588 1691 870 1747 ultionem
901 1694 1185 1764 posceret,
1230 1708 1352 1755 rex,
1403 1693 1676 1747 venatum
1716 1691 2026 1763 profectus,

417 1779 604 1836 ﬁlium
637 1783 700 1836 ut
729 1781 802 1836 ad
833 1797 893 1836 se
913 1781 1137 1836 veniret
1155 1781 1385 1852 jussum
1409 1779 1634 1851 alligari
1659 1779 1816 1848 fecit,
1849 1782 1908 1836 et
1937 1797 2027 1836 re-

2135 652 2348 708 porum
2376 639 2742 712 negligenter
2770 643 3065 715 agentium
3096 645 3367 704 coercuit.

2739 751 2961 808 CAPUT
2989 755 3140 810 XLV.

2131 835 2217 890 De
2256 835 2607 917 benedictione
2660 843 3084 917 quqm_Judtrus
3145 846 3382 917 respuit,
3418 843 3726 917 Chilpericu:

2382 913 2616 980 expetiit,
2649 911 2699 965 et
2725 913 2788 966 de
2814 911 3081 984 Eparclu’z’
3107 911 3302 972 reclusi
3327 915 3494 974 obitu.

2204 993 2433 1052 Interea
2445 997 2816 1071 Chilpericus,
2842 1001 2903 1056 in
2930 1002 3065 1058 villa
3080 1003 3423 1059 Novientum
3445 1003 3729 1061 nominata

2131 1083 2468 1153 consistens,
2502 1086 2641 1142 dum
2666 1089 2913 1146 Parisius
2941 1091 3050 1146 iter
3101 1109 3267 1147 suum
3325 1092 3726 1162 destinavisset,

2132 1173 2439 1243 praefatum
2460 1175 2801 1248 Gregorium
2814 1179 3130 1238 antistitem
3149 1182 3411 1253 rogabat,
3436 1184 3500 1238 ut
3515 1181 3728 1238 cuidam

2130 1261 2348 1328 Iudaeo,
2383 1265 2621 1321 nomine
2653 1266 2868 1337 Prisco,
2911 1269 3017 1326 sibi
3045 1270 3499 1326 familiarissime
3539 1287 3730 1326 manu;

2133 1348 2482 1422 imponeret.
2506 1353 2619 1410 Sed
2645 1357 3030 1414 reluctantem
3060 1359 3322 1416 Judazum
3343 1364 3474 1416 etse
3489 1377 3610 1416 non
3622 1377 3728 1416 cre-

2135 1438 2269 1495 dere
2291 1443 2728 1512 reclamantem,
2742 1445 2978 1518 insuper
2995 1450 3052 1503 et
3081 1447 3217 1506 ﬁdei
3235 1451 3444 1505 nostrae
3458 1449 3728 1521 derogan-

2130 1530 2272 1597 tem,
2306 1535 2633 1602 opportuna
2660 1533 2797 1590 satis
2826 1535 3215 1606 disputatione
3245 1537 3446 1594 beatus
3489 1537 3730 1609 pontifex

2128 1616 2446 1689 redarguit.
2480 1619 2584 1676 Cui
2606 1637 2706 1676 rex
2736 1639 2750 1678 :
2785 1641 2816 1674 α
2838 1623 3004 1691 Quia,
3036 1623 3246 1696 inquit,
3279 1641 3311 1680 ο
3344 1628 3542 1680 sancte
3559 1642 3730 1680 sacer-

2117 1704 2254 1773 .dos,
2286 1707 2536 1779 perﬁdus
2562 1710 3029 1768 benedictionem
3056 1714 3296 1784 respuit,
3328 1714 3528 1786 utique
3549 1717 3606 1768 et
3623 1715 3732 1786 ipsa

2129 1794 2494 1867 elongabitnr
2523 1798 2594 1854 ab
2617 1815 2706 1854 eo.
2738 1801 2855 1872 Ego
2881 1817 3015 1858 vero
3049 1802 3159 1858 tibi
3181 1803 3310 1861 dico
3339 1803 3524 1858 verbis
3550 1803 3730 1870 Iacob,

417 1866 573 1940 gina
598 1867 824 1924 direxit.
857 1868 1040 1934 Quem
1068 1869 1166 1924 illa
1191 1868 1368 1942 sepsit
1392 1869 1452 1924 in
1467 1868 1746 1936 custodia,
1779 1869 2027 1924 interro-

2138 1866 2334 1954 quibus
2357 1883 2457 1940 ille
2481 1889 2684 1942 contra
2713 1866 3122 1946 seductantem
3147 1892 3427 1948 allocutus
3456 1894 3542 1946 est
3562 1866 3726 1962 auge;

415 1973 561 2029 gans
586 1955 669 2012 rei
698 1955 1027 2024 veritatem,
1062 1957 1149 2012 vel
1181 1955 1278 2030 qui
1310 1974 1379 2012 ex
1408 1956 1762 2030 principibus
1793 1957 1844 2012 ei
1875 1957 2026 2012 fave-

413 2047 564 2102 rent.
598 2045 804 2100 Verum
825 2044 922 2101 ille
943 2045 1087 2100 nihil
1116 2044 1430 2102 criminum
1465 2045 1782 2113 confessus,
1813 2045 2028 2101 amicos

414 2149 548 2190 suos
563 2150 666 2190 seu
688 2133 1008 2190 familiares
1041 2128 1274 2190 detexit.
1305 2135 1406 2190 Illa
1432 2151 1567 2193 eum
1613 2139 1741 2206 post
1783 2134 2026 2190 biduum

411 2225 573 2278 trans
587 2223 910 2279 Matronam
931 2221 991 2278 in
1013 2221 1226 2289 villam,
1247 2216 1525 2281 Nocetum
1543 2222 1808 2284 nomine,
1829 2221 2028 2277 duciet

413 2309 494 2366 ibi
525 2309 586 2368 in
615 2310 875 2366 custodia
903 2310 1086 2366 cultro
1121 2309 1380 2366 interimi
1425 2310 1735 2378 mandans,
1768 2310 1890 2382 regi
1924 2326 2029 2380 per

409 2398 880 2455 subintroductas
908 2397 1190 2454 insinuari
1228 2397 1367 2453 fecit
1395 2414 1693 2470 personas,
1725 2399 1881 2472 quod
1905 2398 2026 2470 ipse

410 2504 471 2543 se
504 2487 902 2554 interfecisset,
927 2490 986 2541 et
1015 2486 1204 2542 adhuc
1232 2487 1484 2541 cultrum
1516 2486 1576 2540 in
1622 2487 1746 2541 loco
1774 2487 2026 2542 vulneris

413 2576 763 2649 persisteret.
803 2575 970 2640 Quod
1007 2591 1106 2630 rex
1137 2573 1400 2641 audiens,
1434 2574 1658 2628 nullum
1699 2591 1804 2646 pro
1837 2579 2028 2631 morte

410 2663 515 2718 filii
535 2663 866 2736 concipiens
880 2665 1122 2731 luctum,
1143 2679 1278 2718 eum
1292 2663 1510 2718 ibidem
1531 2663 1758 2734 sepeliri
1782 2664 2027 2722 manda-

417 2751 710 2810 vit.Mater
727 2753 999 2809 Clodovei
1019 2751 1331 2808 crudeliter
1351 2756 1576 2817 necata,
1602 2769 1768 2808 soror
1787 2753 2028 2824 apueris

413 2841 632 2916 reginae
659 2841 846 2908 illusa,
875 2841 933 2898 in
967 2839 1383 2897 monasterium
1413 2844 1498 2896 est
1523 2841 1773 2896 detrusa.
1807 2841 2024 2910 Mulier,

411 2947 540 3003 qua:
560 2933 763 2988 contra
776 2947 907 2986 eum
932 2930 1122 2986 locuta
1146 2929 1356 2998 fuerat,
1389 2932 1452 2984 ut
1483 2929 1605 2985 viva
1635 2933 1902 2986 ureretur
1927 2931 2028 2986 ad-

402 3017 685 3090 judicata,
714 3019 854 3074 dum
873 3017 1242 3076 mendacium
1265 3017 1470 3073 dixisse
1486 3019 1702 3075 frustra
1724 3021 2026 3088 clamaret,

411 3107 485 3162 ad
509 3107 766 3180 stipitem
794 3107 970 3180 ligata
999 3109 1192 3164 vivens
1243 3111 1438 3178 exusta
1485 3111 1589 3164 est.
1621 3109 2030 3164 Thesaurarius

410 3196 702 3264 Clodovei,
722 3215 756 3254 a
785 3197 1018 3270 Cupane
1049 3197 1271 3254 Stabuli
1305 3196 1520 3253 comite
1565 3197 1636 3252 de
1671 3197 1918 3254 Biturico
1944 3216 2030 3253 re-

408 3287 624 3341 tractus
644 3289 704 3341 et
723 3285 940 3358 reginas
957 3285 1178 3342 vinctus
1213 3284 1484 3354 directus,
1508 3285 1580 3341 ab
1615 3284 1758 3357 ipsa,
1779 3290 2028 3358 rogante

408 3391 515 3452 pro
545 3391 613 3431 eo
639 3374 807 3430 beato
837 3373 1113 3448 Gregorio
1143 3373 1426 3430 Turonico
1455 3373 1750 3448 episcopo,
1780 3373 2024 3430 vinculis

410 3480 482 3520 ac.
505 3463 690 3538 paanis
712 3463 1006 3522 absolutus
1035 3465 1140 3519 est.

1025 3570 1252 3626 CAPUT
1283 3569 1456 3626 XLIV.

408 3675 496 3732 De
519 3675 808 3748 σὴίιρενίιιί
839 3677 1168 3750 spectaculis.
1209 3675 1295 3730 De
1336 3674 1516 3732 Saleii
1567 3675 1800 3742 visione,
1817 3679 1867 3732 et
1917 3691 2030 3747 quae

996 3766 1115 3804 eam
1167 3753 1349 3804 secuta
1377 3751 1530 3803 sunt.

483 3839 592 3894 Per
619 3837 777 3895 idem
802 3841 1054 3912 tempus,
1087 3835 1442 3908 Chilpericus
1490 3835 1644 3906 apud
1699 3833 2030 3892 Suessiones

411 3927 501 3984 vel
531 3927 777 3984 Parisius
805 3926 984 3982 circos
1013 3924 1285 3981 aediﬁcari
1313 3924 1551 3994 jubens,
1577 3925 1900 3996 spectacula
1921 3941 2026 3998 po-

413 4013 563 4086 pulis
590 4015 857 4089 praebuit.
890 4015 1041 4071 Sane
1093 4015 1223 4087 post
1267 4015 1660 4070 memoratam
1715 4013 2022 4085 synodum,

2126 1971 2249 2026 lum
2281 1989 2294 2027 :
2321 1972 2451 2028 Non
2488 1975 2758 2031 dimittant
2789 1984 2856 2045 te,
2887 1981 2994 2033 nisi
3050 1979 3372 2034 benedixeris
3417 1980 3554 2036 mihi
3579 1978 3724 2046 (Gen.

2127 2061 2323 2134 χχχιι).
2357 2081 2390 2114 ›
2421 2063 2682 2120 Pontifex
2724 2065 2900 2139 igitur
2943 2068 3294 2124 benedicens
3336 2067 3486 2139 regi,
3518 2085 3584 2124 ac
3628 2084 3740 2126 una

2127 2165 2260 2204 cum
2283 2167 2350 2206 eo
2383 2151 2576 2208 cibum
2605 2153 2910 2226 accipiens,
2943 2156 3016 2211 ad
3047 2157 3284 2229 propria
3310 2156 3507 2212 rediit.

2199 2238 2562 2312 Eo:tempore
2605 2243 2750 2298 obiit
2788 2245 3098 2314 Eparcliius
3142 2245 3296 2316 apud
3325 2245 3730 2317 Engonismam

2128 2327 2406 2396 reclusus,
2436 2329 2522 2384 vir
2551 2331 2877 2404 magniﬁcae
2907 2333 3249 2400 sanctitatis,
3283 2334 3384 2406 qui
3420 2333 3730 2399 hominem,

2128 2417 2267 2472 furti
2293 2418 2481 2490 gratia
2509 2419 2766 2492 patibqu
2787 2437 3154 2492 suspensum,
3177 2421 3308 2477 vita:
3330 2422 3598 2478 restituit.

2721 2527 2946 2584 CAPUT
2963 2528 3138 2585 XLVI.

2128 2612 2211 2666 De
2244 2613 2520 2689 Theodoro
2547 2613 2884 2689 Massiliensi
2907 2619 3140 2689 episcopo
3170 2623 3222 2672 et
3239 2617 3400 2689 Lupo
3443 2621 3555 2674 cive
3579 2619 3734 2674 Turo-

2202 2687 2355 2762 τίθηθὶ
2391 2685 2520 2762 :hde
2570 2687 2751 2758 δοιῇ)ςί
2795 2685 2954 2762 tum,
3013 2685 3086 2743 ρι’
3109 2685 3415 2762 prodigiosa
3478 2693 3734 2762 sanguinis

2199 2757 2354 2824 [luxu
2379 2755 2602 2830 aliisque
2625 2755 2901 2828 portentis.

2202 2861 2340 2933 Ipsis
2369 2862 2572 2918 diebus
2588 2863 2944 2932 Theodorus,
2965 2865 3220 2920 Massiliae
3241 2865 3564 2938 episcopus,
3595 2883 3628 2922 a
3649 2866 3735 2922 Di-

2133 2949 2328 3006 namio
2360 2954 2584 3006 rectore
2608 2951 2925 3010 Provinciae
2969 2955 3424 3025 comprehensus
3461 2954 3660 3027 injuste
3689 2957 3739 3010 et

2131 3035 2354 3108 injuriis
2388 3037 2644 3108 affectus,
2679 3039 2818 3096 dum
2849 3040 2984 3099 inde
3015 3041 3162 3097 liber
3191 3043 3264 3097 ad
3295 3059 3500 3115 regem
3523 3043 3734 3099 Chlide-

2063 3125 2364 3213 Cbertum
2395 3131 2754 3200 properaret,
2784 3128 2994 3184 iterum
3017 3146 3051 3186 a
3090 3129 3430 3186 Guntranno
3461 3149 3594 3204 rege
3648 3149 3733 3187 ca-

2130 3213 2304 3287 pitur.
2321 3215 2492 3286 Cujus
2523 3215 2713 3270 clerici
2756 3217 2898 3275 odio
2921 3234 3056 3277 eum
3084 3217 3386 3286 habentes,
3415 3220 3525 3274 hoc
3553 3220 3734 3276 audito

2131 3320 2221 3358 res
2261 3303 2512 3358 ecclesiae
2561 3304 2860 3373 invadunt,
2906 3306 3308 3378 promptuaria
3352 3308 3641 3380 spoliant;
3671 3309 3738 3364 de

2129 3389 2254 3460 ipso
2285 3391 2461 3446 etiam
2489 3391 2760 3464 pontiﬁce
2804 3393 3056 3448 crimina
3097 3395 3240 3450 falso
3295 3396 3732 3468 proloquuntur.

2125 3478 2283 3535 Tunc
2306 3478 2706 3536 Cllildebertus
2734 3498 2832 3537 rex
2859 3483 2934 3538 ad
2967 3483 3314 3538 avunculum
3353 3501 3523 3540 suum
3551 3501 3737 3557 regem

2129 3569 2532 3624 Guntrannum
2565 3568 2784 3641 dirigit,
2835 3570 3122 3626 mandans
3181 3574 3410 3642 partem
3469 3573 3732 3639 Massiliae,

2114 3672 2306 3727 quam
2331 3655 2382 3711 ei
2411 3660 2542 3728 post
2570 3657 2796 3714 obitum
2829 3659 3008 3732 patris
3037 3658 3120 3714 sui
3150 3659 3412 3728 dederat,
3435 3659 3540 3716 sibi
3560 3660 3730 3727 reddi;

2130 3745 2217 3801 sin
2249 3745 2408 3812 alias,
2443 3745 2614 3802 sciret
2641 3763 2699 3801 se
2735 3762 2803 3802 eo
2841 3747 3006 3819 plura
3047 3747 3416 3804 amissurum.
3453 3749 3546 3804 His
3597 3749 3734 3804 Gun-

2131 3835 2352 3890 tranno-
2374 3850 2744 3908 nequaquam
2791 3835 3138 3892 assentiente
3163 3840 3222 3890 et
3261 3835 3498 3909 insuper
3547 3837 3654 3892 vias
3675 3836 3727 3891 in

2128 3937 2312 3994 regno
2336 3939 2438 3978 suo
2471 3922 2740 3978 custodiri
2755 3922 3025 3994 jubente,
3043 3940 3115 3978 ne
3139 3924 3265 3997 quis
3281 3925 3540 3982 ﬁdelium
3565 3942 3727 3997 nepo-

2128 4009 2199 4064 tis
2229 4009 2315 4065 sui
2344 4010 2650 4066 Massiliam
2691 4010 2900 4080 adiret,
2933 4012 3330 4068 Cbildebcrtns
3371 4014 3724 4079 Gundulfnm,

413 4102 556 4160 dum
585 4105 787 4162 beatus
814 4101 1140 4174 Gregorius,
1167 4101 1244 4156 ad
1271 4099 1512 4173 propria
1551 4101 1860 4162 rediturus.
1890 4119 2024 4158 cum
2123 4098 2397 4154 senatorii
2439 4099 2668 4171 generis
2715 4100 2923 4168 virum,
2969 4117 3137 4158 suum
3165 4119 3302 4158 vero
3336 4102 3724 4168 domesticum,

411 4195 611 4250 sancto
624 4191 809 4250 Salvio
826 4189 1114 4246 familiare
1145 4189 1499 4262 colloquium
1526 4189 1584 4245 in
1615 4189 1764 4246 atrio
1821 4190 2027 4248 domus
2128 4186 2333 4242 ducem
2355 4189 2638 4256 creatum.
2668 4193 3057 4245 memoratam
3083 4190 3375 4246 direxitab
3396 4192 3612 4247 urbem.
3631 4187 3726 4255 Qui

413 4279 592 4352 regia
615 4280 884 4344 haberet,
909 4277 990 4333 ait
1029 4277 1103 4332 ad
1155 4293 1290 4334 eum
1343 4277 1427 4333 vir
1477 4277 1712 4334 Domini
1769 4278 2024 4336 Salvius:
2127 4293 2232 4349 per
2258 4275 2611 4334 Turonicam
2641 4295 2710 4334 eo
2737 4279 2984 4334 tendens
3005 4279 3322 4348 civitatem,
3357 4282 3578 4336 abeato
3605 4281 3728 4335 Gre-

415 4393 446 4422 ‹‹
473 4367 738 4435 Videsne,
772 4384 807 4422 o
827 4366 1026 4435 frater,
1053 4383 1227 4440 super
1257 4370 1473 4424 tectum
1531 4369 1676 4424 aulai
1735 4387 1864 4442 quas
1920 4386 2028 4442 ego
2053 4437 2090 4442 _
2129 4365 2293 4437 gorio
2325 4367 2554 4438 agnitus
2601 4367 2778 4440 (quod
2811 4367 3014 4424 m‘atris
3058 4369 3180 4441 ejus
3209 4371 3359 4424 esset
3414 4367 3727 4436 avunculus)

415 4473 590 4514 cerno
609 4456 638 4512 ?
658 4477 688 4506 »
709 4455 810 4513 Cui
831 4471 966 4512 cum
980 4455 1074 4512 ille
1089 4437 1468 4530 responderet
1487 4475 1547 4514 se
1581 4457 1664 4513 nil
1683 4437 1838 4516 aliud
1854 4437 2033 4532 quam
2053 4437 2104 4500 D
2127 4437 2544 4512 humanissime
2571 4437 2771 4512 diebus
2800 4456 3056 4530 quinque
3087 4437 3241 4532 apud
3271 4458 3461 4530 ipsum
3485 4463 3566 4514 est
3579 4455 3724 4514 habi-

415 4545 806 4618 tegulaeque
823 4562 923 4602 rex
957 4547 1187 4620 pridem
1208 4547 2027 4620 superponijusserat,videre,
2079 4606 2104 4614 _
2129 4546 2240 4611 tus,
2274 4560 2337 4598 ac
2369 4543 2589 4600 itineris
2615 4545 2951 4602 necessariis
3001 4546 3247 4618 sumptis
3307 4551 3392 4602 est
3436 4547 3720 4618 profectus.

413 4636 763 4706 rogaretque
783 4637 865 4702 ut,
896 4633 945 4689 si
963 4634 1083 4708 ipse
1113 4634 1270 4691 aliud
1297 4635 1579 4708 quidlibet
1628 4639 1912 4706 cerneret,
1939 4637 2028 4693 in-
2129 4632 2392 4704 Dumque
2414 4649 2448 4688 a
2477 4633 2742 4688 Dinamio
2771 4638 2828 4690 et
2844 4633 3064 4689 clericis
3089 4633 3194 4707 ipsi
3228 4635 3466 4708 quidem
3482 4635 3723 4690 introitus

413 4721 634 4780 dicaret
665 4723 1008 4796 (aestimabat
1028 4723 1186 4780 enim
1211 4724 1374 4780 illum
1413 4725 1582 4782 solito
1611 4743 1775 4782 more
1797 4726 2026 4798 jocari),
2127 4721 2303 4788 urbis,
2333 4720 2598 4794 episcopo
2627 4739 2759 4778 vero
2798 4723 3126 4790 Theodoro,
3169 4722 3268 4795 qui
3305 4724 3432 4796 jam
3489 4721 3721 4778 custodia

409 4811 507 4870 ille
533 4811 744 4869 iterato
763 4813 842 4872 ad
859 4829 1012 4871 eum.
1039 4836 1068 4864 ‹‹
1127 4812 1447 4885 Conspicio,
1501 4814 1708 4886 inquit,
1767 4815 2026 4888 gladium
2126 4810 2342 4865 solutus
2370 4827 2429 4864 se
2443 4809 2492 4864 ei
2504 4809 2800 4882 junxerat,
2824 4809 3118 4883 ingressus
3136 4816 3451 4883 negaretur
3473 4810 3719 4874 ecclesiae,

412 4899 515 4960 ire
551 4901 655 4959 Dei
679 4918 853 4975 super
879 4902 1031 4957 hanc
1078 4901 1510 4972 dependentem
1543 4902 1806 4959 domum.
1835 4923 1866 4956 ››
1911 4905 2026 4960 Nec
2124 4899 2364 4954 tandem
2379 4899 2690 4971 aliquando
2706 4899 2976 4955 Dinamio
2995 4905 3322 4967 suaserunt,
3345 4903 3410 4955 ut
3429 4899 3488 4956 in
3507 4897 3718 4956 ecclesia

406 4988 622 5049 frustra
673 4989 796 5046 haec
837 4989 1178 5045 vaticinatus
1199 4991 1304 5048 est.
1336 4989 1482 5044 Nam
1513 4993 1642 5062 post
1669 4989 1871 5063 viginti
1903 4991 2022 5049 dies
2121 4985 2280 5044 Beati
2305 4986 2606 5060 Stephani,
2635 5005 2764 5062 qum
2797 4989 2976 5044 muris
2995 4988 3184 5044 vicina
3213 4991 3361 5056 erat,
3385 4989 3466 5044 eis
3496 4988 3716 5044 collocu-

407 5078 524 5136 duo
553 5077 657 5134 ﬁlii
686 5077 840 5150 regis
862 5077 1078 5134 mortui
1113 5081 1250 5134 sunt
1277 5093 1290 5132 :
1321 5077 1392 5132 de
1423 5077 1629 5150 quibus
1674 5080 1844 5150 paulo
1891 5083 2023 5152 post
2123 5081 2280 5132 turus
2315 5076 2708 5132 descenderet.
2747 5075 2872 5142 Quo
2921 5077 3062 5132 dum
3091 5076 3359 5145 venisset,
3389 5078 3460 5132 ab
3501 5072 3695 5133 ostiarii

407 5165 686 5224 dicemus.
717 5169 844 5240 Ipse
889 5182 1120 5240 quoque
1152 5165 1524 5238 archipraisul
1553 5167 1880 5240 Gregorius,
1906 5186 2023 5226 una

406 5255 670 5314 noctium
694 5258 829 5328 post
855 5254 1180 5312 matutinos
1220 5253 1471 5326 hymnos
1500 5257 1679 5310 strato
1717 5257 2020 5327 recubans,

403 5341 550 5400 vidit
576 5344 856 5416 angelum
879 5342 982 5398 Dei
1010 5359 1185 5414 super
1235 5342 1538 5398 ecclesiam
1575 5343 1890 5413 volantem,
1925 5345 2022 5419 qui

404 5431 562 5487 clara
582 5447 722 5488 voce
752 5431 979 5488 dicebat
1005 5447 1019 5487 :
1056 5453 1084 5482 ››
1103 5431 1224 5487 Heu
1244 5430 1256 5486 ι
1275 5431 1552 5505 percussit
1579 5433 1728 5488 Deus
1753 5432 2024 5508 Chilperi-

401 5533 536 5573 eum
560 5521 620 5574 et
641 5522 880 5576 cunctos
911 5519 1060 5574 ﬁlios
1081 5519 1224 5592 ejus.
1257 5521 1370 5576 Nec
1401 5519 1512 5576 erit
1541 5537 1607 5575 ex
1635 5507 1722 5576 liis
1749 5521 1846 5594 qui
1870 5507 2021 5579 nunc

401 5605 596 5662 vivunt
618 5608 764 5663 ullus
791 5606 850 5662 in
881 5623 1063 5678 regno
1093 5607 1215 5678 ejus
1245 5624 1554 5664 successor.
1585 5609 1740 5664 Tunc
1771 5631 1800 5660 η
1857 5609 2020 5668 enim

399 5697 649 5768 quatuor
680 5693 870 5752 adhuc
903 5694 1236 5769 superstites
1273 5699 1460 5756 erant.
1493 5697 1610 5753 Hoc
1637 5699 1900 5772 tempore
1931 5716 2020 5773 sy-

2122 5167 2240 5239 ipse
2261 5167 2412 5222 solus
2441 5168 2702 5238 receptus
2732 5169 2840 5230 est,
2867 5165 3092 5221 caeteris
3121 5165 3219 5238 qui
3259 5183 3396 5222 eum
3425 5165 3715 5240 sequeban-

2121 5259 2214 5311 tur
2237 5253 2494 5310 exclusis.
2525 5255 2923 5327 Deductusque
2959 5253 3292 5310 aGundulfo
3317 5271 3383 5310 ac
3406 5253 3648 5310 antistite
3665 5249 3714 5306 in

2121 5343 2540 5411 salutatorium,
2577 5342 2908 5416 iucrepatur
2936 5341 3206 5414 graviter.
3247 5342 3362 5396 Illis
3400 5343 3586 5414 itaque
3632 5334 3715 5410 qui

2122 5449 2256 5488 cum
2273 5449 2340 5488 eo
2355 5435 2651 5498 venerant,
2669 5435 2726 5486 et
2749 5447 2806 5486 se
2835 5447 2954 5486 non
2971 5433 3235 5502 receptos
3263 5429 3713 5503 indignabantur,

2121 5521 2352 5594 fugatis,
2381 5519 2700 5578 Gundulfus
2727 5519 2982 5575 seniores
3023 5519 3150 5592 capi
3191 5519 3486 5592 praecepit,
3541 5518 3714 5571 volens

2121 5628 2220 5668 eos
2239 5611 2306 5666 ad
2344 5610 2548 5666 urbem
2571 5609 2876 5677 deducere,
2911 5611 2974 5662 ut
3001 5607 3082 5662 illi
3111 5611 3311 5680 portas
3341 5607 3612 5680 aperient.
3639 5605 3709 5655 ln-

2121 5699 2293 5759 terim
2319 5697 2958 5772 Dinamius,agnoscens
2979 5713 3038 5752 se
3062 5699 3298 5769 captum
3322 5696 3522 5764 teneri,
3541 5692 3610 5749 ad
3622 5705 3704 5764 pe-
