3862 6210
190 456 290 511 725

1245 444 1571 504 HISTORIA
1606 442 2059 506 FRANCORUI.
2090 475 2164 490 --
2196 444 2323 504 LIB.
2360 446 2454 504 III.

3402 444 3509 503 720

192 569 1219 644 deseorumruit,pollicensseportas
1233 570 1626 626 reseraturum
1640 566 1790 641 regi-
1812 577 1867 635 Α
1890 568 2185 625 descendit
2212 568 2287 625 ad
2326 568 2640 624 infernum.
2678 566 2824 623 Nam
2875 567 3001 621 orto
3030 562 3186 620 inter
3216 562 3409 635 ipsum
3441 582 3508 621 ac

193 679 293 736 que
320 662 493 716 simul
522 663 583 715 et
604 659 867 733 pontifici
883 660 952 715 de
967 658 1190 731 reliquo
1209 659 1384 714 ﬁdem
1401 661 1785 713 servaturum.

194 751 294 807 Sua
322 750 501 821 igitur
522 748 639 803 ﬁde
671 747 1179 814 dimissus,ducem
1202 746 1418 819 pariter
1448 763 1578 801 cum
1602 745 1789 817 ponti-

193 843 304 907 fice,
330 840 661 894 exsultante
714 837 878 893 omni
936 838 1173 909 populo,
1208 836 1422 907 recepit
1470 836 1529 891 in
1562 837 1784 892 urbem.

193 929 382 986 Clerici
402 945 569 995 sane,
592 927 691 1000 qui
709 943 777 982 eo
795 926 1110 999 impulsore
1124 927 1388 998 nequiter
1404 929 1607 981 contra
1623 943 1790 980 suum

192 1021 426 1090 egerant
456 1021 779 1089 pastorem,
796 1015 935 1070 dum
952 1015 1026 1070 ad
1039 1015 1282 1070 domum
1310 1014 1431 1085 ejus
1450 1031 1509 1068 se
1528 1015 1794 1069 contulis-

193 1109 327 1175 sent,
351 1105 489 1176 ﬁdej
500 1121 726 1160 ussores
744 1104 881 1159 dare
899 1102 1180 1175 compulsi
1194 1105 1326 1157 sunt
1344 1105 1407 1157 ut
1428 1102 1550 1173 regi
1574 1103 1794 1158 Childe-

192 1196 343 1252 berto
370 1211 435 1250 se
480 1195 925 1268 praesentarent.
954 1192 1271 1247 Gundulfus
1299 1195 1516 1259 autem,
1561 1194 1795 1261 recepta

191 1284 425 1340 lassiIia
474 1286 536 1338 et
569 1282 842 1353 episcopo
872 1298 989 1336 sure
1018 1279 1141 1335 sedi
1178 1280 1464 1347 restituto,
1492 1280 1565 1334 ad
1594 1296 1795 1351 regem

194 1389 445 1428 reversus
473 1370 888 1427 est.Dinamius
917 1371 1346 1441 autem,spreta
1376 1384 1551 1440 quam
1582 1368 1795 1440 promi-

191 1464 332 1516 serat
354 1460 476 1516 fide
494 1459 763 1526 antistiti,
777 1458 850 1514 ad
869 1458 1275 1513 Guntrannum
1289 1472 1490 1528 regem
1508 1457 1794 1529 mittitqui

192 1550 444 1605 dicerent
467 1566 530 1604 se
561 1548 799 1621 quidem
826 1547 1031 1601 urbem
1063 1546 1292 1601 tradere
1316 1546 1479 1616 velle,
1510 1545 1797 1600 sedTheo-

191 1638 396 1694 dorum
430 1638 697 1704 obstare;
727 1652 833 1691 nec
862 1635 943 1690 illi
969 1634 1118 1690 cives
1161 1636 1445 1691 ullatenus
1490 1634 1793 1707 parituros,

191 1727 290 1782 nisi
319 1725 597 1781 sacerdos
623 1724 832 1780 alicubi
861 1723 1193 1779 truderetur
1222 1723 1661 1787 exsilio.Quibus
1678 1739 1798 1776 ver-

191 1816 270 1870 bis
292 1832 395 1870 rex
417 1814 699 1880 irritatus,
728 1830 862 1868 eum
892 1812 1000 1867 sibi
1030 1812 1281 1866 vinctum
1329 1811 1584 1866 exhiberi
1606 1811 1795 1882 jussit.

1888 659 2202 731 quemdam
2221 657 2500 721 Patirum,
2522 675 2587 712 ex
2598 656 2793 711 Iudaeo
2812 669 3178 721 conversum,
3194 654 3413 726 jurgio,
3435 655 3506 710 ab

1890 763 1957 801 eo
1991 747 2183 819 gladio
2210 762 2507 817 percussus
2548 745 2787 800 interiit.

2440 835 2663 889 CAPUT
2702 834 2924 888 XLVIII.

1997 925 2081 981 De
2101 924 2390 996 Chilperici
2416 925 2480 978 ob
2510 925 2848 993 interfectum
2866 921 3179 993 prwsidium
3210 923 3398 994 pontis

2176 1014 2492 1069 Parisiensis
2521 1016 2575 1067 in
2604 1013 2989 1068 Guntrannum
3020 1012 3234 1066 ultione.

1962 1105 2129 1175 Apud
2161 1108 2400 1177 pontem
2430 1102 2728 1159 Parisiaca:
2761 1101 2917 1156 urbis
2946 1105 3307 1157 memoratus
3346 1103 3503 1174 prin-

1895 1210 2027 1265 ceps
2059 1194 2321 1248 custodes
2365 1196 2652 1263 posuerat,
2704 1195 2765 1245 ut
2814 1190 3174 1246 insidiatores
3220 1191 3292 1246 de
3321 1184 3505 1263 regno

1894 1282 2087 1338 fratris
2117 1283 2201 1337 sui
2229 1281 2548 1338 Guntranni
2580 1282 2955 1336 advenientes
3006 1284 3360 1339 arcerentur.
3394 1283 3507 1338 Hos

1893 1373 2203 1445 Asclepius,
2246 1372 2434 1427 ofﬁcio
2487 1372 2786 1444 quondam
2833 1369 2990 1425 ducis
3029 1367 3278 1438 functus,
3338 1375 3505 1428 nocte

1895 1479 2011 1517 una
2041 1478 2245 1517 omnes
2270 1461 2592 1527 interemit,
2622 1475 2954 1531 pagumque
2984 1459 3145 1529 ponti
3178 1460 3506 1529 proximum

1898 1551 2277 1623 depopulatus
2297 1553 2400 1604 est.
2432 1550 2795 1620 Quapropter
2835 1547 3184 1619 Chilpericus
3203 1564 3332 1604 cum
3355 1566 3510 1605 exer-

1899 1638 2016 1693 citu
2045 1655 2217 1710 super
2245 1639 2485 1693 fratrem
2513 1639 2731 1693 irrucrc
2778 1638 2993 1704 volens,
3036 1637 3285 1692 consiliis
3331 1638 3512 1694 bono-

1897 1743 2027 1781 rum
2044 1726 2297 1780 virorum
2318 1727 2572 1780 monitus
2588 1725 2816 1791 restitit,
2832 1725 3067 1780 mittens
3088 1724 3251 1779 fratri
3267 1726 3506 1796 legatos,

1900 1818 1963 1870 ut
1987 1817 2141 1870 mala
2162 1815 2266 1869 sibi
2300 1814 2457 1869 illata
2489 1815 2825 1885 corrigeret.
2870 1815 2966 1868 Ille
2987 1814 3225 1883 justitiw
3259 1819 3504 1883 amator,

191 1906 295 1961 Sed
314 1921 453 1960 cum
481 1902 742 1969 antistes,
766 1901 873 1957 sibi
900 1905 1188 1968 metuens,
1212 1918 1330 1956 non
1362 1900 1530 1956 facile
1557 1901 1799 1972 egrede-
1821 1900 1872 1961 B
1900 1908 2073 1975 prout
2103 1904 2470 1970 monebatur,
2495 1920 2669 1973 agere
2689 1920 2807 1956 non
2828 1902 3067 1958 distulit.
3096 1904 3507 1958 Verumtamen

191 1999 342 2049 retur
373 1994 450 2049 ab
472 1992 638 2060 urbe,
673 1990 866 2046 evenit
901 1989 1208 2045 necessitas
1238 1988 1574 2044 dedicandae
1604 1989 1795 2044 basili-

190 2099 265 2138 ca:
293 2082 671 2138 suburbanis.
703 2080 854 2135 Dum
881 2078 1055 2151 igitur
1084 2095 1152 2134 eo
1185 2081 1549 2149 properaret,
1567 2094 1633 2132 ex
1660 2077 1797 2133 insi-

192 2171 292 2227 diis
310 2169 507 2225 subito
541 2168 853 2224 adversarii
883 2170 1351 2240 prorumpentes,
1372 2166 1608 2222 clericos
1628 2169 1796 2221 caete-

192 2277 393 2332 rosque
406 2260 796 2330 obsequentes
808 2273 981 2313 cassos
1000 2257 1059 2312 in
1076 2256 1276 2328 fugam
1291 2258 1471 2328 agunt
1494 2256 1799 2328 ipsumque

190 2365 331 2422 equo
354 2347 600 2422 proprio
619 2347 911 2418 dejectum
927 2345 1023 2401 vili
1045 2344 1799 2417 imponentesjumento,ad

191 2454 386 2509 regem
420 2436 733 2491 deduxere.
759 2434 861 2490 Cui
886 2438 1214 2507 Aquensem
1234 2434 1592 2507 pervenienti
1615 2434 1689 2489 ad
1705 2451 1797 2488 ur-

189 2527 341 2593 bem,
374 2524 636 2582 Pientius
665 2524 966 2595 episcopus
995 2524 1232 2579 clericos
1257 2539 1323 2578 ac
1348 2526 1557 2578 caetera
1577 2522 1679 2577 viae
1711 2526 1801 2577 at-

191 2614 389 2670 tribuit
409 2612 755 2681 necessaria;
782 2615 961 2668 Porro
986 2629 1085 2667 rex
1116 2628 1185 2667 eo
1215 2611 1485 2680 discusso,
1521 2610 1660 2666 dum
1689 2611 1797 2665 im-

193 2720 431 2758 munem
458 2701 814 2758 invenisseta
833 2702 1226 2773 culpa,multis
1238 2701 1585 2755 honoratum
1600 2716 1800 2755 mune-

194 2791 344 2847 ribus
362 2791 439 2846 ad
473 2807 640 2845 suam
672 2791 885 2846 reverti
917 2789 1225 2861 imperavit
1253 2789 1582 2845 Ecclesiam.
1627 2789 1732 2853 Qui
1765 2806 1800 2844 a

194 2880 354 2952 plebe
366 2896 505 2935 cum
524 2878 724 2934 laetitia
744 2876 1256 2949 receptus,invenit
1272 2876 1524 2932 ecclesiae
1540 2894 1633 2932 res
1647 2894 1799 2933 suas-

192 2986 299 3042 que
329 2967 612 3024 aclericis
641 2983 925 3040 pervasas.
960 2966 1056 3021 His
1085 2966 1298 3038 quippe
1339 2978 1445 3037 pro
1493 2966 1674 3021 causis
1693 2968 1797 3023 foe-

194 3058 293 3113 dus
321 3058 478 3112 inter
521 3056 926 3112 Guntrannum
957 3058 1015 3111 et
1055 3054 1485 3110 Childebertum
1537 3059 1796 3127 ruptum,

194 3146 592 3217 discordiaque
628 3144 917 3199 immensa
940 3147 1068 3199 acta
1087 3147 1190 3198 est.
1210 3144 1624 3199 Verumtamen
1652 3145 1800 3216 regi-

193 3235 293 3290 bus
321 3237 436 3290 hoc
466 3234 643 3289 modo
665 3234 737 3288 ab
760 3233 1005 3287 invicem
1025 3232 1648 3305 dissidentibus,Lupus
1669 3235 1796 3305 qui-

193 3325 321 3379 dam
333 3324 468 3379 civis
486 3322 801 3378 Turonicus
818 3338 993 3377 uxore
1011 3321 1445 3389 defuncta,dum
1460 3321 1795 3378 clericatum

190 3416 505 3484 expeteret,
529 3429 564 3466 a
592 3411 770 3465 fratre
792 3410 1096 3465 Ambrosio
1123 3427 1197 3465 ne
1218 3410 1275 3464 id
1306 3410 1523 3465 faceret
1543 3411 1795 3483 prohibi-

191 3504 276 3555 tus
304 3504 411 3568 est,
447 3500 756 3573 pollicente
786 3499 1097 3570 conjugem
1126 3515 1187 3553 se
1216 3499 1340 3569 ejus
1364 3515 1683 3569 congruam
1700 3518 1795 3571 ge-

188 3590 311 3644 neri
339 3590 422 3645 illi
449 3589 838 3660 provisurum.
871 3588 971 3643 Cui
997 3587 1083 3642 rei
1112 3587 1251 3642 dum
1283 3588 1474 3643 studet
1494 3588 1631 3643 dare
1656 3605 1791 3660 ope-

186 3694 332 3746 ram,
364 3678 440 3733 ab
474 3678 762 3745 adultero,
791 3676 888 3749 qui
918 3692 1047 3730 cum
1077 3677 1324 3748 conjuge
1362 3675 1651 3732 Ambrosii
1681 3680 1793 3732 stu-

186 3767 273 3839 pri
305 3785 430 3823 rem
461 3766 737 3834 habebat,
765 3765 994 3837 utrique
1025 3764 1313 3836 perempti
1341 3770 1493 3821 sunt.
1525 3767 1790 3837 Dumque

186 3874 327 3913 unus
337 3859 586 3913 alterum
602 3857 719 3912 Deo
731 3855 1138 3911 subtrahereac
1151 3855 1278 3910 vitae
1294 3855 1589 3927 praesentis
1603 3855 1790 3910 oblec-

186 3946 452 4002 tamentis
466 3945 696 4003 tradere
714 3942 936 4010 nititur,
958 3948 1017 3998 et
1037 3960 1096 3998 se
1113 3948 1170 3998 et
1186 3943 1345 3998 illum
1371 3943 1643 4015 perdidit.

250 4036 368 4091 Hoc
397 4052 555 4090 anno
579 4034 739 4089 Luna
768 4032 1024 4103 eclipsim
1048 4048 1215 4104 passa
1242 4035 1347 4100 est,
1361 4035 1418 4087 et
1446 4031 1601 4087 intra
1625 4032 1789 4087 terri-

181 4125 397 4181 torium
426 4121 780 4179 Turonicum
818 4138 984 4176 verus
1014 4121 1085 4176 de
1116 4120 1351 4176 effracto
1382 4136 1532 4191 pane
1553 4121 1788 4194 sanguis

177 4214 420 4271 efﬂuxit.
454 4214 517 4267 In
546 4211 955 4268 Silvanectensi
985 4224 1156 4282 pago,
1188 4209 1441 4265 hominis
1486 4209 1786 4281 cujusdam

180 4304 549 4371 domus,cum
570 4302 666 4356 ille
697 4316 869 4356 mane
885 4297 1452 4371 surgeret,sanguine
1470 4298 1787 4354 introrsum

178 4409 412 4464 aspersa
465 4389 758 4463 apparuit.
813 4389 1000 4444 Murus
1037 4386 1461 4443 Suessionensis
1517 4386 1789 4443 divinitus

1902 1993 2252 2065 Chilpericus
2294 1992 2380 2046 his
2410 2008 2526 2047 non
2556 1994 2882 2051 contentus,
2910 1991 3131 2061 aliquas
3153 2007 3186 2044 a
3215 1992 3394 2045 fratre
3436 1991 3510 2044 ci-

1899 2082 2103 2137 vitates
2142 2082 2429 2149 auferens,
2470 2097 2647 2135 novos
2678 2079 2758 2133 eis
2783 2079 3023 2133 comites
3052 2078 3327 2149 praefecit,
3358 2094 3506 2149 prm-

1898 2175 2132 2243 ceptum
2162 2171 2326 2239 dans,
2350 2174 2409 2226 ut
2439 2187 2638 2225 earum
2656 2169 2870 2223 tributa
2886 2185 2986 2223 suo
3010 2167 3363 2223 inferrentur
3380 2168 3505 2223 the-

1900 2278 2090 2317 sauro.

2469 2350 2693 2404 CAPUT
2730 2348 2901 2402 XLIX.

2040 2440 2123 2495 De
2152 2439 2435 2495 tabellariis
2462 2437 2735 2494 Chai-terti
2759 2438 2986 2508 episcopi
3010 2435 3358 2507 deprehensis,

2412 2528 2488 2582 Et
2515 2528 2832 2582 Theodorici
2848 2533 2993 2581 ortu.

1971 2620 2068 2674 His
2096 2620 2297 2674 diebus
2327 2635 2361 2673 a
2387 2617 2707 2672 Nunuichio
2746 2615 2957 2670 comite
2994 2614 3361 2670 Lemoviciuo
3391 2616 3504 2670 duo

1901 2709 2119 2764 detenti
2149 2712 2282 2764 sunt
2306 2707 2591 2773 homines,
2625 2723 2692 2760 ex
2722 2704 2961 2759 nomine
2990 2703 3271 2759 Charterii
3301 2705 3505 2759 Petro-

1900 2798 2081 2870 gorici
2105 2797 2380 2853 antistitis
2402 2797 2623 2851 litteras
2664 2796 2938 2849 ferentes.
2990 2796 3054 2847 In
3095 2792 3327 2864 quibus,
3356 2792 3508 2847 inter

1901 2886 2015 2941 alia
2057 2903 2183 2959 qua:
2224 2886 2295 2941 de
2345 2884 2662 2957 Chilperico
2695 2882 3145 2938 continebantur
3175 2880 3503 2948 maledicta,

1898 2975 2009 3031 hoc
2040 2975 2216 3031 etiam
2244 2976 2570 3047 legebatur:
2626 2996 2654 3023 ‹‹
2701 2972 2865 3037 Quod
2901 2972 3200 3043 episcopus
3240 2986 3506 3043 querere-

1901 3067 1995 3118 tur
2023 3081 2082 3119 se
2109 3064 2180 3118 de
2215 3062 2480 3135 paradiso
2526 3062 2752 3133 pulsum
2804 3060 3162 3115 descendisse
3213 3059 3286 3114 ad
3333 3058 3507 3114 infer-

1900 3169 2061 3207 num.
2104 3171 2136 3204 ιι
2183 3152 2385 3223 Utique
2416 3152 2524 3205 hoc
2557 3150 2751 3204 volens
2779 3148 3046 3219 intelligi,
3079 3148 3232 3220 quod
3263 3165 3296 3202 a
3321 3164 3503 3220 regno

1899 3240 2218 3295 Guntranni
2247 3240 2304 3293 in
2333 3239 2656 3293 dominium
2690 3237 3009 3292 devenisset
3028 3236 3349 3308 Chilperici.
3376 3237 3507 3302 Qui-

1896 3329 2001 3382 bus
2015 3329 2134 3398 regi
2154 3328 2371 3399 pariter
2389 3344 2519 3381 cum
2543 3326 2891 3380 delatoribus
2911 3325 3502 3397 directis,przecipitur

1896 3414 2102 3469 adduci
2130 3416 2449 3487 episcopus,
2479 3416 2550 3468 de
2581 3414 2668 3468 his
2695 3414 2986 3469 rationem
3017 3413 3363 3468 redditurus.
3388 3412 3502 3470 Sed

1895 3518 2027 3557 cum
2059 3520 2176 3559 non
2206 3504 2372 3559 facile
2416 3502 2870 3568 convinceretur,
2913 3502 2985 3557 ad
3017 3502 3246 3573 propria
3294 3502 3500 3558 illoesus

1893 3592 2123 3663 regredi
2171 3593 2426 3664 jubetur.
2488 3590 2745 3661 Denique
2801 3594 2929 3661 post
2975 3590 3180 3644 funera
3217 3590 3496 3657 filiorum,

1894 3680 2213 3753 Chilperico
2236 3680 2384 3735 filius
2414 3678 2684 3744 nascitur,
2709 3694 2883 3750 quem
2924 3676 3189 3748 sequenti
3212 3693 3366 3731 anno
3390 3679 3496 3733 Pa-

1891 3768 2059 3824 risius
2103 3769 2163 3823 in
2210 3769 2426 3824 Pascha
2460 3766 2737 3839 baptizari
2786 3766 2919 3821 fecit
2959 3764 3497 3838 Theodoricumque

1891 3859 2233 3915 nominavit.

2531 3946 2749 4000 CtPUT
2791 3946 2850 3999 L.

1984 4037 2069 4091 De
2089 4037 2346 4108 legatione
2371 4034 2556 4106 feciali
2573 4033 2899 4090 Cliildeberli
2916 4032 2986 4087 ad
3017 4031 3397 4104 Chilpericmn.

1960 4129 2139 4181 Porro
2170 4125 2568 4181 Childebertus
2600 4124 2862 4195 Egidium
2915 4123 3261 4177 Remensem
3305 4122 3493 4178 archi-

1888 4212 2243 4288 episcopum,
2275 4231 2407 4269 cum
2436 4214 2561 4268 aliis
2591 4212 2988 4283 optimatibus,
3009 4210 3082 4266 ad
3108 4210 3493 4283 Cbilpericum

1885 4307 2157 4376 patruum
2184 4320 2350 4358 suum
2373 4302 2756 4358 confirmandi
2774 4301 3023 4367 foederis,
3043 4300 3199 4372 quod
3216 4300 3490 4371 inierant,

1886 4406 2056 4445 causa
2083 4390 2298 4461 dirigit.
2334 4391 2411 4445 Ex
2440 4390 2646 4461 quibus
2684 4389 2918 4461 Egidius
2960 4389 3018 4443 in
3066 4390 3220 4443 hunc
3251 4389 3492 4445 modum

175 4483 477 4537 subversas
530 4483 634 4535 est.
687 4477 1013 4550 Andegavis
1069 4479 1429 4531 terrmmotus
1460 4476 1647 4531 factus
1674 4479 1780 4531 est.
1809 4488 1860 4548 Β
1884 4480 2190 4552 legationis
2209 4479 2404 4534 retulit
2421 4479 2719 4534 ordinem:
2753 4501 2783 4527 κ
2816 4479 3047 4545 Pacem,
3076 4492 3252 4549 quam
3276 4480 3493 4546 tecum,

176 4573 333 4628 Intra
360 4587 561 4627 muros
584 4569 742 4625 urbis
760 4566 1200 4640 Burdegalensis
1216 4565 1587 4637 ingressilupi
1612 4582 1784 4622 canes

178 4660 597 4717 devoraverunt
626 4657 891 4730 ignisque
918 4672 1022 4729 per
1049 4656 1257 4712 coelum
1294 4654 1604 4711 cucurrisse
1634 4654 1784 4711 visus

176 4753 278 4805 eat.
749 4835 974 4891 CAPUT
1006 4834 1205 4889 XLVII.

358 4929 445 4984 De
475 4927 660 4983 Prisci
684 4924 868 4979 Judaei
888 4924 1240 4979 obstinatione
1272 4928 1323 4980 et
1350 4925 1592 4980 interitu.

244 5020 324 5074 Ea
349 5019 720 5089 tempestate,
744 5013 1094 5085 Chilpericus
1127 5029 1247 5078 rex,
1273 5012 1414 5068 dum
1444 5014 1656 5069 multos
1678 5014 1785 5068 Ju-

189 5106 435 5165 dzeorum
462 5103 743 5178 baptizari
760 5103 1039 5173 jussisset,
1067 5105 1125 5156 et
1148 5101 1269 5174 ipse
1299 5118 1396 5157 eos
1426 5118 1491 5157 ex
1522 5117 1686 5158 sacro
1705 5103 1784 5157 Ia-

190 5211 343 5254 vacro
371 5194 736 5267 suscepisset,
776 5192 1108 5246 nullatenus
1146 5192 1403 5245 Priscum
1433 5190 1781 5246 familiarem

189 5301 339 5342 suum
369 5285 553 5357 (cujus
583 5297 762 5353 supra
789 5278 1192 5351 meminimus)
1234 5278 1418 5334 verbis
1443 5279 1517 5334 ad
1547 5279 1784 5334 creden-

190 5372 311 5430 dum
341 5376 685 5430 convertere
698 5372 944 5441 poterat.
972 5369 999 5422 J
1008 5369 1188 5423 ubens
1204 5383 1342 5438 ergo
1357 5384 1489 5422 eum
1509 5366 1781 5422 custodia:

189 5463 515 5536 mancipari,
557 5462 635 5516 ab
660 5475 730 5514 eo
768 5457 1106 5513 muneribus
1134 5457 1423 5512 seducitur
1452 5460 1514 5511 ut
1550 5457 1784 5512 daretur

191 5553 498 5624 eispatium
530 5549 719 5605 filium
751 5565 919 5602 suum
946 5546 1527 5601 Massilensillebrwa:
1548 5544 1784 5615 conjun-

190 5642 365 5710 gendi,
392 5659 457 5697 ac
489 5644 619 5695 tum
651 5637 888 5692 demum
912 5636 1075 5707 jussa
1100 5636 1419 5707 compleret
1432 5633 1546 5690 Sed
1571 5632 1666 5704 qui
1686 5650 1786 5689 no-

189 5726 282 5788 luit
325 5728 597 5789 confiteri
645 5726 960 5794 Christum,
1011 5741 1131 5781 non
1160 5725 1336 5796 longo
1365 5727 1496 5795 post
1523 5726 1788 5795 tempore

1884 4568 2130 4641 gloriose
2160 4584 2280 4636 rex,
2327 4567 2571 4639 inclytus
2621 4584 2800 4639 nepos
2856 4571 2987 4623 tuus
3027 4564 3300 4631 ﬁrmavit,
3349 4567 3495 4637 petit

1886 4658 2127 4713 omnino
2158 4674 2193 4713 a
2222 4661 2277 4712 te
2297 4656 2557 4712 stabiliri.
2592 4656 2802 4711 Fratris
2848 4656 3097 4728 denique
3127 4654 3208 4709 tui
3240 4654 3491 4710 benevo-

1883 4746 2061 4801 lentia
2088 4746 2217 4802 ideo
2250 4747 2331 4801 uti
2383 4746 2603 4819 nequit,
2632 4746 2768 4819 quia
2795 4749 3023 4814 partem
3058 4746 3181 4816 ejus
3210 4761 3277 4799 ex
3302 4744 3490 4800 Messio

1883 4834 1963 4889 lia
1986 4834 2195 4906 injuste
2221 4835 2454 4903 retinet,
2484 4852 2671 4908 neque
2696 4834 3023 4907 transfugas
3047 4832 3291 4888 reddere
3308 4831 3493 4887 eivult

1883 4940 2032 4979 suos.
2064 4924 2279 4980 Idcirco
2311 4924 2379 4991 si,
2416 4924 2631 4994 junctis
2673 4922 2886 4977 viribus
2924 4922 3141 4989 vestris,
3184 4919 3491 4977 unanimes

1885 5013 2006 5083 ejus
2035 5013 2530 5084 expugnationem
2558 5010 2747 5066 adorsi
2760 5011 3000 5077 fueritis,
3018 5010 3158 5065 ultio
3177 5009 3489 5083 debitapro

1882 5102 2053 5157 illatis
2080 5101 2305 5172 injuriis
2334 5102 2406 5156 ab
2437 5117 2506 5156 eo
2556 5098 2719 5154 facile
2744 5098 2894 5167 exigi
2926 5101 3155 5170 poterit.
3189 5119 3213 5150 ο
3246 5101 3335 5156 Ad
3363 5101 3487 5156 haec

1881 5192 1963 5247 ita
1990 5190 2287 5261 respondit
2315 5206 2412 5243 ex:
2455 5207 2488 5240 α
2534 5186 2764 5247 Fratris,
2797 5187 3003 5258 inquit,
3030 5188 3144 5242 mei
3171 5189 3341 5259 culpa
3364 5191 3489 5242 tam

1882 5279 2050 5336 estin
2082 5281 2282 5348 aperto
2297 5282 2357 5332 ut
2384 5276 2612 5331 difficile
2626 5276 2899 5330 occultari
2916 5280 3107 5346 queat.
3128 5277 3273 5330 Nam
3296 5275 3341 5330 si
3361 5275 3489 5329 dul-

1882 5367 2138 5424 cissimus
2150 5382 2331 5437 nepos
2347 5381 2505 5419 meus
2516 5363 2713 5418 animo
2727 5364 3034 5418 malefacta
3053 5364 3350 5419 recenseat
3365 5379 3491 5425 sua,

1882 5455 2115 5527 reliquis
2136 5452 2554 5525 praetermissis,
2578 5451 2829 5522 reperiet
2848 5455 3073 5522 patrem
3095 5468 3261 5507 suum
3286 5450 3489 5506 fraude

1882 5541 2204 5599 Guntranni
2232 5540 2511 5596 interisse.
2535 5541 2897 5613 Quapropter
2913 5545 2971 5596 et
2988 5558 3097 5613 ego
3116 5558 3210 5596 me
3228 5539 3487 5613 spondeo

1885 5633 2211 5704 adjutorem
2244 5630 2325 5685 illi
2357 5630 2415 5685 in
2447 5630 2729 5685 ultionem
2761 5634 3018 5704 paternis
3042 5631 3300 5686 futurum
3335 5630 3492 5686 necis

1891 5721 1992 5796 qui
2023 5719 2322 5777 amiserim
2354 5720 2596 5777 fratrem
2626 5737 2879 5794 magum,
2911 5721 2958 5777 si
2988 5738 3148 5778 nunc
3169 5721 3408 5788 viveret,
3436 5716 3499 5774 di
