3862 6210
436 446 544 505 727
1548 434 1814 492 AIMOINI
1849 429 2159 491 MONACHI
2195 430 2693 495 FLOBIACENSIS
3639 451 3732 506 723

440 565 722 625 lectionis.
737 583 765 619 ι
785 564 914 621 Haec
937 563 1079 620 dum
1097 578 1197 618 rex
1213 561 1557 634 perorasset,
1591 559 1739 615 datis
1764 557 2055 615 obsidibus
2073 555 2219 621 Aria
2253 558 2602 616 Pictaviensi
2625 558 2823 617 tradid
2841 564 2991 618 erat.
3026 560 3140 620 Sed
3166 580 3201 620 a
3215 562 3389 622 beata
3406 566 3733 642 Radegunde

445 657 629 714 foedus
653 654 969 711 stabilitum
1009 656 1117 708 est.
1150 651 1436 707 Continuo
1468 649 1818 721 Chilpericus
1848 647 2057 703 exerci-
2154 647 2482 719 prohibitus
2504 653 2608 706 est.

448 751 572 802 tum
593 745 665 800 de
680 761 864 814 regno
883 759 982 798 suo
1000 739 1352 797 commoveri
1371 739 1666 811 praecepit,
1687 739 1782 810 qui
1800 738 2055 793 civitates
2774 742 2999 798 CAPUT
3030 744 3137 799 ιιι,

448 834 613 894 fratri
642 834 898 890 subditas
916 831 1205 899 obsidens,
1233 829 1707 901 circumjacentes
1738 829 2052 899 depopula-
2297 828 2379 881 De
2405 827 2703 885 Mummolo
2732 834 2922 902 magiae
2947 840 2996 887 et
3018 834 3255 903 veneﬁci:
3281 836 3607 894 insimulata.

451 929 611 982 retur
638 940 828 996 agros.
859 922 1016 977 Tunc
1051 920 1311 976 Berulfus
1335 919 1587 991 partium
1614 920 1736 990 ejus
1762 919 1895 984 dux,
1924 933 2056 971 cum
2228 918 2375 971 Dum
2399 917 2506 973 ista
2523 921 3039 990 geruntur,relatio
3058 924 3449 994 quorumdam
3465 927 3537 982 ad
3551 928 3733 986 Frede-

449 1012 746 1070 Turonicis
776 1014 835 1066 et
860 1008 1183 1079 Andegavis
1213 1024 1329 1063 una
1353 1025 1419 1063 ex
1443 1012 1628 1079 parte,
1663 1006 1981 1061 Desiderius
2001 1009 2059 1061 et
2160 1006 2417 1075 gundem
2447 1008 2701 1063 cucurrit
2729 1010 3025 1081 reginam,
3044 1010 3362 1067 dicentium
3395 1020 3734 1091 puerum,qui

455 1101 736 1159 Bladastis
762 1117 828 1156 ex
872 1098 981 1154 alio
1009 1100 1187 1153 latere
1218 1114 1348 1152 eum
1380 1097 1635 1151 maxima
1664 1095 2056 1161 multitudine,
2160 1096 2300 1148 tunc
2329 1094 2631 1150 defunctus
2658 1101 2804 1165 erat,
2824 1098 3044 1153 technis
3060 1101 3356 1157 Mummoli
3376 1103 3461 1157 sui
3483 1106 3734 1176 praefecti,

454 1191 834 1249 Bituricenses
877 1187 1315 1259 aggrediuntur.
1358 1187 1573 1251 Quibus
1617 1203 1715 1241 rex
1754 1187 1863 1240 hoc
1903 1184 2063 1239 dedit
2160 1198 2264 1253 per
2283 1184 2560 1254 quasdam
2583 1186 2948 1242 mulierculas
2965 1189 3265 1245 maleﬁciis
3281 1190 3734 1248 etincantationi-

453 1280 713 1339 mandati
739 1282 820 1346 ut,
846 1279 1011 1348 capta
1030 1276 1192 1343 urbe,
1212 1278 1574 1331 sacramenta
1602 1276 1672 1330 de
1686 1274 1922 1329 nomine
1944 1273 2058 1328 exi-
2160 1269 2265 1324 bus
2298 1271 2473 1326 vitam
2505 1273 2781 1328 amisisse.
2812 1276 2861 1329 Is
2889 1275 3108 1346 reginas
3143 1277 3494 1347 jamdudum
3520 1283 3635 1335 erat
3659 1280 3734 1335 in-

454 1376 660 1446 gerent
698 1388 822 1427 suo.
869 1367 983 1425 Sed
1025 1368 1264 1440 Biturigi
1307 1366 1460 1439 apud
1500 1368 1751 1420 castrum
1799 1364 2062 1419 Mediola-
2160 1357 2373 1414 fcnsus.
2414 1361 2550 1425 Quae
2580 1362 2721 1417 talia
2750 1363 2820 1418 de
2872 1380 2940 1420 eo
2972 1364 3237 1434 audiens,
3266 1367 3394 1439 rapi
3427 1370 3735 1423 meretrices

452 1478 653 1528 nense,
685 1461 841 1533 quod
873 1478 1026 1516 nunc
1069 1459 1421 1531 Magdunum
1471 1454 1698 1520 dicitur,
1728 1452 2058 1523 quindecim
2162 1447 2239 1501 ad
2267 1450 2544 1520 supplicia
2564 1450 2755 1521 jubet,
2798 1469 2923 1524 quae
2956 1470 3014 1508 se
3052 1454 3387 1510 fatebantur
3416 1457 3734 1512 carminibus

454 1552 814 1605 armatorum
842 1549 1028 1605 millia
1059 1546 1350 1605 Desiderio
1370 1544 1497 1600 duci
1531 1545 2058 1615 opponentes,cum
2161 1538 2375 1592 multos
2404 1538 2767 1595 interemisse
2794 1541 3157 1609 innocentes,
3185 1545 3484 1617 ﬁliumque
3505 1546 3619 1616 ejus
3644 1564 3731 1618 pro

454 1656 523 1695 eo
554 1639 887 1695 conﬂixere.
905 1638 1315 1711 Reliquiduces
1337 1634 1541 1689 urbem
1564 1631 1862 1688 obsidione
1876 1630 2062 1686 cinxe—
2158 1626 2456 1682 Mummoli
2484 1628 2730 1685 donasse
2760 1632 2958 1687 salute.
2980 1633 3135 1689 Tunc
3152 1632 3389 1706 quidem
3413 1636 3734 1705 reginaalias

452 1731 609 1783 runt.
636 1727 985 1799 Chilperieus
1004 1722 1588 1793 vero,licetnondum
1612 1720 1891 1775 exercitus
1914 1720 2062 1775 Chil-
2160 1731 2362 1770 earum
2395 1718 2649 1772 flammis
2693 1720 2951 1787 tradidit,
2996 1720 3136 1777 alias
3192 1723 3335 1778 rotis
3376 1721 3635 1778 innexuit.
3666 1725 3732 1779 De

450 1816 674 1872 deberti
695 1817 1039 1883 advenisset,
1062 1818 1257 1870 tamen
1280 1811 1565 1885 quosdam
1587 1809 1658 1864 de
1679 1809 1805 1879 ejus
1823 1808 2061 1863 ducibus
2158 1804 2493 1860 Mummodo
2522 1823 2658 1861 vero
2689 1808 2846 1879 apud
2861 1825 3063 1880 regem
3087 1816 3295 1882 questa
3323 1814 3429 1866 est.
3458 1811 3628 1875 Quem
3648 1828 3730 1866 rex

452 1922 649 1960 secum
690 1906 933 1972 habens,
976 1903 1268 1959 universas
1297 1899 1490 1972 copias
1521 1916 1651 1954 suas
1680 1914 1783 1969 per
1814 1896 2129 1977 ParisiusB
2160 1896 2469 1948 oneratum
2522 1895 2739 1950 catenis
2779 1896 2986 1953 adduci
3019 1899 3298 1972 trabeque
3330 1898 3587 1955 revinctis
3622 1901 3733 1971 post

450 1994 848 2060 transducens,
870 1994 1076 2047 cuncta
1090 1988 1367 2045 vastando
1382 1987 1720 2044 Milidunum
1753 1986 1931 2041 venit.
1959 1984 2059 2040 Cui
2162 1985 2326 2055 terga
2351 1985 2622 2041 manibus
2648 1987 2917 2058 suspendi
2949 1988 3312 2062 praeeipiens,
3330 1989 3467 2062 quid
3495 1990 3730 2046 maleﬁcii

451 2083 821 2138 Guntrannus
851 2098 970 2137 non
1003 2077 1286 2135 dubitavit
1313 2076 1540 2134 obviam
1572 2076 1672 2145 ire,
1698 2075 1759 2130 in
1791 2076 1910 2130 solo
1943 2075 2057 2129 Deo
2163 2078 2355 2129 nosset
2374 2073 2795 2147 interrogabat.
2825 2078 2938 2133 Sed
2966 2078 3045 2133 nil
3072 2094 3132 2133 se
3155 2079 3227 2134 de
3259 2083 3451 2134 morte
3477 2078 3573 2133 ﬁlii
3597 2079 3730 2151 regis

452 2188 615 2243 spem
644 2171 887 2239 habens,
907 2185 1270 2241 cuneumque
1295 2167 1573 2232 hostium,
1604 2182 1723 2236 prae
1746 2164 2059 2236 cupiditate
2162 2178 2330 2216 nosse
2358 2162 2573 2231 dicens,
2608 2166 2716 2219 hoc
2755 2166 3122 2222 solummodo
3150 2167 3446 2222 confessus
3486 2171 3568 2221 est
3597 2166 3729 2239 quod

451 2260 525 2315 ab
566 2259 689 2316 aliis
725 2262 1116 2332 segregatum,
1158 2257 1491 2329 crepusculo
1539 2254 1722 2309 noctis
1760 2269 2062 2324 aggressus
2162 2250 2425 2321 potiones
2445 2254 3042 2327 praecantationesque
3059 2256 3243 2311 varias
3265 2256 3638 2312 amemoratis
3653 2272 3730 2311 ac-

450 2347 656 2405 ultima
696 2347 1060 2405 labefactavit
1093 2344 1370 2419 pernicie.
1412 2346 1475 2399 In
1508 2342 1845 2408 crastinum,
1879 2341 2059 2395 inter-
2159 2340 2400 2411 cepisset
2426 2342 2797 2409 mulierculis,
2836 2344 2909 2398 ad
2931 2345 3386 2417 promerendam
3413 2346 3557 2418 regis
3575 2349 3629 2401 et
3651 2362 3731 2400 re-

450 2436 813 2494 currentibus
854 2436 1080 2508 legatis,
1124 2435 1307 2490 frater
1347 2450 1480 2488 cum
1524 2432 1704 2487 fratre
1735 2430 2057 2502 paciscitur,
2161 2429 2314 2500 gina:
2347 2431 2900 2503 gratiam.Tandem
2928 2433 3662 2507 depositus,mandavitregi
3684 2451 3733 2489 se

450 2525 854 2598 pollicentibus
875 2524 1130 2595 utrisque
1148 2522 1591 2578 commissorum
1616 2519 2056 2575 correctionem.
2165 2518 2244 2573 nil
2270 2519 2511 2576 sensisse
2534 2538 2859 2593 poenarum.
2877 2523 2979 2577 Ille
3000 2539 3133 2578 eum
3158 2524 3486 2580 maleﬁcum
3504 2542 3613 2580 esse
3628 2540 3734 2595 pro.

451 2614 676 2686 Quippe
703 2612 1075 2685 Chilpericus,
1127 2627 1261 2666 cum
1312 2609 1543 2665 millites
1569 2609 1722 2663 furto
1753 2624 1817 2662 ac
1846 2606 2061 2679 rapinis
2163 2608 2565 2676 testatus,loris
2598 2610 2917 2665 durissimis
2940 2612 3317 2683 ﬂagellari,ac
3338 2614 3523 2686 gladio
3543 2612 3732 2686 percuti

450 2700 740 2757 abstinere
770 2704 1059 2763 moneret,
1091 2715 1197 2754 nec
1223 2702 1418 2754 tamen
1448 2698 1943 2767 obtemperarent,
1962 2712 2063 2751 co-
2163 2696 2487 2768 imperavit.
2515 2701 2626 2753 Pro
2658 2700 2818 2770 cujus
2857 2700 2975 2756 vita
2999 2701 3227 2773 regina,
3259 2720 3414 2775 aegre
3436 2702 3578 2770 licet,
3607 2701 3729 2757 obti-

452 2788 657 2845 mitem
670 2790 1159 2860 Rotomagensem
1186 2787 1380 2860 gladio
1402 2785 1699 2860 percussit,
1723 2784 1915 2858 sicque
1934 2785 2062 2840 reli-
2162 2786 2310 2841 nuit.
2343 2786 2450 2851 Qui
2480 2790 2679 2844 tamen
2699 2807 2815 2844 non
2839 2794 2970 2862 post
2997 2792 3247 2846 multum
3280 2794 3476 2847 dolore
3506 2792 3729 2865 ipsorum

453 2894 597 2950 quos
638 2894 932 2945 coercens,
959 2878 1033 2933 ad
1069 2875 1305 2950 propria
1328 2874 1573 2942 reduxit,
1606 2878 1874 2930 cunctam
1905 2874 2063 2946 prius
2162 2877 2595 2931 tormentorum
2622 2877 3093 2951 interiit.Regina
3110 2882 3311 2935 autem
3336 2881 3731 2936 assumensthe-

444 2967 751 3024 restituens
793 2967 1076 3039 praedam,
1113 2965 1479 3039 captivosque
1522 2965 1802 3019 relaxans.
1865 2964 1938 3027 At
1981 2962 2063 3018 illi
2165 2980 2397 3020 saurum
2422 2966 2604 3036 pueri,
2633 2970 2815 3021 vestes
2831 2967 3065 3039 quidem
3086 2985 3293 3024 omnes
3311 2969 3443 3041 igne
3461 2967 3727 3032 combusit,

451 3055 549 3129 qui
576 3055 855 3112 Bituricos
876 3055 1246 3118 obsederant,
1262 3057 1495 3128 accepto
1515 3053 1718 3109 nuntio
1743 3052 1949 3108 utinde
1970 3070 2060 3108 re-
2162 3070 2368 3109 aurum
2400 3071 2538 3110 vero
2568 3055 2808 3111 fornace
2834 3058 3097 3113 conﬂans
3120 3062 3282 3113 terra
3304 3058 3508 3125 obruit,
3530 3075 3595 3113 ne
3615 3055 3728 3129 quid

449 3143 747 3211 cederent,
779 3160 1139 3216 quaecunque
1172 3142 1319 3198 oculi
1345 3142 1626 3210 viderant,
1651 3158 1857 3197 manus
1881 3142 2064 3214 rapie-
2094 3208 2132 3216 __
2162 3146 2310 3198 esset
2339 3144 2501 3216 quod
2537 3143 2589 3199 ei
2619 3143 2806 3199 ﬁlium
2839 3146 2912 3200 ad
2942 3146 3295 3202 memoriam
3321 3148 3623 3203 reduceret.

448 3232 612 3302 bant,
641 3208 780 3289 dum
796 3208 885 3288 .ad
914 3249 1017 3289 sua
1043 3208 1326 3288 redirent.
1613 3208 1619 3210 ν
1948 3208 1965 3214 -
2018 3238 2027 3249 '
2086 3208 2133 3267 Ο·
2356 3208 2377 3216 ρ
2774 3254 2998 3309 CAPUT
3031 3253 3165 3310 LIII,

1343 3320 1426 3413 1τῖ·
1707 3409 1750 3413 μ
1790 3410 1800 3413 _
2263 3339 2347 3394 De
2380 3340 2559 3396 clerici
2595 3341 2881 3413 cujusdam
2919 3342 3158 3410 libidine,
3192 3351 3243 3398 et
3276 3341 3643 3399 inaralitudinc

589 3412 676 3468 De
703 3411 862 3484 vulgi
881 3411 944 3467 in
972 3411 1253 3483 Egidium
1283 3411 1594 3482 episcopum
1627 3409 1915 3466 seditione.
2652 3409 2666 3413 ’
2804 3413 3130 3468 detestanda.

522 3500 921 3557 Childebertus
944 3504 1139 3557 autem
1167 3517 1372 3557 omnes
1402 3500 1623 3555 militiae
1649 3516 1788 3570 suae,
1802 3515 1943 3572 quas
1958 3516 2059 3572 ag-
2220 3502 2399 3556 Porro
2420 3500 2678 3556 Etherius
2694 3501 2953 3557 Lexoviae
2968 3502 3271 3575 episcopus
3282 3502 3543 3559 clericum
3559 3516 3725 3574 quem-

448 3592 808 3663 gregaverat,
827 3590 1096 3646 cohortes
1125 3590 1264 3645 dum
1284 3606 1400 3645 uno
1423 3590 1482 3645 in
1506 3590 1632 3645 loco
1650 3588 2093 3656 detinet,mur-'
2164 3591 2321 3658 dam,
2352 3594 2594 3662 propter
2616 3592 2878 3661 puellam
2901 3592 3218 3664 quamdam
3244 3609 3417 3665 quam
3449 3589 3726 3652 seduxerat,

447 3695 580 3735 mur
590 3679 779 3735 subito
794 3678 992 3752 populi
1008 3678 1247 3735 minoris
1259 3679 1528 3734 adversus
1542 3677 1713 3732 duces
1725 3680 1783 3731 et
1794 3676 2061 3749 Egidium
2163 3680 2339 3735 morti
2374 3680 2756 3747 destinatum,
2790 3679 2994 3751 viginti
3019 3681 3275 3736 redemit
3301 3680 3727 3750 aureis.Cui,pro-

447 3767 807 3841 episcopum,
853 3772 1023 3825 nocte
1070 3767 1359 3839 proxima,
1406 3765 1729 3831 infremuit,
1790 3765 2058 3821 dicentis:
2163 3768 2349 3823 ﬁtenti
2381 3769 2762 3824 sedoctorem
2792 3768 2919 3824 fore
2940 3769 3294 3839 litterarum,
3342 3771 3583 3826 scholam
3605 3780 3730 3821 com-

450 3879 479 3907 ‹‹
512 3857 810 3913 Tollantur
835 3874 870 3911 a
899 3856 1043 3912 facie
1066 3855 1239 3926 regis,
1268 3853 1366 3926 qui
1396 3870 1647 3926 regnum
1674 3853 1797 3924 ejus
1823 3852 1978 3909 inter
2005 3871 2064 3910 se
2166 3856 2365 3911 mittit.
2409 3857 2523 3912 Sed
2551 3873 2685 3912 cum
2719 3874 2752 3911 a
2775 3848 3114 3930 parentibus
3138 3876 3473 3931 puerorum,
3492 3873 3621 3930 quos
3646 3853 3727 3908 do-

447 3945 767 4015 venditant,
793 3945 893 4018 qui
910 3946 1081 3999 urbes
1094 3942 1218 4015 ejus
1238 3942 1443 3997 alienae
1460 3940 1770 4013 subjiciunt
1786 3942 2011 4000 ditioni.
2033 3965 2060 3993 η
2165 3946 2351 4013 cebat,
2372 3962 2523 4016 smpe
2554 3945 2628 4001 ad
2657 3946 2981 4002 convivium
3005 3948 3498 4016 vocaretur,unius
3517 3947 3726 4001 matrem

448 4033 579 4088 Haec
605 4033 863 4088 dicentes
883 4030 1230 4086 mane'facto
1254 4028 1328 4084 ad
1350 4028 1670 4084 tentorium
1688 4029 1839 4101 regis
1853 4047 2062 4104 prope-
2165 4034 2512 4105 concupivit.
2528 4034 2694 4098 Quod
2712 4051 2845 4090 cum
2870 4033 2968 4090 illa
2997 4039 3156 4091 casta
3177 4036 3481 4092 indicasset
3502 4034 3612 4089 viro
3626 4045 3724 4093 suo,

448 4123 585 4176 rant
614 4119 847 4185 armati,
879 4122 944 4173 ut
969 4116 1235 4189 Egidium
1275 4116 1679 4173 interimerent
1706 4118 2061 4189 pontificem.
2164 4124 2222 4176 et
2249 4121 2341 4176 ille
2372 4122 2645 4177 clericum
2674 4123 2747 4178 ad
2773 4123 3116 4197 supplicium
3153 4128 3461 4197 quaereret,
3495 4124 3678 4178 iterum
3701 4133 3727 4170 a

450 4209 576 4274 Quo
607 4206 867 4280 cognito,
898 4206 1187 4273 sacerdos,
1242 4222 1474 4262 ascenso
1507 4223 1679 4279 equo,
1711 4224 1844 4263 cum
1870 4209 2065 4281 paucis
2163 4211 2440 4282 pontiﬁce
2467 4211 2745 4268 liberatus
2777 4212 3025 4285 pristino
3057 4214 3383 4270 restituitur
3417 4210 3624 4268 honori.
3648 4206 3727 4261 Hic

446 4298 652 4368 fugam
710 4294 975 4367 arripuit.
1018 4292 1120 4350 Cui
1166 4296 1287 4349 tam
1334 4295 1556 4350 veloces
1597 4294 1775 4351 timor
1818 4297 2065 4368 fugienti
2164 4299 2362 4370 itaque
2391 4298 2568 4354 miser
2588 4303 2891 4355 tantorum
2920 4301 3132 4358 oblitus
3148 4297 3723 4359 beneﬁciorum.dum,

450 4382 675 4441 addidit
704 4384 822 4438 alas
852 4386 915 4438 ut
942 4384 1244 4439 labentem
1275 4382 1432 4440 tibiae
1460 4384 1756 4440 fasciolam
1794 4386 2065 4457 colligere
2166 4405 2283 4443 una
2330 4387 2583 4455 dierum,
2620 4390 2878 4460 pontifex
2911 4390 2984 4444 ad
3016 4391 3395 4463 agricultores
3423 4379 3726 4446 exercitandi
3749 4388 3771 4415 θ

449 4490 570 4531 non
606 4474 858 4528 curaret.
892 4473 972 4527 Ea
1001 4475 1202 4529 tamen
1236 4489 1408 4530 causa
1444 4474 1525 4530 illi
1547 4474 1757 4530 auxilio
1788 4475 1895 4530 fuit
1910 4477 2064 4548 quod
2085 4499 2139 4561 D
2169 4475 2355 4548 gratia
2381 4476 2630 4544 exiissct,
2663 4494 2795 4532 cum
2846 4478 3029 4533 securi
3058 4495 3192 4534 eum
3223 4496 3375 4551 pone
3404 4476 3722 4550 sequebatur-

447 4561 759 4620 adversarii
783 4578 983 4635 equos,
1012 4561 1088 4618 ad
1123 4562 1546 4635 insequendum
1562 4568 1813 4636 paratos,
1832 4581 1948 4620 non
1961 4565 2066 4620 ha-
2086 4558 2119 4561 —
2169 4565 2490 4620 Conversus
2519 4565 2790 4621 sacerdos
2821 4569 2878 4619 et
2900 4565 3099 4621 videns
3126 4584 3259 4622 eum
3290 4584 3303 4623 :
3336 4590 3363 4618 «
3395 4568 3464 4621 Ut
3489 4558 3722 4637 quid,'ait.

448 4650 686 4708 hebant.
725 4652 1029 4724 Deumque
1072 4651 1154 4708 illi
1181 4668 1410 4708 moram
1431 4653 1490 4708 in
1512 4653 1807 4725 sequendo
1827 4653 2066 4722 faciunt,
2168 4669 2263 4709 me
2294 4668 2427 4707 cum
2450 4653 2558 4707 hac
2584 4653 2955 4725 prosequeris
2986 4654 3269 4710 dolabra?
3302 4678 3328 4705 ››
3356 4648 3725 4717 Tuncilleejus

446 4737 569 4813 ipse
594 4756 655 4795 se
684 4739 839 4796 intra
869 4742 1081 4798 urbem
1109 4742 1429 4797 Remorum
1474 4742 1736 4797 contulit.
1776 4743 1910 4797 Post
1945 4743 2069 4797 haec
2168 4741 3013 4814 provolutuspedibus,veniam
3029 4743 3440 4814 petiit,dicens:
3460 4766 3485 4791 ‹‹
3506 4738 3722 4807 Ιοόυιεθν

445 4827 815 4887 Guntrannus
833 4830 1215 4886 Childeberto
1234 4830 1429 4901 nepoti
1443 4830 2066 4901 suopartemMassiliae,
2169 4832 2343 4885 Pater
2371 4831 2589 4896 sancte,
2630 4846 2732 4885 reo
2760 4830 2981 4885 facinus
3022 4832 3342 4887 conﬁtenti.
3374 4832 3457 4886 Ab
3494 4822 3726 4884 archidia-

446 4934 622 4991 quam
644 4917 827 4976 invito
849 4935 919 4975 eo
938 4917 1537 4986 retinebat-,reddidit.
1557 4917 1907 4989 Chilpericus
1924 4935 2066 4990 quo-
2167 4934 2315 4974 cono
2340 4934 2601 4989 namque
2629 4922 2692 4973 ut
2722 4919 2857 4973 talia
2886 4920 3162 4974 auderem
3190 4921 3482 4991 impulsus,
3526 4920 3603 4970 ter
3622 4912 3724 4983 jam

444 5024 558 5082 que
601 5024 711 5080 pro
742 5007 907 5063 obitu
938 5007 1062 5075 ﬁlii,
1100 5023 1276 5079 quem
1306 5005 1359 5061 ei
1391 5010 1595 5061 natum
1623 5022 1798 5078 supra
1815 5005 2069 5062 diximus
2169 5004 2402 5063 elevatis
2415 5005 2490 5060 ad
2513 5008 2567 5060 te
2583 5008 3025 5077 percutiendum
3040 5007 3515 5075 manibus,subita
3530 4999 3726 5073 tegebat

441 5095 638 5164 fuisse,
672 5096 835 5167 gravi
876 5095 1116 5151 affectus
1175 5111 1446 5162 maerore,
1485 5094 1714 5167 nuptias
1755 5094 1887 5149 ﬁliae
1929 5113 2067 5163 sum,
2168 5093 2415 5166 caligine
2438 5094 2744 5166 validoque
2769 5095 3091 5167 arripiebar
3106 5098 3458 5152 tremoreAt
3473 5092 3561 5149 ubi
3582 5090 3724 5157 depo-

442 5200 621 5257 quam
651 5183 777 5256 regi
808 5182 1099 5255 Hispaniae
1134 5199 1241 5255 per
1262 5184 1483 5254 legatos
1507 5185 1642 5236 tunc
1661 5182 2067 5254 desponderat.
2171 5200 2400 5241 sueram
2432 5199 2659 5250 manus,
2685 5184 2992 5239 confestim
3024 5187 3082 5239 et
3110 5184 3261 5239 visus
3290 5188 3348 5239 et
3376 5184 3528 5254 vigor
3540 5172 3725 5234 redibat

449 5272 513 5328 in
544 5275 840 5344 posterum
862 5271 1105 5328 distulit.
1126 5271 1510 5343 Quapropter,
1536 5269 1719 5325 missis
1737 5271 2068 5345 veredariis,
2172 5271 2464 5346 pristinus.
2500 5293 2529 5320 ››
2563 5271 2729 5336 Quod
2757 5271 2852 5326 ubi
2883 5272 3123 5327 antistes
3148 5272 3384 5339 audivit,
3415 5272 3523 5325 Deo
3550 5259 3725 5337 gratias

437 5361 703 5433 legatum
726 5359 826 5434 qui
846 5359 907 5416 in
938 5359 1274 5431 Hispaniam
1300 5357 1739 5430 regrediebatur
1761 5360 2065 5428 revocavit,
2170 5376 2350 5433 agens
2387 5359 2553 5414 illum
2602 5360 2726 5414 haec
2777 5363 2968 5414 tacere
3010 5361 3182 5431 jussit
3212 5376 3384 5432 seque
3426 5357 3495 5412 ad
3524 5354 3720 5409 domum

441 5447 638 5503 dicens
666 5447 749 5504 ei:
787 5470 817 5500 ‹‹
852 5449 1033 5503 Luctu
1055 5464 1159 5520 pro
1184 5450 1375 5503 morte
1404 5446 1505 5501 ﬁlii
1537 5450 2069 5521 gravatus,nuptias
2166 5447 2641 5505 contulit.Verum
2658 5447 3094 5503 archidiaconus
3108 5448 3466 5520 perpendens
3478 5437 3720 5515 peralium

440 5535 735 5605 intempus
789 5537 949 5608 quod
985 5536 1261 5592 constitui
1291 5535 1586 5591 celebrare
1625 5553 1871 5609 nequeo.
1906 5558 1934 5586 »
1971 5538 2068 5593 Vc-
2167 5555 2226 5593 se
2254 5552 2370 5591 non
2399 5552 2564 5607 posse
2597 5552 2806 5590 nocere
2832 5535 3250 5608 episcopo,per
3279 5535 3516 5606 seipsum
3540 5528 3718 5584 calum-

453 5639 610 5689 rum,
639 5623 834 5696 legato
882 5623 1213 5691 insistente,
1244 5623 1423 5678 voluit
1456 5641 1524 5678 eo
1565 5608 1813 5696 dirigere
1861 5625 2063 5681 filiam,
2167 5625 2327 5681 niam
2358 5623 2545 5693 ﬁngit,
2579 5639 2840 5678 asserens
2870 5640 2929 5677 se
2961 5624 3167 5679 vidisse
3214 5623 3506 5679 mulierem
3535 5635 3563 5671 a
3587 5608 3716 5668 cubi-

442 5726 622 5783 quam
654 5728 722 5767 ex
751 5710 1055 5766 Audovera
1086 5712 1421 5784 susceperat
1442 5712 1676 5785 Deoque
1697 5711 1755 5767 in
1777 5717 2067 5770 monaste-
2180 5711 2308 5768 culo
2338 5708 2627 5782 pontiﬁcis
2651 5709 3074 5780 egredientem.
3107 5710 3425 5782 Statimque
3471 5718 3587 5761 cum
3613 5697 3710 5769 jam
