3862 6210
144 486 241 544 729

1190 476 1536 533 HISTOIRIA
1562 470 2012 536 FRANCORUM.
2036 505 2110 518 —-
2137 475 2265 532 LIB.
2305 475 2396 536 III.

3341 472 3451 532 730

141 605 277 661 dicto
305 603 517 660 clerico
550 602 802 673 irruens,
835 603 1171 678 episcopum
1215 602 1415 658 vinciri
1456 602 1727 675 imperat.
1753 605 1809 667 Α
1837 603 2084 659 Veniens
2122 601 2386 670 Parisius,
2416 599 2764 657 ﬁscaliorum
2812 597 3026 655 multos
3054 615 3089 655 a
3116 598 3451 672 parentibus

136 694 399 763 Alligatur
438 694 703 765 pontifex
718 694 767 765 ej
778 712 842 749 us
866 694 1153 760 manibus,
1178 693 1249 748 de
1262 692 1347 763 cuj
1360 710 1420 746 us
1434 707 1584 762 saepe
1598 692 1738 747 bra-

137 783 264 837 chiis
290 783 520 836 vincula
568 782 881 853 dejecerat,
914 787 1084 854 atque
1130 783 1202 837 ab
1253 798 1320 835 eo
1374 779 1738 851 mancipatur

136 870 413 930 custodiae,
434 887 622 941 quem
639 870 846 941 saepius
858 888 1084 926 ccenoso
1104 871 1379 925 eduxerat
1397 869 1465 923 de
1484 884 1732 922 carcere.

136 962 343 1015 interea
388 976 646 1014 cernens
696 960 1000 1031 episcopus
1038 960 1358 1013 humanum
1392 956 1496 1011 sibi
1539 956 1736 1010 deesse

134 1047 412 1113 auxilium,
448 1048 722 1118 precibus
747 1063 920 1118 opem
952 1047 1224 1118 implorat
1255 1044 1736 1115 divinam.ltaque

133 1135 385 1191 divinitus
415 1136 631 1192 solutis
658 1136 917 1201 vinculis,
942 1134 1388 1204 custodibusque
1405 1131 1625 1204 sopitis,
1656 1131 1740 1186 fu-

132 1226 277 1295 giens
300 1242 330 1279 e
383 1224 656 1280 custodia
680 1225 755 1279 ad
804 1240 1005 1295 regem
1057 1223 1283 1278 transiit
1306 1222 1731 1276 Guntrannum.

129 1314 715 1369 Tandem'adversarii
746 1314 981 1368 inventa
1012 1311 1333 1377 occasione,
1366 1310 1490 1381 regi
1509 1308 1736 1379 Chilpe-

132 1401 597 1473 ricosuggerunt,
624 1401 786 1455 illum
806 1401 1166 1472 proditorem
1197 1399 1358 1470 regni
1376 1398 1734 1453 esse.Verum

130 1492 350 1562 populus
367 1505 477 1561 pro
508 1493 741 1562 pastore
761 1494 1016 1556 moestus,
1038 1488 1246 1543 direxit
1290 1487 1387 1560 qui
1407 1503 1606 1556 regem
1631 1501 1736 1556 pro

131 1578 440 1633 reducendo
475 1594 549 1632 eo
573 1582 903 1635 exorarent.
928 1577 1281 1648 Chilpericus
1309 1592 1448 1647 ergo
1489 1573 1647 1628 misit
1664 1573 1738 1628 ad

136 1666 377 1733 fratrem,
402 1670 466 1721 ut
487 1666 830 1738 pontiﬁcem
861 1667 934 1721 ad
963 1683 1124 1721 suam
1157 1665 1479 1719 dimitteret
1510 1663 1736 1728 urbem,

136 1755 318 1809 dscens
342 1772 401 1809 se
434 1756 520 1809 nil
555 1754 795 1810 oﬁ‘ensa:
827 1754 884 1809 in
910 1754 1032 1826 ipso
1062 1752 1740 1827 reperisse.Guntrannus

132 1846 305 1897 autem
333 1844 552 1897 multas
583 1842 856 1915 episcopo
891 1843 1150 1898 tribuens
1181 1840 1471 1914 pecunias,
1505 1838 1577 1893 ad
1604 1854 1737 1910 pro-

1836 694 2190 764 segregatos,
2219 708 2349 745 cum
2377 691 2493 745 ﬁlia
2522 689 2816 763 Hispanias
2838 693 3034 761 petere
3060 689 3113 745 vi
3138 693 3451 764 compelle-

1838 782 1955 837 bat.
1981 782 2021 835 E
2050 781 2253 852 quibus
2283 780 2459 852 aliqui
2486 780 2663 834 v'tam
2712 779 2819 833 sibi
2856 778 3045 851 liqueo
3064 784 3447 848 extorserunt,

1838 887 1910 924 ne
1939 887 1971 925 a
2001 869 2341 941 propinquis
2376 884 2669 941 quoquam
2697 868 3050 922 secederent.
3090 869 3244 925 Multi
3274 869 3452 927 etiam

1837 958 2110 1014 violentia
2132 958 2263 1012 illuc
2304 958 2387 1012 ire
2414 957 2617 1023 coacti,
2652 959 3001 1012 testamenta
3057 957 3451 1028 considerunt,

1838 1046 1997 1119 quasi
2026 1046 2082 1100 in
2115 1046 2378 1117 proximo
2409 1046 2525 1101 vita
2546 1043 2801 1100 carituri.
2822 1045 3087 1118 Talisque
3106 1050 3242 1102 tunc
3271 1049 3455 1102 luctus

1838 1134 2132 1189 Parisiacis
2151 1137 2275 1189 erat
2295 1132 2707 1206 incolis,qualis
2728 1134 3022 1204 quondam
3038 1135 3145 1191 fuit
3173 1135 3456 1207 Egyptiis

1838 1223 2203 1295 interemptis
2247 1223 2671 1295 primogenitis.
2726 1223 2997 1293 Elegatis
3037 1242 3174 1280 sane
3226 1224 3453 1281 Childe-

1838 1312 1988 1367 berti
2014 1313 2177 1383 (quos
2193 1313 2266 1367 ad
2296 1312 2681 1384 Chilpericum
2713 1312 3022 1381 direxerat,
3058 1314 3349 1369 obtestans
3378 1331 3453 1369 ne

1839 1399 1909 1455 de
1936 1401 2215 1456 thesauris
2239 1400 2556 1467 civitatum,
2589 1418 2733 1474 quas
2758 1402 2864 1456 sibi
2898 1402 3339 1474 praeripuerant,
3366 1404 3453 1459 vel

1839 1488 1909 1543 de
1942 1489 2262 1561 mancipiis,
2289 1489 2603 1561 quidquam
2624 1488 2754 1543 tilia:
2772 1488 3070 1560 tribueret)
3097 1507 3276 1545 unum
3304 1492 3453 1546 clam

1840 1576 2256 1650 interemptum
2286 1578 2456 1633 fuisse
2486 1579 2741 1633 fuerunt.
2769 1578 3025 1650 Suscipio
3041 1582 3165 1634 erat
3182 1580 3458 1652 Chilperi-

1840 1682 1974 1721 cum
2004 1666 2126 1736 ejus
2148 1666 2302 1720 necis
2322 1666 2492 1721 fuisse
2530 1669 2847 1723 auctorem.
2885 1667 2990 1732 Qui
3022 1672 3220 1723 tamen
3240 1686 3344 1742 per
3362 1686 3454 1725 re-

1841 1752 2025 1825 liquos
2050 1754 2251 1825 nepoti
2282 1754 2588 1821 mandans,
2605 1755 2682 1809 nil
2697 1772 2755 1809 se
2776 1772 2841 1809 ex
2863 1756 3052 1811 vetitis
3072 1760 3457 1829 praesumptu-

1840 1859 1994 1910 rum,
2024 1844 2205 1897 multa
2238 1858 2305 1896 ex
2332 1858 2433 1897 suo
2488 1842 2619 1897 ﬁlia:
2668 1843 2907 1914 largitus
2961 1848 3066 1899 est.
3129 1845 3458 1910 Quinetiam

137 1931 245 2001 pria
273 1948 404 1986 eum
456 1931 711 1997 remisit,
741 1930 887 1986 datis
916 1931 987 1986 ad
1016 1929 1294 1985 antistites
1310 1927 1475 1999 regni
1501 1925 1586 1981 sui
1618 1925 1736 1996 epi-
1768 1935 1820 1994 B
1840 1930 2044 2002 regina
2088 1933 2252 1985 tanta
2299 1930 2358 1985 in
2411 1947 2572 1998 auro,
2598 1936 2841 2002 argento
2874 1933 3153 2005 variisque
3210 1933 3460 1991 vestibus

136 2019 293 2086 stolis,
323 2023 385 2074 ut
413 2019 584 2074 illum
621 2020 958 2074 muneribus
982 2020 1360 2075 honorarent.
1391 2015 1497 2081 Qui
1522 2014 1631 2068 iter
1650 2013 1737 2068 fa-

139 2108 273 2162 ciens
290 2110 451 2163 tanta
482 2125 519 2162 a
539 2107 814 2164 ﬁdelibus
839 2107 1089 2179 suscepit
1111 2122 1377 2174 munera,
1409 2105 1627 2176 quanta
1648 2105 1736 2156 vix

139 2195 330 2251 civitati
359 2196 587 2252 inferre
621 2214 738 2251 sure
764 2195 962 2268 quivit.

729 2302 952 2357 CAPUT
999 2302 1127 2356 LIV.

138 2388 205 2444 De
232 2389 457 2465 Clqtaru‘
478 2390 595 2465 filii
631 2391 923 2465 Chilperici
947 2398 1095 2458 ortu,
1121 2394 1294 2465 partis
1330 2391 1598 2448 Massilia
1637 2408 1740 2465 per

257 2461 633 2519 Mum-motum
649 2461 1009 2529 restitutione,
1032 2468 1082 2517 et
1100 2462 1400 2533 Ulu'lperici
1426 2469 1592 2520 metu.

195 2552 249 2604 In
274 2550 381 2605 illis
411 2551 629 2605 diebus
669 2550 989 2621 Chilperico
1022 2550 1212 2605 denuo
1246 2555 1413 2606 natus
1453 2556 1538 2606 est
1566 2552 1737 2620 ﬁlius,

135 2638 343 2694 nomine
375 2638 1071 2710 Clotarius.Quapropter
1093 2638 1385 2694 universos
1403 2656 1660 2695 carceres
1680 2638 1739 2695 in

137 2743 295 2797 regno
323 2744 425 2783 suo
454 2727 826 2799 Chilpericus
847 2726 1056 2800 aperiri
1084 2727 1267 2797 jussit,
1296 2730 1355 2781 et
1382 2727 1739 2783 diversorum

137 2829 249 2869 reos
294 2816 625 2871 criminum
658 2816 890 2870 absolvi.
933 2816 1144 2870 Terum
1176 2816 1333 2870 idem
1357 2832 1458 2870 rex
1494 2816 1742 2871 Parisius

140 2903 335 2973 urbem,
367 2910 589 2961 contra
618 2907 850 2976 pactum
882 2904 1039 2975 quod
1068 2920 1199 2958 cum
1230 2904 1465 2959 Francis
1511 2904 1741 2974 inierat,

140 2995 219 3056 (ne
242 2993 446 3049 scilicet
455 2994 604 3065 jure
623 2992 980 3048 dominantis
992 3008 1121 3047 eam
1140 2991 1451 3064 aliquando
1471 2993 1744 3065 ingrede-

144 3081 303 3154 retur)
330 3083 629 3139 violenter
665 3080 920 3136 intravit.
950 3080 1034 3136 Ob
1059 3098 1235 3153 quam
1255 3098 1380 3137 rem
1408 3082 1744 3153 portionem

1839 2020 2089 2091 protulit
2120 2036 2366 2075 munera
2395 2022 2458 2073 ut
2483 2037 2583 2074 rex
2627 2020 2982 2075 existimaret
3010 2038 3070 2076 se
3100 2020 3338 2094 inepem
3370 2039 3460 2078 re-

1838 2108 2043 2179 linqui.
2072 2108 2327 2163 Cernens
2366 2108 2467 2163 illa
2488 2108 2708 2164 turbari
2736 2113 2972 2182 propter
2991 2110 3100 2163 hoc
3130 2126 3353 2180 regem,
3386 2109 3462 2165 ad

1838 2196 2281 2253 circumstantes
2311 2199 2579 2265 Francos,
2625 2197 2704 2252 ita
2730 2202 2793 2252 ut
2822 2197 3173 2269 Chilpericus
3208 2198 3456 2267 audiret,

1839 2285 1917 2340 sic
1948 2287 2141 2341 locuta
2167 2288 2251 2340 est
2280 2302 2293 2340 :
2329 2308 2357 2336 «
2393 2286 2605 2352 Nullus,
2644 2284 2852 2358 inquit,
2897 2289 3159 2341 nostrum
3200 2289 3463 2342 autumet

1838 2375 1961 2429 haec
1993 2375 2278 2445 regalium
2311 2391 2431 2429 esse
2464 2378 2810 2429 ornamenta
2838 2375 3267 2431 thesaurorum.
3299 2375 3461 2440 Quas-

1844 2464 1979 2519 dam
2006 2462 2163 2517 enim
2188 2463 2307 2535 ipse
2323 2462 2589 2534 princeps
2610 2461 2752 2517 mihi
2773 2462 2923 2517 dotis
2942 2463 3180 2518 nomine
3198 2464 3461 2533 contulit,

1845 2553 2116 2624 quaedam
2162 2551 2428 2624 proprius
2467 2550 2633 2606 labor
2688 2550 3003 2621 acquisivit,
3036 2551 3228 2624 aliqua
3280 2556 3465 2609 vestra

1843 2639 2244 2695 munificentia
2292 2640 2512 2697 tribuit.
2545 2660 2573 2689 »ι
2609 2639 2721 2694 Hac
2748 2639 3138 2695 satisfactione
3179 2644 3462 2713 suscepta,

1842 2728 2068 2783 intento
2098 2728 2253 2800 regis
2295 2728 2527 2800 quievit.
2554 2728 2904 2782 Francorum
2932 2744 3163 2800 quoque
3178 2728 3465 2801 primores

1843 2817 2023 2872 ﬁliam
2044 2817 2197 2889 regis
2227 2816 2559 2872 (larissimis
2585 2817 2838 2872 ditavere
2866 2817 3052 2873 donis.
3084 2817 3268 2873 Tanta
3300 2817 3464 2873 deni-

1844 2923 1956 2978 que
1987 2906 2393 2961 thesaurorum
2436 2907 2544 2960 fuit
2587 2905 2776 2977 copia,
2809 2909 2872 2961 ut
2923 2922 3019 2961 sex
3074 2906 3331 2978 plaustra
3375 2907 3466 2963 his

1845 2997 2087 3049 onerata
2113 3010 2243 3048 eam
2268 2995 2683 3067 praecederent.
2716 2994 2853 3059 Qum
2876 2994 3211 3066 digrediens
3228 2996 3301 3051 ab
3322 2996 3465 3051 urbe

1847 3083 2221 3151 Parisiorum,
2275 3086 2406 3155 post
2448 3085 2644 3138 oscula
2699 3087 2756 3139 et
2804 3084 3085 3155 lacrymas
3133 3087 3464 3156 parentum,

147 3169 376 3238 ejusdem
400 3170 683 3236 civitatis,
713 3186 842 3241 qua:
885 3186 1020 3225 eum
1050 3171 1390 3242 contingere
1422 3171 1743 3239 videbatur,
1770 3187 1817 3251 α
1848 3172 1988 3227 dum
2013 3188 2184 3227 curru
2210 3173 2536 3239 veheretur,
2566 3172 2624 3227 in
2656 3172 2769 3245 ipss
2794 3183 2975 3245 porta:
3006 3172 3207 3228 limine
3231 3172 3466 3229 eﬁ‘racto

142 3256 268 3326 juste
290 3260 500 3316 amisit.
540 3258 886 3313 Mummolus
905 3261 1130 3328 partem
1163 3258 1570 3331 Massiliae,quue
1599 3259 1748 3314 Gun-

148 3347 389 3402 trannum
422 3366 488 3405 ac
532 3346 964 3403 Childebertum
999 3348 1428 3419 competebat,a
1458 3365 1518 3403 se
1550 3364 1746 3419 perva-

146 3449 247 3489 sam
274 3437 547 3493 reddidit.
566 3435 940 3506 Chilpericus,
959 3439 1223 3490 metuens
1239 3436 1646 3491 Guntrannum
1685 3440 1745 3491 et

149 3521 558 3580 Childebertum
578 3527 787 3579 contra
806 3540 865 3579 se
883 3523 1259 3596 conspirasse,
1284 3524 1437 3597 apud
1469 3525 1741 3580 Camara-

149 3623 255 3665 cum
282 3614 584 3670 thesauros
638 3629 931 3685 omneque
975 3612 1347 3680 defensionis,
1390 3631 1506 3668 suae
1546 3613 1739 3685 praesi-

149 3695 279 3755 dium
306 3703 694 3769 constituens,
733 3700 1047 3755 exercitum
1080 3717 1231 3772 saepe
1256 3702 1550 3769 movebat,
1584 3704 1643 3756 et
1675 3718 1739 3756 ac

150 3785 266 3843 siad
294 3792 565 3861 praelium
597 3804 1025 3863 progressurus,
1060 3789 1119 3843 in
1173 3790 1561 3861 papilionibus
1606 3789 1740 3845 resi-

152 3874 264 3932 dere
286 3880 558 3937 faciebat.

739 3984 963 4039 CAPUT
1003 3984 1108 4043 LV.

152 4069 220 4125 De
242 4072 562 4131 Innocentio
594 4073 978 4130 Rat/cenarum
1029 4077 1080 4128 et
1138 4072 1389 4143 Sulpicio
1420 4074 1743 4145 Biturigum

205 4146 498 4291 ῐρὺοὲῖῗδη
513 4145 688 4217 deque
710 4159 958 4199 rosarum
967 4145 1413 4215 pramaturitate
1443 4152 1493 4200 et
1521 4144 1745 4201 arbori-

241 4231 296 4272 κε
354 4234 376 4271 ι
407 4233 547 4274 ens.

207 4321 514 4380 Theodosio
546 4322 953 4377 Ruthenorum
978 4321 1245 4393 episcopo
1268 4321 1742 4388 defuncto,lnno-

153 4411 829 4468 centiusGavalitanorum
851 4426 1068 4476 comes,
1084 4427 1187 4482 per
1214 4411 1510 4465 decretum
1528 4411 1741 4465 Brune-

1849 3260 2017 3315 unius
2050 3277 2153 3315 axe
2193 3262 2359 3326 rotte,
2392 3261 2465 3315 ad
2498 3263 2716 3315 terram
2748 3260 2981 3316 corruit.
3018 3260 3118 3316 Cui
3164 3277 3296 3316 cum
3341 3262 3467 3333 plu-

1848 3348 1983 3403 rimi
2017 3348 2234 3402 malam
2273 3351 2546 3420 optarent
2573 3349 2803 3414 horam,
2835 3350 3081 3421 populus
3108 3349 3219 3404 hoc
3247 3365 3353 3422 pro
3368 3367 3468 3405 au-

1847 3436 2024 3507 spicio
2071 3436 2340 3507 suscepit.
2376 3437 2523 3491 Dum
2551 3440 2750 3491 octavo
2775 3436 3023 3507 denique
3055 3436 3125 3491 ab
3175 3438 3316 3493 urbe
3346 3437 3475 3493 mil-

1845 3524 2011 3581 liario
2044 3524 2300 3579 tentoria
2346 3522 2620 3591 ﬁxissent,
2661 3523 3083 3596 quinquaginta
3133 3524 3262 3592 viri,
3293 3526 3473 3595 raptis

1842 3616 2081 3670 centum
2112 3612 2275 3686 equis
2306 3628 2437 3668 cum
2469 3628 2671 3667 eorum
2698 3611 2886 3665 aureis
2923 3611 3194 3683 phaleris,
3227 3611 3301 3666 ad
3318 3612 3470 3667 Chil-

1843 3704 2153 3760 debertum
2198 3718 2397 3774 regem
2450 3716 2509 3755 se
2558 3700 2953 3755 contulerunt.
2987 3698 3150 3753 Unde
3204 3701 3471 3755 metuens

1844 3791 2222 3865 Chilpericus,
2257 3807 2331 3845 ne
2364 3789 2572 3861 aliqua:
2618 3787 2844 3843 insidiae
2884 3790 3231 3861 pararentur
3276 3786 3408 3842 ﬁliae
3440 3804 3475 3842 a

1843 3884 2061 3953 nepote
2084 3897 2186 3935 suo
2220 3882 2307 3935 vel
2372 3880 2571 3945 fratre,
2599 3880 2847 3950 quatuor
2875 3876 3056 3932 millia
3112 3878 3471 3931 armatorum

1843 3970 1890 4040 ej
1901 3987 1966 4024 us
1988 3968 2284 4042 deputavit
2305 3966 2556 4034 tuitioni,
2579 3964 2786 4038 quibus
2803 3965 2961 4021 Bobo
2984 3968 3041 4019 et
3070 3964 3269 4020 Waldo
3301 3963 3473 4019 duces

1842 4060 2157 4130 preerant.
2193 4056 2478 4130 Praecepit
2505 4055 2683 4111 etiam
2714 4056 2779 4109 ut
2810 4054 2882 4109 de
2911 4054 3242 4109 substantiis
3266 4069 3477 4126 paupe-

1843 4164 1978 4201 rum
2019 4145 2347 4200 necessaria
2377 4144 2458 4199 eis
2497 4144 2554 4199 in
2588 4143 2792 4198 itinere
2849 4143 3427 4199 subministrareutur
3459 4160 3474 4200 :

1846 4251 1919 4289 ne
1954 4234 2077 4289 ﬁsci
2113 4233 2378 4289 redditus
2430 4233 2624 4304 aliquo
2670 4232 2847 4287 modo
2895 4231 3320 4287 minuerentur.
3362 4231 3477 4289 Hac

1847 4322 2026 4394 igitur
2057 4338 2192 4377 cum
2221 4338 2460 4394 pompa,
2489 4338 2736 4393 cumque
2763 4320 3060 4392 utriusque
3085 4338 3249 4376 sexus
3277 4321 3475 4376 multi-

1846 4410 2024 4465 moda
2055 4408 2616 4479 familia,Hispanias
2642 4408 2811 4481 petiit
2841 4407 3146 4479 Chilperici
3163 4408 3316 4481 regis
3336 4409 3474 4465 ﬁlia.

155 4496 328 4554 childis
357 4501 601 4573 reginas,
639 4497 928 4565 successit,
975 4480 1239 4569 Remigio
1271 4515 1501 4570 quoque
1535 4498 1740 4553 Bituri-
1767 4480 1819 4539 D
1846 4499 1887 4553 li
1918 4515 2054 4554 vero
2081 4498 2178 4571 qui
2210 4515 2343 4553 eam
2375 4480 2761 4566 deducebant,
2787 4501 2994 4554 cuncta
3022 4514 3129 4571 per
3153 4480 3282 4572 qua:
3311 4497 3476 4555 ibant

157 4596 272 4651 gum
332 4588 580 4660 praesule
636 4584 975 4640 decedente.
1009 4584 1293 4656 Sulpicius
1329 4602 1363 4639 a
1402 4585 1741 4642 Guntranno

159 4686 271 4744 rege
290 4676 658 4732 substituitur
685 4691 699 4728 :
726 4674 954 4729 dicente
983 4674 1226 4745 prmfato
1257 4674 1519 4745 principe
1547 4675 1743 4730 multis

156 4760 487 4837 episcopatus
506 4763 1019 4835 competitoribus:
1057 4786 1083 4811 ‹‹
1115 4763 1238 4817 Non
1269 4767 1376 4826 est,
1406 4763 1613 4835 inquit,
1643 4781 1743 4819 no-

157 4851 264 4903 stra:
309 4852 666 4908 consuetudo
712 4850 1172 4905 mansuetudinis
1230 4851 1495 4906 ecclesias
1535 4851 1739 4907 Christi

158 4937 315 5002 pretio
345 4942 622 5006 vendere,
682 4956 754 4993 ne
786 4954 893 4993 nos
921 4938 1302 4994 damnatione
1332 4939 1515 5011 digni,
1549 4944 1605 4995 et
1642 4957 1740 4996 vos

156 5021 291 5096 Mago
320 5028 545 5085 Simoni
568 5028 786 5083 similes
836 5027 1001 5082 videa
1030 5026 1231 5081 mini.»
1274 5029 1340 5082 Et
1361 5028 1468 5083 hoc
1504 5028 1738 5100 quidem

158 5125 238 5165 rex
259 5114 492 5187 dignum
528 5117 818 5171 memoria
859 5115 1099 5187 protulit
1150 5117 1408 5171 verbum.
1438 5117 1553 5172 Hoc
1586 5134 1739 5172 anno

155 5213 277 5255 rosa:
303 5205 430 5260 visae
462 5208 599 5260 sunt
647 5220 845 5259 mense
896 5203 1199 5270 Januario;
1242 5209 1298 5259 et
1326 5204 1581 5272 arbores,
1613 5222 1740 5276 quae

156 5300 329 5345 mense
374 5294 523 5349 Julio
585 5293 803 5347 fructus
844 5292 1229 5363 protulerant,
1269 5293 1482 5347 iterum
1543 5308 1742 5348 mense

158 5371 449 5447 Septembri
472 5380 619 5436 alios
641 5381 1025 5451 protulerunt.

696 5468 919 5523 CAPUT
952 5470 1082 5526 LVI.

157 5549 224 5605 De
248 5553 372 5623 ﬁlia
402 5556 720 5628 Chilperici
747 5574 898 5628 regis
922 5574 1028 5629 per
1056 5558 1275 5629 legatos
1303 5553 1738 5626 desponsatione.

220 5640 271 5694 In
291 5646 439 5715 cujus
462 5645 679 5700 mensis
693 5647 982 5712 Kalendis,
1006 5646 1360 5717 Chilperieus
1382 5642 1559 5696 ﬁliam
1580 5657 1742 5694 suam

162 5722 515 5799 Hispanorum
552 5733 673 5804 regi
707 5734 814 5791 hoc
837 5734 1043 5790 ordine
1070 5749 1175 5804 per
1202 5734 1425 5802 legatos
1455 5727 1739 5800 desponit.

1846 4589 2069 4643 vastata
2099 4586 2464 4659 linquebant.

2490 4694 2720 4749 CAPUT
2758 4694 2912 4749 LVII.

1843 4784 1927 4840 De
1956 4781 2340 4854 Fredegundzs
2361 4787 2483 4837 astu
2505 4788 2555 4836 et
2583 4781 2880 4854 illecebris,
2909 4784 2958 4835 et
2989 4777 3302 4854 Chilperici
3325 4780 3478 4854 obitu

1915 4869 1982 4909 ac
2010 4850 2276 4924 moribus.
2305 4854 2492 4924 Deque
2527 4851 2950 4909 Aurelianorum
2980 4850 3478 4909 cum’BIesensz'bus

1915 4926 1978 4977 in
2012 4923 2295 4981 Duuenses
2327 4924 2679 4995 expeditione.

1914 5031 2052 5084 Erat
2083 5033 2279 5084 autem
2312 5028 2557 5100 prmfata
2593 5023 3191 5097 Fredegundisforma
3220 5025 3475 5097 egregia,

1843 5116 2083 5175 consilio
2111 5117 2338 5182 callida,
2371 5115 2518 5170 dolis
2544 5114 2808 5184 (excepta
2834 5111 3234 5183 Brunechilde)
3276 5129 3477 5185 parem

1861 5206 2075 5260 nescia.
2110 5206 2246 5269 Quae
2278 5204 2507 5260 addicto
2536 5202 2607 5257 ad
2639 5219 2767 5257 suas
2814 5199 3083 5256 libidines
3134 5200 3476 5273 Chilperico,

1857 5293 1940 5347 ita
1956 5296 2216 5346 mentem
2248 5293 2369 5363 ejus
2400 5292 2711 5364 cupiditate
2743 5290 2827 5346 sui
2859 5289 3296 5345 obstruxeratut
3312 5288 3479 5343 femi-

1868 5396 2009 5434 neas
2039 5379 2269 5433 vincme
2297 5397 2413 5434 nou
2459 5380 2776 5454 praevalens
2824 5375 3142 5444 aviditates,
3174 5377 3336 5449 quasi
3373 5377 3482 5435 vile

1857 5464 2215 5536 mancipium
2266 5466 2587 5523 insolentiae
2607 5465 2873 5523 muliebri
2893 5465 3480 5536 obsequeretur.Dum

1851 5552 2031 5622 igitur
2064 5552 2328 5623 impenso
2348 5569 2474 5607 eam
2518 5556 2781 5626 diligeret
2834 5569 3056 5621 amore,
3104 5555 3479 5626 quadamdie,

1860 5642 2131 5693 venatum
2160 5639 2539 5710 profecturus,
2558 5659 2589 5696 e
2620 5643 2851 5713 regiain
2870 5643 3159 5699 stabulum
3183 5636 3479 5701 descendit

1852 5743 2160 5802 equorum.
2204 5727 2422 5799 Regina
2453 5745 2585 5786 vero
2625 5731 2922 5788 aestimans
2950 5749 3152 5805 regem
3178 5733 3305 5805 jam
3336 5749 3468 5805 pro-
