3882 6212
395 461 497 522 731

1497 458 1761 518 ΑΙΜΟῙΝΙ
1787 457 2106 517 MONACIII‘
2134 456 2630 516 FLORIACENSIS

3613 462 3725 518 732

399 581 760 659 gressum,in
785 582 1045 642 interiori
1061 583 1318 644 cubiculo
1335 588 1506 660 caput
1534 585 1832 658 proprium
1851 582 2012 658 aquis
2035 586 2090 648 Α
2123 581 2266 638 duos
2285 581 2460 638 libros
2488 581 2704 637 imitari
2717 579 3013 638 Sedulium
3038 581 3252 638 volens.
3283 581 3347 636 In
3375 580 3584 656 quibus
3599 583 3729 654 pln-

401 674 648 746 parabat
662 674 1042 730 abluere.Rex
1071 691 1208 748 ergo
1230 675 1440 731 iterum
1463 677 1522 730 in
1547 675 1768 748 regiam
1795 689 2016 745 regres-

404 779 519 831 sus,
552 763 882 818 cubiculum
918 769 1048 838 post
1076 765 1235 820 illam
1265 763 1518 833 intravit,
1549 767 1607 820 et
1633 781 1784 830 eam,
1825 767 1886 817 ut
1921 763 2013 834 ja-

402 853 590 920 cebat,
621 867 793 924 super
810 869 1111 908 scamnum
1128 853 1408 909 acclinem
1436 855 1636 909 baculo
1661 854 1720 908 in
1739 851 2016 925 posterio-

405 941 567 997 ribus
595 941 804 996 ludens
848 943 1144 1014 percussit.
1177 944 1279 998 Illa
1303 947 1610 998 autumans
1637 941 2015 998 Landericum

409 1031 520 1086 hoc
544 1029 744 1084 fecisse
768 1030 891 1102 (qui
917 1047 1110 1087 comes
1137 1035 1270 1087 tunc
1326 1035 1384 1087 et
1418 1032 1607 1103 major
1648 1032 1853 1087 domus
1893 1032 2018 1084 erat

405 1117 582 1190 regiae
597 1121 1082 1191 consueveratque
1101 1137 1231 1175 cum
1245 1119 1449 1192 regina
1463 1119 1642 1191 stupri
1657 1119 1870 1174 habere
1885 1135 2018 1173 con-

408 1205 822 1272 suetudinem),
855 1207 936 1262 ait
967 1224 1028 1262 :«
1059 1209 1130 1263 Ut
1149 1209 1306 1280 quid,
1335 1208 1811 1274 Landerice,talia
1826 1207 2014 1261 facere

407 1293 742 1366 praesumis!
771 1315 798 1343 ››
818 1295 973 1350 Illico
994 1312 1114 1362 rex,
1145 1312 1210 1350 ac
1229 1296 1274 1350 si
1292 1313 1494 1352 amens
1519 1295 1873 1362 etfectus,ubi
1894 1295 2017 1348 haec

407 1382 642 1449 audivit,
671 1382 730 1438 in
761 1383 1150 1454 suspicionem
1177 1384 1473 1452 deductus,
1507 1383 1904 1456 indignatione
1929 1383 2014 1438 ni-

407 1470 527 1527 mia
549 1471 749 1526 furens
769 1469 1064 1543 animique
1092 1471 1299 1544 impos,
1335 1473 1557 1539 exsiliit,
1581 1472 1808 1544 fugiens
1840 1471 2017 1543 turpis

407 1559 750 1631 corruptelas
781 1561 1072 1632 contagia.
1102 1561 1214 1616 Nec
1243 1562 1533 1616 furentem
1555 1562 1818 1633 capiebat
1865 1563 2012 1616 aula.

407 1651 606 1721 Itaque
633 1649 905 1704 silvarum
925 1653 1145 1705 secreta
1165 1651 1348 1723 petiit,
1372 1655 1434 1706 ut
1455 1650 2018 1706 venatibusintentus

408 1739 634 1792 tantum
676 1737 872 1792 animo
903 1742 1243 1810 conceptam
1282 1739 1490 1794 leniret
1514 1739 1891 1794 iracundiam.
1919 1740 2020 1793 Co-

409 1842 692 1897 gnoscens
712 1843 844 1883 vero
860 1828 1062 1898 regina
1087 1845 1206 1884 non
1227 1845 1392 1900 aequo
1413 1829 1608 1884 animo
1629 1845 1826 1900 regem
1849 1829 2022 1884 verba

2117 671 2252 726 rimi
2284 688 2475 726 versus
2505 687 2706 726 scazon
2738 673 2923 738 erant,
2961 672 3160 726 breves
3188 687 3420 742 quoque
3472 671 3728 743 syllabas

2118 777 2222 831 pro
2261 759 2466 831 longis,
2515 761 2830 830 longasque
2871 775 2974 830 pro
3011 759 3274 814 brevibus
3313 758 3725 815 continebant.

2116 848 2376 919 Cumque
2417 851 2475 902 et
2494 847 2605 902 alia
2635 849 2926 920 Opuscula,
2955 849 3039 902 vel
3071 848 3320 919 hymnos
3349 846 3464 903 sive
3525 847 3732 902 missas

2115 939 2517 1010 componeret,
2549 954 2676 1008 qua;
2709 937 2865 990 nulla
2893 938 3164 1006 poterant
3215 935 3442 990 ratione
3489 936 3726 1006 suscipi,

2115 1041 2242 1080 cum
2277 1025 2409 1096 ipsis
2434 1025 2609 1079 etiam
2627 1023 2939 1080 memorati
2953 1023 3211 1096 superius
3225 1023 3354 1077 libri
3374 1039 3408 1076 a
3438 1025 3734 1078 memoria

2115 1113 2314 1168 aboliti
2330 1118 2464 1168 sunt
2485 1113 2810 1168 hominum.
2842 1112 3050 1167 Causas
3066 1127 3387 1184 pauperum
3408 1127 3529 1166 non
3562 1111 3733 1166 facile

2115 1202 2188 1258 ad
2225 1220 2285 1257 se
2321 1201 2548 1273 ingredi
2603 1201 2852 1268 sinebat,
2901 1200 3175 1256 Ecclesias
3226 1216 3326 1255 seu
3374 1199 3736 1254 monasteria

2113 1290 2303 1344 hostili
2323 1291 2456 1346 odio
2473 1291 2858 1346 insectabatur
2881 1306 2894 1344 :
2925 1290 3072 1345 adeo
3095 1292 3158 1344 ut
3181 1289 3526 1360 plerumque
3548 1288 3609 1342 in
3631 1305 3734 1360 pa-

2115 1378 2255 1434 latio
2285 1379 2543 1435 residens
2559 1379 2877 1434 astantibus
2894 1377 2998 1434 sibi
3019 1377 3264 1432 diceret:
3293 1399 3320 1427 (ι
3350 1376 3734 1444 Ecce,divitiae

2117 1471 2330 1524 nostra:
2361 1469 2434 1524 ad
2459 1468 2725 1523 ecclesias
2748 1467 3102 1522 transierunt
3124 1464 3262 1530 ;soli
3282 1480 3436 1518 nunc
3473 1464 3736 1536 episcopi

2117 1561 2384 1628 regnant,
2403 1557 2536 1612 solis
2547 1557 2627 1612 eis
2653 1557 2910 1611 defertur
2927 1555 3136 1610 honor.
3156 1572 3188 1605 ›>
3202 1553 3546 1610 Sacerdotes
3557 1553 3736 1608 etiam

2117 1647 2350 1701 Domini
2379 1645 2486 1700 sibi
2511 1645 2570 1700 in
2597 1645 2852 1700 fabulam
2877 1646 3126 1698 verterat
3150 1645 3208 1696 et
3237 1641 3295 1696 in
3324 1641 3726 1714 proverbium.

2121 1733 2270 1798 Quid
2293 1738 2486 1788 autem
2510 1735 2676 1806 plura
2709 1733 2777 1787 de
2795 1733 2918 1802 ejus
2943 1731 3133 1802 parvis
3151 1745 3524 1786 recensemus
3553 1729 3738 1784 mori-

2119 1823 2228 1877 bus
2254 1823 2282 1877 ?
2311 1823 2543 1877 Nullum
2575 1821 2824 1892 denique
2858 1836 3116 1892 unquam
3162 1818 3419 1894 perfecte
3441 1817 3674 1884 dilexit,
3707 1833 3742 1872 a

410 1913 604 1969 tulisse
633 1931 755 1982 sua,
785 1918 847 1970 et
871 1916 1192 1987 periculum
1244 1934 1360 1972 suae
1413 1917 1720 1973 imminere
1751 1917 1939 1984 saluti,
1975 1915 2019 1970 si
2047 1900 2100 1959 Β
2123 1912 2279 1965 nullo
2311 1911 2552 1966 dilectus
2580 1913 2684 1965 est.
2721 1910 2836 1964 Hoc
2869 1909 3046 1964 modo
3063 1907 3236 1980 periit
3256 1905 3472 1962 invisus
3486 1905 3742 1970 suis,nec

409 2019 544 2058 eum
567 2004 932 2076 opperiretur
959 2009 1289 2074 venturum,
1322 2007 1594 2062 timorem
1626 2007 1823 2078 abjicit
1847 2007 2018 2061 femi-

410 2107 706 2163 neumque
720 2093 1025 2149 audaciam
1039 2095 1350 2150 assunit.Et
1373 2095 1608 2150 mittens
1628 2095 1872 2166 vocaritj
1883 2094 2020 2150 ussit

411 2178 814 2249 Laudericum,
843 2183 934 2237 cui
978 2185 1036 2240 et
1065 2181 1241 2252 dixit;
1271 2207 1298 2234 ‹‹
1331 2186 1442 2240 Res
1491 2185 1690 2256 capitis
1732 2185 1834 2250 tui,
1872 2184 2016 2238 Lan-

410 2266 779 2336 derice,nunc
793 2270 985 2342 agitur
1003 2289 1017 2340 ;
1036 2275 1276 2344 plusque
1303 2273 1406 2328 tibi
1439 2273 1510 2328 de
1532 2274 1823 2344 sepultura
1843 2287 2018 2343 quam

410 2355 482 2411 de
512 2357 743 2426 lectulo,
765 2359 874 2414 nisi
889 2375 1075 2428 caves,
1091 2361 1150 2414 in
1169 2361 1430 2432 proximo
1462 2361 1834 2434 cogitandum
1853 2359 2014 2414 erit.»

409 2444 780 2518 Narravitque
809 2445 862 2500 ei
891 2451 1098 2502 cuncta
1121 2465 1248 2520 qua:
1281 2448 1432 2504 dicta
1461 2465 1562 2503 seu
1576 2451 1738 2520 gesta
1762 2448 2012 2502 fuerant.

411 2531 632 2596 Quibus
657 2533 888 2606 agnitis,
919 2535 1266 2591 Landericus
1279 2539 1549 2609 reputare
1579 2553 1770 2591 secum
1803 2537 2018 2591 scelera

409 2636 512 2674 sua
536 2620 656 2690 ipse
686 2621 860 2692 ccepit
885 2626 941 2678 et
1000 2625 1364 2680 conscientia:
1423 2625 1664 2681 stimulis
1715 2625 2012 2696 exagitari.

410 2707 640 2762 Nullum
682 2710 832 2782 fuga:
863 2713 1077 2779 locum,
1111 2729 1219 2768 nec
1253 2713 1533 2768 evadendi
1563 2713 1877 2768 subsidium
1907 2713 2014 2768 sibi

409 2794 677 2852 relictum
698 2815 713 2867 ;
731 2798 1208 2865 circumventum,
1236 2801 1390 2856 velut
1410 2801 1752 2874 quibusdam
1777 2801 2012 2868 retibus,

411 2886 470 2937 et
493 2887 724 2958 captum
752 2888 1224 2962 teneri.Denique
1239 2890 1620 2961 ingemiscens
1633 2890 1830 2946 altius:
1853 2913 1881 2940 «
1899 2891 2014 2957 νω,

411 2971 619 3044 inquit,
645 2975 778 3043 dici,
799 2993 912 3050 quo
933 2977 991 3033 in
1012 2981 1232 3037 tantam
1249 2981 1436 3035 cordis
1449 2981 1900 3035 amaritudinem
1919 2980 2018 3035 de-

411 3061 578 3117 veni!
609 3063 934 3122 Discrucior
983 3068 1159 3124 miser
1203 3069 1420 3136 animo,
1457 3073 1514 3125 et
1538 3070 1676 3143 quid
1701 3087 1872 3142 agam
1931 3069 2018 3123 vel

411 3165 524 3243 quo
544 3166 639 3243 me
654 3155 876 3243 vertam
893 3154 1120 3226 ignoro.
1139 3178 1166 3205 »
1185 3157 1285 3212 Cui
1303 3157 1694 3229 Fredegundis
1718 3175 1731 3212 :
1757 3158 2020 3212 «Auscul-
2051 3181 2100 3243 ο

413 3240 490 3303 ta,
520 3238 621 3307 ait,
649 3241 844 3310 paucis
871 3261 884 3311 ;
919 3247 976 3298 et
994 3245 1133 3317 quid
1148 3261 1255 3318 ego
1287 3249 1344 3301 te
1375 3247 1563 3301 facere
1592 3247 1859 3312 velim,et
1883 3245 2021 3318 quid

413 3326 580 3382 nobis
621 3331 989 3400 profuturum
1035 3334 1126 3402 sit,
1177 3335 1337 3391 scies.
1397 3337 1738 3392 Revertente
1781 3352 1919 3406 rege
1949 3333 2021 3389 de

411 3417 741 3488 venatione,
773 3425 837 3477 ut
854 3422 907 3476 ei
929 3439 1055 3478 mos
1080 3427 1185 3492 est,
1211 3426 1314 3480 sub
1337 3425 1581 3481 obscura
1596 3428 1784 3494 nocte,
1811 3423 2022 3479 immit-

413 3505 1056 3584 tantur'homicidze,qui
1068 3514 1442 3584 prasmiorum
1458 3514 1871 3586 pollicitatione
1891 3529 2022 3568 con-

412 3593 706 3666 temptum
765 3604 1060 3657 sumentes
1089 3601 1457 3671 vitae,lethali
1513 3620 1648 3659 eum
1690 3601 2022 3674 perfodiunt

407 3685 662 3744 vulnere.
693 3686 816 3752 Quo
843 3688 1018 3758 facto,
1044 3706 1150 3746 nos
1188 3692 1372 3746 securi
1397 3709 1432 3746 a
1479 3691 1682 3746 mortis
1738 3690 2016 3760 periculo,

409 3791 538 3831 cum
562 3775 682 3832 filio
693 3777 1066 3846 regnabimus
1086 3779 1432 3836 Phlotario.»
1449 3779 2022 3834 LaudatLandericus

411 3863 738 3932 consilium,
769 3867 826 3920 et
843 3869 1231 3922 revertentem
1253 3868 1324 3922 de
1355 3867 1494 3921 silva
1522 3865 2023 3938 Chilpericum,his

413 3953 510 4025 qui
543 3969 677 4009 cum
721 3969 789 4008 eo
814 3957 1094 4009 venerant
1133 3954 1246 4009 alio
1298 3953 1554 4022 intentis,
1586 3953 2024 4009 circumstantes

414 4042 513 4114 qui
552 4041 714 4096 missi
739 4041 970 4096 fuerant
996 4045 1284 4114 praecepto
1323 4041 1700 4110 satisfaciunt,
1724 4045 1896 4115 atque
1922 4044 2022 4100 de-

413 4129 704 4186 silientem
721 4145 870 4200 equo
887 4130 1245 4202 opprimunt,
1263 4133 1580 4187 clamantes
1595 4133 2022 4202 «insidiatores,

415 4235 450 4273 a
479 4217 846 4272 Childeberto
891 4234 1028 4290 rege
1074 4220 1366 4276 Austrasio
1419 4220 1686 4287 directos,
1718 4222 2022 4278 dominum

417 4321 586 4360 suum
630 4305 991 4361 interemisse
1005 4310 1064 4362 et
1084 4325 1144 4362 se
1169 4307 1226 4362 in
1254 4310 1430 4382 pedes
1458 4311 1795 4384 quantocius
1822 4311 2022 4366 silvam

2121 1999 2384 2054 amabilis
2415 1999 2721 2054 extraneis.

2193 2088 2470 2142 Defuncto
2503 2086 2844 2158 Chilperico,
2879 2085 3319 2140 Aurelianenses
3345 2083 3537 2154 juncti
3575 2083 3740 2138 Bele-

2119 2177 2375 2232 sensibus
2406 2176 2836 2250 expeditionem
2860 2190 3031 2246 super
3049 2175 3347 2229 Dunenses
3366 2175 3742 2243 agentes,eos

2119 2265 2418 2337 inopinate
2450 2267 2856 2336 oppresserunt
2887 2280 2901 2331 ;
2943 2279 3035 2318 res
3061 2277 3264 2318 eorum
3302 2259 3551 2315 mobiles
3569 2259 3732 2314 aufe-

2122 2357 2320 2409 rentes
2350 2353 2676 2407 immobiles
2707 2353 2840 2424 igne
2866 2353 3210 2406 cremantes.
3261 2349 3374 2404 Sed
3425 2347 3510 2404 eis
3537 2347 3614 2402 ad
3644 2363 3743 2402 sua

2117 2442 2520 2508 reduentibus,
2555 2439 2850 2496 Carnotini
2879 2456 3013 2494 cum
3060 2438 3422 2494 Dunensibus
3473 2435 3741 2493 fmderati

2117 2530 2365 2586 similem
2395 2547 2498 2603 per
2517 2528 2717 2584 omnia
2749 2527 3324 2584 ultionisinflixerunt
3341 2527 3608 2598 plagam,
3647 2539 3744 2596 par

2117 2619 2242 2691 pari
2266 2619 2601 2674 referentes.
2635 2617 2705 2672 Et
2735 2633 2867 2672 cum
2893 2616 2952 2670 in
2997 2616 3186 2687 majus
3211 2614 3300 2670 ira
3321 2615 3742 2684 augmentare-

2117 2705 2758 2775 tur,intervenientibus
2775 2704 3071 2778 utriusque
3095 2703 3272 2779 partis
3293 2701 3614 2760 comitibus
3635 2717 3740 2773 pax

2117 2791 2269 2852 facta
2297 2799 2403 2854 est.

2761 2902 2986 2958 CAPUT
3012 2901 3190 2956 LVIII.

2119 2994 2204 3049 De
2231 2992 2607 3066 Fredegundis
2639 2997 2690 3049 σι
2719 2993 3190 3136 ιήεδῗτινᾳῂονκνπ
3225 2986 3550 3062 Chilperici
3600 3003 3743 3062 pro-

2859 3079 3036 3136 ugus.

2859 3079 3036 3136 ugus.

2190 3157 2415 3210 Interea
2435 3153 2824 3225 Fredegundis
2856 3153 3058 3224 regina
3101 3151 3310 3207 marito
3365 3149 3626 3216 viduata,
3670 3147 3738 3203 ad

2120 3243 2416 3298 basilicam
2446 3241 2744 3297 Parisiacze
2771 3241 2925 3297 urbis
2951 3241 3011 3296 in
3042 3241 3265 3296 honore
3297 3241 3515 3294 sanctae
3547 3237 3739 3294 Marias

2123 3333 2394 3399 dicatam,
2417 3349 2550 3386 cum
2575 3330 2856 3386 thesauris
2875 3347 3018 3402 quos
3031 3345 3224 3384 secum
3247 3329 3503 3383 habebat
3519 3343 3585 3382 se
3602 3343 3740 3382 con-

2121 3419 2388 3488 ferens,'a
2417 3419 2795 3491 Raguemodo
2811 3417 3116 3489 suscipitur
3133 3417 3422 3488 episcopo.
3441 3416 3588 3470 Nam
3616 3417 3745 3470 the-

2122 3509 2360 3565 saurarii
2377 3507 2677 3579 Chilperici
2703 3507 3023 3578 regis,cum
3051 3505 3336 3561 thesauris
3357 3503 3517 3576 apud
3533 3503 3737 3559 Galam

2122 3601 2308 3654 vicum
2330 3597 2572 3669 repertis
2600 3613 2846 3667 cumque
2874 3594 3144 3650 missorio
3178 3609 3355 3649 aureo
3381 3609 3562 3664 quem
3587 3592 3741 3648 idem

2122 3705 2220 3745 rex
2252 3685 2480 3758 magnis
2506 3684 2818 3740 fabricaret
2845 3682 3148 3756 impensis,
3180 3681 3255 3737 ad
3306 3681 3742 3737 Childebertum

2123 3793 2324 3850 regem
2341 3791 2400 3831 se
2418 3775 2803 3830 contulerunt.
2822 3771 3226 3828 Porro'eadem
3243 3769 3450 3842 regina
3467 3767 3740 3841 prudenti

2125 3865 2361 3923 consilio
2379 3880 2498 3932 usa,
2527 3863 2602 3918 ad
2616 3863 3020 3916 Guntrannum
3039 3876 3240 3930 regem
3269 3860 3493 3929 legatos
3505 3858 3738 3922 direxit,

2128 3956 2413 4012 mandans
2444 3971 2503 4009 se
2533 3970 2662 4008 cum
2719 3952 2858 4019 filio,
2891 3967 3065 4023 quem
3097 3967 3162 4006 ex
3195 3948 3522 4022 Chilperico
3555 3947 3731 4002 fratre

2127 4046 2302 4120 ipsius
2344 4045 2692 4113 susceperat,
2727 4040 2784 4095 in
2810 4040 3138 4095 clientelam
3169 4038 3250 4092 illi
3280 4039 3425 4092 velle
3474 4036 3726 4101 tradere,

2125 4137 2514 4199 Guntrannus,
2533 4132 2603 4186 de
2624 4130 2816 4185 fratris
2840 4129 3080 4184 interitu
3099 4125 3249 4182 veris
3265 4125 3497 4182 indiciis
3527 4125 3738 4180 certior

2126 4225 2327 4289 factus,
2349 4220 2594 4276 Parisius
2620 4235 2850 4273 summo
2881 4216 3070 4272 studio
3100 4214 3424 4270 contendit.
3482 4213 3739 4270 Occurrit

2127 4317 2325 4368 autem
2360 4311 2412 4366 ei
2442 4307 2836 4379 Fredegundis
2853 4308 2912 4361 et
2934 4321 3068 4361 eum
3099 4303 3252 4360 intra
3280 4303 3486 4368 urbem
3500 4302 3734 4373 recepit.

417 4409 609 4449 versus
638 4393 880 4450 dedisse.
917 4417 944 4445 η
979 4396 1102 4462 Quo
1129 4397 1344 4467 audito,
1377 4399 1472 4472 qui
1503 4400 1764 4469 aderant,
1781 4400 2026 4472 arreptis
2053 4465 2092 4472 _
2127 4405 2261 4458 Post
2313 4415 2484 4472 quem
2517 4396 2912 4452 Childebertus
2933 4393 3264 4460 adveniens,
3309 4391 3506 4467 duma
3531 4391 3737 4461 civibus

417 4483 599 4554 equis,
632 4499 777 4557 quos
804 4501 921 4540 non
952 4486 1225 4542 videbant
1239 4465 1460 4562 insequi
1477 4491 1666 4546 conati
1697 4465 1848 4546 sunt.
1874 4465 2028 4554 Q-uos
2053 4465 2104 4525 D
2127 4465 2416 4564 ingressus
2443 4486 2494 4542 ei
2523 4485 2952 4558 prohiberetur,
2985 4483 3058 4538 ad
3098 4485 3368 4553 patruum
3403 4465 3608 4556 mittit,
3637 4496 3737 4553 po—

413 4588 548 4627 cum
571 4572 826 4630 minime'
845 4575 1212 4644 invenissent,
1246 4578 1320 4634 ad
1349 4579 1584 4653 propria
1615 4582 1750 4634 sunt
1791 4579 2022 4635 reversi.

413 4659 748 4741 Madalulfus
775 4662 1210 4721 Silvanectensis
1232 4667 1530 4741 episcOpus
1555 4666 1677 4740 (qui
1699 4669 1824 4739 jam
1856 4668 2028 4723 tertia

384 4795 386 4800 .
417 4750 512 4808 die
539 4739 600 4807 in
635 4753 886 4810 tentorio
934 4755 1221 4811 residebat
1248 4739 1448 4828 etregi
1479 4739 1720 4813 minime
1779 4756 2028 4830 colloqui

416 4845 646 4914 poterat
688 4846 927 4914 propter
972 4845 1186 4900 fastum
1241 4845 1545 4917 superbiae,
1579 4863 1695 4918 qua
1724 4846 1882 4901 idem
1927 4862 2027 4902 rex

413 4932 693 5003 tumebat)
727 4935 789 4986 ut
817 4949 950 4988 eum
969 4933 1335 4990 interfectum
1350 4935 1894 5006 cognovit,advenit.
1919 4935 2029 4990 Ab-

416 5021 650 5092 latoque
700 5021 824 5092 ejus
849 5038 1092 5094 corpore
1121 5024 1181 5078 et
1207 5027 1361 5078 veste
1389 5023 1614 5079 meliori
1645 5023 2024 5092 circumdato,

418 5109 548 5165 navi
575 5109 868 5182 imposuit,
895 5114 956 5166 et
985 5127 1019 5167 a
1047 5111 1270 5168 Calensi
1290 5111 1438 5181 villa,
1474 5112 1570 5167 ubi
1590 5113 1713 5167 haec
1745 5115 1874 5167 acta
1902 5112 2027 5166 fue-

2127 4581 2356 4636 sceusut
2378 4578 2612 4649 pactum
2633 4573 2789 4646 quod
2845 4572 3064 4628 dudum
3085 4570 3338 4626 inierant
3368 4569 3584 4624 rectius
3639 4570 3730 4623 lir-

2129 4671 2336 4724 maret.
2362 4666 2574 4720 Verum
2619 4665 2975 4717 memoratus
3010 4659 3280 4732 princeps
3309 4658 3467 4729 ipsos
3497 4657 3731 4730 quidem

2127 4760 2350 4830 legatos
2373 4752 2648 4828 perfidiae,
2669 4750 2990 4822 redarguit,
3011 4748 3166 4820 quod
3183 4763 3389 4802 eorum
3409 4746 3603 4818 parvis
3613 4762 3736 4801 con-

2129 4847 2266 4902 siliis
2285 4843 2558 4908 amicitia,
2583 4841 2724 4896 olim
2757 4855 2891 4894 cum
2926 4840 3138 4911 nepote
3189 4837 3418 4908 juncta,
3451 4836 3735 4906 dirempta

2128 4936 2300 5001 feret;
2328 4949 2390 4988 se
2417 4947 2552 4986 vero
2577 4945 2704 4984 cum
2733 4929 2820 4983 eis
2844 4927 3027 4983 foedus
3057 4943 3172 4982 non
3195 4925 3490 4980 facturum
3509 4939 3736 4997 respon-

2131 5027 2236 5082 dit.
2263 5023 2359 5078 His
2389 5019 2791 5076 Childebertus
2821 5016 2926 5072 sibi
2955 5013 3474 5080 nuntiatis,iterum
3503 5012 3734 5069 manda-

2132 5115 2212 5170 vit
2237 5117 2300 5168 ut
2325 5128 2385 5167 se
2414 5109 2486 5165 de
2509 5123 2692 5180 regno
2719 5102 3060 5167 Chariberti,
3099 5101 3255 5176 quod
3267 5101 3376 5157 sibi
3406 5101 3735 5163 debebatur,

415 5201 569 5266 rant,
603 5198 848 5254 Parisius
869 5200 1178 5268 deducens,
1202 5201 1259 5256 in
1287 5201 1519 5257 basilica
1544 5199 2029 5257 sauctiVincentii
2133 5201 2476 5259 removeret.
2509 5194 2824 5268 Respondit
2879 5194 2972 5248 ille
3003 5191 3162 5248 «sibi
3192 5189 3379 5262 magis
3407 5189 3630 5257 deberi,
3646 5186 3734 5260 qui

416 5287 692 5360 sepelivit.
721 5289 850 5344 Fuit
873 5305 1004 5345 vero
1029 5289 1381 5362 Chilpericus
1411 5289 1560 5361 gulae
1593 5289 1840 5356 dedi-tus,
1873 5289 2032 5359 cujus
2137 5293 2322 5347 frater
2355 5285 2607 5344 defuncti
2638 5287 2782 5351 erat,
2806 5298 2916 5338 nec
2962 5297 3022 5336 se
3054 5280 3168 5336 ulto
3217 5279 3395 5334 modo
3425 5279 3734 5335 fraternam

417 5377 566 5431 Deus
593 5380 796 5432 venter
823 5382 968 5433 erat.
1001 5381 1062 5434 In
1084 5378 1245 5450 cuius
1265 5384 1530 5450 tempore
1549 5379 1716 5451 pauci
1748 5377 1942 5433 clerici
1959 5377 2036 5433 ad
2135 5379 2538 5436 hmreditatem
2565 5372 2728 5429 alteri
2747 5387 3063 5427 cessurum.
3099 5391 3127 5418 ›ι
3153 5369 3400 5423 Rursum
3425 5369 3572 5424 alios
3605 5381 3737 5422 nun-

328 5495 347 5511 κ
417 5463 812 5534 episcopatum
843 5471 978 5521 sunt
1007 5467 1281 5539 promoti,
1301 5468 1424 5540 ipso
1444 5467 1748 5540 neophytis
1769 5463 2036 5522 ecclesias
2139 5470 2246 5525 tios
2283 5467 2520 5522 mittens
2551 5461 2948 5517 Childebertus
2973 5459 3223 5530 rogabat
3257 5463 3320 5511 ut
3350 5453 3734 5528 Fredegundis

417 5552 819 5608 contradente.
849 5557 972 5625 Ipse
1004 5572 1256 5627 namque
1287 5573 1492 5612 omnes
1517 5557 1602 5612 sui
1633 5554 1914 5628 temporis
1945 5571 2035 5609 sa-
2139 5557 2245 5612 sibi
2277 5555 2350 5610 ad
2379 5551 2658 5624 supplicia
2686 5549 3032 5616 traderetur,
3057 5563 3186 5620 qua-
3215 5547 3448 5616 patrem
3482 5561 3612 5600 cum
3640 5557 3730 5615 pa-

419 5638 646 5713 pientes
669 5642 908 5699 scientia
935 5661 992 5700 se
1025 5645 1246 5700 anteire
1297 5645 1650 5714 existimans,
1704 5643 2028 5716 composuit
2140 5651 2272 5700 truo
2301 5642 2556 5714 maligno
2605 5637 2942 5712 peremisset
2965 5635 3222 5708 ingenio.
3279 5633 3602 5706 Respondit
3649 5630 3731 5684 ille

2133 5757 2162 5786 α
2201 5734 2259 5788 in
2291 5729 2554 5805 proximo
2587 5725 2861 5798 placitum
2892 5741 3024 5782 cum
3049 5725 3260 5796 nepote
3291 5738 3354 5779 se
3383 5720 3729 5784 habiturum,
