3882 6212
205 460 327 521 733

1278 463 1602 523 HISTORIA
1636 466 2084 531 FRANCORUM.
2132 504 2204 518 --
2245 475 2375 534 LIB.
2399 477 2492 533 III.

3438 474 3546 537 ’734

202 585 404 659 ibique
436 584 509 643 de
536 584 628 642 his
675 588 736 643 et
763 585 1042 644 similibus
1071 588 1476 647 tractaturum.
1516 611 1543 639 ››
1608 592 1827 666 Eosque
1854 600 1907 659 Α
1934 596 2065 654 ideo
2099 599 2172 655 ad
2220 598 2431 672 ipsum,
2464 599 2625 673 cujus
2655 616 2834 673 nepos
2863 602 3008 669 erat,
3043 599 3265 658 delatus
3284 600 3348 657 ut
3376 597 3450 658 ab
3477 614 3547 657 eo

205 674 259 730 ei
286 691 321 728 a
351 690 467 746 quo
490 673 695 729 directi
734 676 964 732 fuerant
1011 677 1253 733 remisit.
1316 678 1545 735 Occulta
1577 697 1829 753 namque

208 761 580 831 Fredegundi
614 762 919 818 videbatur
949 766 1316 833 patrocinari.
1352 768 1535 831 Quam
1560 769 1698 823 dum
1725 786 1830 824 διες

210 849 339 922 pius
373 850 447 905 ad
477 850 807 905 convivium
846 857 1127 921 evocaret,
1163 872 1276 909 una
1307 855 1531 911 dierum
1564 873 1595 910 e
1630 857 1821 912 medio

206 939 457 1010 prandio
484 940 694 1011 regina
723 958 963 1012 surgens
989 960 1022 997 a
1052 960 1187 1014 rege
1215 943 1583 1008 invitabatur,
1620 950 1681 1002 ut
1730 946 1829 1001 ali-

208 1026 349 1100 quid
379 1027 495 1083 cibi
525 1028 713 1083 adhuc
743 1032 1015 1084 sumeret.
1049 1031 1161 1086 Sed
1193 1031 1290 1087 illa
1318 1033 1483 1103 juxta
1528 1039 1834 1090 consuetu-

207 1115 414 1169 dinem
437 1115 750 1171 mulierum
772 1117 881 1173 sibi
921 1118 1196 1174 accidisse
1221 1120 1448 1175 dicente
1476 1124 1540 1176 ut
1574 1139 1679 1193 pro
1703 1140 1837 1179 con-

208 1207 381 1274 ceptu
411 1208 698 1276 surgeret,
728 1223 825 1260 rex
874 1207 1190 1262 admiratus
1223 1212 1326 1277 est,
1354 1210 1538 1264 sciens
1570 1212 1832 1266 nondum

207 1294 487 1363 quartum
535 1293 877 1367 prmteriisse
911 1312 1194 1365 mensem,
1228 1314 1342 1371 quo
1379 1295 1625 1354 alterum
1660 1317 1832 1373 pepe-

206 1385 389 1439 rerat.

204 1594 293 1649 De
321 1593 586 1670 ‘C’tatafii
610 1594 726 1670 ﬁlii"
750 1509 1059 1668 01:31:53;
1086 1511 1495 1670 principes
1525 1601 1835 1669 inaugura-

479 1667 646 1738 degue
675 1666 1000 1725 Guntranni
1022 1666 1313 1741 plausibili
1333 1666 1692 1743 atipopzilmh
1705 1687 1835 1728 con-

380 1755 415 1790 η
455 1780 468 1792 .

294 1844 597 1916 Principes
647 1861 787 1901 sane
841 1846 1163 1918 Chilperici,
1213 1866 1244 1903 e
1278 1849 1491 1921 quibus
1518 1850 1835 1905 Ansoaldus

1938 688 2309 745 educaretur.
2341 690 2525 756 Quem
2549 690 3178 763 Childebertus,expers
3198 688 3551 756 ﬂliorum,ad

1935 777 2304 833 educandum
2317 779 2961 851 suscepit,poscentique
2976 777 3225 834 Clotario
3238 777 3553 833 videndum

1934 866 2278 921 transmisit.
2312 868 2407 922 Ille
2436 868 2673 922 intuitus
2724 884 2855 922 eum
2884 867 3057 922 incidi
3117 867 3238 938 ejus
3279 865 3555 937 prazcepit

1935 954 2194 1026 capillos,
2230 957 2383 1010 hunc
2405 974 2573 1011 suum
2602 974 2818 1027 negans
2840 956 3026 1012 filium
3057 955 3250 1010 fuisse.
3287 957 3422 1010 Post
3451 955 3555 1009 ob-

1937 1043 2082 1098 itum
2114 1061 2342 1116 quoque
2376 1045 2664 1116 ejus,dum
2697 1063 2729 1101 a
2757 1045 3106 1099 Cliereberto
3129 1044 3251 1115 ejus
3274 1043 3395 1098 filio
3426 1044 3551 1098 loco

1934 1132 2127 1188 fratris
2158 1135 2469 1201 aleretur,a
2487 1134 2788 1205 Sigeberto
2811 1137 3101 1199 evocatus,
3130 1132 3341 1187 iterum
3364 1131 3555 1188 incisis

1935 1222 2190 1277 crinibus
2221 1222 2473 1277 Colonia).
2496 1222 2553 1277 in
2582 1222 2902 1277 custodiam
2916 1221 3188 1276 truditur.
3226 1220 3389 1275 Unde
3415 1220 3552 1292 fuga

1936 1312 2180 1382 elapsus,
2212 1311 2702 1366 succrescentibus
2747 1310 2963 1381 capillis
3004 1310 3261 1381 primum
3300 1309 3373 1363 ad
3411 1309 3551 1363 Nar-

1936 1403 2118 1455 setem
2134 1400 2358 1454 Italiam
2380 1403 2513 1456 tunc
2529 1400 2678 1471 gube
2688 1401 2984 1459 rnantem,
3000 1398 3254 1471 indeque
3279 1398 3353 1453 ad
3367 1398 3551 1469 impe-

1934 1492 2191 1544 ratorem
2218 1489 2526 1554 transiens,
2553 1488 3042 1544 familiarissimus
3073 1487 3124 1541 ei
3148 1486 3414 1542 efﬁcitur.
3444 1486 3547 1541 La-

1936 1593 2036 1647 pso
2062 1594 2199 1632 sane
2252 1578 2417 1649 pauci
2480 1576 2760 1648 temporis
2813 1578 3135 1643 intervallo,
3186 1576 3554 1630 Guntrannus

1938 1666 2101 1731 Boso,
2135 1666 2293 1735 cujus
2330 1682 2503 1737 supra
2545 1665 2947 1732 meminimus,
2976 1665 3049 1719 ad
3082 1665 3407 1735 sepulcrum
3438 1665 3550 1718 Do-

1935 1752 2079 1807 mini
2110 1752 2388 1807 orationis
2406 1752 2593 1823 gratia
2614 1770 2959 1823 properans,
2988 1769 3123 1808 eum
3153 1751 3555 1808 Constantino-

1935 1841 2051 1913 poli
2082 1840 2375 1911 reperit.A
2403 1857 2540 1911 quo,
2567 1844 2628 1895 ut
2653 1841 2774 1911 ipse
2800 1844 2932 1912 post
2948 1840 3554 1908 asseruit,sollicitatus

206 1936 444 2009 primus
487 1914 633 1996 erat,
666 1914 985 2004 acceptum-
1011 1914 1197 1991 ﬁlium
1228 1914 1351 2009 ejus
1381 1937 1696 1993 Clotarium
1730 1954 1836 2009 per
1862 1914 1914 1975 Β
1936 1929 2009 1984 ad
2037 1928 2242 1984 Gallias
2271 1928 2465 1993 rediit,
2498 1932 2556 1984 et
2576 1945 2610 1983 a
2651 1929 2957 1984 Theodoro
2988 1928 3257 1999 episcopo
3298 1927 3554 1984 Massilite

204 2025 476 2081 civitates
500 2021 666 2094 regni
678 2022 801 2092 ejus
821 2023 1349 2093 circumduxerunt,
1383 2030 1439 2080 et
1464 2031 1830 2083 sacramenta

200 2130 275 2169 ex
318 2110 569 2167 nomine
626 2110 802 2180 ipsius
857 2115 1029 2183 atque
1086 2112 1407 2168 Guntranni
1440 2119 1829 2185 susceperunt.

194 2202 589 2257 Guntrannus
630 2215 767 2253 vero
799 2199 1114 2267 universos,
1160 2218 1304 2272 quos
1350 2202 1705 2274 Cliilpericus
1735 2203 1826 2259 in-

187 2290 357 2360 juste
392 2290 779 2359 oppresserat,
812 2289 1092 2357 relevans,
1125 2291 1382 2345 Ecclesiis
1396 2295 1745 2348 testamenta
1760 2294 1832 2348 ab

193 2395 271 2433 eo
289 2378 494 2433 ablata
514 2376 782 2431 restituit.
808 2377 929 2432 Red
947 2381 1239 2448 suspectus
1262 2379 1472 2435 horum
1499 2380 1650 2436 inter
1691 2398 1835 2453 quos

195 2469 454 2521 venerat
470 2464 1071 2537 malitiam,nusquam
1084 2465 1192 2520 nisi
1205 2468 1381 2522 armis
1393 2469 1834 2541 custodibusque

199 2555 460 2609 vallatus
489 2553 987 2625 progrediebatur.
1023 2555 1184 2610 Unde
1202 2556 1453 2627 quadam
1478 2556 1568 2611 die
1584 2557 1643 2612 in
1660 2558 1834 2613 eccle-

201 2643 297 2698 sia
317 2643 477 2697 facto
500 2641 1241 2708 silentio,circumstantem
1271 2646 1465 2717 populi
1510 2647 1833 2703 multitudi-

202 2748 360 2786 nem
412 2732 522 2785 hac
572 2746 708 2785 voce
760 2731 1016 2801 rogavit:
1054 2754 1083 2782 «
1116 2732 1383 2799 Obsecro,
1413 2733 1697 2806 inquiens.
1738 2751 1837 2792 vos

204 2820 311 2891 qui
364 2818 578 2875 adestis
611 2818 829 2890 populi,
865 2822 926 2872 ut
976 2820 1299 2875 ﬁrmiorem
1340 2839 1517 2893 quam
1562 2824 1836 2879 fratribus

200 2907 360 2963 meis
384 2911 522 2963 ante
550 2907 661 2962 hoc
690 2923 809 2962 non
838 2909 1121 2975 servastis,
1150 2909 1293 2964 mihi
1344 2910 1519 2965 fidem
1548 2913 1835 2969 custodia-

201 2996 301 3063 tis,
336 2996 874 3068 quatenuswaleam
908 3012 1038 3051 cum
1069 2996 1260 3069 quiete
1292 3003 1535 3069 nepotes
1564 3001 1821 3056 enutrire

209 3100 402 3152 meos,
436 3101 651 3156 vosque
696 3101 830 3139 cum
864 3085 1089 3156 justitia
1108 3103 1308 3158 regere
1337 3105 1348 3141 :
1385 3104 1456 3142 ne
1480 3088 1628 3144 forte
1650 3089 1829 3161 (quod

1934 2016 2473 2088 exceptus,sumptis
2493 2017 2563 2070 ab
2590 2033 2657 2071 eo
2694 2016 2855 2087 equis
2913 2016 2984 2070 ad
3014 2016 3399 2070 Mummolum
3449 2015 3553 2069 du-

1934 2122 2084 2172 cem,
2119 2104 2215 2177 qui
2242 2121 2276 2158 a
2303 2104 2598 2159 Guntrano
2629 2120 2765 2175 rege
2824 2102 3144 2158 desciscens
3197 2102 3555 2157 Avenionem

1933 2193 2292 2265 confugerat,
2313 2210 2372 2247 se
2402 2192 2646 2247 confert.
2678 2191 2845 2257 Quod
2877 2192 3253 2247 Guntrannus
3286 2192 3434 2245 Boso
3457 2206 3555 2262 ag-

1934 2299 2198 2348 noscens,
2223 2281 2346 2352 ejus
2372 2299 2433 2336 se
2472 2282 2613 2336 velle
2642 2281 2951 2336 conatibus
2984 2279 3274 2335 contraire
3313 2277 3552 2334 assimu—

1933 2379 2078 2438 lans,
2109 2370 2477 2425 Theodorum
2505 2371 2841 2442 episcOpum
2872 2370 2930 2424 in
2989 2368 3310 2423 custodiam
3366 2366 3557 2438 posuit

1936 2475 2184 2530 arguens
2211 2474 2344 2513 eum
2372 2456 2769 2513 insidiatorem
2796 2456 2963 2528 regni
2989 2472 3193 2511 ausum
3229 2455 3404 2509 fuisse
3433 2471 3554 2509 sus-

1936 2546 2146 2619 cipere.
2182 2546 2294 2602 Sed
2324 2546 2594 2618 pontifice
2638 2547 2742 2601 sub
2772 2545 2929 2600 duris
2984 2543 3317 2600 custodibus
3359 2542 3555 2597 Domi-

1936 2651 2076 2691 num
2130 2638 2424 2702 exorante,
2456 2637 2549 2690 lux
2580 2635 2867 2690 immensa
2892 2637 3079 2689 totam
3110 2632 3302 2688 subito
3334 2630 3391 2685 in
3444 2647 3557 2701 qua

1937 2724 2365 2780 custodiebatur
2398 2724 2639 2795 replevit
2677 2724 2969 2789 cellulam,
2996 2722 3075 2777 ita
3098 2724 3161 2776 ut
3191 2720 3302 2776 dux
3336 2735 3558 2775 memo-

1936 2816 2094 2867 ratus
2123 2812 2302 2867 nimio
2334 2812 2687 2883 arriperetur
2718 2811 2948 2866 timore.
2980 2812 3193 2865 Ductus
3222 2812 3420 2864 tamen
3451 2825 3554 2863 an-

1938 2902 2096 2957 tistes
2112 2902 2184 2956 ad
2215 2902 2620 2957 Guntrannum
2647 2918 2870 2973 regem,
2895 2917 3025 2956 cum
3052 2898 3380 2971 Epiphanio
3410 2896 3556 2952 anti-

1937 2991 2086 3057 stite,
2112 2990 2208 3062 qui
2236 3008 2301 3045 ex
2332 2991 2494 3045 Italia
2522 2990 2826 3046 Massiliam
2856 2988 3309 3060 demigraverat,
3336 2986 3552 3041 iterum

1938 3079 2305 3150 mancipatur
2331 3079 2623 3134 custodite.
2654 3081 2717 3134 In
2749 3096 2863 3150 qua
2905 3077 3144 3150 quidem
3198 3074 3552 3148 Epiphanius

210 3173 368 3227 Deus
409 3171 655 3245 avertat)
683 3189 777 3228 me
814 3178 948 3228 ante
981 3178 1208 3246 tempus
1239 3177 1486 3242 sublato,
1523 3181 1580 3231 et
1602 3177 1709 3247 ipsi
1737 3195 1830 3233 ca-
1864 3199 1917 3258 ο
1938 3166 2898 3258 Qbiit,__'l'heodorus_veroinnoxius
2917 3168 3187 3258 repertus
3327 3179 3552 3258 suere-

203 3265 383 3316 reant
402 3263 775 3328 nutritore,et
793 3279 892 3316 vos
913 3266 1196 3318 rectore,»
1228 3264 1485 3337 Cumque
1518 3265 1640 3333 eius
1662 3267 1834 3322 verba
1870 3249 1911 3258 “’
1938 3254 2062 3308 diit.
2097 3255 2242 3308 Nam
2282 3254 2518 3326 prolatis
2541 3253 2745 3310 litteris
2771 3270 2837 3309 ex
2853 3254 3089 3310 nomine
3114 3252 3375 3307 fidelium
3400 3249 3552 3306 Chil-

206 3350 512 3405 admirans
531 3351 774 3422 populus
795 3351 1100 3407 laudasset.
1121 3353 1440 3408 Dominum
1463 3370 1567 3425 pro
1590 3353 1711 3424 ejus
1742 3371 1834 3409 ro-

207 3439 393 3510 gabat
414 3440 620 3495 salute.

848 3548 1072 3602 CAPUT
1105 3548 1208 3602 LX.

848 3548 980 3602 CAP
1105 3548 1142 3602 L
1195 3590 1208 3602 .

214 3632 298 3690 De
345 3634 631 3708 Rigundis
670 3548 1081 3707 datentioncfl;
1108 3548 1257 3694 ἀξιίε
1293 3640 1414 3709 ejus
1458 3638 1835 3711 occupation,

279 3744 430 3799 Dum
460 3744 581 3799 hac
613 3748 945 3816 agerentur,
994 3746 1277 3817 Rigundis
1329 3747 1634 3818 Chilperici
1684 3747 1838 3819 regis

214 3830 332 3886 ﬁlia
363 3831 563 3904 (quam
600 3833 673 3887 ad
722 3834 1016 3905 Hispanias
1052 3834 1285 3889 missam
1318 3835 1489 3891 fuisse
1540 3836 1837 3908 diximus),

210 3918 477 3974 Tolosam
508 3920 769 3988 veniens,
801 3938 992 3975 moras
1022 3920 1243 3976 itineris
1274 3922 1348 3977 ibi
1375 3923 1672 3978 innectere
1720 3941 1830 3980 cce-

217 4007 315 4078 pit.
348 4008 483 4074 Sed,
525 4010 750 4080 perlato
776 4009 850 4063 ad
874 4026 1039 4063 aures
1074 4010 1351 4065 Desiderii
1387 4012 1545 4065 urbis
1567 4012 1729 4067 ducis
1757 4014 1826 4067 de

220 4098 401 4150 morte
439 4095 745 4167 Chilperici
772 4096 996 4165 nuntio,
1040 4100 1207 4170 capta
1239 4114 1303 4152 ac
1328 4099 1609 4153 thesauris
1641 4101 1829 4155 omni-

218 4182 320 4237 bus
355 4183 601 4254 spoliata
633 4184 691 4238 in
726 4184 1021 4239 basilicam
1059 4188 1271 4242 sanctae
1321 4187 1509 4242 Marias
1545 4188 1828 4260 confugit.

219 4270 314 4325 Cui
340 4272 672 4327 Desiderius
700 4277 923 4328 arctum
960 4275 1315 4330 constituens
1339 4275 1575 4343 victum,
1598 4276 1826 4331 thesau-

221 4376 343 4414 rum
383 4361 571 4432 sigillo
591 4364 904 4430 munitum,
933 4364 991 4418 in
1033 4364 1286 4435 quadam
1310 4365 1485 4419 domo
1510 4364 1835 4421 fortissimis

222 4448 452 4504 tradidit
482 4450 615 4505 viris
635 4452 1167 4521 custodiendum,et
1190 4454 1263 4508 ad
1284 4454 1664 4509 Mummolum
1687 4457 1833 4510 Ave-

226 4534 390 4592 nione
421 4539 777 4594 residentem
807 4541 1048 4596 transiit.

852 4666 1075 4722 CAPUT
1106 4668 1232 4725 LXI.

230 4751 304 4830 De
332 4752 607 4830 Theodori
632 4754 1028 4830 Massiliensis,
1069 4757 1639 4830 quifpseudo/‘ratrcm
1664 4760 1830 4816 Gun-

285 4827 483 4880 tranni
512 4827 805 4895 extulerat,
841 4827 1016 4884 multa
1031 4846 1049 4895 ;
1070 4827 1122 4885 2-;
1150 4827 1216 4884 de
1236 4827 1522 4901 prodigiis
1539 4831 1656 4901 ejus
1673 4832 1833 4886 ιιπηί.

295 4935 449 4990 Nova
481 4933 698 4987 iterum
730 4937 932 4988 contra
958 4934 1326 4989 Theodorum
1352 4935 1607 4991 Massilia:
1644 4936 1835 5007 ponti-

232 5025 382 5080 ficem
406 5021 611 5093 jurgia
623 5025 757 5076 sunt
779 5025 926 5090 orta,
951 5039 1019 5077 eo
1036 5024 1192 5094 quod
1212 5012 1621 5079 Gundoaldum
1640 5043 1838 5097 quem-

231 5112 375 5180 dam,
403 5110 503 5183 qui
553 5126 612 5165 se
671 5110 913 5165 fratrem
968 5110 1290 5166 Guntranni
1333 5112 1475 5168 falso
1523 5102 1833 5188 asserebat.

230 5200 580 5273 suscepisset.
612 5199 693 5253 De
721 5198 882 5268 cujus
918 5199 1141 5271 origine
1163 5216 1345 5271 pauca
1366 5201 1644 5256 disserere
1676 5203 1833 5271 libet,

230 5290 310 5345 llic
342 5288 596 5360 denique
626 5287 1017 5355 Gundoaldus,
1054 5287 1111 5342 in
1140 5289 1311 5344 Gallis
1340 5294 1511 5345 natus
1559 5307 1836 5362 moreque

231 5395 441 5451 regum,
472 5395 507 5431 a
540 5378 728 5432 matre
760 5394 862 5430 sua
890 5377 1179 5431 enutritus
1213 5379 1312 5441 (uti
1354 5364 1706 5434 consuetudo
1739 5395 1839 5433 an-

233 5467 386 5539 tiquis
420 5466 679 5521 Francia:
722 5465 831 5519 fuit
858 5466 1139 5537 regibus),
1177 5484 1407 5522 comam
1451 5466 1654 5537 capitis
1712 5482 1839 5536 pro-

1937 3342 2394 3413 deberti,quibus
2414 3342 2756 3414 inscriptum
2783 3344 2908 3397 erat
2937 3345 3000 3395 ut
3026 3340 3433 3395 Gundoaldum
3454 3340 3557 3394 ho-

1939 3429 2447 3485 norificentissime
2478 3429 2787 3501 exciperet,
2808 3430 3101 3484 absolutus
3127 3430 3233 3485 est.
3261 3429 3553 3484 Guntran-

1939 3536 2046 3574 nus
2075 3535 2215 3573 sane
2245 3518 2357 3573 dux
2373 3535 2506 3573 cum
2539 3518 2652 3573 alio
2674 3518 2818 3573 duce
2846 3516 3170 3572 Guntranni
3212 3516 3386 3585 regis,
3422 3516 3548 3570 the-

1940 3624 2140 3664 sauros
2170 3606 2619 3677 Gundoaldi,qui
2646 3606 2719 3660 ad
2747 3606 3065 3677 quamdam
3096 3603 3273 3658 maris
3303 3604 3555 3658 insulam

1940 3698 2216 3753 eventum
2245 3696 2327 3751 rei
2361 3695 2755 3767 prtestolando
2790 3694 3237 3764 demigraverat,
3272 3691 3554 3755 dividens,

1940 3804 2059 3843 non
2098 3802 2337 3857 parvum
2364 3784 2485 3841 auri
2513 3801 2578 3840 ac
2602 3783 2829 3855 argenti
2862 3781 3088 3854 pondus
3118 3781 3178 3836 in
3210 3780 3416 3836 urbem
3445 3781 3552 3835 Ar-

1938 3891 2247 3931 vernorum
2277 3873 2518 3931 devexit.
2554 3875 2629 3929 Ex
2661 3890 2775 3946 qua
2790 3872 2863 3929 ad
2895 3870 3329 3928 Childebertum
3366 3868 3556 3925 demi-

1935 3963 2211 4035 grans,id
2252 3962 2552 4019 redeundo
2581 3980 2615 4018 a
2662 3963 3004 4016 Guntranno
3051 3975 3191 4031 rege
3249 3972 3379 4013 cum
3436 3956 3554 4012 tilio

1934 4056 2133 4124 captus
2154 4052 2327 4108 minis
2349 4053 2420 4108 ab
2440 4068 2508 4106 eo
2528 4051 2888 4118 terrebatur;
2931 4049 3203 4121 quodque
3238 4046 3558 4119 pmnis,pro

1933 4141 2170 4197 invitato
2212 4158 2246 4197 a
2275 4158 2336 4196 se
2388 4140 2768 4216 Gundoaldo”
2806 4142 3252 4194 consumeretur
3304 4135 3563 4193 intermi-

1934 4232 2175 4284 nantem
2206 4247 2359 4302 saepe
2384 4227 2917 4308 audiebat.Cui‘ille
2940 4244 2999 4282 :«
3028 4227 3103 4281 Ex
3130 4227 3259 4294 hoc,
3287 4225 3555 4298 inquam,

1936 4334 2030 4372 me
2057 4316 2431 4372 innocentem
2445 4315 3133 4387 comprobabo,cumfilio
3155 4315 3213 4371 in
3233 4314 3560 4370 obsidatum

1936 4405 2579 4472 tradito,Mummolum,
2602 4405 2722 4475 ejus
2742 4404 3028 4460 fautorem
3050 4404 3559 4475 ingenio,captum

1864 4514 1919 4574 Ι)
1938 4492 2039 4547 tibi
2070 4493 2387 4547 tradidero.
2422 4514 2448 4542 »
2485 4493 2739 4548 Credidit
2766 4510 2863 4549 rex
2888 4492 3184 4566 pollicenti
3213 4495 3294 4558 et,
3324 4493 3558 4545 retento

1937 4598 2137 4653 puero,
2168 4581 2357 4653 ipsum
2386 4581 2515 4636 sivit
2540 4582 2723 4636 abire.
2761 4581 2869 4647 Qui
2913 4581 3276 4638 Avenionem
3305 4596 3438 4635 cum
3465 4595 3563 4633 co-

1937 4670 2097 4743 piosa
2116 4687 2351 4726 suorum
2385 4688 2564 4727 manu
2590 4673 2810 4727 vallans
2839 4671 3070 4734 urbem,
3097 4669 3448 4742 quibusdam
3470 4685 3561 4722 sa-

1937 4759 2212 4815 tellitibus
2245 4760 2521 4816 Rhodano
2548 4760 2879 4825 submersis,
2903 4760 3045 4832 ipse,
3080 4757 3335 4830 colloqui
3363 4757 3550 4813 Mum-

1939 4850 2095 4904 molo
2125 4848 2383 4920 cupiens,
2414 4865 2587 4920 super
2607 4850 2800 4920 ripam
2845 4847 3068 4902 brachii
3116 4845 3382 4912 ﬂuvialis,
3447 4861 3561 4917 quo

1936 4937 2135 5015 civitas
2162 4937 2433 5007 cingitur,
2465 4937 2820 4993 deambulat.
2854 4935 3094 4989 Hortatu
3123 4934 3377 5006 denique
3391 4934 3565 4990 Mum-

1937 5025 2098 5093 moli,
2127 5025 2468 5095 spondentis
2490 5024 2567 5077 nil
2594 5021 2813 5077 adversi
2846 5038 2980 5075 eum
3010 5024 3560 5091 passurumJlumen

1937 5132 2068 5171 cum
2092 5131 2206 5171 uno
2227 5131 2293 5168 ex
2311 5114 2514 5169 amicis
2535 5113 2846 5182 ingressus,
2880 5108 3033 5165 socio
3051 5107 3214 5178 aquis
3242 5108 3562 5177 submerso,

1937 5207 2081 5259 Boso
2114 5202 2281 5257 undis
2311 5218 2372 5256 se
2412 5203 2522 5256 huc
2580 5200 2828 5270 illucque
2862 5195 3432 5264 circumferentibus,
3462 5198 3565 5253 ha-

1936 5296 2084 5347 stam
2117 5308 2152 5346 a
2182 5288 2498 5365 milite/sibi
2528 5290 2865 5359 protensam
2892 5285 3439 5357 arripiens,ereptus
3452 5288 3560 5339 est.

1938 5381 2207 5444 Demum,
2246 5378 2415 5433 illatis
2463 5377 2568 5431 sibi
2601 5393 2635 5431 a
2683 5376 2998 5431 Mummolo
3048 5372 3321 5430 conviciis
3350 5376 3408 5428 et
3430 5388 3563 5443 gra-

1938 5464 2287 5520 vioribusilli
2319 5484 2353 5522 a
2381 5484 2440 5521 se
2474 5467 2687 5534 relatis,
2718 5465 2860 5520 dum
2890 5480 3027 5518 cum
3075 5463 3387 5530 obsideret,
3409 5461 3563 5516 Gun-

234 5556 400 5611 fusam
433 5555 697 5627 gerebat.
718 5554 955 5608 Oblatus
982 5554 1175 5625 itaque
1200 5572 1234 5609 a
1263 5559 1449 5610 matre
1473 5554 1840 5609 Cbildeberto
1942 5551 2152 5619 dulfus,
2183 5553 2342 5622 cujus
2363 5571 2537 5624 supra
2567 5552 2969 5618 meminimus,
3018 5551 3224 5607 missus
3252 5568 3286 5611 a
3334 5549 3562 5606 Childe-

235 5646 427 5701 seniori
454 5648 564 5711 est,
619 5643 847 5698 dicente
899 5660 968 5698 ea
1012 5644 1169 5714 quod
1212 5644 1445 5699 Clotarii
1489 5644 1684 5698 fratris
1722 5644 1843 5715 ejus
1942 5640 2672 5705 berto,eumabobsidione
2690 5640 3344 5710 removit,lliummolum
3368 5654 3562 5695 secum

238 5733 362 5791 ﬁlius
393 5736 567 5791 esset.
621 5731 737 5788 Sed
769 5731 905 5804 quia
930 5730 1212 5787 Clotarius
1247 5750 1380 5789 eum
1411 5732 1544 5789 odio
1568 5732 1840 5803 habebat,
1950 5728 2241 5788 deducens
2261 5725 2320 5783 in
2341 5729 2687 5785 Arvernum.
2723 5731 2831 5796 Qui
2865 5729 2965 5787 diu
3000 5729 3079 5787 ibi
3126 5726 3376 5785 residere
3401 5725 3560 5783 fasti-
