3882 6212
217 412 330 468 737

1279 403 1618 468 ‘IIIR'I‘ORIA
1646 402 2094 466 FRANCORUII.
2136 437 2207 448 —
2244 405 2373 463 LIB.
2404 405 2498 466 Ill.

3447 409 3554 468 738

223 554 258 592 ο
287 554 408 592 rex.
437 537 584 592 Nam
605 554 724 610 qua
739 532 964 591 ratione
987 536 1176 606 potest
1197 535 1436 592 existere
1463 541 1526 592 ut
1545 537 1845 608 cujuslibet
1867 541 1920 598 Α
1946 532 2226 588 mulando
2265 538 2566 589 strenuum
2623 534 2992 600 famulatum,
3016 533 3302 588 occultum
3353 537 3557 591 mortis

222 625 484 681 hominis
507 626 756 680 sintduo
785 628 998 695 patres,
1031 641 1092 679 re
1113 625 1392 696 spirituali
1413 627 1685 698 excepta?
1719 627 1841 679 Non

225 718 363 768 sunt
389 715 516 768 hare
538 713 716 785 regia:
750 713 1019 783 dignitati
1041 715 1420 784 congruentia
1437 715 1626 769 verba.
1655 737 1681 763 ››
1705 713 1841 767 Uni-

223 803 405 857 versis
446 803 628 874 igitur
661 818 768 872 pro
800 801 886 856 liis
916 803 1279 856 sermonibus
1316 803 1373 856 in
1404 804 1579 857 risum
1621 801 1838 868 solutis,

221 892 720 962 aliuslegatorum
755 890 896 944 dixit
926 889 1076 960 regi:
1115 913 1141 940 ‹‹
1174 891 1307 944 Vale
1348 891 1590 945 dicimus
1637 890 1760 956 tibi,
1805 906 1837 943 ο

220 995 342 1045 rex,
379 983 440 1033 et
486 978 622 1050 quia
667 977 895 1048 nepotis
939 977 1018 1030 tui
1063 994 1263 1048 pacem
1307 978 1651 1051 aspernaris,
1697 978 1835 1031 scito

219 1068 476 1122 securim
530 1068 657 1122 fore
699 1070 988 1138 paratam,
1040 1082 1154 1138 qua
1184 1067 1388 1121 fratres
1431 1067 1678 1138 percussi
1707 1069 1839 1120 sunt

223 1156 329 1220 tui,
355 1161 419 1210 ut
440 1173 511 1210 ea
530 1156 829 1211 excidaris.
859 1177 886 1204 »
918 1155 1012 1208 His
1031 1154 1215 1224 dictis,
1231 1155 1401 1226 jussit
1419 1172 1516 1210 rex
1537 1170 1634 1210 eos
1653 1172 1686 1210 a
1709 1171 1840 1209 con-

220 1249 424 1318 spectu
446 1261 550 1300 suo
576 1245 733 1316 pelli,
763 1260 828 1298 ac
859 1259 1031 1314 super
1061 1243 1248 1315 capita
1277 1243 1672 1298 recedentium
1697 1248 1838 1297 ster-

217 1350 357 1389 cora
377 1334 450 1388 de
471 1335 678 1405 plateis
696 1336 934 1390 collecta
965 1333 1187 1406 projici.
1221 1335 1328 1388 Pro
1363 1337 1524 1388 tanta
1545 1334 1720 1406 igitur
1751 1333 1840 1387 in-

214 1423 378 1494 juria
396 1423 712 1478 vehemens
737 1423 889 1478 inter
914 1438 1081 1493 reges
1119 1422 1405 1477 discordia
1433 1426 1630 1478 exorta
1665 1426 1767 1476 est.
1813 1475 1820 1482 _

807 1530 1039 1584 CAPUT
1078 1530 1253 1584 LXIII.

221 1621 310 1676 De
342 1619 738 1691 Fredegundis
763 1621 978 1691 regi-na
1004 1619 1063 1673 in
1087 1619 1238 1689 asylo
1269 1618 1588 1675 Pai-fsimsi
1621 1617 1842 1674 saevitia

617 1707 722 1761 per
750 1690 1037 1745 Audenam
1067 1691 1432 1760 inﬂammata.

294 1781 411 1834 Per
431 1779 591 1833 idem
609 1781 860 1850 tempus,
881 1778 1212 1833 Leonardus
1237 1777 1472 1849 quidam
1496 1776 1842 1848 optimatum

1945 621 2183 675 inferret
2213 622 2410 677 ictum.
2446 624 2572 688 Qui,
2607 622 2858 677 domina:
2908 621 3081 690 jussis
3129 621 3556 694 obtemperans,

1947 709 2111 779 fingit
2131 727 2211 776 se,
2237 711 2576 765 crudelitate
2592 710 2982 781 Fredegundis
3000 709 3304 778 offensum,
3327 712 3400 764 ad
3424 713 3559 768 Bru-

1942 797 2220 851 nechildis
2247 815 2580 870 prOperasse
2595 802 2902 869 conspectu
2913 797 3151 868 m,quod
3177 797 3558 870 audieritejus

1941 885 2259 955 benignum
2293 886 2350 939 in
2385 903 2592 941 omnes
2618 887 2908 942 affectum.
2943 885 3198 940 Tandem
3231 884 3288 939 in
3330 891 3555 957 partem

1935 976 2227 1045 susceptus
2243 975 2646 1041 amicitiarum,
2679 975 2944 1030 omnibus
2978 974 3337 1042 adulabatur,
3376 975 3558 1030 domi-

1939 1077 2077 1116 nam
2118 1062 2296 1116 etiam
2334 1080 2509 1134 usque
2543 1064 2616 1117 ad
2654 1063 2901 1117 cubiculi
2963 1062 3254 1116 deducens
3288 1064 3554 1134 januani,

1939 1150 2326 1220 coaequalibus
2347 1167 2406 1204 se
2425 1152 2689 1223 praebens
2711 1152 3063 1219 benivolum,
3087 1151 3401 1221 majoribus
3430 1154 3559 1208 sub-

1933 1236 2176 1307 jectum.
2206 1237 2318 1292 Sed
2351 1255 2465 1293 non
2501 1240 2620 1307 diu,
2656 1240 2785 1310 quis
2815 1242 2982 1302 esset,
3010 1239 3332 1309 suspicione
3361 1239 3556 1295 immi-

1942 1328 2138 1392 nente,
2168 1327 2343 1380 valuit
2387 1330 2580 1397 tegere
2615 1345 2630 1395 ;
2665 1345 2898 1399 nempe,
2941 1327 3246 1399 quaestioni
3277 1328 3554 1398 subditus,

1942 1414 2198 1484 prodidit
2221 1416 2419 1470 omnia
2443 1416 2816 1487 malignitatis
2845 1432 3056 1471 arcana
3072 1416 3293 1482 et,diris
3323 1416 3557 1472 affectus

1941 1502 2250 1571 suppliciis,
2285 1503 2357 1557 ad
2389 1503 2643 1575 priorem
2671 1505 2942 1559 remissus
2973 1508 3060 1558 est
3097 1503 3420 1562 dominam.
3454 1505 3556 1560 Cui

1942 1605 2068 1654 qua:
2097 1591 2201 1644 sibi
2233 1592 2569 1646 accidissent
2591 1610 2890 1660 enarrans,
2922 1597 2986 1648 ut
3015 1593 3432 1665 quasisuspicio
3462 1611 3560 1649 au-

1941 1677 2078 1730 ferri
2109 1679 2180 1731 ab
2209 1679 2402 1733 animo
2438 1680 2829 1734 Brunechildis
2856 1685 3067 1752 posset,
3100 1698 3161 1735 re
3203 1685 3396 1736 autem
3422 1699 3557 1737 vera

1942 1769 2004 1818 ut
2031 1781 2227 1836 poenas
2259 1782 2403 1836 pron
2438 1784 2511 1821 on
2559 1773 2889 1839 perpetrato
2941 1770 3123 1824 lueret
3169 1771 3401 1839 scelere,
3431 1787 3554 1826 ma-

221 1867 592 1938 Chilpericia
617 1865 1453 1939 partibus'I‘olosaafadveniens,
1483 1864 1843 1935 Fredegundi
1871 1869 1921 1926 Β
1947 1870 2125 1907 Ullum
2155 1870 2218 1908 ac
2239 1855 2453 1925 pedum
2483 1855 2802 1910 abscisiune
2835 1857 2908 1911 ab
2939 1873 3007 1911 ea
3037 1862 3125 1911 est
3151 1859 3445 1913 multatus.

217 1956 450 2028 reginas
468 1957 655 2011 adhuc
679 1955 736 2009 in
755 1956 976 2026 majore
994 1954 1231 2009 ecclesia
1261 1954 1541 2008 Parisiaca
1570 1952 1842 2007 residenti

216 2043 524 2098 intimavit
555 2062 616 2099 se
645 2044 782 2115 fuga
811 2045 1033 2115 lapsum
1061 2043 1134 2098 ab
1159 2043 1279 2114 ejus
1308 2043 1453 2109 filia;
1487 2059 1660 2113 quam
1687 2041 1843 2095 afﬁr-

217 2134 430 2188 mabat
482 2133 543 2186 in
576 2149 792 2204 magna
823 2132 1003 2187 victus
1028 2149 1092 2186 ac
1121 2131 1355 2186 vestitus
1387 2131 1595 2202 degere
1624 2129 1840 2201 inopia.

217 2220 452 2284 Quibus
481 2220 670 2275 verbis
694 2220 1237 2291 reginaindignata,
1265 2219 1539 2292 praecepit
1564 2217 1634 2272 ab
1653 2233 1720 2272 eo
1742 2233 1841 2271 au-

211 2309 363 2363 ferri
389 2309 651 2364 balteum
673 2325 847 2380 quem
865 2324 932 2362 ex
957 2324 1200 2363 munere
1221 2307 1530 2362 memorati
1553 2309 1844 2360 meruerat

210 2398 402 2469 regis,
428 2413 496 2451 ac
509 2396 672 2451 omni
689 2396 898 2467 privari
922 2396 1224 2467 dignitate.
1244 2395 1427 2452 Simili
1444 2395 1618 2450 modo
1633 2395 1843 2448 multos

212 2486 292 2539 ab
324 2473 611 2557 obsequio
641 2484 775 2539 ﬁlias
816 2483 1152 2539 recedentes
1176 2485 1262 2538 vel
1308 2485 1531 2538 honore
1578 2481 1837 2553 privavit,

210 2574 306 2627 vel
343 2572 720 2629 contumeliis
759 2589 859 2627 seu
898 2573 1080 2644 poenis
1121 2572 1329 2626 affecit.
1377 2573 1488 2625 Nec
1535 2571 1842 2625 verebatur

211 2661 571 2728 Dominum,
603 2664 703 2715 aut
733 2661 853 2732 ejus
881 2661 1250 2726 Genitricem,
1285 2661 1342 2715 in
1375 2661 1534 2730 cujus
1565 2659 1840 2713 manebat

209 2749 483 2818 basilica,
504 2751 643 2804 dum
659 2765 930 2821 perversa
945 2752 1141 2820 ageret
1159 2749 1488 2803 adhaerente
1508 2748 1559 2802 ei
1575 2748 1833 2815 Audone,

212 2855 320 2893 suo
357 2839 415 2892 in
445 2838 616 2892 malis
644 2837 912 2892 omnibus
941 2842 1350 2908 cooperatore;
1389 2853 1561 2908 quem
1595 2838 1837 2908 populus

212 2930 356 2983 tunc
389 2927 756 2999 peremisset,
788 2926 892 2980 nisi
915 2927 972 2980 in
1003 2926 1303 2980 ecclesiam
1334 2924 1701 2995 confugisset.

819 3014 1043 3069 CAPUT
1082 3013 1253 3070 LXIV.

214 3104 302 3160 De
343 3104 677 3162 Prwtextatz'
713 3105 949 3175 episwpi
989 3103 1436 3172 Rotlwmagensis
1471 3105 1831 3159 restitutione.

289 3195 711 3248 Prmtextatum
727 3208 865 3246 sane
881 3192 1296 3263 Rothomagen:
1311 3206 1406 3246 em
1419 3191 1747 3261 pontiﬁcem
1763 3191 1833 3246 de

217 3281 418 3336 exsilio
456 3279 755 3335 mandavit
783 3280 1153 3335 Guntrannus
1191 3297 1293 3334 rex
1342 3279 1558 3338 reduci.
1593 3281 1834 3350 Propter

218 3387 398 3440 quem
433 3386 568 3424 cum
590 3367 878 3441 synodum
895 3370 1066 3424 vellet
1083 3385 1180 3423 rex
1211 3384 1589 3439 congregare,
1614 3369 1835 3439 Ragne-

217 3458 432 3513 modus
463 3457 799 3513 Parisiensis
827 3458 1063 3512 antistes
1094 3457 1233 3512 dixit
1264 3475 1296 3511 a
1320 3456 1712 3511 sacerdotibus
1739 3473 1834 3511 ne-

219 3561 522 3618 quaquam
554 3563 691 3601 eum
725 3546 1138 3601 communione
1177 3545 1349 3600 fuisse
1387 3546 1694 3616 privatum,
1728 3561 1833 3600 nec

219 3649 342 3688 esse
391 3651 626 3690 necesse
677 3634 810 3689 ideo
856 3634 1153 3707 episcopos
1199 3633 1408 3688 vocari.
1465 3633 1554 3688 Sic
1593 3633 1832 3688 demum

221 3721 604 3779 Praetextatus
635 3724 763 3778 urbi
793 3723 1088 3778 restitutus
1119 3726 1203 3777 est
1231 3739 1369 3778 sure.

817 3830 1040 3886 CAPUT
1081 3829 1228 3884 LXV.

218 3919 302 3978 De
321 3920 579 3992 dilige-nti
594 3919 721 3979 sz
729 3920 916 3974 tranm'
926 3919 1170 3992 custodia
1187 3919 1301 3992 sui,
1314 3917 1758 3992 et_Fredegundis
1779 3921 1835 3976 in

629 4007 823 4062 agrum
843 3991 1105 4062 perfugio
1132 3995 1181 4045 et
1209 3990 1432 4063 fraude.

288 4081 520 4136 Interea
542 4083 949 4136 commorante
979 4096 1117 4151 rege
1144 4079 1297 4150 apud
1334 4079 1535 4133 urbem
1589 4079 1830 4135 Parisia-

220 4185 366 4238 cam,
394 4171 710 4225 adveniens
739 4169 977 4241 quidam
1005 4184 1228 4239 pauper
1253 4167 1531 4238 suggessit
1551 4167 1603 4221 ei
1632 4172 1693 4222 ut
1719 4185 1777 4222 se
1801 4185 1834 4222 a

222 4257 509 4327 Faraulfo,
534 4258 837 4329 Cbil’perici
856 4257 1156 4329 quondam
1181 4256 1554 4323 cubiculario,
1571 4258 1833 4312 observa-

223 4350 327 4415 ret,
358 4347 557 4402 dicens
587 4369 614 4397 ‹‹
639 4363 699 4400 se
721 4347 1023 4401 consilium
1054 4346 1196 4416 ejus,
1219 4345 1373 4416 quod
1398 4345 1468 4398 de
1490 4344 1828 4415 perimendo

2541 1960 2764 2015 CAPUT
2797 1962 2969 2015 LXVI.

1945 2047 2029 2102 De
2060 2047 2308 2119 Eberul/i
2323 2048 2641 2125 punitione,
2687 2054 2736 2104 et
2767 2052 2826 2103 in
2851 2049 3066 2125 ficetum
3095 2049 3429 2120 Gregorium
3455 2053 3555 2125 fu-

2085 2134 2363 2175 romnsem
2412 2119 2713 2189 simultate,
2755 2126 2804 2174 ει
2835 2120 3156 2177 Guntranm'
3189 2119 3380 2193 gestis.

2014 2207 2331 2278 lnterjectis
2372 2207 2590 2274 diebus,
2620 2208 2986 2264 Guntrannus
3006 2226 3105 2264 rex
3148 2210 3433 2266 Cabilonis
3462 2230 3552 2268 re-

1943 2311 2186 2366 gressus,
2213 2295 2482 2350 fraternae
2514 2296 2668 2350 necis
2697 2301 2992 2352 auctorem
3023 2298 3261 2354 sollicite
3319 2299 3552 2355 investi-

1942 2401 2107 2454 gans,
2133 2400 2238 2454 per
2275 2385 2632 2456 responsales
2659 2385 3054 2456 Fredegundis
3109 2387 3462 2456 Eberulfum,
3493 2389 3552 2443 in

1940 2472 2150 2543 palatio
2181 2472 2480 2544 Chilperici
2512 2472 2870 2528 cubiculariis
2890 2475 3414 2547 praepositum,ejus
3439 2494 3555 2533 sce-

1939 2561 2072 2614 leris
2101 2561 2374 2632 cognovit
2403 2577 2523 2615 esse
2554 2565 2744 2633 caput.
2780 2563 3033 2630 Rogatus
3061 2579 3193 2617 vero
3213 2565 3284 2619 ab
3302 2581 3370 2619 ea
3395 2563 3550 2620 idem

1939 2648 2241 2703 Eberulfus
2269 2648 2458 2702 fuerat
2489 2666 2560 2703 ne
2593 2649 2776 2721 ipsam
2810 2649 3551 2720 desereret.Qui,dumcon-

1937 2753 2169 2791 sensum
2204 2737 2255 2791 ei
2283 2737 2622 2809 denegasset
2651 2755 2838 2804 suum,
2869 2739 2943 2793 ob
2977 2738 3034 2793 id
3057 2739 3209 2811 apud
3228 2757 3428 2812 regem
3457 2759 3552 2797 ac-

1937 2828 2161 2880 cusatus
2193 2828 2278 2880 est
2301 2826 2372 2880 ab
2404 2825 2519 2881 illa.
2559 2826 2672 2880 Rex
2699 2825 2896 2897 igitur,
2925 2826 3057 2881 felle
3091 2830 3549 2897 commotus,cir-

1937 2914 2352 2968 cumstantibus
2381 2913 2580 2968 amicis
2602 2916 2817 2985 juravit
2845 2937 2872 2965 «
2903 2932 2962 2970 se
2994 2931 3112 2970 non
3143 2919 3328 2972 solum
3358 2918 3549 2973 homi-

1935 3002 2350 3068 cidam,verum
2396 3007 2662 3057 cunctam
2695 3003 2817 3073 ejus
2838 3005 3195 3075 perditurum
3220 3006 3547 3076 generatio-

1934 3106 2094 3157 nem,
2121 3093 2403 3162 quatenus
2433 3108 2600 3145 ausus
2630 3091 3166 3148 interficiendorum
3215 3110 3422 3166 regum
3474 3096 3545 3150 de

1865 3161 1912 3220 Ο
1933 3195 2113 3249 regno
2135 3181 2432 3233 tolleretur
2452 3180 2860 3236 Francorum.»
2883 3181 2996 3235 Hoc
3015 3185 3236 3237 terrore
3253 3161 3544 3255 perculsus

1933 3266 2017 3320 vir
2046 3283 2218 3339 supra
2249 3267 2600 3334 nominatus,
2642 3269 2714 3322 ad
2754 3269 3046 3324 basilicam
3081 3271 3274 3326 Sancti
3320 3273 3546 3328 Martini

1933 3371 2064 3408 cum
2098 3355 2336 3422 clericis,
2371 3356 2578 3426 quibus
2606 3356 2938 3427 frequentes
2966 3359 3239 3414 intulerat
3283 3360 3543 3432 injurias,

1934 3443 2176 3514 aufugit.
2222 3444 2377 3496 Tunc
2414 3443 2854 3498 Aurelianenses
2897 3462 3026 3500 eam
3061 3448 3418 3504 Blesensibus
3470 3450 3545 3506 ad

1935 3532 2395 3591 custodiendum.
2434 3548 2506 3586 ne
2529 3533 2732 3586 exinde
2763 3533 2983 3604 uspiam
3017 3534 3544 3608 dilaberetur,jussu

1933 3621 2086 3693 regis
2114 3622 2364 3676 alternas
2409 3619 2595 3674 sortiti
2625 3620 2792 3687 vices,
2825 3621 2885 3674 in
2917 3623 3104 3677 cundo
3135 3639 3200 3677 ac
3245 3625 3542 3681 redeundo

1934 3712 2143 3765 multas
2173 3709 2425 3782 agebant
2466 3708 2711 3779 praedas.
2743 3710 3007 3780 Dumque
3040 3711 3177 3778 duo,
3210 3711 3307 3783 qui
3358 3715 3545 3769 mulas

1927 3799 2054 3871 jam
2087 3799 2223 3854 dicti
2254 3797 2563 3870 rapiebant
2591 3797 2956 3866 confessoris,
2983 3798 3056 3853 ad
3087 3799 3327 3854 domum
3368 3801 3549 3870 cujus-

1936 3889 2070 3943 dam
2101 3886 2297 3942 rustici
2323 3889 2526 3958 potum
2549 3885 2785 3958 petituri
2800 3886 3248 3956 advenissent,et
3268 3888 3359 3945 ille
3379 3908 3438 3945 se
3450 3891 3549 3948 ha-

1935 3978 2072 4033 bere
2106 3980 2526 4049 negaret,unus
2557 3993 2783 4045 eorum,
2812 3980 3080 4048 protenta
3105 3979 3287 4047 hasta,
3320 3983 3382 4035 ut
3410 3997 3545 4037 eum

1933 4070 2285 4138 percuteret,
2313 4066 2383 4120 ab
2411 4082 2478 4120 eo
2511 4065 2624 4119 ictu
2655 4065 2831 4136 gladii
2861 4071 3196 4140 peremptus
3216 4071 3319 4122 est.
3363 4071 3543 4139 Alter,

1933 4174 2064 4211 casu
2096 4155 2232 4212 socii
2255 4154 2614 4226 perterritus,
2645 4154 2948 4226 aufugiens
2978 4173 3104 4228 qua}
3163 4159 3314 4213 male
3353 4175 3548 4232 perva-

1932 4249 2126 4301 serant
2153 4245 2422 4300 reddidit.
2445 4246 2576 4312 Ppst
2608 4245 2730 4298 haec
2759 4244 3000 4299 facultas
3036 4247 3225 4301 omnis
3273 4248 3543 4319 Eberulﬂ,

1932 4353 2059 4407 quae
2086 4335 2268 4389 multa
2297 4336 2422 4387 erat
2445 4333 2877 4400 valde,diversis
2898 4351 2932 4388 a
2960 4351 3097 4406 rege
3125 4351 3409 4394 concessa.
3439 4341 3546 4396 Do-

220 4452 354 4507 rege
377 4440 751 4508 conceperat,
772 4437 1139 4506 compertum
1162 4434 1400 4488 habere.
1425 4455 1453 4481 »
1471 4432 1678 4487 Audito
1700 4433 1828 4502 hoc,
1856 4447 1908 4505 1)
1932 4441 2061 4478 mus
2092 4438 2342 4494 quoque,
2373 4438 2545 4492 quam
2569 4420 2724 4474 intra
2741 4438 2938 4478 muros
2960 4423 3289 4495 possidebat
3310 4426 3546 4483 Turoni-

222 4539 313 4578 rex
340 4524 767 4595 interrogatum
787 4523 1035 4595 ,quidem
1067 4526 1125 4577 et
1154 4525 1470 4593 negantem
1499 4520 1741 4589 dimisit,
1771 4539 1829 4576 se

220 4629 348 4666 vero
381 4613 464 4667 ita
494 4613 672 4666 armis
717 4616 774 4666 et
817 4611 1145 4666 custodibus
1175 4609 1420 4665 munivit
1454 4613 1513 4663 ut
1543 4626 1828 4682 nusquam

223 4717 319 4755 nec
345 4701 426 4755 ad
457 4701 757 4755 ecclesiam
782 4700 1015 4772 quidem
1041 4700 1162 4753 sine
1193 4715 1492 4753 armorum
1520 4701 1618 4752 aut
1646 4701 1830 4753 custo-

223 4788 352 4844 dum
387 4790 758 4845 munimento
780 4789 1143 4861 procederet.
1169 4787 1608 4859 Fredegundem
1632 4792 1826 4842 autem

223 4876 275 4931 in
300 4878 760 4949 Rotojalensem,
796 4877 1278 4948 Rothomagensis
1307 4876 1584 4930 territorii
1614 4875 1823 4939 vicum,

225 4965 287 5019 ad
305 4967 710 5038 peragendum
737 4964 894 5036 quod
917 4981 1209 5035 superesse
1240 4967 1469 5037 poterat
1497 4964 1647 5027 vitae,
1680 4964 1824 5020 dire-

223 5053 310 5108 xit.
355 5055 543 5118 Quam
589 5055 755 5109 multi
799 5053 1146 5125 optimatum
1181 5052 1482 5124 Chilperici
1513 5056 1818 5124 prosecuti,

224 5157 339 5198 eam
368 5143 516 5198 inibi
537 5161 670 5198 cum
697 5144 938 5199 Melanio
958 5143 1100 5215 (qui,
1119 5146 1458 5198 Praetextato
1475 5143 1820 5212 depulso,ab

225 5247 283 5286 ea
302 5233 668 5303 subrogatus,
700 5250 764 5286 ac
791 5235 923 5304 post
945 5236 1232 5299 revocato,
1264 5248 1296 5286 a
1321 5233 1655 5286 Guntranuo
1673 5232 1819 5302 reje-

225 5325 331 5376 ctus
376 5323 522 5394 erat)
573 5323 953 5393 reliquerunt,
995 5321 1400 5392 promittentes
1448 5338 1505 5375 se
1543 5320 1661 5374 ﬁlio
1701 5320 1822 5390 ejus

226 5409 460 5465 Clotario
487 5410 735 5465 fideliter
761 5409 1065 5480 parituros.
1098 5413 1171 5465 At
1201 5410 1300 5464 illa
1329 5413 1615 5466 exsortem
1641 5425 1700 5462 se
1726 5409 1824 5462 ho-

225 5499 367 5553 noris
395 5499 656 5554 relictam
687 5498 1011 5570 indignata,
1058 5501 1116 5553 et
1143 5498 1582 5554 Brunechildem
1616 5499 1821 5567 poten-

223 5587 415 5642 tiorem
437 5589 521 5659 (ut
551 5589 694 5658 erat)
743 5587 1058 5654 aestimans,
1076 5587 1347 5641 clericum
1372 5585 1687 5658 quemdam
1716 5584 1820 5638 fal-

224 5674 368 5733 lendi
395 5675 541 5733 dolis
569 5676 918 5746 instructum
949 5676 1024 5734 ad
1051 5691 1183 5734 eam
1204 5675 1420 5750 dirigit,
1449 5676 1734 5748 quatenus
1753 5671 1822 5729 si-

1931 4529 2046 4579 cos,
2080 4511 2224 4565 adeo
2254 4509 2567 4580 direptioni
2592 4510 2805 4565 tradita
2836 4513 2921 4566 est
2951 4515 3012 4566 ut
3035 4511 3115 4566 nil
3139 4512 3245 4566 nisi
3279 4513 3419 4568 nudi
3448 4532 3540 4572 su-

1929 4603 2228 4674 peressent
2256 4599 2524 4672 parietes.
2555 4599 2665 4653 Pro
2691 4599 2780 4654 his
2809 4600 3004 4672 itaque
3028 4601 3209 4656 causis
3227 4603 3542 4660 calumnias

1929 4695 2124 4746 sancto
2183 4687 2423 4743 antistiti
2454 4687 2738 4742 inferebat
2783 4688 3079 4760 Gregorio,
3109 4690 3268 4762 quasi
3336 4697 3542 4750 cuncta

1928 4781 2050 4851 ejus
2077 4780 2414 4850 gererentur
2434 4775 2702 4844 consilio;
2725 4776 3170 4849 minabaturque
3192 4781 3346 4851 quod
3365 4781 3412 4836 si
3431 4799 3538 4837 un-

1927 4884 2103 4940 quam
2132 4866 2283 4937 regis
2308 4865 2522 4920 rediret
2549 4863 2608 4918 in
2639 4863 3158 4935 gratiam,similem
3189 4867 3537 4925 eiretribue-

1924 4961 2014 5013 ret
2045 4954 2512 5011 vicissitudinem.
2548 4952 2760 5006 Verum
2791 4952 3028 5006 antistes
3059 4955 3184 5024 plus
3230 4957 3537 5016 clementia

1924 5066 2028 5122 pro
2060 5047 2182 5118 ejus
2210 5042 2451 5098 miseriis
2483 5056 2656 5111 quam
2692 5038 3094 5109 indignatione
3135 5058 3238 5112 pro
3265 5045 3434 5102 illatis
3463 5049 3535 5102 ab

1924 5155 1991 5193 eo
2013 5131 2485 5192 commovebatur
2511 5125 2753 5197 injuriis.
2779 5126 3036 5197 Cumque
3052 5126 3205 5184 foret
3222 5129 3412 5189 eidem
3436 5135 3541 5190 mi-

1923 5242 2050 5281 sero
2082 5219 2441 5278 domicilium
2491 5216 2550 5270 in
2583 5214 2762 5268 sancti
2821 5215 3044 5269 Martini
3084 5217 3376 5287 salutario,
3402 5227 3459 5277 et
3503 5242 3537 5279 a

1926 5313 2258 5387 presbytero
2307 5307 2421 5380 (cui
2477 5303 2742 5360 servandi
2793 5303 3029 5358 oratorii
3083 5321 3220 5360 cura
3271 5306 3536 5380 delegata

1927 5399 2068 5469 erat")
2101 5399 2334 5468 reliquae
2351 5395 2759 5448 clauderentur
2771 5393 2990 5464 januze,
3011 5409 3115 5464 per
3144 5393 3354 5450 ostium
3385 5396 3534 5455 illius

1927 5485 2243 5545 salutatorii
2275 5481 2512 5551 ingressi
2538 5482 2835 5536 ecclesiam
2860 5481 3022 5554 pueri
3055 5483 3140 5536 vel
3171 5484 3374 5554 puella:
3405 5488 3533 5543 uni-

1923 5593 2083 5633 versa
2120 5569 2484 5627 rimabantur
2535 5572 2881 5624 ornamenta
2910 5569 3054 5624 sacri
3106 5573 3332 5644 templi.
3369 5575 3534 5641 Quod

1921 5669 2229 5744 postquam
2256 5658 2444 5715 custos
2462 5671 2638 5712 sacrae
2652 5658 2789 5714 redis
2811 5658 3310 5735 animadvertit,ac
3328 5664 3535 5726 ferreis
