3882 6212
383 411 492 473 7'39

1489 396 1753 468 autem
1781 401 2095 470 MONACHI
2122 402 2616 470 FLORIACENSIS

3614 407 3725 469 77:0

390 538 540 611 ipsas
579 537 733 594 fores
786 533 968 592 affixit
1009 533 1197 602 clavis,
1227 535 1421 592 media
1477 536 1663 591 ferme
1713 541 1904 606 nocte,
1938 537 1997 593 in
2023 545 2075 603 Α
2097 537 2234 605 cius,
2266 536 2345 593 ibi
2367 534 2576 606 vagina
2605 534 2942 606 exemptum
2963 548 3161 588 ensem
3188 532 3410 589 inimici
3437 533 3640 590 deﬁxit
3661 536 3723 592 in

389 625 524 697 ipsis
573 624 1005 680 nocturnalibus
1058 625 1308 695 hymnis,
1339 642 1371 679 a
1404 624 1678 696 praefacto
1731 626 1996 680 Eberulfo

389 713 691 786 episcopus
718 712 1024 783 Gregorius
1048 715 1106 767 et
1140 712 1329 766 clerici
1368 713 1543 767 tantis
1575 713 1816 767 lacessiti
1869 717 2002 767 sunt

389 800 658 856 conviciis
699 805 764 856 ut
788 801 1012 856 ‘laudes
1043 803 1158 856 Deo
1199 801 1423 855 debitas
1453 801 1779 873 relinquere
1829 817 2000 871 coge-

387 892 610 944 rentur.
646 888 760 944 Sed
791 892 849 943 et
863 889 1135 944 clericum
1157 888 1471 960 quemdam
1475 889 1498 958 j
1509 905 1603 942 am
1624 889 2000 956 temulentus,

392 977 548 1049 quid
577 975 773 1032 vinum
815 976 924 1032 sibi
957 992 1072 1030 non
1128 975 1456 1048 largiretur,
1487 993 1662 1048 super
1699 992 2000 1031 scamnum

390 1068 688 1121 extensum
719 1081 869 1138 pene
900 1081 1078 1136 usque
1101 1063 1174 1118 ad
1209 1067 1461 1120 mortem
1505 1064 1747 1136 ﬂagellis
1777 1064 2000 1130 cecidit,

389 1155 822 1226 multorumque
854 1153 1073 1208 easdem
1104 1152 1163 1206 in
1191 1152 1337 1207 atrio
1363 1151 1518 1206 beati
1545 1153 1816 1207 antistitis
1841 1168 2006 1208 exer-

391 1242 526 1311 cuit,
558 1257 675 1298 non
706 1241 920 1296 veritus
949 1240 1030 1295 illi
1075 1241 1352 1312 ingenere
1381 1240 1796 1296 contumeliam
1847 1241 2006 1312 cujus

391 1330 646 1402 quotidie
672 1330 974 1402 ﬂagitabat
997 1327 1393 1382 clementiam.

462 1420 640 1474 Porro
654 1434 770 1473 una
787 1416 1042 1473 noctium
1059 1415 1198 1471 vidit
1209 1416 1364 1470 idem
1379 1415 1676 1488 episcopus
1690 1432 1812 1471 som
1823 1415 2004 1483 nium,

391 1506 546 1580 quod
572 1507 763 1562 eidem
787 1505 910 1561 viro
933 1505 1148 1571 retulit,
1174 1505 1231 1559 in
1255 1505 1409 1558 hunc
1431 1521 1489 1558 se
1509 1505 1729 1558 habens
1744 1503 2006 1558 modum:

391 1616 422 1645 ‹‹
448 1594 747 1657 Videbam,
779 1593 881 1659 ait,
910 1609 1003 1648 me
1037 1592 1385 1648 sacrosancti
1431 1592 1656 1646 Martini
1711 1593 2001 1646 astantem

393 1683 562 1740 altari
611 1700 676 1738 ac
719 1681 1007 1738 Dominici
1049 1682 1345 1736 celebrare
1390 1681 1666 1752 mysteria
1722 1679 2005 1746 sacrificii,

390 1772 910 1844 Guntrannumque
940 1787 1162 1841 regem,
1185 1769 1368 1840 ipsam
1388 1769 1712 1840 ingressum
1732 1767 2008 1839 orationis

2101 629 2308 694 latera;
2332 625 2524 696 sicque
2545 639 2579 677 a
2600 621 3105 677 circumstantibus
3123 621 3245 692 ejus
3268 622 3614 678 satellitibus
3643 625 3729 679 in-

2101 733 2284 782 vasus,
2317 713 2512 768 multis
2536 713 2786 767 telorum
2816 709 3160 766 interfectus
3177 714 3261 766 est
3283 712 3507 767 ictibus.
3545 713 3726 768 Clau-

2103 803 2228 857 dius
2253 817 2408 868 vero,
2424 804 2546 854 tam
2561 798 2834 854 immanis
2849 797 3124 852 facinoris
3141 797 3246 852 sibi
3269 798 3420 854 male
3439 799 3727 867 conscius,

2105 890 2178 945 ad
2207 891 2412 944 cellam
2443 886 2688 953 abbatis,
2709 886 2973 940 confosso
3000 887 3179 940 latere
3202 885 3574 966 .abscissoque
3599 889 3722 960 pol-

2104 977 2232 1045 lice,
2257 977 2536 1049 profugit,
2561 991 2800 1047 poscens
2822 991 2882 1030 se
2903 975 3084 1030 occuli
3107 975 3178 1030 ab
3191 991 3281 1030 eo.
3302 975 3724 1033 Verumtamen

2107 1064 2458 1122 irruentibus
2477 1063 2726 1119 Eberulfi
2748 1063 3142 1136 stipatoribus,
3164 1064 3409 1118 vallatur
3425 1063 3608 1118 armis
3625 1064 3729 1119 do-

2106 1155 2454 1226 mus,jacula
2473 1169 2577 1225 per
2597 1151 3386 1222 fenestras'introjaciuntur:
3411 1152 3564 1207 abba
3578 1169 3728 1224 quo-

2105 1260 2216 1316 que
2239 1244 2324 1297 vix
2343 1260 2376 1297 a
2391 1243 2614 1297 duobus
2633 1241 2852 1295 clericis
2887 1239 3092 1294 illaesus
3112 1241 3380 1294 reseratis
3404 1242 3732 1296 extrahitur

2106 1332 2280 1388 ostiis.
2313 1333 2422 1386 Per
2440 1347 2568 1402 quae
2600 1328 2934 1400 introgressi
2956 1328 3266 1384 adversarii
3287 1329 3593 1384 Claudium
3611 1329 3721 1383 sub

2105 1422 2252 1476 lecto
2272 1419 2598 1476 latitantem
2615 1417 3064 1488 nactijugulant,
3079 1417 3375 1488 sociosque
3394 1417 3446 1488 ej
3455 1433 3519 1471 us
3533 1417 3730 1472 simul.

2108 1509 2367 1573 Quorum
2391 1523 2654 1578 corpora,
2669 1506 2894 1562 adomo
2917 1509 3210 1578 protracta
3231 1521 3296 1559 ac
3307 1521 3481 1578 super
3502 1505 3728 1560 nudam

2108 1598 2350 1652 humum
2367 1595 2645 1668 jacentia,
2675 1597 2946 1666 parentes
2975 1593 3263 1665 amicique
3289 1593 3638 1663 colligentes
3653 1609 3736 1648 se-

2108 1686 2415 1759 pelierunt.
2450 1684 2536 1738 Ad
2565 1682 2981 1738 vindicandum
3008 1685 3205 1736 autem
3249 1681 3640 1736 homicidium
3675 1682 3731 1736 in

2107 1791 2282 1830 sacrae
2307 1773 2444 1828 uadis
2463 1772 2610 1828 atrio
2629 1771 3241 1842 perpetratum,etiam
3265 1771 3642 1842 energumini
3665 1787 3730 1826 ac

394 1860 655 1927 domum,
682 1859 797 1914 suis
849 1860 1238 1930 imperantem
1269 1860 1404 1911 ulte
1429 1875 1464 1911 ἃ
1485 1857 1638 1928 palla
1667 1857 1882 1923 altaris,
1918 1853 2010 1910 cui
2031 1857 2082 1919 B
2111 1878 2410 1935 pauperes,
2461 1877 2566 1932 pro
2593 1861 2812 1915 foribus
2837 1859 3204 1926 excubantes,
3235 1874 3368 1913 cum
3399 1859 3653 1914 fustibus
3679 1863 3735 1914 et

392 1947 736 2012 inhaerebas,
766 1948 1022 2002 evulsum
1065 1947 1220 2001 foras
1269 1945 1572 2017 pellerent.
1609 1944 1708 2000 Cui
1739 1961 1892 2012 cum,
1922 1945 2010 1998 in-

389 2035 667 2091 termissis
693 2052 801 2107 ego
819 2035 1124 2090 missarum
1143 2033 1462 2101 solemniis,
1480 2050 1576 2088 me
1602 2033 1836 2088 obvium
1868 2049 2013 2104 pra;-

393 2125 780 2193 berem,et,ne
810 2127 866 2178 te
899 2123 1326 2194 contingerent,
1359 2122 1628 2176 manibus
1653 2138 1884 2193 quoque
1911 2122 2010 2175 de-

392 2212 663 2281 tinerem,
685 2217 748 2267 tu
780 2212 1003 2267 interea
1033 2227 1135 2266 ara
1163 2226 1325 2264 sacra
1357 2210 1583 2264 deserta
1614 2211 1724 2264 huc
1767 2210 2012 2280 illucque

397 2300 656 2374 pavitans
695 2297 1256 2354 circumﬂectebaris.
1285 2298 1430 2352 Tum
1463 2313 1592 2368 ego,
1631 2313 1699 2350 ex
1737 2298 1844 2350 hoc
1880 2313 2007 2351 mo-

392 2387 588 2455 Iestus,
617 2388 756 2444 dum
787 2388 1216 2442 tibiinnuerum
1239 2403 1311 2439 ne
1340 2401 1631 2456 quoquam
1653 2385 2010 2461 abscederes,

396 2476 678 2548 evigilavi,
710 2491 940 2531 mecum
977 2475 1038 2528 in
1072 2474 1268 2528 animo
1297 2473 1529 2527 visionis
1557 2473 1854 2526 revolvens
1879 2488 2016 2528 cau-

397 2581 542 2620 sam.
576 2585 604 2614 »
627 2564 714 2618 Ad
739 2563 861 2618 haec
892 2562 1191 2617 Eberulfus
1219 2577 1232 2616 :
1271 2584 1299 2612 «
1329 2561 1588 2626 Multum,
1618 2560 1717 2628 ait,
1741 2560 2012 2632 cogitatio

396 2668 530 2708 mea
540 2669 672 2707 cum
683 2651 800 2706 viso
821 2651 1067 2722 quadrat
1087 2666 1316 2722 quoque
1333 2653 1531 2704 tuo.—
1545 2647 1834 2713 Quidnam
1857 2649 2012 2722 cogi-

396 2743 503 2808 tas,
531 2739 717 2812 inquit
743 2739 982 2794 antistes
1000 2738 1028 2792 ?
1047 2769 1118 2778 —
1136 2738 1361 2809 Cogito,
1387 2737 1517 2792 inﬁt
1539 2736 1654 2804 ille,
1683 2737 1726 2792 si
1749 2753 1840 2791 me
1861 2737 2013 2792 Gun-

392 2831 634 2884 trannus
660 2843 758 2881 rex
773 2827 904 2881 hinc
919 2826 1162 2881 voluerit
1175 2825 1624 2890 extrudere,una
1651 2830 1828 2880 manu
1849 2827 2014 2897 palla:

394 2915 1133 2982 altarisinbaarente,altera
1161 2917 1360 2969 tecum
1376 2914 1594 2968 clericis
1617 2914 1808 2984 gladio
1833 2915 2010 2969 truci-

395 3005 556 3060 dare.
591 3023 622 3057 »
638 3003 922 3058 Intellexit
935 3003 1240 3075 episcopus
1257 3002 1422 3057 illum
1444 3002 2013 3058 daamonisinstinctu

394 3093 532 3149 talia
554 3091 737 3148 effari.
771 3093 881 3147 Nec
908 3093 1149 3163 longum
1177 3091 1420 3146 ﬂuxerat
1443 3095 1688 3162 tempus,
1711 3095 2014 3162 cceperunt

394 3182 521 3238 ﬂeri
545 3185 676 3237 actu
707 3180 1035 3248 manifesta,
1054 3196 1182 3252 qum
1213 3179 1443 3234 fuerant
1468 3179 1737 3252 episcopo
1769 3179 1886 3234 visu
1919 3197 2013 3236 re-

396 3270 604 3326 velata.
636 3269 915 3342 Denique,
945 3269 1284 3324 Guntranno
1332 3273 1629 3340 quzerente
1677 3268 1886 3336 virum,
1919 3269 2015 3340 qui

397 3359 523 3415 arte
545 3358 616 3414 ab
649 3357 886 3412 ecclesia
909 3357 1158 3413 educens
1170 3357 1631 3424 Eberulfum,aut
1648 3357 2014 3412 sibiadduce-

397 3449 490 3503 ret
509 3446 762 3502 vinctum
777 3445 1075 3518 autgladio
1099 3446 1451 3518 relinqueret
1461 3445 1830 3514 trucidatum,
1850 3447 2016 3502 obtu-

395 3535 463 3591 lit
489 3551 549 3592 se
564 3535 828 3591 Claudius
845 3534 1103 3608 quidam,
1127 3535 1200 3589 ad
1221 3534 1279 3590 id
1297 3551 1439 3606 opus
1449 3538 1709 3590 strenum
1727 3535 2017 3606 spondens

395 3640 456 3680 se
485 3625 608 3680 fore
633 3623 1256 3680 ministrum.Pollicito
1275 3624 1469 3696 itaque
1501 3624 1608 3680 sibi
1622 3623 1767 3678 tanti
1787 3623 2016 3680 sceleris

397 3713 603 3786 pretio,
626 3715 699 3770 ad
730 3713 1064 3770 Eberulfum
1091 3714 1343 3781 accedit;
1358 3713 1522 3784 jurat
1541 3728 1645 3783 per
1673 3713 1857 3768 Deum
1881 3729 2013 3784 per-

397 3819 509 3876 que
538 3802 738 3859 omnia
759 3802 883 3859 cuzli
905 3819 970 3858 ac
996 3806 1165 3858 terra:
1179 3802 1625 3870 sancta,nullum
1655 3800 1882 3855 ﬁdelius
1903 3805 2005 3856 aut

396 3907 562 3964 posse
593 3895 692 3947 aut
715 3893 858 3946 velle
891 3907 1119 3946 causam
1151 3890 1274 3960 ejus
1323 3889 1476 3962 apud
1529 3905 1730 3961 regem
1784 3890 2013 3964 exsequi

398 3995 572 4053 quam
604 3998 684 4035 se.
717 3979 1119 4051 Perpendebat
1156 3977 1314 4032 enim
1345 3977 1542 4032 infelix
1572 3979 1683 4034 alio
1715 3996 1850 4034 eum
1893 3997 2012 4036 non

399 4083 564 4140 posse
589 4067 951 4123 commodius
982 4065 1167 4138 decipi
1189 4069 1524 4122 commento
1551 4084 1727 4140 quam
1753 4085 1854 4126 suo
1877 4086 2008 4142 pcr-

393 4155 572 4228 jurio.
607 4154 752 4219 Quid
767 4155 932 4225 plura
960 4154 988 4209 ‘2
1019 4153 1276 4210 Credidit
1294 4155 1468 4211 miser
1498 4155 1801 4228 dej'eranti,
1836 4173 1900 4213 ac
1947 4158 2009 4213 in

399 4244 718 4300 crastinum
747 4259 782 4297 a
809 4242 1029 4298 clericis
1058 4244 1287 4313 accitus,
1319 4261 1450 4300 cum
1480 4261 1548 4301 eo
1583 4246 1656 4302 ad
1685 4247 2010 4304 convivium

400 4331 640 4388 accedit.
673 4331 872 4387 Finitis
890 4333 1095 4404 epulis,
1129 4333 1415 4402 Eberulfo,
1447 4352 1642 4391 secum
1674 4353 1778 4410 per
1797 4337 2009 4392 atrium

399 4421 649 4476 basilica:
671 4421 1065 4476 deambulanti
1089 4425 1148 4478 et
1167 4425 1430 4478 mutuam
1458 4404 1772 4480 amicitiam
1782 4425 1930 4496 jurej
1942 4443 2004 4480 u-
2030 4404 2082 4463 D

395 4510 583 4567 rando
611 4509 922 4583 pollicenti,
955 4511 1033 4566 ait
1061 4511 1324 4568 Claudius
1357 4530 1370 4568 :
1405 4537 1433 4563 «
1464 4513 1520 4569 Si
1561 4515 1711 4569 forte
1769 4514 2008 4568 facultas

397 4601 551 4656 foret
557 4599 1542 4674 jucundiorarepeririviua,faterer
1561 4619 1655 4658 me
1681 4619 1886 4658 eorum
1913 4620 2006 4658 ar-

400 4689 538 4746 dere
567 4688 869 4745 desiderio.
891 4709 919 4738 »
952 4689 1324 4762 Respondens
1339 4691 1640 4746 Eberulfus
1655 4695 1859 4746 cuncta
1877 4708 2010 4764 quo:

399 4781 708 4852 cuperetse
727 4778 1282 4850 prarbiturum,dum
1313 4779 1487 4835 modo
1515 4779 1855 4852 dignaretur
1885 4781 1932 4851 ej
1945 4797 2006 4836 us

399 4870 560 4930 adire
589 4869 924 4944 hospitium,
954 4868 1250 4924 universos
1285 4868 1482 4940 dirigit
1510 4884 1738 4938 pueros,
1769 4869 2008 4940 potioris

395 4962 512 5019 vini
544 4961 816 5017 haustum
845 4959 1204 5032 qumsituros.
1261 4956 1518 5012 Cernens
1551 4956 1816 5012 Claudius
1847 4957 2009 5012 illum

397 5049 675 5108 resedisse
728 5048 936 5113 solum,
969 5046 1129 5118 cujus
1181 5045 1364 5118 magis
1395 5045 1514 5116 ipse
1563 5045 1784 5100 lethum
1835 5063 2011 5118 quam

398 5139 554 5196 aliud
583 5138 767 5194 sitiret
794 5151 1045 5204 merum,
1067 5149 1247 5190 manu
1276 5133 1504 5188 elevans
1519 5149 1658 5206 erga
1669 5134 1849 5190 sancti
1875 5135 2014 5190 Mar-

398 5229 509 5285 tini
539 5227 887 5300 sepulcrum,
914 5239 1049 5280 eum
1079 5222 1140 5278 in
1189 5223 1344 5278 hunc
1397 5223 1670 5278 exorabat
1717 5223 1958 5278 modum
1991 5241 2006 5280 :

396 5317 554 5385 «Te,
612 5313 900 5388 inquiens,
942 5315 1136 5368 sancte
1192 5311 1504 5377 confessor,
1531 5328 1658 5378 oro,
1700 5315 1761 5366 ut
1814 5329 2010 5384 sospes

399 5411 646 5464 revisam
671 5403 980 5474 conjugem
1011 5417 1143 5456 cum
1173 5397 1313 5455 filio.
1351 5421 1378 5451 «
1401 5400 1494 5454 His
1515 5400 2009 5472 dictis,evaginato

403 5491 596 5567 gladio
624 5491 910 5563 impetum
936 5489 1183 5544 faciebat
1203 5488 1261 5544 in
1293 5489 1701 5544 adversarium.
1739 5488 1909 5560 Cujus
1929 5506 2018 5546 co-

402 5582 609 5640 natum
631 5597 776 5635 unus
804 5578 1138 5650 intelligens
1163 5578 1540 5645 famulorum,
1575 5577 1820 5634 brachiis
1863 5595 2018 5636 com-

403 5671 637 5750 plexum
647 5665 946 5741 resupinat
959 5664 1429 5730 Eberulfumﬂui
1439 5666 1568 5740 jam
1591 5682 1625 5722 a
1643 5666 1880 5724 Claudio
1893 5683 2018 5726 sau-

2111 1950 2260 2004 saxis
2289 1952 2692 2022 properarunt.
2727 1949 2882 2002 Hanc
2903 1947 3081 2018 igitur
3112 1947 3186 2002 ad
3231 1963 3291 2000 se
3335 1963 3573 2002 causam
3606 1965 3737 2020 per-

2112 2040 2289 2094 latam
2320 2055 2415 2092 rex
2443 2039 2811 2092 Guntrannus
2828 2035 3080 2108 graviter
3097 2035 3288 2106 primo
3311 2035 3552 2107 quidem
3575 2037 3730 2102 tulit;

2113 2127 2318 2193 donec,
2351 2128 2648 2198 comperto
2679 2124 2760 2178 rei
2794 2127 2970 2196 gestes
2988 2123 3498 2190 ordine,animum
3523 2124 3600 2179 ad
3623 2125 3736 2180 alia

2111 2209 2416 2267 tractanda
2445 2211 2744 2266 convertit.
2761 2209 3155 2264 Substantiam
3179 2209 3426 2264 Eberulﬂ
3445 2209 3508 2278 ii,
3523 2211 3736 2282 quibus

2112 2291 2323 2360 regalis
2350 2307 2480 2346 eam
2512 2291 2908 2345 contribuerat
2927 2294 3200 2360 potestas,
3225 2291 3581 2357 auferentes,
3599 2306 3736 2345 uxo-

2111 2396 2240 2434 rem
2265 2380 2315 2450 ej
2327 2395 2390 2434 us
2413 2379 2650 2450 inopem
2683 2379 3063 2452 reliquerunt.

2685 2504 2907 2559 CAPUT
2947 2503 3140 2558 LXVII.

2115 2594 2200 2650 De
2238 2594 2592 2650 Ρίειαυίδηείε
2627 2594 2858 2664 episcopi
2886 2593 3278 2665 redemptione,
3308 2609 3372 2650 ac
3393 2583 3600 2665 populi
3648 2611 3740 2649 re-

2718 2664 3117 2720 conciliatione.

2187 2772 2354 2826 Anno
2382 2789 2411 2825 x
2434 2771 2597 2844 regni
2619 2770 2988 2836 Childebcrti,
3013 2769 3335 2825 Guntranni
3353 2771 3556 2824 autem
3583 2788 3737 2839 xxxv,

2115 2857 2270 2914 idem
2289 2859 2554 2931 princeps
2576 2860 2879 2914 adversum
2910 2857 3316 2913 Gundoaldum
3328 2858 3650 2914 exercitum
3675 2877 3738 2915 ex

2116 2948 2392 3003 universis
2417 2948 2654 3004 urbibus
2674 2947 2782 3004 sibi
2809 2949 3080 3019 subjectis
3108 2948 3446 3003 commovit.
3466 2949 3507 3002 E
3527 2947 3740 3020 quibus

2115 3038 2558 3094 Aurelianenses
2603 3054 2734 3092 cum
2794 3036 3257 3104 Bituricensibus,
3308 3036 3738 3092 Pictaviensem

2037 3141 2084 3204 α
2117 3127 2694 3200 aggressicivitatem,
2715 3127 2882 3194 cives,
2899 3126 2998 3198 qui
3010 3127 3137 3198 jam
3159 3142 3193 3180 a
3215 3125 3328 3180 fide
3350 3125 3737 3191 desciverant,

2117 3217 2190 3272 ad
2217 3214 2521 3288 pristinam
2565 3215 2617 3270 vi
2646 3217 2982 3270 revocantes
3007 3214 3364 3281 societatem,
3393 3213 3738 3286 episcopum

2116 3305 2192 3376 ini
2204 3304 2340 3359 uriis
2352 3302 2578 3358 afﬁcere
2593 3303 3000 3358 moliebantur.
3020 3302 3601 3370 Atille,comminuto
3622 3320 3736 3358 uno

2118 3393 2478 3450 ecclesiastici
2504 3392 2837 3448 monasterii
2864 3410 3038 3448 aureo
3073 3393 3268 3460 calice,
3300 3408 3361 3447 se
3392 3391 3635 3464 quidem
3664 3393 3734 3448 ab

2119 3483 2334 3552 exsilio,
2362 3481 2641 3555 populum
2666 3483 2860 3537 autem
2893 3499 2926 3536 a
2955 3481 3284 3554 captivitate
3310 3479 3588 3537 redemit.

2672 3607 2894 3662 CAPUT
2935 3607 3158 3662 LXVIII.

2288 3697 2374 3754 De
2399 3695 2724 3752 Gundoaldi
2755 3699 2920 3768 gestis
2947 3701 2998 3752 et
3025 3696 3164 3752 aliis
3191 3695 3555 3768 quibusdam.

2185 3807 2247 3860 ln
2287 3804 2397 3859 illis
2431 3804 2652 3871 diebus,
2679 3804 3048 3860 Gundoaldus
3076 3803 3186 3859 iter
3213 3803 3459 3860 Pictavis
3487 3807 3735 3864 destina-

2113 3897 2262 3961 tum,
2295 3893 2489 3949 audita
2519 3893 2906 3966 expeditione,
2937 3893 3013 3948 ad
3044 3893 3439 3964 Engolismam
3473 3895 3728 3952 deﬂexit.

2115 3982 2222 4039 Ubi
2247 3983 2319 4038 ab
2350 3983 2603 4038 antistite
2646 3985 2705 4038 et
2733 3982 3068 4054 proceribus
3107 3985 3410 4054 gratanter
3435 3989 3730 4057 exceptus,

2113 4089 2316 4129 eorum
2341 4088 2464 4127 rem
2475 4075 2718 4127 unerata
2747 4071 3069 4140 sedulitate,
3089 4072 3493 4142 Petrogoricas
3520 4075 3726 4132 tendit.

2113 4162 2290 4233 Cujus
2319 4162 2626 4232 praesulem
2658 4162 2809 4216 male
2841 4162 3182 4216 mulctatum
3215 4161 3468 4233 reliquit,
3491 4179 3564 4218 eo
3578 4163 3728 4237 quod

2110 4268 2169 4306 se
2196 4268 2328 4306 cum
2351 4251 2544 4306 favore
2572 4267 2688 4306 non
2711 4251 3045 4323 excepisset.
3069 4250 3322 4322 Indeque
3340 4251 3616 4308 Tolosam
3639 4267 3734 4326 pc-

2109 4343 2258 4406 tens,
2291 4339 2600 4411 praemissis
2647 4339 2945 4406 militibus,
2995 4339 3281 4410 Magnulfo
3329 4342 3596 4411 pontifici
3627 4342 3730 4398 sibi

2109 4443 2410 4482 occursum
2424 4427 2493 4482 iri
2517 4427 2776 4481 mandat.
2796 4427 3163 4499 Quapropter
3183 4427 3518 4499 Magnull‘us‘
3533 4447 3734 4485 convo-

2109 4518 2297 4570 catam
2321 4516 2554 4589 plebem
2577 4515 2844 4570 hortatur
2865 4519 3182 4588 monetque
3216 4519 3280 4570 ut
3297 4517 3546 4572 viriliter
3563 4535 3727 4591 repu-

2109 4606 2312 4676 gnent,
2371 4620 2442 4657 ne
2490 4603 2640 4658 forte
2676 4603 2992 4658 calamitati
3037 4621 3213 4675 quam
3268 4605 3576 4676 quondam
3628 4606 3726 4660 sub

2107 4691 2386 4764 Sigulpbo
2405 4693 2628 4762 experti
2661 4695 2814 4760 sunt,
2837 4692 3042 4747 iterato
3065 4693 3415 4762 subdantur;
3446 4695 3725 4750 memine-

2107 4781 2341 4853 rintque
2370 4783 2656 4851 quatenus
2687 4779 3036 4847 Desiderius,
3059 4780 3235 4851 ipsius
3265 4781 3377 4836 dux
3410 4783 3594 4850 urbis,
3620 4795 3731 4838 me.

2111 4868 2323 4924 morati
2351 4868 2680 4940 experiatur
2697 4869 2996 4923 fortunam
3018 4868 3146 4936 viri,
3170 4869 3216 4922 si
3238 4869 3378 4941 quid
3398 4869 3593 4926 simile
3611 4886 3727 4926 mo-

2109 4958 2245 5014 litus
2273 4956 2468 5011 fuerit.
2502 4957 2570 5011 Et
2598 4957 2722 5012 haec
2751 4957 2991 5029 quidem
3024 4958 3304 5028 populum
3336 4958 3411 5014 ab
3441 4959 3728 5014 rebellan-

2113 5047 2254 5103 dum
2282 5046 2695 5101 excitaverunt.
2725 5045 2838 5100 Sed
2857 5046 3034 5101 robur
3055 5045 3422 5102 adventantis
3451 5048 3728 5104 exercitus

2115 5139 2312 5210 portas
2334 5133 2547 5207 aperiri
2581 5134 3096 5206 suasit.Receptum
3127 5133 3302 5206 igitur
3328 5135 3727 5192 Gundoaldum

2119 5225 2260 5280 urbe
2287 5240 2352 5279 ac
2377 5240 2572 5279 secum
2621 5223 3030 5295 prandentem,
3076 5222 3164 5278 bis
3192 5224 3501 5296 episcopus
3533 5227 3728 5282 affatur

2115 5313 2338 5369 verbis:
2372 5336 2400 5363 «
2433 5313 2586 5367 Licet
2635 5316 2690 5366 te
2731 5311 2916 5367 filium
2964 5311 3201 5368 Clotarii
3230 5328 3604 5387 regnumque
3635 5312 3726 5368 tibi

2120 5403 2317 5460 deberi
2335 5406 2576 5471 astruas,
2605 5402 2941 5458 incredibile
2967 5405 3163 5457 tamen
3181 5403 3332 5475 apud
3360 5409 3594 5460 nostros
3613 5419 3726 5458 ma-

2119 5496 2222 5549 net
2250 5487 2478 5548 animos
2508 5495 2565 5546 te
2595 5509 2722 5564 quae
2755 5491 2993 5563 coeperis
3029 5507 3194 5564 posse
3224 5491 3532 5563 perficere.
3569 5515 3599 5542 »
3627 5493 3726 5547 Re-

2119 5581 2356 5654 spondit
2383 5581 2457 5636 ad
2480 5581 2588 5636 ista
2606 5580 3008 5636 Gundoaldus:
3032 5600 3060 5632 ι
3085 5581 3202 5652 Ego
3225 5579 3438 5652 inquit,
3463 5587 3526 5638 et
3550 5584 3726 5639 Clota-

2117 5671 2205 5728 rio
2233 5686 2328 5726 me
2339 5668 2828 5743 genitumfateor,
2851 5671 2911 5726 et
2931 5667 3193 5725 debitam
3217 5669 3386 5744 regni
3402 5671 3725 5746 portionem
