3882 6212
137 426 146 431 “
192 416 305 478 ⁸741

1275 408 1605 474 HISTORIA
1635 408 2089 478 FRANCORUM.
2115 451 2188 464 --
2218 420 2348 478 LIB.
2382 416 2476 478 Ill.

3430 424 3542 492 »ηε

198 541 262 596 in
297 540 748 615 praesentiarum
777 538 1039 612 adeptus,
1070 539 1212 596 urbe
1253 544 1422 613 capta
1446 538 1819 607 Parisiorum,
1843 544 1898 603 Α
1921 556 2037 613 que
2063 543 2361 614 praecipue
2387 546 2649 619 sene,qui
2674 546 2906 604 sefanto
2930 548 3345 622 ingemiscebat
3360 555 3540 627 priva-

198 628 282 684 ibi
294 630 601 703 propriam
615 633 866 684 statuam
881 630 1074 685 sedem
1086 661 1172 684 .-—
1188 630 1515 701 Nunquam,
1537 629 1616 683 ait
1628 627 1808 699 ponti-

196 719 313 785 fex,
344 723 409 773 tu
422 718 922 790 ista,impediente
942 719 1187 786 Christo,
1214 716 1819 790 complebis,quandiu

196 808 490 879 quispiam
525 807 672 879 regii
697 806 1043 878 superfuerit
1085 806 1386 878 germinis.
1420 827 1447 855 »
1474 808 1619 860 Tum
1647 806 1819 860 Mum-

199 896 394 950 molus
424 897 597 966 alapa
626 895 857 949 Domini
878 896 1237 952 sacerdotem
1264 895 1561 966 percussit,
1591 894 1811 948 dicens:

198 1003 231 1036 ‹
263 984 392 1038 Non
409 983 613 1056 pudet,
634 983 1009 1054 ineptissime,
1027 986 1146 1038 tam
1173 983 1488 1054 nugacihus
1509 982 1815 1037 dominum

198 1075 472 1127 nostrum
506 1088 708 1143 regem
729 1072 1030 1127 confutare
1056 1071 1319 1126 verbis?»
1340 1070 1666 1125 Desiderius
1680 1087 1819 1142 quo-

195 1160 559 1232 que,agnitis
569 1160 797 1233 hisquze
809 1164 1012 1215 contra
1027 1161 1270 1215 salutem
1288 1176 1449 1214 suam
1470 1161 1680 1230 populo
1695 1176 1817 1215 sua-

195 1252 378 1316 serat,
386 1249 602 1320 pugnis
618 1265 750 1303 eum
768 1249 1123 1320 fustibusque
1138 1265 1268 1303 cum
1288 1248 1817 1320 reliquiscecidit,ac

193 1342 349 1410 post,
387 1338 530 1393 fune
571 1336 891 1392 revinctum
936 1338 1130 1408 pedes,
1175 1337 1382 1391 direxit
1428 1337 1487 1391 in
1534 1336 1816 1404 exsilium,

189 1427 383 1498 raptis
401 1431 528 1481 tam
544 1427 722 1498 ipsius
738 1443 915 1499 quam
937 1426 1198 1481 Ecclesiae
1214 1426 1597 1481 facultatibus.
1616 1425 1817 1481 Franci

189 1515 422 1588 itaque,
439 1515 539 1587 qui
557 1514 812 1587 undique
831 1516 903 1570 ad
925 1516 1392 1587 persequendum
1413 1515 1816 1570 Gundoaldum

184 1604 456 1677 permoti
473 1605 727 1673 fuerant,
744 1620 923 1676 usque
942 1604 1015 1659 ad
1032 1603 1390 1659 Dordoniam
1409 1603 1696 1675 progressi
1718 1605 1819 1658 flu-

190 1710 361 1757 men,
383 1692 871 1763 prmstolabantur
884 1692 929 1747 si
943 1708 1087 1763 quos
1099 1692 1148 1763 ej
1160 1709 1241 1758 us,
1259 1693 1415 1746 fama
1436 1692 1816 1762 ferente,per-

183 1782 587 1837 sentiscerent
616 1785 826 1835 motus.
851 1779 1181 1835 Sociaverat
1201 1797 1259 1834 se
1287 1780 1338 1835 ei
1368 1780 1563 1834 Waldo
1594 1779 1819 1834 cubicu-

1920 633 2047 683 tum
2082 632 2831 706 patrocinio,apparuerunt
2845 638 3139 709 particulae
3164 641 3318 696 haud
3340 645 3539 714 procul

1918 719 2135 787 positas.
2176 720 2393 776 Harum
2428 739 2541 777 una
2568 724 2909 780 Mummolus
2938 732 3231 799 assumpta
3262 728 3539 787 discessit.

1920 807 2031 860 Sed
2048 809 2247 863 beatus
2272 814 2495 882 martyr
2519 812 2576 866 id
2607 813 2714 867 sibi
2747 830 2863 869 non
2893 819 3124 885 gratum
3168 817 3291 871 fore
3315 835 3381 873 ex
3431 820 3540 875 hoc

1917 896 2204 967 praecipue
2229 900 2481 954 ostendit
2508 901 2661 972 quod
2696 902 2887 957 eidem
2906 905 3050 971 viro,
3079 905 3243 975 cujus
3268 906 3389 961 haec
3413 911 3541 964 acta

1916 983 2145 1039 fuerant
2166 985 2431 1057 imperio,
2465 990 2650 1044 noluit
2678 1007 2799 1045 esse
2852 992 3081 1047 auxilio.
3116 994 3529 1052 Verumtamen

1917 1070 2073 1127 idem
2099 1074 2486 1143 Gundoaldus,
2516 1077 2724 1133 iterato
2743 1080 2886 1134 duos
2912 1080 2986 1135 ad
3016 1097 3214 1152 regem
3240 1082 3533 1139 Guntran-

1918 1176 2060 1215 num
2077 1160 2372 1218 dcstinans
2390 1166 3131 1239 Iegatos(quemadmodum
3146 1170 3284 1224 olim
3298 1171 3541 1227 Franco-

1918 1266 2049 1305 rum
2080 1267 2207 1306 mos
2237 1253 2427 1308 fuerat
2456 1255 2701 1326 legatis),
2723 1256 2891 1327 jussit
2915 1257 3024 1312 illis
3048 1257 3235 1329 virgas
3259 1259 3412 1315 ferre
3442 1276 3533 1315 sa-

1918 1344 2135 1408 cratas;
2163 1341 2370 1412 quibus
2394 1343 2652 1414 prolatis,
2671 1346 2846 1400 totius
2870 1345 3162 1402 immunes
3173 1347 3367 1402 forent
3383 1348 3535 1419 inju-

1918 1428 2041 1482 riae.
2070 1429 2135 1482 Hi
2167 1429 2362 1502 itaque
2384 1430 2481 1503 qui
2514 1432 2718 1489 directi
2745 1434 3158 1490 erantincaute
3180 1436 3536 1508 legationem

1919 1533 2080 1572 suam
2098 1518 2258 1589 prius
2271 1521 2953 1594 popularibusvulgarunt
2964 1540 3140 1595 quam
3155 1525 3276 1596 regi
3291 1541 3539 1598 praesen-

1919 1607 2200 1659 tarentur.
2230 1606 2392 1660 Unde
2417 1624 2537 1675 rex,
2552 1624 2650 1664 eos
2669 1610 2775 1664 sibi
2792 1610 3048 1666 exhiberi
3063 1611 3277 1682 jubens
3294 1613 3535 1683 vinctos,

1917 1708 2112 1747 severe
2147 1693 2468 1765 interrogat
2498 1697 2672 1765 unde,
2705 1699 2788 1752 vel
2819 1715 3005 1771 aquo,
3034 1717 3134 1756 seu
3160 1718 3194 1756 a
3224 1702 3430 1773 quibus
3450 1702 3538 1758 di-

1918 1780 2057 1834 recti
2079 1782 2379 1837 essent.llli
2409 1799 2536 1838 rem
2569 1800 2828 1851 omnem,
2860 1790 2921 1841 ut
2959 1790 3105 1851 erat.
3137 1794 3416 1845 enarrant
3441 1806 3537 1845 or-

182 1871 377 1925 larius
394 1869 696 1939 Bigundis,
716 1869 798 1923 vir
819 1869 973 1924 haud
997 1868 1340 1941 spernendae
1362 1868 1654 1940 potentiae,
1684 1868 1816 1922 reli-
1843 1849 1893 1908 Β
1920 1868 2075 1923 dine.
2108 1869 2297 1923 Missos
2327 1887 2386 1924 se
2417 1888 2450 1925 a
2478 1849 2822 1927 Gundoaldo'
2846 1849 3191 1948 Clotariir(ut
3214 1877 3336 1949 ipse
3358 1878 3538 1949 proli-

180 1958 323 2031 quis
346 1959 560 2031 puella:
606 1957 883 2012 ministris
910 1958 1046 2029 fuga
1087 1956 1337 2029 dilapsis.
1373 1956 1484 2011 Sed
1507 1960 1565 2010 et
1594 1956 1819 2011 Deside-

178 2050 314 2105 rius
330 2065 470 2102 eum
493 2047 806 2101 Mummolo
836 2062 901 2101 ac
923 2046 1203 2111 Bladaste,
1231 2061 1456 2100 necnon
1479 2044 1816 2115 saggittario

181 2138 318 2210 (qui
351 2135 737 2209 sponsionem
759 2135 829 2189 de
858 2134 1456 2207 prmsulatuTolosano
1463 2133 1589 2203 jam
1610 2131 1815 2186 elicue-

178 2230 282 2282 rat
314 2227 396 2281 ab
422 2228 514 2295 eo)
540 2224 732 2279 intimi
775 2227 941 2278 erant
967 2223 1028 2277 in
1051 2221 1309 2287 consilio,
1342 2238 1561 2294 perque
1600 2238 1698 2276 eos
1724 2237 1816 2275 res

181 2316 506 2388 agebatur.
535 2313 630 2367 His
660 2312 859 2367 diebus
875 2311 948 2366 ad
967 2310 1185 2366 amicos
1203 2310 1260 2364 in
1279 2309 1560 2383 superiori
1581 2309 1817 2364 Francia

184 2404 489 2475 degentes
506 2401 661 2457 misit
675 2401 961 2472 epistolas,
981 2401 1203 2455 duobus
1231 2416 1327 2454 eas
1358 2400 1593 2454 tradens
1621 2398 1815 2453 feren-

182 2493 296 2547 das
322 2490 585 2557 clericis;
621 2505 868 2562 quorum
900 2506 1047 2543 unus
1077 2488 1395 2543 Caturcinm
1427 2488 1582 2542 urbis
1606 2488 1814 2557 incola,

1917 1958 2171 2027 tebatur)
2196 1958 2350 2029 regis
2392 1958 2532 2027 filio,
2584 1964 2867 2030 quatenus
2910 1962 3165 2018 debitam
3197 1968 3531 2036 repeterent

1918 2045 2083 2115 regni
2097 2049 2346 2116 partem.
2369 2069 2395 2097 «
2415 2046 2876 2119 Qum,inquiunt,
2890 2048 2950 2103 ni
2965 2053 3191 2105 mature
3203 2051 3538 2108 restituatur

1916 2150 2048 2189 cum
2100 2135 2636 2207 circumjacentibus
2685 2137 2746 2192 in
2796 2139 3058 2208 proximo
3092 2139 3540 2211 depopulabitur

1916 2223 2171 2281 urbibus.
2198 2225 2310 2279 Nec
2337 2242 2575 2296 parvam
2595 2226 2749 2281 illico
2767 2230 3024 2282 coactam
3044 2228 3278 2283 alebant
3295 2227 3539 2284 bellato-

1914 2328 2046 2367 rum
2082 2328 2343 2381 manum,
2376 2318 2750 2385 cum,praeter
2768 2315 3136 2386 Aquitanicas
3156 2315 3373 2387 copias,
3390 2315 3533 2372 vali-

1917 2401 2020 2455 dos
2049 2406 2307 2473 speraret
2337 2402 2444 2458 sibi
2472 2420 2537 2457 ex
2562 2403 2791 2458 Austria
2812 2403 3112 2459 adfuturos
3142 2403 3535 2472 auxiliatores,

1918 2490 2089 2564 idque
2101 2497 2488 2565 prmpotentes
2500 2493 2711 2548 ducum
2729 2510 2796 2548 ex
2808 2509 2990 2565 regno
3007 2492 3355 2548 Childeberti
3367 2508 3534 2549 nosse

180 2581 464 2652 ligneam
497 2594 676 2650 quam
704 2577 1141 2633 ferebatcavans
1157 2575 1713 2643 tabulam,immissis
1734 2578 1819 2631 Iit-

176 2668 340 2724 teris
361 2684 563 2723 ceram
585 2665 1000 2737 superinduxit.
1025 2665 1112 2719 Nil
1128 2668 1323 2719 tamen
1346 2665 1508 2719 illum
1525 2666 1646 2719 hinc
1663 2666 1820 2721 fraus
1919 2668 1991 2723 ad
2004 2669 2254 2741 primam
2268 2670 2790 2743 interrogationem
2809 2669 3428 2742 prodiderunt.Postea
3439 2685 3534 2724 ve-

178 2756 525 2829 juvit,quin
547 2754 856 2809 afidelibus
883 2753 1203 2809 Guntranni
1229 2751 1382 2823 regis
1408 2753 1817 2825 deprehensus,
1919 2774 2005 2823 ro,
2026 2758 2099 2813 ad
2121 2760 2363 2815 trocleas
2383 2759 2671 2815 extensiet
2685 2759 3003 2815 diutissime
3024 2757 3175 2825 caesi,
3198 2757 3534 2813 iudicarunt

189 2845 503 2918 patefacta
522 2843 965 2914 legatione,post
979 2841 1488 2912 ﬂagellacustodize
1515 2858 1646 2895 cum
1667 2843 1820 2898 socio
1923 2846 2246 2917 Rigundem
2278 2849 2579 2922 Chilperici
2602 2850 2781 2906 filiam
2795 2847 3534 2919 cumMagnulfo,Tolasano

187 2930 1238 3006 manciparetur.PorroGundoaIdus
1251 2930 1318 2984 ad
1335 2930 1821 3001 Burdegaleusem
1922 2937 2212 3007 pontiﬁce,
2236 2938 2295 2992 in
2322 2939 2587 2993 exsilium
2607 2940 2950 3011 relegatam.
2977 2939 3247 3002 Demum,
3280 2934 3539 2991 custodix

193 3023 501 3077 transiens
536 3020 848 3086 civitatem,
883 3022 1202 3075 Bertranno
1234 3020 1473 3090 praesule
1526 3019 1820 3076 humanis-
1922 3024 2199 3096 deputati,
2268 3043 2444 3099 usque
2505 3028 2579 3083 ad
2627 3027 2800 3083 aliam
2859 3024 3217 3083 audientiam
3258 3022 3541 3094 jubentur

194 3111 352 3167 sime
373 3127 433 3166 se
466 3108 1265 3182 suscipiente,a1iquandiuibi
1282 3109 1512 3165 resedit.
1530 3110 1823 3174 Quaerenti
1849 3138 1895 3197 α
1924 3114 2222 3168 asservari.

193 3217 342 3257 vero
362 3200 416 3255 ei
429 3216 562 3272 qum
580 3214 671 3253 res
687 3197 1195 3269 inexpugnabilem
1213 3199 1469 3253 hostibus
1484 3216 1619 3254 eum
1636 3199 1825 3253 efﬁce-
2511 3222 2735 3279 CAPUT
2765 3223 2938 3279 LXIX.

195 3293 298 3381 {et
322 3290 653 3381 indicatum
685 3287 756 3341 ab
783 3303 921 3381 μου.
940 3286 1313 3381 Ῑθιπιίιίᾷιςίυω
1341 3290 1474 3381 Αθδμ
1496 3287 1822 3381 511181335181"
1919 3308 2003 3363 De
2033 3308 2358 3365 Childeberti
2391 3317 2445 3363 et
2468 3310 2786 3381 Guntranm‘
2814 3312 3265 3381 reconciliatione,
3298 3319 3347 3369 el
3379 3313 3533 3371 Gun-

200 3377 466 3433 Orientis
485 3374 991 3447 regem,reliquias
1006 3375 1187 3430 sancti
1204 3375 1475 3446 martyris
1492 3374 1675 3445 Sergii
1695 3375 1823 3430 bra—
1994 3383 2177 3456 trannz'
2202 3382 2416 3435 consilio
2449 3379 2780 3436 C/uldeberto
2814 3382 2963 3451 dato,
3020 3384 3188 3456 deque
3218 3374 3533 3441 Gundan

198 3468 338 3522 chio
370 3466 641 3538 alligatas
658 3465 966 3531 ferentem,
998 3479 1228 3535 semper
1250 3463 1587 3519 adversariis
1601 3480 1819 3536 prmva-
1989 3453 2245 3521 Ῐαετίοηε-

196 3556 346 3613 lere.
368 3556 635 3626 Cumque
651 3552 889 3609 sollicite
918 3553 1289 3625 investigaret
1319 3553 1446 3625 quis
1473 3553 1641 3624 hujus
1664 3552 1820 3608 testis
1984 3560 2208 3614 Interea
2222 3557 2858 3625 Childebertns,nuntiis
2870 3559 3531 3631 patruiimpellentibus,

198 3644 446 3701 Domini
461 3641 782 3717 patrocinia
793 3641 1132 3712 possideret,
1160 3643 1511 3697 Bertrannus
1523 3641 1821 3715 episcopus
1921 3664 1955 3702 a
1983 3648 2107 3702 loco
2126 3664 2241 3703 sua:
2270 3646 2640 3703 habitationis
2657 3647 2942 3718 digressus
2963 3647 3196 3703 advenit
3216 3648 3267 3703 ei
3288 3649 3534 3703 collocu-

201 3735 346 3790 dixit
374 3751 502 3790 esse
522 3733 583 3788 in
597 3733 804 3788 eadem
822 3732 959 3787 urbe
986 3732 1299 3804 quemdam
1322 3732 1528 3804 Syrum
1557 3732 1818 3804 negotia-
1918 3739 2100 3790 turus.
2131 3736 2309 3804 Tunc,
2340 3752 2406 3790 ex
2437 3738 2726 3809 praecepto
2756 3735 3104 3803 Guntranni,
3129 3750 3533 3807 supramemo-

199 3827 419 3891 torem,
456 3822 697 3878 nomine
720 3820 1054 3888 Eufronem,
1087 3820 1182 3893 qui
1209 3820 1347 3875 olim
1381 3822 1452 3875 ab
1495 3821 1729 3876 Oriente
1751 3836 1819 3875 ea
1917 3823 2025 3878 rati
2041 3824 2097 3877 in
2112 3824 2419 3881 amborum
2433 3824 2803 3897 praesentiam
2823 3822 3357 3895 perductiviri,cum
3377 3823 3535 3896 prius

200 3911 434 3968 detulit.
453 3932 483 3964 ς
500 3910 894 3982 Hic,inquiens
914 3909 973 3963 in
987 3910 1161 3965 domo
1179 3926 1299 3975 sua,
1318 3926 1493 3981 quam
1510 3908 1817 3964 Ecclesiam
1914 3915 2098 3968 relata
2125 3912 2336 3969 iterum
2349 3914 2843 3986 recapitulassent,
2870 3912 3222 3968 addiderunt
3239 3912 3534 3968 universos

200 4001 581 4067 consecravit,
597 3999 749 4053 inter
771 3998 882 4053 alia
893 3998 1171 4052 miracula
1193 3998 1342 4052 illius
1357 3998 1547 4053 dilecti
1570 3998 1672 4052 Dei
1694 4014 1815 4052 me-
1917 4002 2195 4073 Rigundis
2224 4003 2522 4058 thesauros
2548 4002 2929 4057 aGundoaIdo
2946 4001 3533 4074 pervasosipsumque

203 4089 326 4144 ritis
355 4092 609 4163 patrata,
640 4088 749 4143 hoc
780 4088 955 4142 etiam
989 4087 1180 4142 videre
1206 4087 1529 4157 promeruit
1550 4087 1726 4159 quod,
1745 4086 1820 4140 ci-
1919 4090 2109 4146 dicere
2160 4091 2392 4147 solitum
2414 4134 2428 4159 ,
2484 4091 2764 4145 invitante
2818 4091 3403 4147 Guntranno-Bosone
3462 4090 3534 4145 ab

201 4178 375 4233 vitate
409 4178 733 4243 ﬂammata,
761 4175 884 4247 ipsa
907 4176 1140 4230 basilica
1171 4176 1491 4246 permansit
1518 4176 1754 4230 intacta.
1782 4193 1816 4228 ι
1920 4178 2151 4234 Oriente
2183 4197 2241 4234 se
2276 4181 2348 4234 ad
2378 4179 2585 4235 Gallias
2625 4179 2935 4234 transiisse.
2970 4178 3229 4250 Cumque
3260 4177 3535 4252 principi-

1918 2595 1991 2634 an
2006 2580 2113 2651 ipsi
2136 2597 2269 2637 vera
2288 2585 2798 2654 prosequerentur.
2814 2600 2845 2635 ι
2860 2583 2929 2636 Et
2952 2582 3076 2636 haec
3104 2579 3342 2654 quidem
3359 2580 3535 2651 legati

200 4267 438 4322 Mittitur
450 4284 482 4321 e
495 4265 734 4336 vestigio
745 4265 895 4319 Mum
905 4266 1090 4319 molus
1103 4265 1218 4319 dux
1238 4282 1367 4319 cum
1384 4265 1503 4335 ipso
1525 4264 1815 4337 episcopo,

205 4358 562 4411 memoratas
583 4353 954 4423 inquisiturus
974 4354 1265 4426 reliquias.
1290 4354 1390 4409 Cui
1424 4354 1607 4408 acrius
1626 4350 1820 4425 inqui-

1918 4268 2024 4323 bus
2049 4268 2399 4323 Childeberti
2420 4269 2542 4322 haec
2561 4270 2700 4322 nota
2720 4284 2840 4322 esse
2865 4266 3532 4339 asseverarent,suspicio

1929 4361 2065 4410 nata
2089 4360 2175 4410 est
2201 4356 2330 4411 ideo
2362 4356 2584 4428 aliquos
2600 4356 2672 4410 ad
2690 4372 2941 4427 praesens
2970 4356 3321 4429 colloquium
3334 4355 3533 4410 venire

211 4446 357 4499 renti
395 4459 741 4515 responsum
774 4443 989 4497 Eufron
1019 4443 1304 4498 reddidit:
1352 4464 1379 4493 «
1413 4443 1556 4508 Noli,
1584 4443 1818 4499 obsecro
1840 4454 1892 4512 D
1922 4444 2222 4502 distulisse.
2266 4445 2422 4499 Tunc
2465 4445 2702 4499 demum
2732 4445 3102 4500 Guntrannus
3132 4461 3232 4499 rex
3278 4444 3532 4510 hastam,

209 4549 296 4588 me
318 4535 494 4587 aetate
520 4532 848 4586 confectum
883 4531 1201 4603 defatigare
1227 4547 1450 4598 senem,
1483 4548 1588 4586 nec
1617 4535 1816 4588 sancto

209 4622 283 4677 illi
311 4622 534 4677 inferre
565 4621 861 4692 injuriam.
897 4622 1108 4676 Verum
1152 4621 1397 4693 acceptis
1437 4624 1671 4676 centum
1716 4639 1818 4677 au-

211 4712 331 4779 reis,
365 4710 439 4765 ab
466 4710 574 4764 hac
604 4709 813 4764 desiste
838 4709 1185 4766 intentione.
1220 4728 1245 4760 ιο
1280 4710 1526 4764 Econtra
1557 4710 1651 4764 ille
1679 4727 1712 4764 a
1736 4727 1821 4765 se-

213 4816 332 4853 rens
381 4816 464 4867 se,
513 4798 691 4852 etiam
746 4798 791 4851 si
843 4798 1075 4852 ducenti
1123 4798 1421 4864 darentur,
1465 4802 1652 4870 empta
1696 4816 1817 4854 non

215 4887 587 4954 deserturum,
634 4886 872 4959 insuper
912 4886 1111 4941 videns
1153 4887 1446 4959 capsulam
1499 4886 1571 4941 de
1597 4886 1818 4958 pariete

216 4977 478 5049 pendere,
512 4975 776 5046 apposita
812 4975 984 5042 scala,
1022 4974 1189 5045 jubet
1234 4975 1476 5031 diacono
1526 4978 1590 5029 ut
1619 4991 1817 5031 ascen-

217 5064 344 5119 dens
393 5064 651 5117 loculum
690 5062 1029 5133 deponeret.
1097 5061 1203 5126 Qui
1247 5066 1535 5135 praecepto
1585 5080 1816 5136 parens,

220 5151 342 5207 dum
370 5155 572 5207 sancta
602 5167 782 5205 manu
802 5153 1071 5223 tangeret
1086 5153 1520 5223 pignora,tanto
1543 5153 1819 5225 arrigitur

219 5245 482 5309 tremore,
512 5243 578 5295 ut
592 5239 899 5295 confestim
917 5242 1204 5295 rutuirum
1231 5241 1638 5314 omnesipsum
1658 5245 1819 5315 puta-

222 5334 353 5388 rent.
375 5328 647 5402 Deposita
663 5331 862 5383 tamen
879 5328 1188 5385 Mummolo
1214 5330 1468 5391 tradidit.
1496 5331 1818 5399 llle,inven-

220 5426 323 5477 tum
345 5438 407 5476 os
422 5419 661 5494 pretiosi
681 5419 972 5490 martyris,
993 5437 1133 5476 ausu
1148 5420 1460 5476 temerario
1487 5437 1819 5493 percussum

222 5511 452 5580 cultello,
480 5510 538 5564 in
569 5512 689 5564 tres
704 5507 953 5581 partitur
969 5513 1182 5580 partes.
1206 5510 1420 5574 Quibus
1437 5510 1820 5565 resilientibus

225 5616 315 5656 nec
337 5614 585 5671 usquam
613 5597 1046 5670 apparentibus,
1068 5615 1313 5670 magnus
1329 5601 1583 5654 astantes
1604 5598 1822 5654 invadit

223 5691 433 5748 horror.
468 5686 779 5746 Prostratis
793 5688 988 5743 autem
1011 5687 1122 5743 illis
1148 5688 1222 5746 ad
1249 5688 1821 5760 orationem,ﬂente-

1920 4551 2096 4606 quam
2145 4550 2325 4589 manu
2382 4533 2640 4605 gerebat,
2672 4526 2881 4606 hcpoti
2912 4532 3170 4601 tradidit,
3216 4531 3531 4603 inquiens:

1923 4645 1952 4673 «
1984 4624 2118 4690 Hoc,
2161 4622 2557 4678 amantissime
2586 4639 2788 4695 nepos,
2821 4622 3033 4678 indicio
3067 4620 3292 4678 noveris
3315 4623 3373 4675 te
3391 4618 3536 4674 mihi

1919 4728 2313 4767 successurum
2340 4712 2399 4768 in
2416 4727 2622 4785 regno.
2645 4711 2883 4775 Idcirco,
2902 4710 3119 4766 tradita
3137 4709 3241 4766 tibi
3264 4725 3298 4763 a
3318 4724 3413 4763 me
3432 4723 3535 4780 po-

1918 4804 2143 4868 testate,
2169 4804 2400 4857 cunctas
2431 4801 2597 4873 regni
2628 4801 2743 4855 mei
2775 4800 3050 4867 civitates,
3082 4802 3364 4870 tanquam
3382 4798 3533 4863 tuas,

1919 4889 2183 4963 dispone,
2215 4891 2589 4945 reminiscens
2615 4891 2674 4943 te
2699 4890 2888 4944 solum
2919 4906 2985 4943 ex
3008 4893 3207 4944 nostra
3238 4900 3534 4957 superesse

1919 4979 2115 5051 stirpe.
2139 5001 2166 5028 ιι
2186 4981 2267 5033 Ita
2284 4979 2521 5051 quidem
2546 4993 2666 5042 rex,
2692 4976 2963 5031 audiente
2983 4978 3143 5031 omni
3160 4976 3538 5049 populo,pro-

1918 5067 2131 5135 ferens,
2172 5072 2461 5123 semotum
2493 5083 2526 5120 a
2551 5066 2700 5119 coetu
2730 5063 2975 5118 aliorum
3002 5068 3275 5136 nepotem
3305 5061 3534 5118 monuit

1918 5173 1992 5211 ne
2017 5156 2110 5211 cui
2138 5156 2445 5211 manifesta
2471 5153 2685 5207 faceret
2713 5168 2840 5222 quae
2861 5150 2981 5220 ipse
3001 5150 3053 5204 ei
3080 5151 3339 5205 dicturus
3358 5151 3531 5210 foret.

1918 5245 2176 5317 Denique
2189 5243 2476 5298 instruens
2488 5256 2622 5295 eum
2640 5256 2782 5311 quos
2800 5237 3057 5293 ﬁdelium
3070 5237 3140 5292 de
3165 5237 3337 5292 rebus
3353 5256 3535 5311 agen-

1919 5334 2005 5389 dis
2036 5331 2274 5398 consuli,
2308 5346 2518 5402 quosve
2545 5330 2840 5399 oporteret
2868 5343 2902 5381 a
2947 5325 3185 5381 consilio
3216 5330 3527 5398 removeri,

1920 5438 2019 5476 seu
2046 5421 2250 5493 quibus
2281 5418 2498 5490 proprii
2514 5417 2770 5488 corporis
2791 5415 2991 5471 tuendi
3010 5430 3209 5470 curam
3223 5417 3530 5486 committi,

1921 5509 2105 5580 Egidii
2118 5507 2365 5579 episcopi
2386 5505 2801 5561 fraudulentias
2816 5521 2879 5559 ac
2892 5505 3012 5576 perj
3022 5504 3375 5573 uria,matris
3387 5523 3531 5580 quo-

1922 5615 2033 5670 que
2084 5593 2458 5650 Brunichildis
2500 5593 2773 5649 versutias
2825 5594 3105 5649 cavendas
3160 5595 3532 5668 praemonuit.

1924 5685 2114 5745 Finita
2141 5683 2651 5757 sermocinatione,
2707 5684 2781 5742 ad
2808 5681 3132 5743 convivium
3161 5684 3334 5743 ambo
3363 5701 3537 5761 reges
