  <div class='ocr_page' id='page_1' title='image "/cluster/home/n/w/nwhite01/storage/ocr_20150623/139/uva.x000829787/379.png"; bbox 0 0 3882 6212; ppageno 0'>
   <div class='ocr_carea' id='block_1_1' title="bbox 385 417 520 475">
    <p class='ocr_par' dir='ltr' id='par_1_1' title="bbox 385 417 520 475">
     <span class='ocr_line' id='line_1_1' title="bbox 385 417 520 475; baseline -0.022 1"><span class='ocrx_word' id='word_1_1' title='bbox 385 447 392 454; x_wconf 83' lang='lat'><strong>-</strong></span> <span class='ocrx_word' id='word_1_2' title='bbox 413 417 520 475; x_wconf 68' lang='grc'><strong>743</strong></span> 
     </span>
    </p>
   </div>
   <div class='ocr_carea' id='block_1_2' title="bbox 1507 385 2628 456">
    <p class='ocr_par' dir='ltr' id='par_1_2' title="bbox 1507 385 2628 456">
     <span class='ocr_line' id='line_1_2' title="bbox 1507 385 2628 456; baseline -0.01 1"><span class='ocrx_word' id='word_1_3' title='bbox 1507 397 1772 456; x_wconf 68' lang='grc' dir='ltr'><strong>ᾹῙΜΟΙΝΙ</strong></span> <span class='ocrx_word' id='word_1_4' title='bbox 1794 385 2107 453; x_wconf 71' lang='grc' dir='ltr'><strong>ΜθΝΑΟΗΙ</strong></span> <span class='ocrx_word' id='word_1_5' title='bbox 2135 385 2628 452; x_wconf 70' lang='lat' dir='ltr'><strong>FLORIACENSIS</strong></span> 
     </span>
    </p>
   </div>
   <div class='ocr_carea' id='block_1_3' title="bbox 3595 381 3690 446">
    <p class='ocr_par' dir='ltr' id='par_1_3' title="bbox 3595 381 3690 446">
     <span class='ocr_line' id='line_1_3' title="bbox 3595 381 3690 446; baseline 0.032 -3"><span class='ocrx_word' id='word_1_6' title='bbox 3595 381 3690 446; x_wconf 64' lang='grc'><strong>’744</strong></span> 
     </span>
    </p>
   </div>
   <div class='ocr_carea' id='block_1_4' title="bbox 413 513 3693 598">
    <p class='ocr_par' dir='ltr' id='par_1_4' title="bbox 413 513 3693 598">
     <span class='ocr_line' id='line_1_4' title="bbox 413 513 3693 598; baseline -0.008 -1"><span class='ocrx_word' id='word_1_7' title='bbox 413 536 822 598; x_wconf 88' lang='lat' dir='ltr'><strong>consederunt.</strong></span> <span class='ocrx_word' id='word_1_8' title='bbox 839 533 908 588; x_wconf 87' lang='lat' dir='ltr'><strong>Et</strong></span> <span class='ocrx_word' id='word_1_9' title='bbox 926 523 2017 594; x_wconf 70' lang='lat' dir='ltr'><strong>interredundantiorismensaaepulas,</strong></span> <span class='ocrx_word' id='word_1_10' title='bbox 2041 527 2095 586; x_wconf 84' lang='grc' dir='ltr'><strong>Α</strong></span> <span class='ocrx_word' id='word_1_11' title='bbox 2121 537 2282 578; x_wconf 89' lang='lat' dir='ltr'><strong>sacro</strong></span> <span class='ocrx_word' id='word_1_12' title='bbox 2314 520 2449 593; x_wconf 87' lang='lat' dir='ltr'><strong>igne</strong></span> <span class='ocrx_word' id='word_1_13' title='bbox 2469 517 2826 586; x_wconf 82' lang='lat' dir='ltr'><strong>ardentibus,</strong></span> <span class='ocrx_word' id='word_1_14' title='bbox 2848 515 2942 572; x_wconf 83' lang='lat' dir='ltr'><strong>alii</strong></span> <span class='ocrx_word' id='word_1_15' title='bbox 2964 513 3309 572; x_wconf 89' lang='lat' dir='ltr'><strong>demonibus</strong></span> <span class='ocrx_word' id='word_1_16' title='bbox 3336 513 3693 587; x_wconf 84' lang='lat' dir='ltr'><strong>replebantur,</strong></span> 
     </span>
    </p>
   </div>
   <div class='ocr_carea' id='block_1_5' title="bbox 417 611 2025 694">
    <p class='ocr_par' dir='ltr' id='par_1_5' title="bbox 417 611 2025 694">
     <span class='ocr_line' id='line_1_5' title="bbox 417 611 2025 694; baseline -0.014 -9"><span class='ocrx_word' id='word_1_17' title='bbox 417 623 816 685; x_wconf 86' lang='lat' dir='ltr'><strong>serenissimus</strong></span> <span class='ocrx_word' id='word_1_18' title='bbox 837 620 1103 694; x_wconf 80' lang='lat' dir='ltr'><strong>princeps</strong></span> <span class='ocrx_word' id='word_1_19' title='bbox 1129 615 1545 672; x_wconf 88' lang='lat' dir='ltr'><strong>Guntranussic</strong></span> <span class='ocrx_word' id='word_1_20' title='bbox 1567 611 1876 683; x_wconf 80' lang='lat' dir='ltr'><strong>alloquitur</strong></span> <span class='ocrx_word' id='word_1_21' title='bbox 1892 627 2025 665; x_wconf 90' lang='lat' dir='ltr'><strong>con-</strong></span> 
     </span>
    </p>
   </div>
   <div class='ocr_carea' id='block_1_6' title="bbox 415 699 2021 777">
    <p class='ocr_par' dir='ltr' id='par_1_6' title="bbox 415 699 2021 777">
     <span class='ocr_line' id='line_1_6' title="bbox 415 699 2021 777; baseline -0.013 -6"><span class='ocrx_word' id='word_1_22' title='bbox 415 717 568 771; x_wconf 80' lang='lat' dir='ltr'><strong>vivas</strong></span> <span class='ocrx_word' id='word_1_23' title='bbox 597 731 610 768; x_wconf 93' lang='lat'>:</span> <span class='ocrx_word' id='word_1_24' title='bbox 640 733 672 766; x_wconf 82' lang='grc'>«</span> <span class='ocrx_word' id='word_1_25' title='bbox 693 713 902 766; x_wconf 82' lang='lat' dir='ltr'><strong>Hortor</strong></span> <span class='ocrx_word' id='word_1_26' title='bbox 925 725 1042 774; x_wconf 90' lang='lat' dir='ltr'><strong>vos,</strong></span> <span class='ocrx_word' id='word_1_27' title='bbox 1074 703 1269 777; x_wconf 76' lang='lat' dir='ltr'><strong>inclyti</strong></span> <span class='ocrx_word' id='word_1_28' title='bbox 1307 702 1557 758; x_wconf 76' lang='lat' dir='ltr'><strong>Francia:</strong></span> <span class='ocrx_word' id='word_1_29' title='bbox 1587 699 1886 772; x_wconf 78' lang='lat' dir='ltr'><strong>primates,</strong></span> <span class='ocrx_word' id='word_1_30' title='bbox 1937 701 2021 765; x_wconf 89' lang='lat' dir='ltr'><strong>ut,</strong></span> 
     </span>
    </p>
   </div>
   <div class='ocr_carea' id='block_1_7' title="bbox 418 790 2023 875">
    <p class='ocr_par' dir='ltr' id='par_1_7' title="bbox 418 790 2023 875">
     <span class='ocr_line' id='line_1_7' title="bbox 418 790 2023 875; baseline -0.014 -15"><span class='ocrx_word' id='word_1_31' title='bbox 418 803 696 875; x_wconf 76' lang='lat' dir='ltr'><strong>nepotem</strong></span> <span class='ocrx_word' id='word_1_32' title='bbox 728 814 926 854; x_wconf 89' lang='lat' dir='ltr'><strong>meum</strong></span> <span class='ocrx_word' id='word_1_33' title='bbox 946 810 1170 850; x_wconf 91' lang='lat' dir='ltr'><strong>summo</strong></span> <span class='ocrx_word' id='word_1_34' title='bbox 1203 792 1445 864; x_wconf 89' lang='lat' dir='ltr'><strong>dignum</strong></span> <span class='ocrx_word' id='word_1_35' title='bbox 1465 791 1687 844; x_wconf 87' lang='lat' dir='ltr'><strong>honore</strong></span> <span class='ocrx_word' id='word_1_36' title='bbox 1705 790 2023 852; x_wconf 82' lang='lat' dir='ltr'><strong>censentes,</strong></span> 
     </span>
    </p>
   </div>
   <div class='ocr_carea' id='block_1_8' title="bbox 415 876 2025 954">
    <p class='ocr_par' dir='ltr' id='par_1_8' title="bbox 415 876 2025 954">
     <span class='ocr_line' id='line_1_8' title="bbox 415 876 2025 954; baseline -0.012 -7"><span class='ocrx_word' id='word_1_37' title='bbox 415 891 548 948; x_wconf 82' lang='lat' dir='ltr'><strong>ﬁdei</strong></span> <span class='ocrx_word' id='word_1_38' title='bbox 580 889 797 944; x_wconf 91' lang='lat' dir='ltr'><strong>cultum</strong></span> <span class='ocrx_word' id='word_1_39' title='bbox 820 886 874 941; x_wconf 92' lang='lat' dir='ltr'><strong>ei</strong></span> <span class='ocrx_word' id='word_1_40' title='bbox 889 882 1180 948; x_wconf 88' lang='lat' dir='ltr'><strong>exibeatis,</strong></span> <span class='ocrx_word' id='word_1_41' title='bbox 1200 878 1674 954; x_wconf 88' lang='lat' dir='ltr'><strong>quandoquidem</strong></span> <span class='ocrx_word' id='word_1_42' title='bbox 1693 876 2025 947; x_wconf 89' lang='lat' dir='ltr'><strong>ipse,trans-</strong></span> 
     </span>
    </p>
   </div>
   <div class='ocr_carea' id='block_1_9' title="bbox 416 964 2024 1052">
    <p class='ocr_par' dir='ltr' id='par_1_9' title="bbox 416 964 2024 1052">
     <span class='ocr_line' id='line_1_9' title="bbox 416 964 2024 1052; baseline -0.012 -17"><span class='ocrx_word' id='word_1_43' title='bbox 416 995 643 1052; x_wconf 80' lang='lat' dir='ltr'><strong>gressus</strong></span> <span class='ocrx_word' id='word_1_44' title='bbox 674 991 859 1032; x_wconf 76' lang='lat' dir='ltr'><strong>aevum</strong></span> <span class='ocrx_word' id='word_1_45' title='bbox 895 971 1176 1044; x_wconf 62' lang='lat' dir='ltr'><strong>pueritiae,</strong></span> <span class='ocrx_word' id='word_1_46' title='bbox 1209 968 1411 1024; x_wconf 81' lang='lat' dir='ltr'><strong>suadet</strong></span> <span class='ocrx_word' id='word_1_47' title='bbox 1443 965 1686 1021; x_wconf 84' lang='lat' dir='ltr'><strong>meliora</strong></span> <span class='ocrx_word' id='word_1_48' title='bbox 1710 964 1780 1018; x_wconf 92' lang='lat' dir='ltr'><strong>de</strong></span> <span class='ocrx_word' id='word_1_49' title='bbox 1810 979 1869 1018; x_wconf 91' lang='lat' dir='ltr'><strong>se</strong></span> <span class='ocrx_word' id='word_1_50' title='bbox 1897 974 2024 1034; x_wconf 88' lang='lat' dir='ltr'><strong>spe-</strong></span> 
     </span>
    </p>
   </div>
   <div class='ocr_carea' id='block_1_10' title="bbox 417 1047 2024 1129">
    <p class='ocr_par' dir='ltr' id='par_1_10' title="bbox 417 1047 2024 1129">
     <span class='ocr_line' id='line_1_10' title="bbox 417 1047 2024 1129; baseline -0.015 -4"><span class='ocrx_word' id='word_1_51' title='bbox 417 1085 570 1125; x_wconf 90' lang='lat' dir='ltr'><strong>rare.</strong></span> <span class='ocrx_word' id='word_1_52' title='bbox 603 1066 716 1121; x_wconf 87' lang='lat' dir='ltr'><strong>Nec</strong></span> <span class='ocrx_word' id='word_1_53' title='bbox 735 1059 1145 1126; x_wconf 90' lang='lat' dir='ltr'><strong>contemnatis,</strong></span> <span class='ocrx_word' id='word_1_54' title='bbox 1177 1060 1242 1113; x_wconf 90' lang='lat' dir='ltr'><strong>ut</strong></span> <span class='ocrx_word' id='word_1_55' title='bbox 1265 1071 1531 1129; x_wconf 88' lang='lat' dir='ltr'><strong>puerum;</strong></span> <span class='ocrx_word' id='word_1_56' title='bbox 1559 1052 1659 1107; x_wconf 91' lang='lat' dir='ltr'><strong>sed</strong></span> <span class='ocrx_word' id='word_1_57' title='bbox 1678 1047 2024 1106; x_wconf 88' lang='lat' dir='ltr'><strong>reveremini</strong></span> 
     </span>
    </p>
   </div>
   <div class='ocr_carea' id='block_1_11' title="bbox 417 1134 2026 1214">
    <p class='ocr_par' dir='ltr' id='par_1_11' title="bbox 417 1134 2026 1214">
     <span class='ocr_line' id='line_1_11' title="bbox 417 1134 2026 1214; baseline -0.015 -1"><span class='ocrx_word' id='word_1_58' title='bbox 417 1160 481 1212; x_wconf 91' lang='lat' dir='ltr'><strong>ut</strong></span> <span class='ocrx_word' id='word_1_59' title='bbox 509 1153 1010 1212; x_wconf 78' lang='lat' dir='ltr'><strong>dominum.»Post</strong></span> <span class='ocrx_word' id='word_1_60' title='bbox 1022 1148 1168 1214; x_wconf 62' lang='lat' dir='ltr'><strong>haec,</strong></span> <span class='ocrx_word' id='word_1_61' title='bbox 1185 1145 1600 1208; x_wconf 90' lang='lat' dir='ltr'><strong>Childebertus,</strong></span> <span class='ocrx_word' id='word_1_62' title='bbox 1616 1137 1894 1194; x_wconf 88' lang='lat' dir='ltr'><strong>restitutis</strong></span> <span class='ocrx_word' id='word_1_63' title='bbox 1919 1134 2026 1190; x_wconf 89' lang='lat' dir='ltr'><strong>sibi</strong></span> 
     </span>
    </p>
   </div>
   <div class='ocr_carea' id='block_1_12' title="bbox 417 1223 2026 1318">
    <p class='ocr_par' dir='ltr' id='par_1_12' title="bbox 417 1223 2026 1318">
     <span class='ocr_line' id='line_1_12' title="bbox 417 1223 2026 1318; baseline -0.015 -16"><span class='ocrx_word' id='word_1_64' title='bbox 417 1263 453 1302; x_wconf 89' lang='lat' dir='ltr'><strong>a</strong></span> <span class='ocrx_word' id='word_1_65' title='bbox 478 1248 682 1318; x_wconf 84' lang='lat' dir='ltr'><strong>patruo</strong></span> <span class='ocrx_word' id='word_1_66' title='bbox 711 1239 1052 1304; x_wconf 84' lang='lat' dir='ltr'><strong>civitatibus,</strong></span> <span class='ocrx_word' id='word_1_67' title='bbox 1085 1252 1228 1308; x_wconf 89' lang='lat' dir='ltr'><strong>quas</strong></span> <span class='ocrx_word' id='word_1_68' title='bbox 1271 1236 1438 1306; x_wconf 90' lang='lat' dir='ltr'><strong>pater</strong></span> <span class='ocrx_word' id='word_1_69' title='bbox 1467 1231 1736 1286; x_wconf 86' lang='lat' dir='ltr'><strong>tenuerat</strong></span> <span class='ocrx_word' id='word_1_70' title='bbox 1767 1243 1920 1294; x_wconf 92' lang='lat' dir='ltr'><strong>suus,</strong></span> <span class='ocrx_word' id='word_1_71' title='bbox 1953 1223 2026 1279; x_wconf 91' lang='lat' dir='ltr'><strong>ad</strong></span> 
     </span>
    </p>
   </div>
   <div class='ocr_carea' id='block_1_13' title="bbox 415 1326 1373 1409">
    <p class='ocr_par' dir='ltr' id='par_1_13' title="bbox 415 1326 1373 1409">
     <span class='ocr_line' id='line_1_13' title="bbox 415 1326 1373 1409; baseline -0.014 -18"><span class='ocrx_word' id='word_1_72' title='bbox 415 1332 654 1409; x_wconf 89' lang='lat' dir='ltr'><strong>propria</strong></span> <span class='ocrx_word' id='word_1_73' title='bbox 684 1326 995 1386; x_wconf 86' lang='lat' dir='ltr'><strong>maturavit</strong></span> <span class='ocrx_word' id='word_1_74' title='bbox 1023 1338 1373 1396; x_wconf 85' lang='lat' dir='ltr'><strong>regressum.</strong></span> 
     </span>
    </p>
   </div>
   <div class='ocr_carea' id='block_1_14' title="bbox 1010 1426 1434 1486">
    <p class='ocr_par' dir='ltr' id='par_1_14' title="bbox 1010 1426 1434 1486">
     <span class='ocr_line' id='line_1_14' title="bbox 1010 1426 1434 1486; baseline -0.017 0"><span class='ocrx_word' id='word_1_75' title='bbox 1010 1429 1234 1486; x_wconf 82' lang='lat' dir='ltr'><strong>CAPUT</strong></span> <span class='ocrx_word' id='word_1_76' title='bbox 1284 1426 1434 1482; x_wconf 85' lang='lat' dir='ltr'><strong>LXX.</strong></span> 
     </span>
    </p>
   </div>
   <div class='ocr_carea' id='block_1_15' title="bbox 689 1507 1755 1583">
    <p class='ocr_par' dir='ltr' id='par_1_15' title="bbox 689 1507 1755 1583">
     <span class='ocr_line' id='line_1_15' title="bbox 689 1507 1755 1583; baseline -0.016 -4"><span class='ocrx_word' id='word_1_77' title='bbox 689 1524 772 1579; x_wconf 88' lang='lat' dir='ltr'><strong>De</strong></span> <span class='ocrx_word' id='word_1_78' title='bbox 809 1518 1121 1578; x_wconf 82' lang='lat' dir='ltr'><strong>Gundoaldi</strong></span> <span class='ocrx_word' id='word_1_79' title='bbox 1147 1519 1206 1572; x_wconf 83' lang='lat' dir='ltr'><strong>in</strong></span> <span class='ocrx_word' id='word_1_80' title='bbox 1234 1515 1513 1571; x_wconf 78' lang='lat' dir='ltr'><strong>Convenas</strong></span> <span class='ocrx_word' id='word_1_81' title='bbox 1539 1507 1755 1583; x_wconf 82' lang='lat' dir='ltr'><strong>fraude.</strong></span> 
     </span>
    </p>
   </div>
   <div class='ocr_carea' id='block_1_16' title="bbox 487 1593 2028 1684">
    <p class='ocr_par' dir='ltr' id='par_1_16' title="bbox 487 1593 2028 1684">
     <span class='ocr_line' id='line_1_16' title="bbox 487 1593 2028 1684; baseline -0.018 -11"><span class='ocrx_word' id='word_1_82' title='bbox 487 1615 566 1673; x_wconf 83' lang='lat' dir='ltr'><strong>Ea</strong></span> <span class='ocrx_word' id='word_1_83' title='bbox 593 1606 1332 1684; x_wconf 82' lang='lat' dir='ltr'><strong>tempestate,Gundoaldus</strong></span> <span class='ocrx_word' id='word_1_84' title='bbox 1361 1620 1395 1658; x_wconf 93' lang='lat' dir='ltr'><strong>a</strong></span> <span class='ocrx_word' id='word_1_85' title='bbox 1413 1597 1702 1658; x_wconf 87' lang='lat' dir='ltr'><strong>Desiderio</strong></span> <span class='ocrx_word' id='word_1_86' title='bbox 1725 1593 2028 1684; x_wconf 71' lang='lat' dir='ltr'><strong>derelictus</strong></span> 
     </span>
    </p>
   </div>
   <div class='ocr_carea' id='block_1_17' title="bbox 418 1680 2030 1764">
    <p class='ocr_par' dir='ltr' id='par_1_17' title="bbox 418 1680 2030 1764">
     <span class='ocr_line' id='line_1_17' title="bbox 418 1680 2030 1764; baseline -0.017 -1"><span class='ocrx_word' id='word_1_87' title='bbox 418 1723 535 1762; x_wconf 88' lang='lat' dir='ltr'><strong>una</strong></span> <span class='ocrx_word' id='word_1_88' title='bbox 561 1719 693 1760; x_wconf 91' lang='lat' dir='ltr'><strong>cum</strong></span> <span class='ocrx_word' id='word_1_89' title='bbox 719 1680 1056 1764; x_wconf 75' lang='lat' dir='ltr'><strong>illummolo,</strong></span> <span class='ocrx_word' id='word_1_90' title='bbox 1079 1694 1340 1750; x_wconf 89' lang='lat' dir='ltr'><strong>Bladaste</strong></span> <span class='ocrx_word' id='word_1_91' title='bbox 1357 1708 1422 1746; x_wconf 94' lang='lat' dir='ltr'><strong>ac</strong></span> <span class='ocrx_word' id='word_1_92' title='bbox 1452 1687 1770 1750; x_wconf 89' lang='lat' dir='ltr'><strong>Waddone,</strong></span> <span class='ocrx_word' id='word_1_93' title='bbox 1787 1683 1902 1738; x_wconf 87' lang='lat' dir='ltr'><strong>sive</strong></span> <span class='ocrx_word' id='word_1_94' title='bbox 1933 1680 2030 1736; x_wconf 90' lang='lat' dir='ltr'><strong>Sa-</strong></span> 
     </span>
    </p>
   </div>
   <div class='ocr_carea' id='block_1_18' title="bbox 419 1769 2027 1869">
    <p class='ocr_par' dir='ltr' id='par_1_18' title="bbox 419 1769 2027 1869">
     <span class='ocr_line' id='line_1_18' title="bbox 419 1769 2027 1869; baseline -0.018 -18"><span class='ocrx_word' id='word_1_95' title='bbox 419 1793 674 1869; x_wconf 88' lang='lat' dir='ltr'><strong>gittario.</strong></span> <span class='ocrx_word' id='word_1_96' title='bbox 729 1790 1028 1845; x_wconf 90' lang='lat' dir='ltr'><strong>Convenas</strong></span> <span class='ocrx_word' id='word_1_97' title='bbox 1079 1783 1284 1838; x_wconf 88' lang='lat' dir='ltr'><strong>urbem</strong></span> <span class='ocrx_word' id='word_1_98' title='bbox 1315 1776 1660 1850; x_wconf 84' lang='lat' dir='ltr'><strong>ingreditur.</strong></span> <span class='ocrx_word' id='word_1_99' title='bbox 1695 1773 1775 1827; x_wconf 87' lang='lat' dir='ltr'><strong>Ea</strong></span> <span class='ocrx_word' id='word_1_100' title='bbox 1805 1771 1939 1826; x_wconf 88' lang='lat' dir='ltr'><strong>urbs</strong></span> <span class='ocrx_word' id='word_1_101' title='bbox 1968 1769 2027 1823; x_wconf 93' lang='lat' dir='ltr'><strong>in</strong></span> 
     </span>
    </p>
   </div>
   <div class='ocr_carea' id='block_1_19' title="bbox 419 1859 2031 1949">
    <p class='ocr_par' dir='ltr' id='par_1_19' title="bbox 419 1859 2031 1949">
     <span class='ocr_line' id='line_1_19' title="bbox 419 1859 2031 1949; baseline -0.017 -11"><span class='ocrx_word' id='word_1_102' title='bbox 419 1859 720 1938; x_wconf 58' lang='lat' dir='ltr'><strong>cacumine</strong></span> <span class='ocrx_word' id='word_1_103' title='bbox 746 1873 1000 1949; x_wconf 70' lang='lat' dir='ltr'><strong>praecelsi</strong></span> <span class='ocrx_word' id='word_1_104' title='bbox 1032 1869 1247 1927; x_wconf 90' lang='lat' dir='ltr'><strong>montis</strong></span> <span class='ocrx_word' id='word_1_105' title='bbox 1274 1875 1434 1922; x_wconf 86' lang='lat' dir='ltr'><strong>trans</strong></span> <span class='ocrx_word' id='word_1_106' title='bbox 1451 1865 1804 1920; x_wconf 90' lang='lat' dir='ltr'><strong>Garumnam</strong></span> <span class='ocrx_word' id='word_1_107' title='bbox 1823 1859 1931 1914; x_wconf 90' lang='lat' dir='ltr'><strong>sita</strong></span> <span class='ocrx_word' id='word_1_108' title='bbox 1947 1859 2031 1912; x_wconf 90' lang='lat' dir='ltr'><strong>est</strong></span> 
     </span>
    </p>
   </div>
   <div class='ocr_carea' id='block_1_20' title="bbox 417 1945 2032 2042">
    <p class='ocr_par' dir='ltr' id='par_1_20' title="bbox 417 1945 2032 2042">
     <span class='ocr_line' id='line_1_20' title="bbox 417 1945 2032 2042; baseline -0.017 -17"><span class='ocrx_word' id='word_1_109' title='bbox 417 1969 617 2042; x_wconf 87' lang='lat' dir='ltr'><strong>procul</strong></span> <span class='ocrx_word' id='word_1_110' title='bbox 655 1945 876 2021; x_wconf 68' lang='lat' dir='ltr'><strong>caeteris</strong></span> <span class='ocrx_word' id='word_1_111' title='bbox 900 1960 1138 2017; x_wconf 86' lang='lat' dir='ltr'><strong>remotis</strong></span> <span class='ocrx_word' id='word_1_112' title='bbox 1165 1955 1480 2012; x_wconf 90' lang='lat' dir='ltr'><strong>montibus.</strong></span> <span class='ocrx_word' id='word_1_113' title='bbox 1513 1951 1602 2006; x_wconf 82' lang='lat' dir='ltr'><strong>Ad</strong></span> <span class='ocrx_word' id='word_1_114' title='bbox 1629 1949 1851 2005; x_wconf 87' lang='lat' dir='ltr'><strong>radices</strong></span> <span class='ocrx_word' id='word_1_115' title='bbox 1875 1945 2032 2018; x_wconf 90' lang='lat' dir='ltr'><strong>rupis</strong></span> 
     </span>
    </p>
   </div>
   <div class='ocr_carea' id='block_1_21' title="bbox 418 2034 2028 2121">
    <p class='ocr_par' dir='ltr' id='par_1_21' title="bbox 418 2034 2028 2121">
     <span class='ocr_line' id='line_1_21' title="bbox 418 2034 2028 2121; baseline -0.017 -7"><span class='ocrx_word' id='word_1_116' title='bbox 418 2034 550 2114; x_wconf 69' lang='lat' dir='ltr'><strong>fons</strong></span> <span class='ocrx_word' id='word_1_117' title='bbox 579 2054 782 2121; x_wconf 91' lang='lat' dir='ltr'><strong>oritur,</strong></span> <span class='ocrx_word' id='word_1_118' title='bbox 815 2051 904 2107; x_wconf 91' lang='lat' dir='ltr'><strong>cui</strong></span> <span class='ocrx_word' id='word_1_119' title='bbox 947 2047 1208 2104; x_wconf 80' lang='lat' dir='ltr'><strong>imminet</strong></span> <span class='ocrx_word' id='word_1_120' title='bbox 1253 2043 1500 2115; x_wconf 88' lang='lat' dir='ltr'><strong>desuper</strong></span> <span class='ocrx_word' id='word_1_121' title='bbox 1529 2038 1705 2094; x_wconf 91' lang='lat' dir='ltr'><strong>turris</strong></span> <span class='ocrx_word' id='word_1_122' title='bbox 1735 2034 2028 2100; x_wconf 89' lang='lat' dir='ltr'><strong>altissima,</strong></span> 
     </span>
    </p>
   </div>
   <div class='ocr_carea' id='block_1_22' title="bbox 421 2129 2033 2218">
    <p class='ocr_par' dir='ltr' id='par_1_22' title="bbox 421 2129 2033 2218">
     <span class='ocr_line' id='line_1_22' title="bbox 421 2129 2033 2218; baseline -0.017 -17"><span class='ocrx_word' id='word_1_123' title='bbox 421 2161 550 2218; x_wconf 62' lang='lat' dir='ltr'><strong>quas</strong></span> <span class='ocrx_word' id='word_1_124' title='bbox 581 2143 730 2198; x_wconf 81' lang='lat' dir='ltr'><strong>cives</strong></span> <span class='ocrx_word' id='word_1_125' title='bbox 758 2157 861 2214; x_wconf 90' lang='lat' dir='ltr'><strong>per</strong></span> <span class='ocrx_word' id='word_1_126' title='bbox 891 2137 1220 2193; x_wconf 89' lang='lat' dir='ltr'><strong>cuniculum</strong></span> <span class='ocrx_word' id='word_1_127' title='bbox 1245 2129 1660 2188; x_wconf 85' lang='lat' dir='ltr'><strong>descendentes</strong></span> <span class='ocrx_word' id='word_1_128' title='bbox 1685 2137 1968 2197; x_wconf 91' lang='lat' dir='ltr'><strong>aquarum</strong></span> <span class='ocrx_word' id='word_1_129' title='bbox 1998 2137 2033 2174; x_wconf 91' lang='lat' dir='ltr'><strong>a</strong></span> 
     </span>
    </p>
   </div>
   <div class='ocr_carea' id='block_1_23' title="bbox 418 2212 2030 2288">
    <p class='ocr_par' dir='ltr' id='par_1_23' title="bbox 418 2212 2030 2288">
     <span class='ocr_line' id='line_1_23' title="bbox 418 2212 2030 2288; baseline -0.016 0"><span class='ocrx_word' id='word_1_130' title='bbox 418 2212 652 2288; x_wconf 61' lang='lat' dir='ltr'><strong>laesione</strong></span> <span class='ocrx_word' id='word_1_131' title='bbox 674 2212 952 2285; x_wconf 83' lang='lat' dir='ltr'><strong>defendat</strong></span> <span class='ocrx_word' id='word_1_132' title='bbox 979 2214 1670 2280; x_wconf 88' lang='lat' dir='ltr'><strong>hostium.Circumventis</strong></span> <span class='ocrx_word' id='word_1_133' title='bbox 1689 2212 1884 2285; x_wconf 89' lang='lat' dir='ltr'><strong>igitur,</strong></span> <span class='ocrx_word' id='word_1_134' title='bbox 1908 2225 2030 2263; x_wconf 88' lang='lat' dir='ltr'><strong>me-</strong></span> 
     </span>
    </p>
   </div>
   <div class='ocr_carea' id='block_1_24' title="bbox 421 2297 2030 2387">
    <p class='ocr_par' dir='ltr' id='par_1_24' title="bbox 421 2297 2030 2387">
     <span class='ocr_line' id='line_1_24' title="bbox 421 2297 2030 2387; baseline -0.018 -8"><span class='ocrx_word' id='word_1_135' title='bbox 421 2324 681 2378; x_wconf 86' lang='lat' dir='ltr'><strong>moratus</strong></span> <span class='ocrx_word' id='word_1_136' title='bbox 700 2319 806 2384; x_wconf 91' lang='lat' dir='ltr'><strong>vir,</strong></span> <span class='ocrx_word' id='word_1_137' title='bbox 829 2314 1089 2387; x_wconf 90' lang='lat' dir='ltr'><strong>ejusdem</strong></span> <span class='ocrx_word' id='word_1_138' title='bbox 1121 2309 1276 2366; x_wconf 88' lang='lat' dir='ltr'><strong>urbis</strong></span> <span class='ocrx_word' id='word_1_139' title='bbox 1297 2305 1520 2372; x_wconf 89' lang='lat' dir='ltr'><strong>incolis,</strong></span> <span class='ocrx_word' id='word_1_140' title='bbox 1548 2307 1611 2358; x_wconf 92' lang='lat' dir='ltr'><strong>ut</strong></span> <span class='ocrx_word' id='word_1_141' title='bbox 1639 2302 1796 2358; x_wconf 90' lang='lat' dir='ltr'><strong>bona</strong></span> <span class='ocrx_word' id='word_1_142' title='bbox 1825 2297 2030 2353; x_wconf 90' lang='lat' dir='ltr'><strong>suain-</strong></span> 
     </span>
    </p>
   </div>
   <div class='ocr_carea' id='block_1_25' title="bbox 419 2389 2029 2476">
    <p class='ocr_par' dir='ltr' id='par_1_25' title="bbox 419 2389 2029 2476">
     <span class='ocr_line' id='line_1_25' title="bbox 419 2389 2029 2476; baseline -0.018 -9"><span class='ocrx_word' id='word_1_143' title='bbox 419 2413 513 2466; x_wconf 89' lang='lat' dir='ltr'><strong>tra</strong></span> <span class='ocrx_word' id='word_1_144' title='bbox 541 2423 738 2464; x_wconf 89' lang='lat' dir='ltr'><strong>muros</strong></span> <span class='ocrx_word' id='word_1_145' title='bbox 765 2405 1012 2476; x_wconf 74' lang='lat' dir='ltr'><strong>propter</strong></span> <span class='ocrx_word' id='word_1_146' title='bbox 1033 2399 1445 2462; x_wconf 87' lang='lat' dir='ltr'><strong>adventantem</strong></span> <span class='ocrx_word' id='word_1_147' title='bbox 1471 2389 1854 2448; x_wconf 88' lang='lat' dir='ltr'><strong>reconderent</strong></span> <span class='ocrx_word' id='word_1_148' title='bbox 1869 2402 2029 2440; x_wconf 90' lang='lat' dir='ltr'><strong>exer-</strong></span> 
     </span>
    </p>
   </div>
   <div class='ocr_carea' id='block_1_26' title="bbox 421 2476 2032 2565">
    <p class='ocr_par' dir='ltr' id='par_1_26' title="bbox 421 2476 2032 2565">
     <span class='ocr_line' id='line_1_26' title="bbox 421 2476 2032 2565; baseline -0.018 -10"><span class='ocrx_word' id='word_1_149' title='bbox 421 2499 624 2565; x_wconf 89' lang='lat' dir='ltr'><strong>citum,</strong></span> <span class='ocrx_word' id='word_1_150' title='bbox 661 2496 801 2550; x_wconf 92' lang='lat' dir='ltr'><strong>dum</strong></span> <span class='ocrx_word' id='word_1_151' title='bbox 831 2491 912 2546; x_wconf 91' lang='lat' dir='ltr'><strong>illi</strong></span> <span class='ocrx_word' id='word_1_152' title='bbox 940 2506 1063 2560; x_wconf 77' lang='lat' dir='ltr'><strong>ejus</strong></span> <span class='ocrx_word' id='word_1_153' title='bbox 1109 2485 1344 2542; x_wconf 91' lang='lat' dir='ltr'><strong>monitis</strong></span> <span class='ocrx_word' id='word_1_154' title='bbox 1393 2479 1741 2554; x_wconf 85' lang='lat' dir='ltr'><strong>paruissent,</strong></span> <span class='ocrx_word' id='word_1_155' title='bbox 1784 2476 1892 2530; x_wconf 89' lang='lat' dir='ltr'><strong>hac</strong></span> <span class='ocrx_word' id='word_1_156' title='bbox 1934 2491 2032 2528; x_wconf 90' lang='lat' dir='ltr'><strong>eos</strong></span> 
     </span>
    </p>
   </div>
   <div class='ocr_carea' id='block_1_27' title="bbox 423 2563 2032 2651">
    <p class='ocr_par' dir='ltr' id='par_1_27' title="bbox 423 2563 2032 2651">
     <span class='ocr_line' id='line_1_27' title="bbox 423 2563 2032 2651; baseline -0.017 -9"><span class='ocrx_word' id='word_1_157' title='bbox 423 2563 628 2642; x_wconf 83' lang='lat' dir='ltr'><strong>fraude</strong></span> <span class='ocrx_word' id='word_1_158' title='bbox 655 2579 902 2651; x_wconf 88' lang='lat' dir='ltr'><strong>decepit.</strong></span> <span class='ocrx_word' id='word_1_159' title='bbox 923 2575 1275 2646; x_wconf 88' lang='lat' dir='ltr'><strong>Conﬁngens</strong></span> <span class='ocrx_word' id='word_1_160' title='bbox 1291 2570 1446 2626; x_wconf 89' lang='lat' dir='ltr'><strong>enim</strong></span> <span class='ocrx_word' id='word_1_161' title='bbox 1474 2569 1665 2623; x_wconf 85' lang='lat' dir='ltr'><strong>hostes</strong></span> <span class='ocrx_word' id='word_1_162' title='bbox 1677 2565 1800 2636; x_wconf 92' lang='lat' dir='ltr'><strong>jam</strong></span> <span class='ocrx_word' id='word_1_163' title='bbox 1825 2563 1884 2617; x_wconf 91' lang='lat' dir='ltr'><strong>in</strong></span> <span class='ocrx_word' id='word_1_164' title='bbox 1904 2578 2032 2651; x_wconf 89' lang='lat' dir='ltr'><strong>pro-</strong></span> 
     </span>
    </p>
   </div>
   <div class='ocr_carea' id='block_1_28' title="bbox 421 2650 2028 2736">
    <p class='ocr_par' dir='ltr' id='par_1_28' title="bbox 421 2650 2028 2736">
     <span class='ocr_line' id='line_1_28' title="bbox 421 2650 2028 2736; baseline -0.016 -7"><span class='ocrx_word' id='word_1_165' title='bbox 421 2673 578 2729; x_wconf 87' lang='lat' dir='ltr'><strong>ximo</strong></span> <span class='ocrx_word' id='word_1_166' title='bbox 609 2686 754 2736; x_wconf 91' lang='lat' dir='ltr'><strong>esse,</strong></span> <span class='ocrx_word' id='word_1_167' title='bbox 785 2650 866 2722; x_wconf 82' lang='lat' dir='ltr'><strong>ita</strong></span> <span class='ocrx_word' id='word_1_168' title='bbox 891 2681 989 2722; x_wconf 89' lang='lat' dir='ltr'><strong>eos</strong></span> <span class='ocrx_word' id='word_1_169' title='bbox 1019 2663 1227 2718; x_wconf 80' lang='lat' dir='ltr'><strong>aﬁ‘atur</strong></span> <span class='ocrx_word' id='word_1_170' title='bbox 1257 2677 1271 2716; x_wconf 89' lang='lat'><strong>:</strong></span> <span class='ocrx_word' id='word_1_171' title='bbox 1307 2681 1336 2710; x_wconf 85' lang='lat'><strong><em>«</em></strong></span> <span class='ocrx_word' id='word_1_172' title='bbox 1369 2659 1475 2726; x_wconf 90' lang='lat' dir='ltr'><strong>En,</strong></span> <span class='ocrx_word' id='word_1_173' title='bbox 1520 2652 1763 2719; x_wconf 88' lang='lat' dir='ltr'><strong>inimici,</strong></span> <span class='ocrx_word' id='word_1_174' title='bbox 1803 2650 2028 2722; x_wconf 85' lang='lat' dir='ltr'><strong>egredi-</strong></span> 
     </span>
    </p>
   </div>
   <div class='ocr_carea' id='block_1_29' title="bbox 422 2739 2027 2817">
    <p class='ocr_par' dir='ltr' id='par_1_29' title="bbox 422 2739 2027 2817">
     <span class='ocr_line' id='line_1_29' title="bbox 422 2739 2027 2817; baseline -0.016 0"><span class='ocrx_word' id='word_1_175' title='bbox 422 2759 570 2817; x_wconf 87' lang='lat' dir='ltr'><strong>mini</strong></span> <span class='ocrx_word' id='word_1_176' title='bbox 594 2759 668 2814; x_wconf 88' lang='lat' dir='ltr'><strong>ad</strong></span> <span class='ocrx_word' id='word_1_177' title='bbox 687 2753 1068 2813; x_wconf 90' lang='lat' dir='ltr'><strong>resistendum</strong></span> <span class='ocrx_word' id='word_1_178' title='bbox 1085 2751 1186 2806; x_wconf 91' lang='lat' dir='ltr'><strong>eis.</strong></span> <span class='ocrx_word' id='word_1_179' title='bbox 1205 2771 1234 2800; x_wconf 83' lang='lat'>»</span> <span class='ocrx_word' id='word_1_180' title='bbox 1263 2747 1476 2812; x_wconf 87' lang='lat' dir='ltr'><strong>Quibus</strong></span> <span class='ocrx_word' id='word_1_181' title='bbox 1489 2741 1775 2816; x_wconf 85' lang='lat' dir='ltr'><strong>digressis,</strong></span> <span class='ocrx_word' id='word_1_182' title='bbox 1796 2739 2027 2812; x_wconf 90' lang='lat' dir='ltr'><strong>expulso</strong></span> 
     </span>
    </p>
   </div>
   <div class='ocr_carea' id='block_1_30' title="bbox 423 2827 2030 2914">
    <p class='ocr_par' dir='ltr' id='par_1_30' title="bbox 423 2827 2030 2914">
     <span class='ocr_line' id='line_1_30' title="bbox 423 2827 2030 2914; baseline -0.016 -9"><span class='ocrx_word' id='word_1_183' title='bbox 423 2849 603 2905; x_wconf 81' lang='lat' dir='ltr'><strong>etiam</strong></span> <span class='ocrx_word' id='word_1_184' title='bbox 635 2845 911 2906; x_wconf 87' lang='lat' dir='ltr'><strong>antistite,</strong></span> <span class='ocrx_word' id='word_1_185' title='bbox 943 2845 1072 2914; x_wconf 89' lang='lat' dir='ltr'><strong>post</strong></span> <span class='ocrx_word' id='word_1_186' title='bbox 1091 2855 1188 2894; x_wconf 91' lang='lat' dir='ltr'><strong>eos</strong></span> <span class='ocrx_word' id='word_1_187' title='bbox 1209 2835 1409 2892; x_wconf 89' lang='lat' dir='ltr'><strong>clausit</strong></span> <span class='ocrx_word' id='word_1_188' title='bbox 1430 2835 1624 2906; x_wconf 81' lang='lat' dir='ltr'><strong>portas</strong></span> <span class='ocrx_word' id='word_1_189' title='bbox 1649 2845 1822 2902; x_wconf 90' lang='lat' dir='ltr'><strong>seque</strong></span> <span class='ocrx_word' id='word_1_190' title='bbox 1843 2827 1916 2882; x_wconf 91' lang='lat' dir='ltr'><strong>ad</strong></span> <span class='ocrx_word' id='word_1_191' title='bbox 1944 2843 2030 2881; x_wconf 90' lang='lat' dir='ltr'><strong>re-</strong></span> 
     </span>
    </p>
   </div>
   <div class='ocr_carea' id='block_1_31' title="bbox 418 2922 2029 3012">
    <p class='ocr_par' dir='ltr' id='par_1_31' title="bbox 418 2922 2029 3012">
     <span class='ocr_line' id='line_1_31' title="bbox 418 2922 2029 3012; baseline -0.016 -17"><span class='ocrx_word' id='word_1_192' title='bbox 418 2935 801 3012; x_wconf 89' lang='lat' dir='ltr'><strong>pugnandum</strong></span> <span class='ocrx_word' id='word_1_193' title='bbox 815 2947 947 2988; x_wconf 90' lang='lat' dir='ltr'><strong>cum</strong></span> <span class='ocrx_word' id='word_1_194' title='bbox 961 2927 1296 2986; x_wconf 85' lang='lat' dir='ltr'><strong>satellitibus</strong></span> <span class='ocrx_word' id='word_1_195' title='bbox 1309 2922 1683 2999; x_wconf 88' lang='lat' dir='ltr'><strong>parat.Quam</strong></span> <span class='ocrx_word' id='word_1_196' title='bbox 1699 2935 1849 2975; x_wconf 70' lang='lat' dir='ltr'><strong>caeca</strong></span> <span class='ocrx_word' id='word_1_197' title='bbox 1864 2933 2029 2972; x_wconf 90' lang='lat' dir='ltr'><strong>mens</strong></span> 
     </span>
    </p>
   </div>
   <div class='ocr_carea' id='block_1_32' title="bbox 415 3005 2030 3094">
    <p class='ocr_par' dir='ltr' id='par_1_32' title="bbox 415 3005 2030 3094">
     <span class='ocr_line' id='line_1_32' title="bbox 415 3005 2030 3094; baseline -0.015 -11"><span class='ocrx_word' id='word_1_198' title='bbox 415 3005 726 3083; x_wconf 73' lang='lat' dir='ltr'><strong>hominum</strong></span> <span class='ocrx_word' id='word_1_199' title='bbox 743 3023 946 3094; x_wconf 87' lang='lat' dir='ltr'><strong>ignara</strong></span> <span class='ocrx_word' id='word_1_200' title='bbox 961 3016 1138 3074; x_wconf 86' lang='lat' dir='ltr'><strong>futuri</strong></span> <span class='ocrx_word' id='word_1_201' title='bbox 1163 3019 1176 3072; x_wconf 72' lang='grc' dir='ltr'><em>ι</em></span> <span class='ocrx_word' id='word_1_202' title='bbox 1202 3015 1328 3070; x_wconf 83' lang='lat' dir='ltr'><strong>Fuit</strong></span> <span class='ocrx_word' id='word_1_203' title='bbox 1349 3008 1884 3085; x_wconf 84' lang='lat' dir='ltr'><strong>profecto,post,ille</strong></span> <span class='ocrx_word' id='word_1_204' title='bbox 1908 3005 2030 3060; x_wconf 89' lang='lat' dir='ltr'><strong>dies</strong></span> 
     </span>
    </p>
   </div>
   <div class='ocr_carea' id='block_1_33' title="bbox 421 3096 2028 3188">
    <p class='ocr_par' dir='ltr' id='par_1_33' title="bbox 421 3096 2028 3188">
     <span class='ocr_line' id='line_1_33' title="bbox 421 3096 2028 3188; baseline -0.016 -17"><span class='ocrx_word' id='word_1_205' title='bbox 421 3113 707 3188; x_wconf 88' lang='lat' dir='ltr'><strong>(videlicet</strong></span> <span class='ocrx_word' id='word_1_206' title='bbox 733 3110 830 3184; x_wconf 90' lang='lat' dir='ltr'><strong>qui</strong></span> <span class='ocrx_word' id='word_1_207' title='bbox 859 3106 1032 3164; x_wconf 85' lang='lat' dir='ltr'><strong>simili</strong></span> <span class='ocrx_word' id='word_1_208' title='bbox 1053 3105 1257 3162; x_wconf 88' lang='lat' dir='ltr'><strong>ordine</strong></span> <span class='ocrx_word' id='word_1_209' title='bbox 1285 3104 1472 3174; x_wconf 89' lang='lat' dir='ltr'><strong>ipsum</strong></span> <span class='ocrx_word' id='word_1_210' title='bbox 1495 3099 1792 3170; x_wconf 79' lang='lat' dir='ltr'><strong>expulsum</strong></span> <span class='ocrx_word' id='word_1_211' title='bbox 1813 3096 2028 3150; x_wconf 81' lang='lat' dir='ltr'><strong>morta-</strong></span> 
     </span>
    </p>
   </div>
   <div class='ocr_carea' id='block_1_34' title="bbox 2124 604 3691 682">
    <p class='ocr_par' dir='ltr' id='par_1_34' title="bbox 2124 604 3691 682">
     <span class='ocr_line' id='line_1_34' title="bbox 2124 604 3691 682; baseline -0.005 -17"><span class='ocrx_word' id='word_1_212' title='bbox 2124 610 2363 682; x_wconf 89' lang='lat' dir='ltr'><strong>quidam</strong></span> <span class='ocrx_word' id='word_1_213' title='bbox 2391 609 2730 679; x_wconf 86' lang='lat' dir='ltr'><strong>semetipsos</strong></span> <span class='ocrx_word' id='word_1_214' title='bbox 2754 605 3190 661; x_wconf 89' lang='lat' dir='ltr'><strong>interimebant.</strong></span> <span class='ocrx_word' id='word_1_215' title='bbox 3213 604 3466 659; x_wconf 89' lang='lat' dir='ltr'><strong>Tandem</strong></span> <span class='ocrx_word' id='word_1_216' title='bbox 3491 604 3691 671; x_wconf 88' lang='lat' dir='ltr'><strong>residui,</strong></span> 
     </span>
    </p>
   </div>
   <div class='ocr_carea' id='block_1_35' title="bbox 2127 693 3692 768">
    <p class='ocr_par' dir='ltr' id='par_1_35' title="bbox 2127 693 3692 768">
     <span class='ocr_line' id='line_1_35' title="bbox 2127 693 3692 768; baseline -0.006 -14"><span class='ocrx_word' id='word_1_217' title='bbox 2127 700 2426 754; x_wconf 87' lang='lat' dir='ltr'><strong>Convenas</strong></span> <span class='ocrx_word' id='word_1_218' title='bbox 2456 697 2880 768; x_wconf 83' lang='lat' dir='ltr'><strong>pervenientes,</strong></span> <span class='ocrx_word' id='word_1_219' title='bbox 2901 693 2959 748; x_wconf 91' lang='lat' dir='ltr'><strong>in</strong></span> <span class='ocrx_word' id='word_1_220' title='bbox 2979 693 3394 764; x_wconf 90' lang='lat' dir='ltr'><strong>campestribus</strong></span> <span class='ocrx_word' id='word_1_221' title='bbox 3422 695 3593 746; x_wconf 88' lang='lat' dir='ltr'><strong>castra</strong></span> <span class='ocrx_word' id='word_1_222' title='bbox 3609 709 3692 764; x_wconf 90' lang='lat' dir='ltr'><strong>po-</strong></span> 
     </span>
    </p>
   </div>
   <div class='ocr_carea' id='block_1_36' title="bbox 2127 775 3689 856">
    <p class='ocr_par' dir='ltr' id='par_1_36' title="bbox 2127 775 3689 856">
     <span class='ocr_line' id='line_1_36' title="bbox 2127 775 3689 856; baseline -0.006 -13"><span class='ocrx_word' id='word_1_223' title='bbox 2127 789 2380 843; x_wconf 90' lang='lat' dir='ltr'><strong>suerunt.</strong></span> <span class='ocrx_word' id='word_1_224' title='bbox 2419 787 2686 840; x_wconf 84' lang='lat' dir='ltr'><strong>Vastatur</strong></span> <span class='ocrx_word' id='word_1_225' title='bbox 2715 783 2971 856; x_wconf 91' lang='lat' dir='ltr'><strong>primum</strong></span> <span class='ocrx_word' id='word_1_226' title='bbox 3024 782 3143 836; x_wconf 87' lang='lat' dir='ltr'><strong>tola</strong></span> <span class='ocrx_word' id='word_1_227' title='bbox 3188 781 3510 836; x_wconf 89' lang='lat' dir='ltr'><strong>suburbana</strong></span> <span class='ocrx_word' id='word_1_228' title='bbox 3535 775 3689 850; x_wconf 84' lang='lat' dir='ltr'><strong>regio.</strong></span> 
     </span>
    </p>
   </div>
   <div class='ocr_carea' id='block_1_37' title="bbox 2127 868 3690 946">
    <p class='ocr_par' dir='ltr' id='par_1_37' title="bbox 2127 868 3690 946">
     <span class='ocr_line' id='line_1_37' title="bbox 2127 868 3690 946; baseline -0.004 -15"><span class='ocrx_word' id='word_1_229' title='bbox 2127 877 2291 932; x_wconf 91' lang='lat' dir='ltr'><strong>Unde</strong></span> <span class='ocrx_word' id='word_1_230' title='bbox 2321 875 2581 946; x_wconf 89' lang='lat' dir='ltr'><strong>quidam,</strong></span> <span class='ocrx_word' id='word_1_231' title='bbox 2625 871 2832 927; x_wconf 90' lang='lat' dir='ltr'><strong>acriori</strong></span> <span class='ocrx_word' id='word_1_232' title='bbox 2874 870 3083 944; x_wconf 62' lang='lat' dir='ltr'><strong>praedm</strong></span> <span class='ocrx_word' id='word_1_233' title='bbox 3114 869 3366 924; x_wconf 88' lang='lat' dir='ltr'><strong>succensi</strong></span> <span class='ocrx_word' id='word_1_234' title='bbox 3396 868 3690 938; x_wconf 85' lang='lat' dir='ltr'><strong>cupiditate,</strong></span> 
     </span>
    </p>
   </div>
   <div class='ocr_carea' id='block_1_38' title="bbox 2127 955 3690 1033">
    <p class='ocr_par' dir='ltr' id='par_1_38' title="bbox 2127 955 3690 1033">
     <span class='ocr_line' id='line_1_38' title="bbox 2127 955 3690 1033; baseline -0.006 -14"><span class='ocrx_word' id='word_1_235' title='bbox 2127 965 2267 1019; x_wconf 91' lang='lat' dir='ltr'><strong>dum</strong></span> <span class='ocrx_word' id='word_1_236' title='bbox 2294 963 2523 1033; x_wconf 87' lang='lat' dir='ltr'><strong>longius</strong></span> <span class='ocrx_word' id='word_1_237' title='bbox 2546 977 2580 1015; x_wconf 90' lang='lat' dir='ltr'><strong>a</strong></span> <span class='ocrx_word' id='word_1_238' title='bbox 2602 961 2716 1015; x_wconf 89' lang='lat' dir='ltr'><strong>suis</strong></span> <span class='ocrx_word' id='word_1_239' title='bbox 2733 961 3092 1027; x_wconf 79' lang='lat' dir='ltr'><strong>recederent,</strong></span> <span class='ocrx_word' id='word_1_240' title='bbox 3115 975 3150 1013; x_wconf 88' lang='lat' dir='ltr'><strong>a</strong></span> <span class='ocrx_word' id='word_1_241' title='bbox 3167 957 3478 1012; x_wconf 89' lang='lat' dir='ltr'><strong>vicinarum</strong></span> <span class='ocrx_word' id='word_1_242' title='bbox 3496 955 3690 1010; x_wconf 87' lang='lat' dir='ltr'><strong>urbium</strong></span> 
     </span>
    </p>
   </div>
   <div class='ocr_carea' id='block_1_39' title="bbox 2127 1045 3690 1115">
    <p class='ocr_par' dir='ltr' id='par_1_39' title="bbox 2127 1045 3690 1115">
     <span class='ocr_line' id='line_1_39' title="bbox 2127 1045 3690 1115; baseline -0.006 -8"><span class='ocrx_word' id='word_1_243' title='bbox 2127 1051 2457 1108; x_wconf 85' lang='lat' dir='ltr'><strong>custodibus</strong></span> <span class='ocrx_word' id='word_1_244' title='bbox 2480 1049 2934 1104; x_wconf 89' lang='lat' dir='ltr'><strong>trucidabantur.</strong></span> <span class='ocrx_word' id='word_1_245' title='bbox 2951 1049 3198 1113; x_wconf 88' lang='lat' dir='ltr'><strong>Interea,</strong></span> <span class='ocrx_word' id='word_1_246' title='bbox 3212 1045 3500 1100; x_wconf 91' lang='lat' dir='ltr'><strong>obsidione</strong></span> <span class='ocrx_word' id='word_1_247' title='bbox 3517 1047 3690 1115; x_wconf 69' lang='lat' dir='ltr'><strong>coepta,</strong></span> 
     </span>
    </p>
   </div>
   <div class='ocr_carea' id='block_1_40' title="bbox 2127 1133 3691 1211">
    <p class='ocr_par' dir='ltr' id='par_1_40' title="bbox 2127 1133 3691 1211">
     <span class='ocr_line' id='line_1_40' title="bbox 2127 1133 3691 1211; baseline -0.006 -15"><span class='ocrx_word' id='word_1_248' title='bbox 2127 1139 2464 1196; x_wconf 85' lang='lat' dir='ltr'><strong>audaciores</strong></span> <span class='ocrx_word' id='word_1_249' title='bbox 2485 1155 2588 1211; x_wconf 90' lang='lat' dir='ltr'><strong>per</strong></span> <span class='ocrx_word' id='word_1_250' title='bbox 2609 1137 2710 1192; x_wconf 89' lang='lat' dir='ltr'><strong>ard</strong></span> <span class='ocrx_word' id='word_1_251' title='bbox 2720 1153 2792 1192; x_wconf 93' lang='lat' dir='ltr'><strong>ua</strong></span> <span class='ocrx_word' id='word_1_252' title='bbox 2805 1135 2966 1192; x_wconf 92' lang='lat' dir='ltr'><strong>collis</strong></span> <span class='ocrx_word' id='word_1_253' title='bbox 2981 1134 3377 1198; x_wconf 80' lang='lat' dir='ltr'><strong>ascendentes,</strong></span> <span class='ocrx_word' id='word_1_254' title='bbox 3395 1133 3691 1188; x_wconf 88' lang='lat' dir='ltr'><strong>Gundoaldo</strong></span> 
     </span>
    </p>
   </div>
   <div class='ocr_carea' id='block_1_41' title="bbox 2126 1221 3690 1294">
    <p class='ocr_par' dir='ltr' id='par_1_41' title="bbox 2126 1221 3690 1294">
     <span class='ocr_line' id='line_1_41' title="bbox 2126 1221 3690 1294; baseline -0.005 -10"><span class='ocrx_word' id='word_1_255' title='bbox 2126 1229 2617 1294; x_wconf 90' lang='lat' dir='ltr'><strong>conviciabantur,</strong></span> <span class='ocrx_word' id='word_1_256' title='bbox 2652 1227 2930 1281; x_wconf 87' lang='lat' dir='ltr'><strong>dicentes:</strong></span> <span class='ocrx_word' id='word_1_257' title='bbox 2967 1245 2998 1278; x_wconf 67' lang='grc' dir='ltr'><strong>ς</strong></span> <span class='ocrx_word' id='word_1_258' title='bbox 3052 1223 3237 1290; x_wconf 89' lang='lat' dir='ltr'><strong>Unde,</strong></span> <span class='ocrx_word' id='word_1_259' title='bbox 3288 1239 3322 1278; x_wconf 98' lang='lat' dir='ltr'><strong>o</strong></span> <span class='ocrx_word' id='word_1_260' title='bbox 3357 1221 3690 1292; x_wconf 88' lang='lat' dir='ltr'><strong>silicernium,</strong></span> 
     </span>
    </p>
   </div>
   <div class='ocr_carea' id='block_1_42' title="bbox 2124 1309 3690 1387">
    <p class='ocr_par' dir='ltr' id='par_1_42' title="bbox 2124 1309 3690 1387">
     <span class='ocr_line' id='line_1_42' title="bbox 2124 1309 3690 1387; baseline -0.006 -14"><span class='ocrx_word' id='word_1_261' title='bbox 2124 1319 2248 1373; x_wconf 63' lang='lat' dir='ltr'><strong>haec</strong></span> <span class='ocrx_word' id='word_1_262' title='bbox 2281 1320 2440 1372; x_wconf 89' lang='lat' dir='ltr'><strong>tanta</strong></span> <span class='ocrx_word' id='word_1_263' title='bbox 2459 1315 2562 1371; x_wconf 92' lang='lat' dir='ltr'><strong>tibi</strong></span> <span class='ocrx_word' id='word_1_264' title='bbox 2587 1313 2962 1387; x_wconf 58' lang='lat' dir='ltr'><strong>praesumptio</strong></span> <span class='ocrx_word' id='word_1_265' title='bbox 2984 1316 3067 1376; x_wconf 88' lang='lat' dir='ltr'><strong>ut,</strong></span> <span class='ocrx_word' id='word_1_266' title='bbox 3085 1311 3262 1368; x_wconf 90' lang='lat' dir='ltr'><strong>vitam</strong></span> <span class='ocrx_word' id='word_1_267' title='bbox 3293 1309 3564 1384; x_wconf 89' lang='lat' dir='ltr'><strong>pictorum</strong></span> <span class='ocrx_word' id='word_1_268' title='bbox 3589 1314 3690 1365; x_wconf 83' lang='lat' dir='ltr'><strong>arte</strong></span> 
     </span>
    </p>
   </div>
   <div class='ocr_carea' id='block_1_43' title="bbox 2125 1396 3692 1475">
    <p class='ocr_par' dir='ltr' id='par_1_43' title="bbox 2125 1396 3692 1475">
     <span class='ocr_line' id='line_1_43' title="bbox 2125 1396 3692 1475; baseline -0.005 -15"><span class='ocrx_word' id='word_1_269' title='bbox 2125 1406 2324 1460; x_wconf 91' lang='lat' dir='ltr'><strong>solitus</strong></span> <span class='ocrx_word' id='word_1_270' title='bbox 2345 1403 2844 1475; x_wconf 88' lang='lat' dir='ltr'><strong>transigere,nunc</strong></span> <span class='ocrx_word' id='word_1_271' title='bbox 2863 1405 2919 1456; x_wconf 89' lang='lat' dir='ltr'><strong>te</strong></span> <span class='ocrx_word' id='word_1_272' title='bbox 2941 1417 3142 1472; x_wconf 88' lang='lat' dir='ltr'><strong>regem</strong></span> <span class='ocrx_word' id='word_1_273' title='bbox 3163 1398 3375 1454; x_wconf 89' lang='lat' dir='ltr'><strong>audeas</strong></span> <span class='ocrx_word' id='word_1_274' title='bbox 3391 1396 3692 1452; x_wconf 81' lang='lat' dir='ltr'><strong>nominare?</strong></span> 
     </span>
    </p>
   </div>
   <div class='ocr_carea' id='block_1_44' title="bbox 2126 1483 3690 1564">
    <p class='ocr_par' dir='ltr' id='par_1_44' title="bbox 2126 1483 3690 1564">
     <span class='ocr_line' id='line_1_44' title="bbox 2126 1483 3690 1564; baseline -0.008 -15"><span class='ocrx_word' id='word_1_275' title='bbox 2126 1496 2364 1564; x_wconf 87' lang='lat' dir='ltr'><strong>Nempe,</strong></span> <span class='ocrx_word' id='word_1_276' title='bbox 2385 1509 2488 1564; x_wconf 90' lang='lat' dir='ltr'><strong>pro</strong></span> <span class='ocrx_word' id='word_1_277' title='bbox 2506 1491 2786 1546; x_wconf 90' lang='lat' dir='ltr'><strong>similibus</strong></span> <span class='ocrx_word' id='word_1_278' title='bbox 2805 1489 2974 1556; x_wconf 91' lang='lat' dir='ltr'><strong>ausis,</strong></span> <span class='ocrx_word' id='word_1_279' title='bbox 3001 1505 3037 1542; x_wconf 91' lang='lat' dir='ltr'><strong>a</strong></span> <span class='ocrx_word' id='word_1_280' title='bbox 3059 1484 3312 1542; x_wconf 87' lang='lat' dir='ltr'><strong>dominis</strong></span> <span class='ocrx_word' id='word_1_281' title='bbox 3331 1501 3537 1550; x_wconf 88' lang='lat' dir='ltr'><strong>rerum,</strong></span> <span class='ocrx_word' id='word_1_282' title='bbox 3563 1483 3690 1555; x_wconf 87' lang='lat' dir='ltr'><strong>regi-</strong></span> 
     </span>
    </p>
   </div>
   <div class='ocr_carea' id='block_1_45' title="bbox 2127 1573 3691 1649">
    <p class='ocr_par' dir='ltr' id='par_1_45' title="bbox 2127 1573 3691 1649">
     <span class='ocr_line' id='line_1_45' title="bbox 2127 1573 3691 1649; baseline -0.009 -11"><span class='ocrx_word' id='word_1_283' title='bbox 2127 1584 2232 1639; x_wconf 89' lang='lat' dir='ltr'><strong>bus</strong></span> <span class='ocrx_word' id='word_1_284' title='bbox 2255 1583 2469 1637; x_wconf 90' lang='lat' dir='ltr'><strong>scilicet</strong></span> <span class='ocrx_word' id='word_1_285' title='bbox 2497 1582 3038 1649; x_wconf 81' lang='lat' dir='ltr'><strong>Francorum,saepe</strong></span> <span class='ocrx_word' id='word_1_286' title='bbox 3071 1579 3335 1631; x_wconf 88' lang='lat' dir='ltr'><strong>attonsus</strong></span> <span class='ocrx_word' id='word_1_287' title='bbox 3347 1573 3628 1644; x_wconf 80' lang='lat' dir='ltr'><strong>exsilioque</strong></span> <span class='ocrx_word' id='word_1_288' title='bbox 3644 1589 3691 1626; x_wconf 87' lang='lat' dir='ltr'><strong>es</strong></span> 
     </span>
    </p>
   </div>
   <div class='ocr_carea' id='block_1_46' title="bbox 2129 1661 3689 1740">
    <p class='ocr_par' dir='ltr' id='par_1_46' title="bbox 2129 1661 3689 1740">
     <span class='ocr_line' id='line_1_46' title="bbox 2129 1661 3689 1740; baseline -0.009 -13"><span class='ocrx_word' id='word_1_289' title='bbox 2129 1673 2457 1727; x_wconf 87' lang='lat' dir='ltr'><strong>damnatus.</strong></span> <span class='ocrx_word' id='word_1_290' title='bbox 2481 1670 2558 1723; x_wconf 88' lang='lat' dir='ltr'><strong>Te</strong></span> <span class='ocrx_word' id='word_1_291' title='bbox 2590 1669 2803 1740; x_wconf 90' lang='lat' dir='ltr'><strong>quippe</strong></span> <span class='ocrx_word' id='word_1_292' title='bbox 2833 1665 3113 1721; x_wconf 64' lang='lat' dir='ltr'><strong>universa:</strong></span> <span class='ocrx_word' id='word_1_293' title='bbox 3144 1663 3336 1718; x_wconf 68' lang='lat' dir='ltr'><strong>Gallia:</strong></span> <span class='ocrx_word' id='word_1_294' title='bbox 3365 1661 3689 1716; x_wconf 89' lang='lat' dir='ltr'><strong>ballomirem</strong></span> 
     </span>
    </p>
   </div>
   <div class='ocr_carea' id='block_1_47' title="bbox 2128 1748 3692 1830">
    <p class='ocr_par' dir='ltr' id='par_1_47' title="bbox 2128 1748 3692 1830">
     <span class='ocr_line' id='line_1_47' title="bbox 2128 1748 3692 1830; baseline -0.01 -14"><span class='ocrx_word' id='word_1_295' title='bbox 2128 1761 2382 1816; x_wconf 88' lang='lat' dir='ltr'><strong>vocitant</strong></span> <span class='ocrx_word' id='word_1_296' title='bbox 2409 1757 2778 1830; x_wconf 86' lang='lat' dir='ltr'><strong>cognomine.</strong></span> <span class='ocrx_word' id='word_1_297' title='bbox 2818 1757 2938 1826; x_wconf 80' lang='lat' dir='ltr'><strong>Age</strong></span> <span class='ocrx_word' id='word_1_298' title='bbox 2968 1770 3144 1820; x_wconf 89' lang='lat' dir='ltr'><strong>nunc,</strong></span> <span class='ocrx_word' id='word_1_299' title='bbox 3177 1752 3402 1823; x_wconf 87' lang='lat' dir='ltr'><strong>inepte;</strong></span> <span class='ocrx_word' id='word_1_300' title='bbox 3435 1748 3585 1804; x_wconf 92' lang='lat' dir='ltr'><strong>nobis</strong></span> <span class='ocrx_word' id='word_1_301' title='bbox 3622 1763 3692 1801; x_wconf 90' lang='lat' dir='ltr'><strong>re-</strong></span> 
     </span>
    </p>
   </div>
   <div class='ocr_carea' id='block_1_48' title="bbox 2129 1835 3689 1922">
    <p class='ocr_par' dir='ltr' id='par_1_48' title="bbox 2129 1835 3689 1922">
     <span class='ocr_line' id='line_1_48' title="bbox 2129 1835 3689 1922; baseline -0.011 -17"><span class='ocrx_word' id='word_1_302' title='bbox 2129 1865 2403 1922; x_wconf 90' lang='lat' dir='ltr'><strong>sponsum</strong></span> <span class='ocrx_word' id='word_1_303' title='bbox 2429 1846 2626 1912; x_wconf 90' lang='lat' dir='ltr'><strong>redde,</strong></span> <span class='ocrx_word' id='word_1_304' title='bbox 2646 1844 2771 1917; x_wconf 91' lang='lat' dir='ltr'><strong>quis</strong></span> <span class='ocrx_word' id='word_1_305' title='bbox 2797 1846 2854 1898; x_wconf 90' lang='lat' dir='ltr'><strong>te</strong></span> <span class='ocrx_word' id='word_1_306' title='bbox 2877 1841 3066 1914; x_wconf 90' lang='lat' dir='ltr'><strong>coegit</strong></span> <span class='ocrx_word' id='word_1_307' title='bbox 3087 1841 3200 1895; x_wconf 91' lang='lat' dir='ltr'><strong>ista</strong></span> <span class='ocrx_word' id='word_1_308' title='bbox 3215 1839 3576 1912; x_wconf 64' lang='lat' dir='ltr'><strong>praesumere?</strong></span> <span class='ocrx_word' id='word_1_309' title='bbox 3601 1835 3689 1900; x_wconf 87' lang='lat' dir='ltr'><strong>vel,</strong></span> 
     </span>
    </p>
   </div>
   <div class='ocr_carea' id='block_1_49' title="bbox 2131 1924 3685 2010">
    <p class='ocr_par' dir='ltr' id='par_1_49' title="bbox 2131 1924 3685 2010">
     <span class='ocr_line' id='line_1_49' title="bbox 2131 1924 3685 2010; baseline -0.01 -17"><span class='ocrx_word' id='word_1_310' title='bbox 2131 1955 2274 2010; x_wconf 91' lang='lat' dir='ltr'><strong>quos</strong></span> <span class='ocrx_word' id='word_1_311' title='bbox 2289 1937 2503 1991; x_wconf 88' lang='lat' dir='ltr'><strong>habeas</strong></span> <span class='ocrx_word' id='word_1_312' title='bbox 2523 1933 2817 2004; x_wconf 89' lang='lat' dir='ltr'><strong>adjutores</strong></span> <span class='ocrx_word' id='word_1_313' title='bbox 2849 1930 3080 1996; x_wconf 89' lang='lat' dir='ltr'><strong>virium,</strong></span> <span class='ocrx_word' id='word_1_314' title='bbox 3103 1943 3349 2000; x_wconf 85' lang='lat' dir='ltr'><strong>expone.</strong></span> <span class='ocrx_word' id='word_1_315' title='bbox 3383 1926 3617 1997; x_wconf 86' lang='lat' dir='ltr'><strong>Namque</strong></span> <span class='ocrx_word' id='word_1_316' title='bbox 3641 1924 3685 1978; x_wconf 91' lang='lat' dir='ltr'><strong>in</strong></span> 
     </span>
    </p>
   </div>
   <div class='ocr_carea' id='block_1_50' title="bbox 2130 2015 3688 2098">
    <p class='ocr_par' dir='ltr' id='par_1_50' title="bbox 2130 2015 3688 2098">
     <span class='ocr_line' id='line_1_50' title="bbox 2130 2015 3688 2098; baseline -0.01 -17"><span class='ocrx_word' id='word_1_317' title='bbox 2130 2024 2394 2098; x_wconf 84' lang='lat' dir='ltr'><strong>proximo</strong></span> <span class='ocrx_word' id='word_1_318' title='bbox 2422 2025 2618 2078; x_wconf 88' lang='lat' dir='ltr'><strong>nostra</strong></span> <span class='ocrx_word' id='word_1_319' title='bbox 2642 2023 2840 2092; x_wconf 89' lang='lat' dir='ltr'><strong>captus</strong></span> <span class='ocrx_word' id='word_1_320' title='bbox 2865 2017 3208 2089; x_wconf 89' lang='lat' dir='ltr'><strong>muscipula,</strong></span> <span class='ocrx_word' id='word_1_321' title='bbox 3229 2015 3432 2070; x_wconf 86' lang='lat' dir='ltr'><strong>merita</strong></span> <span class='ocrx_word' id='word_1_322' title='bbox 3451 2015 3560 2068; x_wconf 89' lang='lat' dir='ltr'><strong>lues</strong></span> <span class='ocrx_word' id='word_1_323' title='bbox 3580 2027 3688 2082; x_wconf 87' lang='lat' dir='ltr'><strong>sup-</strong></span> 
     </span>
    </p>
   </div>
   <div class='ocr_carea' id='block_1_51' title="bbox 2131 2099 3688 2187">
    <p class='ocr_par' dir='ltr' id='par_1_51' title="bbox 2131 2099 3688 2187">
     <span class='ocr_line' id='line_1_51' title="bbox 2131 2099 3688 2187; baseline -0.01 -18"><span class='ocrx_word' id='word_1_324' title='bbox 2131 2113 2302 2187; x_wconf 90' lang='lat' dir='ltr'><strong>plicia</strong></span> <span class='ocrx_word' id='word_1_325' title='bbox 2339 2128 2442 2184; x_wconf 91' lang='lat' dir='ltr'><strong>pro</strong></span> <span class='ocrx_word' id='word_1_326' title='bbox 2491 2114 2591 2164; x_wconf 91' lang='lat' dir='ltr'><strong>tua</strong></span> <span class='ocrx_word' id='word_1_327' title='bbox 2607 2109 2781 2164; x_wconf 88' lang='lat' dir='ltr'><strong>stulta</strong></span> <span class='ocrx_word' id='word_1_328' title='bbox 2819 2106 3159 2180; x_wconf 88' lang='lat' dir='ltr'><strong>pertinacia.</strong></span> <span class='ocrx_word' id='word_1_329' title='bbox 3193 2124 3226 2157; x_wconf 76' lang='grc'><strong>»</strong></span> <span class='ocrx_word' id='word_1_330' title='bbox 3247 2105 3374 2159; x_wconf 64' lang='lat' dir='ltr'><strong>Haec</strong></span> <span class='ocrx_word' id='word_1_331' title='bbox 3403 2105 3458 2158; x_wconf 90' lang='lat' dir='ltr'><strong>et</strong></span> <span class='ocrx_word' id='word_1_332' title='bbox 3483 2102 3582 2156; x_wconf 90' lang='lat' dir='ltr'><strong>alia</strong></span> <span class='ocrx_word' id='word_1_333' title='bbox 3600 2099 3688 2154; x_wconf 72' lang='lat' dir='ltr'><strong>illis</strong></span> 
     </span>
    </p>
   </div>
   <div class='ocr_carea' id='block_1_52' title="bbox 2131 2189 3689 2268">
    <p class='ocr_par' dir='ltr' id='par_1_52' title="bbox 2131 2189 3689 2268">
     <span class='ocr_line' id='line_1_52' title="bbox 2131 2189 3689 2268; baseline -0.01 -11"><span class='ocrx_word' id='word_1_334' title='bbox 2131 2198 2971 2268; x_wconf 85' lang='lat' dir='ltr'><strong>vociferantibus,nequaquam</strong></span> <span class='ocrx_word' id='word_1_335' title='bbox 2987 2195 3332 2250; x_wconf 84' lang='lat' dir='ltr'><strong>movebatur</strong></span> <span class='ocrx_word' id='word_1_336' title='bbox 3341 2191 3410 2246; x_wconf 90' lang='lat' dir='ltr'><strong>ad</strong></span> <span class='ocrx_word' id='word_1_337' title='bbox 3422 2191 3558 2244; x_wconf 90' lang='lat' dir='ltr'><strong>iram</strong></span> <span class='ocrx_word' id='word_1_338' title='bbox 3569 2189 3689 2242; x_wconf 87' lang='lat' dir='ltr'><strong>Gun-</strong></span> 
     </span>
    </p>
   </div>
   <div class='ocr_carea' id='block_1_53' title="bbox 2132 2279 3688 2355">
    <p class='ocr_par' dir='ltr' id='par_1_53' title="bbox 2132 2279 3688 2355">
     <span class='ocr_line' id='line_1_53' title="bbox 2132 2279 3688 2355; baseline -0.01 -9"><span class='ocrx_word' id='word_1_339' title='bbox 2132 2285 2822 2346; x_wconf 89' lang='lat' dir='ltr'><strong>doaldus.Tantummodo</strong></span> <span class='ocrx_word' id='word_1_340' title='bbox 2843 2281 3281 2355; x_wconf 81' lang='lat' dir='ltr'><strong>ingemiscenda</strong></span> <span class='ocrx_word' id='word_1_341' title='bbox 3303 2279 3483 2335; x_wconf 89' lang='lat' dir='ltr'><strong>aiebat</strong></span> <span class='ocrx_word' id='word_1_342' title='bbox 3506 2291 3688 2333; x_wconf 86' lang='lat' dir='ltr'><strong>memo-</strong></span> 
     </span>
    </p>
   </div>
   <div class='ocr_carea' id='block_1_54' title="bbox 2054 1881 2104 1940">
    <p class='ocr_par' dir='ltr' id='par_1_54' title="bbox 2054 1881 2104 1940">
     <span class='ocr_line' id='line_1_54' title="bbox 2054 1881 2104 1940; baseline 0 0"><span class='ocrx_word' id='word_1_343' title='bbox 2054 1881 2104 1940; x_wconf 88' lang='grc' dir='ltr'>Β</span> 
     </span>
    </p>
   </div>
   <div class='ocr_carea' id='block_1_55' title="bbox 2131 2371 3686 2448">
    <p class='ocr_par' dir='ltr' id='par_1_55' title="bbox 2131 2371 3686 2448">
     <span class='ocr_line' id='line_1_55' title="bbox 2131 2371 3686 2448; baseline -0.009 -14"><span class='ocrx_word' id='word_1_344' title='bbox 2131 2381 2285 2434; x_wconf 89' lang='lat' dir='ltr'><strong>ratas</strong></span> <span class='ocrx_word' id='word_1_345' title='bbox 2309 2376 2414 2433; x_wconf 89' lang='lat' dir='ltr'><strong>sibi</strong></span> <span class='ocrx_word' id='word_1_346' title='bbox 2445 2393 2479 2431; x_wconf 88' lang='lat' dir='ltr'><strong>a</strong></span> <span class='ocrx_word' id='word_1_347' title='bbox 2507 2378 2670 2448; x_wconf 89' lang='lat' dir='ltr'><strong>patre</strong></span> <span class='ocrx_word' id='word_1_348' title='bbox 2693 2375 2877 2429; x_wconf 90' lang='lat' dir='ltr'><strong>illatas</strong></span> <span class='ocrx_word' id='word_1_349' title='bbox 2903 2371 3309 2439; x_wconf 85' lang='lat' dir='ltr'><strong>contumelias,</strong></span> <span class='ocrx_word' id='word_1_350' title='bbox 3331 2384 3558 2441; x_wconf 90' lang='lat' dir='ltr'><strong>seque,a</strong></span> <span class='ocrx_word' id='word_1_351' title='bbox 3579 2382 3686 2439; x_wconf 88' lang='lat' dir='ltr'><strong>pro-</strong></span> 
     </span>
    </p>
   </div>
   <div class='ocr_carea' id='block_1_56' title="bbox 2130 2454 3689 2540">
    <p class='ocr_par' dir='ltr' id='par_1_56' title="bbox 2130 2454 3689 2540">
     <span class='ocr_line' id='line_1_56' title="bbox 2130 2454 3689 2540; baseline -0.009 -18"><span class='ocrx_word' id='word_1_352' title='bbox 2130 2467 2360 2540; x_wconf 90' lang='lat' dir='ltr'><strong>pinquis</strong></span> <span class='ocrx_word' id='word_1_353' title='bbox 2388 2465 2597 2536; x_wconf 84' lang='lat' dir='ltr'><strong>injuste</strong></span> <span class='ocrx_word' id='word_1_354' title='bbox 2627 2463 2814 2536; x_wconf 87' lang='lat' dir='ltr'><strong>patria</strong></span> <span class='ocrx_word' id='word_1_355' title='bbox 2840 2461 3181 2536; x_wconf 91' lang='lat' dir='ltr'><strong>pulsum,ab</strong></span> <span class='ocrx_word' id='word_1_356' title='bbox 3206 2457 3481 2514; x_wconf 84' lang='lat' dir='ltr'><strong>extraneis</strong></span> <span class='ocrx_word' id='word_1_357' title='bbox 3506 2454 3689 2511; x_wconf 87' lang='lat' dir='ltr'><strong>miseri-</strong></span> 
     </span>
    </p>
   </div>
   <div class='ocr_carea' id='block_1_57' title="bbox 2130 2547 3688 2624">
    <p class='ocr_par' dir='ltr' id='par_1_57' title="bbox 2130 2547 3688 2624">
     <span class='ocr_line' id='line_1_57' title="bbox 2130 2547 3688 2624; baseline -0.009 -13"><span class='ocrx_word' id='word_1_358' title='bbox 2130 2555 2381 2610; x_wconf 90' lang='lat' dir='ltr'><strong>corditer</strong></span> <span class='ocrx_word' id='word_1_359' title='bbox 2405 2556 2722 2624; x_wconf 90' lang='lat' dir='ltr'><strong>receptum,</strong></span> <span class='ocrx_word' id='word_1_360' title='bbox 2749 2550 3023 2623; x_wconf 83' lang='lat' dir='ltr'><strong>proximis</strong></span> <span class='ocrx_word' id='word_1_361' title='bbox 3068 2547 3266 2604; x_wconf 90' lang='lat' dir='ltr'><strong>hostili</strong></span> <span class='ocrx_word' id='word_1_362' title='bbox 3301 2547 3428 2602; x_wconf 92' lang='lat' dir='ltr'><strong>odio</strong></span> <span class='ocrx_word' id='word_1_363' title='bbox 3448 2562 3501 2600; x_wconf 89' lang='lat' dir='ltr'><strong>se</strong></span> <span class='ocrx_word' id='word_1_364' title='bbox 3529 2559 3688 2617; x_wconf 86' lang='lat' dir='ltr'><strong>perse-</strong></span> 
     </span>
    </p>
   </div>
   <div class='ocr_carea' id='block_1_58' title="bbox 2130 2635 3686 2716">
    <p class='ocr_par' dir='ltr' id='par_1_58' title="bbox 2130 2635 3686 2716">
     <span class='ocr_line' id='line_1_58' title="bbox 2130 2635 3686 2716; baseline -0.007 -18"><span class='ocrx_word' id='word_1_365' title='bbox 2130 2643 2461 2716; x_wconf 89' lang='lat' dir='ltr'><strong>quentibus,</strong></span> <span class='ocrx_word' id='word_1_366' title='bbox 2495 2644 2566 2698; x_wconf 91' lang='lat' dir='ltr'><strong>ab</strong></span> <span class='ocrx_word' id='word_1_367' title='bbox 2597 2640 2880 2696; x_wconf 84' lang='lat' dir='ltr'><strong>extraneis</strong></span> <span class='ocrx_word' id='word_1_368' title='bbox 2913 2637 3098 2694; x_wconf 90' lang='lat' dir='ltr'><strong>amica</strong></span> <span class='ocrx_word' id='word_1_369' title='bbox 3131 2635 3512 2692; x_wconf 82' lang='lat' dir='ltr'><strong>familiaritate</strong></span> <span class='ocrx_word' id='word_1_370' title='bbox 3557 2647 3686 2687; x_wconf 84' lang='lat' dir='ltr'><strong>rece-</strong></span> 
     </span>
    </p>
   </div>
   <div class='ocr_carea' id='block_1_59' title="bbox 2129 2721 3688 2804">
    <p class='ocr_par' dir='ltr' id='par_1_59' title="bbox 2129 2721 3688 2804">
     <span class='ocr_line' id='line_1_59' title="bbox 2129 2721 3688 2804; baseline -0.008 -17"><span class='ocrx_word' id='word_1_371' title='bbox 2129 2737 2317 2804; x_wconf 91' lang='lat' dir='ltr'><strong>ptum.</strong></span> <span class='ocrx_word' id='word_1_372' title='bbox 2351 2751 2382 2784; x_wconf 71' lang='grc' dir='ltr'><strong><em>α</em></strong></span> <span class='ocrx_word' id='word_1_373' title='bbox 2411 2727 3092 2801; x_wconf 85' lang='lat' dir='ltr'><strong>Deinde,inquiens,dum</strong></span> <span class='ocrx_word' id='word_1_374' title='bbox 3121 2741 3378 2798; x_wconf 62' lang='lat' dir='ltr'><strong>peregre</strong></span> <span class='ocrx_word' id='word_1_375' title='bbox 3395 2721 3688 2795; x_wconf 80' lang='lat' dir='ltr'><strong>regumpol-</strong></span> 
     </span>
    </p>
   </div>
   <div class='ocr_carea' id='block_1_60' title="bbox 2129 2809 3688 2888">
    <p class='ocr_par' dir='ltr' id='par_1_60' title="bbox 2129 2809 3688 2888">
     <span class='ocr_line' id='line_1_60' title="bbox 2129 2809 3688 2888; baseline -0.008 -13"><span class='ocrx_word' id='word_1_376' title='bbox 2129 2821 2310 2875; x_wconf 91' lang='lat' dir='ltr'><strong>lerem</strong></span> <span class='ocrx_word' id='word_1_377' title='bbox 2333 2819 2540 2874; x_wconf 86' lang='lat' dir='ltr'><strong>divitiis</strong></span> <span class='ocrx_word' id='word_1_378' title='bbox 2566 2817 2916 2888; x_wconf 87' lang='lat' dir='ltr'><strong>intimusque</strong></span> <span class='ocrx_word' id='word_1_379' title='bbox 2945 2831 3133 2869; x_wconf 88' lang='lat' dir='ltr'><strong>essem</strong></span> <span class='ocrx_word' id='word_1_380' title='bbox 3165 2811 3518 2885; x_wconf 87' lang='lat' dir='ltr'><strong>imperatoris</strong></span> <span class='ocrx_word' id='word_1_381' title='bbox 3543 2809 3688 2864; x_wconf 86' lang='lat' dir='ltr'><strong>Cons-</strong></span> 
     </span>
    </p>
   </div>
   <div class='ocr_carea' id='block_1_61' title="bbox 2127 2895 3690 2978">
    <p class='ocr_par' dir='ltr' id='par_1_61' title="bbox 2127 2895 3690 2978">
     <span class='ocr_line' id='line_1_61' title="bbox 2127 2895 3690 2978; baseline -0.01 -15"><span class='ocrx_word' id='word_1_382' title='bbox 2127 2906 2600 2978; x_wconf 88' lang='lat' dir='ltr'><strong>tantinopolitani</strong></span> <span class='ocrx_word' id='word_1_383' title='bbox 2629 2903 2915 2970; x_wconf 89' lang='lat' dir='ltr'><strong>amicitiis,</strong></span> <span class='ocrx_word' id='word_1_384' title='bbox 2934 2903 3310 2958; x_wconf 88' lang='lat' dir='ltr'><strong>Guntrannus</strong></span> <span class='ocrx_word' id='word_1_385' title='bbox 3335 2903 3470 2955; x_wconf 91' lang='lat' dir='ltr'><strong>Boso</strong></span> <span class='ocrx_word' id='word_1_386' title='bbox 3492 2914 3574 2953; x_wconf 88' lang='lat' dir='ltr'><strong>me</strong></span> <span class='ocrx_word' id='word_1_387' title='bbox 3598 2895 3690 2952; x_wconf 84' lang='lat' dir='ltr'><strong>suis</strong></span> 
     </span>
    </p>
   </div>
   <div class='ocr_carea' id='block_1_62' title="bbox 2129 2989 3687 3071">
    <p class='ocr_par' dir='ltr' id='par_1_62' title="bbox 2129 2989 3687 3071">
     <span class='ocr_line' id='line_1_62' title="bbox 2129 2989 3687 3071; baseline -0.01 -16"><span class='ocrx_word' id='word_1_388' title='bbox 2129 2998 2353 3071; x_wconf 90' lang='lat' dir='ltr'><strong>decepit</strong></span> <span class='ocrx_word' id='word_1_389' title='bbox 2375 2996 2630 3053; x_wconf 82' lang='lat' dir='ltr'><strong>fallaciis.</strong></span> <span class='ocrx_word' id='word_1_390' title='bbox 2655 2996 2822 3062; x_wconf 84' lang='lat' dir='ltr'><strong>Nam,</strong></span> <span class='ocrx_word' id='word_1_391' title='bbox 2847 2994 2907 3048; x_wconf 91' lang='lat' dir='ltr'><strong>in</strong></span> <span class='ocrx_word' id='word_1_392' title='bbox 2939 2993 3178 3048; x_wconf 89' lang='lat' dir='ltr'><strong>Oriente</strong></span> <span class='ocrx_word' id='word_1_393' title='bbox 3206 2991 3390 3065; x_wconf 88' lang='lat' dir='ltr'><strong>gratia</strong></span> <span class='ocrx_word' id='word_1_394' title='bbox 3413 2989 3687 3062; x_wconf 89' lang='lat' dir='ltr'><strong>profectum</strong></span> 
     </span>
    </p>
   </div>
   <div class='ocr_carea' id='block_1_63' title="bbox 2130 3080 3687 3153">
    <p class='ocr_par' dir='ltr' id='par_1_63' title="bbox 2130 3080 3687 3153">
     <span class='ocr_line' id='line_1_63' title="bbox 2130 3080 3687 3153; baseline -0.01 -10"><span class='ocrx_word' id='word_1_395' title='bbox 2130 3085 2427 3151; x_wconf 82' lang='lat' dir='ltr'><strong>orationis,</strong></span> <span class='ocrx_word' id='word_1_396' title='bbox 2437 3086 2506 3140; x_wconf 89' lang='lat' dir='ltr'><strong>dc</strong></span> <span class='ocrx_word' id='word_1_397' title='bbox 2521 3086 2700 3140; x_wconf 89' lang='lat' dir='ltr'><strong>salute</strong></span> <span class='ocrx_word' id='word_1_398' title='bbox 2713 3083 2982 3138; x_wconf 88' lang='lat' dir='ltr'><strong>sollicitus</strong></span> <span class='ocrx_word' id='word_1_399' title='bbox 3002 3083 3369 3153; x_wconf 88' lang='lat' dir='ltr'><strong>interrogans</strong></span> <span class='ocrx_word' id='word_1_400' title='bbox 3381 3080 3687 3152; x_wconf 45' lang='lat' dir='ltr'><strong>patriaque:-</strong></span> 
     </span>
    </p>
   </div>
   <div class='ocr_carea' id='block_1_64' title="bbox 417 3165 3687 3267">
    <p class='ocr_par' dir='ltr' id='par_1_64' title="bbox 417 3165 3687 3267">
     <span class='ocr_line' id='line_1_64' title="bbox 417 3165 3687 3267; baseline -0.013 -8"><span class='ocrx_word' id='word_1_401' title='bbox 417 3165 853 3259; x_wconf 35' lang='lat' dir='ltr'><strong>bilissimas</strong></span> <span class='ocrx_word' id='word_1_402' title='bbox 881 3197 953 3252; x_wconf 92' lang='lat' dir='ltr'><strong>ab</strong></span> <span class='ocrx_word' id='word_1_403' title='bbox 983 3194 1142 3267; x_wconf 90' lang='lat' dir='ltr'><strong>urbe)</strong></span> <span class='ocrx_word' id='word_1_404' title='bbox 1166 3165 1545 3266; x_wconf 47' lang='lat' dir='ltr'><strong>qum-magno</strong></span> <span class='ocrx_word' id='word_1_405' title='bbox 1564 3165 1790 3258; x_wconf 79' lang='lat' dir='ltr'><strong>emptos</strong></span> <span class='ocrx_word' id='word_1_406' title='bbox 1819 3181 2027 3254; x_wconf 92' lang='lat' dir='ltr'><strong>pretio,</strong></span> <span class='ocrx_word' id='word_1_407' title='bbox 2053 3169 2101 3228; x_wconf 87' lang='lat' dir='ltr'><strong>C</strong></span> <span class='ocrx_word' id='word_1_408' title='bbox 2130 3176 2330 3231; x_wconf 87' lang='lat' dir='ltr'><strong>rebam</strong></span> <span class='ocrx_word' id='word_1_409' title='bbox 2363 3191 2476 3230; x_wconf 87' lang='lat' dir='ltr'><strong>una</strong></span> <span class='ocrx_word' id='word_1_410' title='bbox 2493 3173 2742 3246; x_wconf 88' lang='lat' dir='ltr'><strong>qualiter</strong></span> <span class='ocrx_word' id='word_1_411' title='bbox 2755 3189 2814 3226; x_wconf 89' lang='lat' dir='ltr'><strong>se</strong></span> <span class='ocrx_word' id='word_1_412' title='bbox 2833 3175 3014 3227; x_wconf 87' lang='lat' dir='ltr'><strong>status</strong></span> <span class='ocrx_word' id='word_1_413' title='bbox 3039 3171 3210 3242; x_wconf 90' lang='lat' dir='ltr'><strong>regni</strong></span> <span class='ocrx_word' id='word_1_414' title='bbox 3231 3171 3314 3226; x_wconf 90' lang='lat' dir='ltr'><strong>vel</strong></span> <span class='ocrx_word' id='word_1_415' title='bbox 3335 3169 3526 3224; x_wconf 80' lang='lat' dir='ltr'><strong>fratres</strong></span> <span class='ocrx_word' id='word_1_416' title='bbox 3548 3165 3687 3220; x_wconf 86' lang='lat' dir='ltr'><strong>habe-</strong></span> 
     </span>
    </p>
   </div>
   <div class='ocr_carea' id='block_1_65' title="bbox 419 3270 2030 3362">
    <p class='ocr_par' dir='ltr' id='par_1_65' title="bbox 419 3270 2030 3362">
     <span class='ocr_line' id='line_1_65' title="bbox 419 3270 2030 3362; baseline -0.014 -15"><span class='ocrx_word' id='word_1_417' title='bbox 419 3307 522 3347; x_wconf 90' lang='lat' dir='ltr'><strong>eos</strong></span> <span class='ocrx_word' id='word_1_418' title='bbox 549 3289 646 3362; x_wconf 90' lang='lat' dir='ltr'><strong>qui</strong></span> <span class='ocrx_word' id='word_1_419' title='bbox 677 3286 1040 3361; x_wconf 88' lang='lat' dir='ltr'><strong>pellebantur</strong></span> <span class='ocrx_word' id='word_1_420' title='bbox 1067 3282 1237 3336; x_wconf 88' lang='lat' dir='ltr'><strong>vellet</strong></span> <span class='ocrx_word' id='word_1_421' title='bbox 1268 3279 1462 3334; x_wconf 88' lang='lat' dir='ltr'><strong>videre</strong></span> <span class='ocrx_word' id='word_1_422' title='bbox 1492 3278 1774 3348; x_wconf 87' lang='lat' dir='ltr'><strong>receptos,</strong></span> <span class='ocrx_word' id='word_1_423' title='bbox 1803 3270 2030 3344; x_wconf 86' lang='lat' dir='ltr'><strong>rejectis</strong></span> 
     </span>
    </p>
   </div>
   <div class='ocr_carea' id='block_1_66' title="bbox 419 3369 1323 3452">
    <p class='ocr_par' dir='ltr' id='par_1_66' title="bbox 419 3369 1323 3452">
     <span class='ocr_line' id='line_1_66' title="bbox 419 3369 1323 3452; baseline -0.014 -16"><span class='ocrx_word' id='word_1_424' title='bbox 419 3379 510 3436; x_wconf 88' lang='lat' dir='ltr'><strong>his</strong></span> <span class='ocrx_word' id='word_1_425' title='bbox 534 3378 631 3452; x_wconf 90' lang='lat' dir='ltr'><strong>qui</strong></span> <span class='ocrx_word' id='word_1_426' title='bbox 655 3376 1012 3452; x_wconf 82' lang='lat' dir='ltr'><strong>putabantur</strong></span> <span class='ocrx_word' id='word_1_427' title='bbox 1039 3369 1323 3427; x_wconf 84' lang='lat' dir='ltr'><strong>ﬁdissimi.</strong></span> 
     </span>
    </p>
   </div>
   <div class='ocr_carea' id='block_1_67' title="bbox 1025 3475 1445 3534">
    <p class='ocr_par' dir='ltr' id='par_1_67' title="bbox 1025 3475 1445 3534">
     <span class='ocr_line' id='line_1_67' title="bbox 1025 3475 1445 3534; baseline -0.012 0"><span class='ocrx_word' id='word_1_428' title='bbox 1025 3477 1248 3534; x_wconf 83' lang='lat' dir='ltr'><strong>CAPUT</strong></span> <span class='ocrx_word' id='word_1_429' title='bbox 1280 3475 1445 3530; x_wconf 79' lang='lat' dir='ltr'><strong>LXXI.</strong></span> 
     </span>
    </p>
   </div>
   <div class='ocr_carea' id='block_1_68' title="bbox 417 3555 2032 3632">
    <p class='ocr_par' dir='ltr' id='par_1_68' title="bbox 417 3555 2032 3632">
     <span class='ocr_line' id='line_1_68' title="bbox 417 3555 2032 3632; baseline -0.015 0"><span class='ocrx_word' id='word_1_430' title='bbox 417 3574 504 3632; x_wconf 85' lang='lat' dir='ltr'><strong>De</strong></span> <span class='ocrx_word' id='word_1_431' title='bbox 531 3574 718 3630; x_wconf 77' lang='lat' dir='ltr'><strong>litteris</strong></span> <span class='ocrx_word' id='word_1_432' title='bbox 759 3587 795 3629; x_wconf 82' lang='grc' dir='ltr'><em>α</em></span> <span class='ocrx_word' id='word_1_433' title='bbox 841 3568 1163 3625; x_wconf 82' lang='lat' dir='ltr'><strong>Guntranno</strong></span> <span class='ocrx_word' id='word_1_434' title='bbox 1201 3563 1271 3619; x_wconf 87' lang='lat' dir='ltr'><strong>ad</strong></span> <span class='ocrx_word' id='word_1_435' title='bbox 1319 3557 1698 3632; x_wconf 55' lang='lat' dir='ltr'><strong>Gundougdum</strong></span> <span class='ocrx_word' id='word_1_436' title='bbox 1728 3557 1920 3632; x_wconf 62' lang='lat' dir='ltr'><strong>missis,</strong></span> <span class='ocrx_word' id='word_1_437' title='bbox 1968 3555 2032 3632; x_wconf 77' lang='lat' dir='ltr'><strong>de</strong></span> 
     </span>
    </p>
   </div>
   <div class='ocr_carea' id='block_1_69' title="bbox 492 3626 2033 3715">
    <p class='ocr_par' dir='ltr' id='par_1_69' title="bbox 492 3626 2033 3715">
     <span class='ocr_line' id='line_1_69' title="bbox 492 3626 2033 3715; baseline -0.015 -14"><span class='ocrx_word' id='word_1_438' title='bbox 492 3626 989 3715; x_wconf 29' lang='lat' dir='ltr'><strong>eurivdireptione,</strong></span> <span class='ocrx_word' id='word_1_439' title='bbox 1031 3645 1082 3715; x_wconf 75' lang='lat' dir='ltr'><strong>et</strong></span> <span class='ocrx_word' id='word_1_440' title='bbox 1137 3636 1200 3692; x_wconf 83' lang='lat' dir='ltr'><strong>de</strong></span> <span class='ocrx_word' id='word_1_441' title='bbox 1247 3634 1468 3715; x_wconf 71' lang='lat' dir='ltr'><strong>claustri</strong></span> <span class='ocrx_word' id='word_1_442' title='bbox 1493 3630 1863 3715; x_wconf 46' lang='lat' dir='ltr'><strong>&#39;Yz&#39;rcccn’tz&#39;ani</strong></span> <span class='ocrx_word' id='word_1_443' title='bbox 1887 3626 2033 3715; x_wconf 55' lang='lat' dir='ltr'><strong>apud</strong></span> 
     </span>
    </p>
   </div>
   <div class='ocr_carea' id='block_1_70' title="bbox 490 3697 2028 3788">
    <p class='ocr_par' dir='ltr' id='par_1_70' title="bbox 490 3697 2028 3788">
     <span class='ocr_line' id='line_1_70' title="bbox 490 3697 2028 3788; baseline -0.016 -14"><span class='ocrx_word' id='word_1_444' title='bbox 490 3697 1190 3788; x_wconf 47' lang='lat' dir='ltr'><strong>Egennensesspolialiope,</strong></span> <span class='ocrx_word' id='word_1_445' title='bbox 1216 3712 1273 3788; x_wconf 72' lang='lat' dir='ltr'><strong>et</strong></span> <span class='ocrx_word' id='word_1_446' title='bbox 1311 3701 1666 3788; x_wconf 58' lang='lat' dir='ltr'><strong>ejusultione,</strong></span> <span class='ocrx_word' id='word_1_447' title='bbox 1693 3700 1860 3771; x_wconf 86' lang='lat' dir='ltr'><strong>deque</strong></span> <span class='ocrx_word' id='word_1_448' title='bbox 1878 3697 2028 3752; x_wconf 69' lang='lat' dir='ltr'><strong>calli-</strong></span> 
     </span>
    </p>
   </div>
   <div class='ocr_carea' id='block_1_71' title="bbox 489 3731 1726 3855">
    <p class='ocr_par' dir='ltr' id='par_1_71' title="bbox 489 3731 1726 3855">
     <span class='ocr_line' id='line_1_71' title="bbox 490 3731 1726 3788; baseline -0.017 -15"><span class='ocrx_word' id='word_1_449' title='bbox 490 3731 828 3788; x_wconf 75' lang='lat' dir='ltr'><strong>Agenncnses</strong></span> <span class='ocrx_word' id='word_1_450' title='bbox 855 3731 880 3768; x_wconf 79' lang='lat'><strong><em>8</em></strong></span> <span class='ocrx_word' id='word_1_451' title='bbox 916 3731 1190 3776; x_wconf 77' lang='lat' dir='ltr'><strong>ouauone,</strong></span> <span class='ocrx_word' id='word_1_452' title='bbox 1223 3731 1271 3760; x_wconf 76' lang='grc' dir='ltr'><strong>σι</strong></span> <span class='ocrx_word' id='word_1_453' title='bbox 1311 3731 1425 3774; x_wconf 65' lang='lat' dir='ltr'><strong>ejus</strong></span> <span class='ocrx_word' id='word_1_454' title='bbox 1445 3731 1666 3768; x_wconf 71' lang='grc' dir='ltr'><strong>ιιιιιυιισ,</strong></span> <span class='ocrx_word' id='word_1_455' title='bbox 1693 3731 1726 3754; x_wconf 85' lang='lat' dir='ltr'><strong>u.</strong></span> 
     </span>
     <span class='ocr_line' id='line_1_72' title="bbox 489 3731 1726 3855; baseline -0.018 -11"><span class='ocrx_word' id='word_1_456' title='bbox 489 3787 560 3843; x_wconf 88' lang='lat' dir='ltr'><strong>da</strong></span> <span class='ocrx_word' id='word_1_457' title='bbox 589 3731 914 3844; x_wconf 60' lang='lat' dir='ltr'><strong>Gundoaldi&quot;2</strong></span> <span class='ocrx_word' id='word_1_458' title='bbox 933 3779 1145 3855; x_wconf 85' lang='lat' dir='ltr'><strong>querela</strong></span> <span class='ocrx_word' id='word_1_459' title='bbox 1175 3784 1226 3834; x_wconf 84' lang='lat' dir='ltr'><strong>et</strong></span> <span class='ocrx_word' id='word_1_460' title='bbox 1253 3775 1474 3848; x_wconf 72' lang='lat' dir='ltr'><strong>reliquis</strong></span> <span class='ocrx_word' id='word_1_461' title='bbox 1495 3779 1672 3842; x_wconf 72' lang='lat' dir='ltr'><strong>gestu.</strong></span> <span class='ocrx_word' id='word_1_462' title='bbox 1719 3819 1726 3828; x_wconf 86' lang='lat'><strong>,</strong></span> 
     </span>
    </p>
   </div>
   <div class='ocr_carea' id='block_1_72' title="bbox 491 3879 2032 3958">
    <p class='ocr_par' dir='ltr' id='par_1_72' title="bbox 491 3879 2032 3958">
     <span class='ocr_line' id='line_1_73' title="bbox 491 3879 2032 3958; baseline -0.014 -6"><span class='ocrx_word' id='word_1_463' title='bbox 491 3893 588 3952; x_wconf 80' lang='lat' dir='ltr'><strong>His</strong></span> <span class='ocrx_word' id='word_1_464' title='bbox 637 3892 856 3958; x_wconf 89' lang='lat' dir='ltr'><strong>diebus,</strong></span> <span class='ocrx_word' id='word_1_465' title='bbox 884 3890 1256 3945; x_wconf 83' lang='lat' dir='ltr'><strong>Guntrannus</strong></span> <span class='ocrx_word' id='word_1_466' title='bbox 1283 3898 1381 3936; x_wconf 87' lang='lat' dir='ltr'><strong>rex</strong></span> <span class='ocrx_word' id='word_1_467' title='bbox 1413 3879 1633 3934; x_wconf 89' lang='lat' dir='ltr'><strong>litteras</strong></span> <span class='ocrx_word' id='word_1_468' title='bbox 1663 3893 1730 3932; x_wconf 94' lang='lat' dir='ltr'><strong>ex</strong></span> <span class='ocrx_word' id='word_1_469' title='bbox 1785 3891 2032 3949; x_wconf 87' lang='lat' dir='ltr'><strong>persona</strong></span> 
     </span>
    </p>
   </div>
   <div class='ocr_carea' id='block_1_73' title="bbox 421 3964 2032 4039">
    <p class='ocr_par' dir='ltr' id='par_1_73' title="bbox 421 3964 2032 4039">
     <span class='ocr_line' id='line_1_74' title="bbox 421 3964 2032 4039; baseline -0.014 1"><span class='ocrx_word' id='word_1_470' title='bbox 421 3979 799 4039; x_wconf 90' lang='lat' dir='ltr'><strong>Brunichildis</strong></span> <span class='ocrx_word' id='word_1_471' title='bbox 847 3977 900 4032; x_wconf 92' lang='lat' dir='ltr'><strong>ei</strong></span> <span class='ocrx_word' id='word_1_472' title='bbox 932 3971 1276 4038; x_wconf 84' lang='lat' dir='ltr'><strong>transmisit,</strong></span> <span class='ocrx_word' id='word_1_473' title='bbox 1308 3965 1600 4024; x_wconf 88' lang='lat' dir='ltr'><strong>suadentis</strong></span> <span class='ocrx_word' id='word_1_474' title='bbox 1645 3969 1733 4030; x_wconf 89' lang='lat' dir='ltr'><strong>ut,</strong></span> <span class='ocrx_word' id='word_1_475' title='bbox 1787 3964 2032 4020; x_wconf 90' lang='lat' dir='ltr'><strong>dimissis</strong></span> 
     </span>
    </p>
   </div>
   <div class='ocr_carea' id='block_1_74' title="bbox 417 4055 2029 4146">
    <p class='ocr_par' dir='ltr' id='par_1_74' title="bbox 417 4055 2029 4146">
     <span class='ocr_line' id='line_1_75' title="bbox 417 4055 2029 4146; baseline -0.012 -17"><span class='ocrx_word' id='word_1_476' title='bbox 417 4088 561 4146; x_wconf 88' lang='lat' dir='ltr'><strong>quas</strong></span> <span class='ocrx_word' id='word_1_477' title='bbox 589 4067 1007 4141; x_wconf 87' lang='lat' dir='ltr'><strong>aggregaverat</strong></span> <span class='ocrx_word' id='word_1_478' title='bbox 1021 4061 1094 4117; x_wconf 90' lang='lat' dir='ltr'><strong>ad</strong></span> <span class='ocrx_word' id='word_1_479' title='bbox 1105 4061 1350 4116; x_wconf 87' lang='lat' dir='ltr'><strong>hiberna</strong></span> <span class='ocrx_word' id='word_1_480' title='bbox 1373 4055 1572 4146; x_wconf 86' lang='lat' dir='ltr'><strong>copiis,</strong></span> <span class='ocrx_word' id='word_1_481' title='bbox 1591 4055 1710 4127; x_wconf 90' lang='lat' dir='ltr'><strong>ipse</strong></span> <span class='ocrx_word' id='word_1_482' title='bbox 1739 4055 2029 4126; x_wconf 87' lang='lat' dir='ltr'><strong>Burdega-</strong></span> 
     </span>
    </p>
   </div>
   <div class='ocr_carea' id='block_1_75' title="bbox 419 4143 2030 4216">
    <p class='ocr_par' dir='ltr' id='par_1_75' title="bbox 419 4143 2030 4216">
     <span class='ocr_line' id='line_1_76' title="bbox 419 4143 2030 4216; baseline -0.011 -1"><span class='ocrx_word' id='word_1_483' title='bbox 419 4143 525 4216; x_wconf 78' lang='lat' dir='ltr'><strong>lim</strong></span> <span class='ocrx_word' id='word_1_484' title='bbox 561 4157 883 4212; x_wconf 87' lang='lat' dir='ltr'><strong>hiematum</strong></span> <span class='ocrx_word' id='word_1_485' title='bbox 911 4149 1223 4206; x_wconf 89' lang='lat' dir='ltr'><strong>secederet.</strong></span> <span class='ocrx_word' id='word_1_486' title='bbox 1251 4148 1325 4200; x_wconf 83' lang='lat' dir='ltr'><strong>At</strong></span> <span class='ocrx_word' id='word_1_487' title='bbox 1342 4144 1566 4200; x_wconf 89' lang='lat' dir='ltr'><strong>hostilis</strong></span> <span class='ocrx_word' id='word_1_488' title='bbox 1589 4144 1760 4200; x_wconf 90' lang='lat' dir='ltr'><strong>duces</strong></span> <span class='ocrx_word' id='word_1_489' title='bbox 1780 4143 2030 4215; x_wconf 88' lang='lat' dir='ltr'><strong>agminis</strong></span> 
     </span>
    </p>
   </div>
   <div class='ocr_carea' id='block_1_76' title="bbox 419 4233 2029 4321">
    <p class='ocr_par' dir='ltr' id='par_1_76' title="bbox 419 4233 2029 4321">
     <span class='ocr_line' id='line_1_77' title="bbox 419 4233 2029 4321; baseline -0.011 -18"><span class='ocrx_word' id='word_1_490' title='bbox 419 4263 564 4321; x_wconf 91' lang='lat' dir='ltr'><strong>quos</strong></span> <span class='ocrx_word' id='word_1_491' title='bbox 593 4258 766 4315; x_wconf 90' lang='lat' dir='ltr'><strong>super</strong></span> <span class='ocrx_word' id='word_1_492' title='bbox 796 4237 1154 4297; x_wconf 88' lang='lat' dir='ltr'><strong>Dordoniam</strong></span> <span class='ocrx_word' id='word_1_493' title='bbox 1175 4236 1609 4290; x_wconf 89' lang='lat' dir='ltr'><strong>castrametatos</strong></span> <span class='ocrx_word' id='word_1_494' title='bbox 1622 4233 1792 4288; x_wconf 90' lang='lat' dir='ltr'><strong>fuisse</strong></span> <span class='ocrx_word' id='word_1_495' title='bbox 1805 4233 2029 4304; x_wconf 82' lang='lat' dir='ltr'><strong>praefati</strong></span> 
     </span>
    </p>
   </div>
   <div class='ocr_carea' id='block_1_77' title="bbox 421 4321 2031 4400">
    <p class='ocr_par' dir='ltr' id='par_1_77' title="bbox 421 4321 2031 4400">
     <span class='ocr_line' id='line_1_78' title="bbox 421 4321 2031 4400; baseline -0.009 -10"><span class='ocrx_word' id='word_1_496' title='bbox 421 4349 640 4400; x_wconf 87' lang='lat' dir='ltr'><strong>sumus,</strong></span> <span class='ocrx_word' id='word_1_497' title='bbox 673 4329 973 4386; x_wconf 88' lang='lat' dir='ltr'><strong>audientes</strong></span> <span class='ocrx_word' id='word_1_498' title='bbox 1019 4323 1421 4382; x_wconf 88' lang='lat' dir='ltr'><strong>Gundoaldum</strong></span> <span class='ocrx_word' id='word_1_499' title='bbox 1461 4321 1798 4377; x_wconf 90' lang='lat' dir='ltr'><strong>ulteriorem</strong></span> <span class='ocrx_word' id='word_1_500' title='bbox 1827 4323 2031 4376; x_wconf 85' lang='lat' dir='ltr'><strong>tenere</strong></span> 
     </span>
    </p>
   </div>
   <div class='ocr_carea' id='block_1_78' title="bbox 419 4409 2030 4490">
    <p class='ocr_par' dir='ltr' id='par_1_78' title="bbox 419 4409 2030 4490">
     <span class='ocr_line' id='line_1_79' title="bbox 419 4409 2030 4490; baseline -0.009 -12"><span class='ocrx_word' id='word_1_501' title='bbox 419 4422 726 4478; x_wconf 65' lang='lat' dir='ltr'><strong>Garumnae</strong></span> <span class='ocrx_word' id='word_1_502' title='bbox 742 4418 932 4490; x_wconf 90' lang='lat' dir='ltr'><strong>ripam</strong></span> <span class='ocrx_word' id='word_1_503' title='bbox 947 4413 1222 4482; x_wconf 86' lang='lat' dir='ltr'><strong>ﬂuminis,</strong></span> <span class='ocrx_word' id='word_1_504' title='bbox 1250 4412 1492 4468; x_wconf 88' lang='lat' dir='ltr'><strong>collecta</strong></span> <span class='ocrx_word' id='word_1_505' title='bbox 1507 4409 1761 4466; x_wconf 89' lang='lat' dir='ltr'><strong>virorum</strong></span> <span class='ocrx_word' id='word_1_506' title='bbox 1791 4409 2030 4464; x_wconf 88' lang='lat' dir='ltr'><strong>fortium</strong></span> 
     </span>
    </p>
   </div>
   <div class='ocr_carea' id='block_1_79' title="bbox 419 4500 2032 4584">
    <p class='ocr_par' dir='ltr' id='par_1_79' title="bbox 419 4500 2032 4584">
     <span class='ocr_line' id='line_1_80' title="bbox 419 4500 2032 4584; baseline -0.008 -17"><span class='ocrx_word' id='word_1_507' title='bbox 419 4509 685 4584; x_wconf 86' lang='lat' dir='ltr'><strong>expedita</strong></span> <span class='ocrx_word' id='word_1_508' title='bbox 699 4500 1450 4584; x_wconf 74' lang='lat' dir='ltr'><strong>quemultitudine,fhivium</strong></span> <span class='ocrx_word' id='word_1_509' title='bbox 1463 4502 1665 4554; x_wconf 89' lang='lat' dir='ltr'><strong>natatu</strong></span> <span class='ocrx_word' id='word_1_510' title='bbox 1678 4502 2032 4554; x_wconf 89' lang='lat' dir='ltr'><strong>transmeare</strong></span> 
     </span>
    </p>
   </div>
   <div class='ocr_carea' id='block_1_80' title="bbox 422 4583 2027 4670">
    <p class='ocr_par' dir='ltr' id='par_1_80' title="bbox 422 4583 2027 4670">
     <span class='ocr_line' id='line_1_81' title="bbox 422 4583 2027 4670; baseline -0.01 -15"><span class='ocrx_word' id='word_1_511' title='bbox 422 4583 848 4670; x_wconf 82' lang='lat' dir='ltr'><strong>disposuerunt.</strong></span> <span class='ocrx_word' id='word_1_512' title='bbox 871 4595 912 4649; x_wconf 92' lang='lat' dir='ltr'><strong>E</strong></span> <span class='ocrx_word' id='word_1_513' title='bbox 933 4592 1138 4666; x_wconf 88' lang='lat' dir='ltr'><strong>quibus</strong></span> <span class='ocrx_word' id='word_1_514' title='bbox 1165 4583 1362 4663; x_wconf 87' lang='lat' dir='ltr'><strong>aliqui,</strong></span> <span class='ocrx_word' id='word_1_515' title='bbox 1393 4587 1642 4644; x_wconf 86' lang='lat' dir='ltr'><strong>infirmis</strong></span> <span class='ocrx_word' id='word_1_516' title='bbox 1672 4586 1833 4659; x_wconf 91' lang='lat' dir='ltr'><strong>equis</strong></span> <span class='ocrx_word' id='word_1_517' title='bbox 1861 4586 2027 4655; x_wconf 85' lang='lat' dir='ltr'><strong>vecti,</strong></span> 
     </span>
    </p>
   </div>
   <div class='ocr_carea' id='block_1_81' title="bbox 423 4675 2036 4758">
    <p class='ocr_par' dir='ltr' id='par_1_81' title="bbox 423 4675 2036 4758">
     <span class='ocr_line' id='line_1_82' title="bbox 423 4675 2036 4758; baseline -0.01 -12"><span class='ocrx_word' id='word_1_518' title='bbox 423 4685 666 4746; x_wconf 87' lang='lat' dir='ltr'><strong>ﬂuvialis</strong></span> <span class='ocrx_word' id='word_1_519' title='bbox 676 4700 840 4758; x_wconf 61' lang='lat' dir='ltr'><strong>aqua</strong></span> <span class='ocrx_word' id='word_1_520' title='bbox 852 4681 1223 4755; x_wconf 90' lang='lat' dir='ltr'><strong>oppressione</strong></span> <span class='ocrx_word' id='word_1_521' title='bbox 1246 4677 1563 4752; x_wconf 90' lang='lat' dir='ltr'><strong>perierunt.</strong></span> <span class='ocrx_word' id='word_1_522' title='bbox 1578 4675 2036 4748; x_wconf 85' lang='lat' dir='ltr'><strong>Reliqui,natan-</strong></span> 
     </span>
    </p>
   </div>
   <div class='ocr_carea' id='block_1_82' title="bbox 423 4763 2030 4836">
    <p class='ocr_par' dir='ltr' id='par_1_82' title="bbox 423 4763 2030 4836">
     <span class='ocr_line' id='line_1_83' title="bbox 423 4763 2030 4836; baseline -0.01 -2"><span class='ocrx_word' id='word_1_523' title='bbox 423 4778 498 4834; x_wconf 91' lang='lat' dir='ltr'><strong>do</strong></span> <span class='ocrx_word' id='word_1_524' title='bbox 516 4776 590 4832; x_wconf 90' lang='lat' dir='ltr'><strong>ad</strong></span> <span class='ocrx_word' id='word_1_525' title='bbox 601 4771 957 4832; x_wconf 87' lang='lat' dir='ltr'><strong>contrarium</strong></span> <span class='ocrx_word' id='word_1_526' title='bbox 971 4768 1144 4827; x_wconf 90' lang='lat' dir='ltr'><strong>delati</strong></span> <span class='ocrx_word' id='word_1_527' title='bbox 1165 4769 1344 4836; x_wconf 90' lang='lat' dir='ltr'><strong>littus,</strong></span> <span class='ocrx_word' id='word_1_528' title='bbox 1360 4764 1730 4822; x_wconf 81' lang='lat' dir='ltr'><strong>offenderunt</strong></span> <span class='ocrx_word' id='word_1_529' title='bbox 1746 4764 1804 4818; x_wconf 89' lang='lat' dir='ltr'><strong>in</strong></span> <span class='ocrx_word' id='word_1_530' title='bbox 1823 4763 2030 4819; x_wconf 89' lang='lat' dir='ltr'><strong>itinere</strong></span> 
     </span>
    </p>
   </div>
   <div class='ocr_carea' id='block_1_83' title="bbox 420 4858 2028 4927">
    <p class='ocr_par' dir='ltr' id='par_1_83' title="bbox 420 4858 2028 4927">
     <span class='ocr_line' id='line_1_84' title="bbox 420 4858 2028 4927; baseline -0.011 -3"><span class='ocrx_word' id='word_1_531' title='bbox 420 4865 742 4925; x_wconf 87' lang='lat' dir='ltr'><strong>maximum</strong></span> <span class='ocrx_word' id='word_1_532' title='bbox 753 4862 1110 4918; x_wconf 89' lang='lat' dir='ltr'><strong>camelorum</strong></span> <span class='ocrx_word' id='word_1_533' title='bbox 1128 4858 1536 4927; x_wconf 90' lang='lat' dir='ltr'><strong>mulorumque</strong></span> <span class='ocrx_word' id='word_1_534' title='bbox 1549 4869 1856 4908; x_wconf 88' lang='lat' dir='ltr'><strong>numerum</strong></span> <span class='ocrx_word' id='word_1_535' title='bbox 1867 4869 2028 4921; x_wconf 90' lang='lat' dir='ltr'><strong>,auro</strong></span> 
     </span>
    </p>
   </div>
   <div class='ocr_carea' id='block_1_84' title="bbox 419 4941 2030 5028">
    <p class='ocr_par' dir='ltr' id='par_1_84' title="bbox 419 4941 2030 5028">
     <span class='ocr_line' id='line_1_85' title="bbox 419 4941 2030 5028; baseline -0.01 -15"><span class='ocrx_word' id='word_1_536' title='bbox 419 4959 480 5013; x_wconf 92' lang='lat' dir='ltr'><strong>et</strong></span> <span class='ocrx_word' id='word_1_537' title='bbox 499 4957 740 5028; x_wconf 89' lang='lat' dir='ltr'><strong>argento</strong></span> <span class='ocrx_word' id='word_1_538' title='bbox 765 4953 1131 5016; x_wconf 83' lang='lat' dir='ltr'><strong>onustarum,</strong></span> <span class='ocrx_word' id='word_1_539' title='bbox 1154 4962 1298 5019; x_wconf 89' lang='lat' dir='ltr'><strong>quos</strong></span> <span class='ocrx_word' id='word_1_540' title='bbox 1313 4941 1600 5015; x_wconf 84' lang='lat' dir='ltr'><strong>fugientes</strong></span> <span class='ocrx_word' id='word_1_541' title='bbox 1621 4941 1928 4997; x_wconf 89' lang='lat' dir='ltr'><strong>adversarii</strong></span> <span class='ocrx_word' id='word_1_542' title='bbox 1944 4959 2030 4997; x_wconf 89' lang='lat' dir='ltr'><strong>re-</strong></span> 
     </span>
    </p>
   </div>
   <div class='ocr_carea' id='block_1_85' title="bbox 418 5030 2026 5118">
    <p class='ocr_par' dir='ltr' id='par_1_85' title="bbox 418 5030 2026 5118">
     <span class='ocr_line' id='line_1_86' title="bbox 418 5030 2026 5118; baseline -0.011 -16"><span class='ocrx_word' id='word_1_543' title='bbox 418 5044 728 5118; x_wconf 88' lang='lat' dir='ltr'><strong>liquerant.</strong></span> <span class='ocrx_word' id='word_1_544' title='bbox 762 5039 978 5106; x_wconf 84' lang='lat' dir='ltr'><strong>Quibus</strong></span> <span class='ocrx_word' id='word_1_545' title='bbox 1002 5035 1182 5107; x_wconf 89' lang='lat' dir='ltr'><strong>captis</strong></span> <span class='ocrx_word' id='word_1_546' title='bbox 1212 5037 1290 5102; x_wconf 91' lang='lat' dir='ltr'><strong>et,</strong></span> <span class='ocrx_word' id='word_1_547' title='bbox 1321 5033 1394 5088; x_wconf 91' lang='lat' dir='ltr'><strong>ob</strong></span> <span class='ocrx_word' id='word_1_548' title='bbox 1429 5030 1871 5102; x_wconf 88' lang='lat' dir='ltr'><strong>impedimenta,</strong></span> <span class='ocrx_word' id='word_1_549' title='bbox 1893 5047 2026 5085; x_wconf 90' lang='lat' dir='ltr'><strong>cum</strong></span> 
     </span>
    </p>
   </div>
   <div class='ocr_carea' id='block_1_86' title="bbox 419 5118 2032 5202">
    <p class='ocr_par' dir='ltr' id='par_1_86' title="bbox 419 5118 2032 5202">
     <span class='ocr_line' id='line_1_87' title="bbox 419 5118 2032 5202; baseline -0.016 -11"><span class='ocrx_word' id='word_1_550' title='bbox 419 5131 665 5192; x_wconf 86' lang='lat' dir='ltr'><strong>residuis</strong></span> <span class='ocrx_word' id='word_1_551' title='bbox 691 5127 843 5202; x_wconf 87' lang='lat' dir='ltr'><strong>vulgi</strong></span> <span class='ocrx_word' id='word_1_552' title='bbox 869 5124 1140 5193; x_wconf 89' lang='lat' dir='ltr'><strong>dimissis,</strong></span> <span class='ocrx_word' id='word_1_553' title='bbox 1179 5121 1286 5196; x_wconf 91' lang='lat' dir='ltr'><strong>ipsi</strong></span> <span class='ocrx_word' id='word_1_554' title='bbox 1315 5118 1764 5193; x_wconf 88' lang='lat' dir='ltr'><strong>quammaximis</strong></span> <span class='ocrx_word' id='word_1_555' title='bbox 1794 5122 2032 5192; x_wconf 76' lang='lat' dir='ltr'><strong>possunt</strong></span> 
     </span>
    </p>
   </div>
   <div class='ocr_carea' id='block_1_87' title="bbox 417 5207 2031 5282">
    <p class='ocr_par' dir='ltr' id='par_1_87' title="bbox 417 5207 2031 5282">
     <span class='ocr_line' id='line_1_88' title="bbox 417 5207 2031 5282; baseline -0.012 -3"><span class='ocrx_word' id='word_1_556' title='bbox 417 5219 724 5279; x_wconf 89' lang='lat' dir='ltr'><strong>itineribus</strong></span> <span class='ocrx_word' id='word_1_557' title='bbox 751 5213 1156 5272; x_wconf 87' lang='lat' dir='ltr'><strong>Gundoaldum</strong></span> <span class='ocrx_word' id='word_1_558' title='bbox 1176 5211 1620 5282; x_wconf 89' lang='lat' dir='ltr'><strong>persequuntur.</strong></span> <span class='ocrx_word' id='word_1_559' title='bbox 1651 5209 1716 5262; x_wconf 82' lang='lat' dir='ltr'><strong>Et</strong></span> <span class='ocrx_word' id='word_1_560' title='bbox 1736 5207 2031 5262; x_wconf 87' lang='lat' dir='ltr'><strong>venientes</strong></span> 
     </span>
    </p>
   </div>
   <div class='ocr_carea' id='block_1_88' title="bbox 421 5295 2026 5369">
    <p class='ocr_par' dir='ltr' id='par_1_88' title="bbox 421 5295 2026 5369">
     <span class='ocr_line' id='line_1_89' title="bbox 421 5295 2026 5369; baseline -0.011 -1"><span class='ocrx_word' id='word_1_561' title='bbox 421 5311 496 5368; x_wconf 89' lang='lat' dir='ltr'><strong>ad</strong></span> <span class='ocrx_word' id='word_1_562' title='bbox 520 5307 817 5366; x_wconf 86' lang='lat' dir='ltr'><strong>basilicam</strong></span> <span class='ocrx_word' id='word_1_563' title='bbox 835 5301 1029 5360; x_wconf 91' lang='lat' dir='ltr'><strong>Sancti</strong></span> <span class='ocrx_word' id='word_1_564' title='bbox 1057 5298 1336 5354; x_wconf 86' lang='lat' dir='ltr'><strong>Vincentii</strong></span> <span class='ocrx_word' id='word_1_565' title='bbox 1350 5295 1710 5369; x_wconf 77' lang='lat' dir='ltr'><strong>Agennensis</strong></span> <span class='ocrx_word' id='word_1_566' title='bbox 1731 5295 2026 5365; x_wconf 92' lang='lat' dir='ltr'><strong>territorii,</strong></span> 
     </span>
    </p>
   </div>
   <div class='ocr_carea' id='block_1_89' title="bbox 418 5384 2029 5463">
    <p class='ocr_par' dir='ltr' id='par_1_89' title="bbox 418 5384 2029 5463">
     <span class='ocr_line' id='line_1_90' title="bbox 418 5384 2029 5463; baseline -0.011 -8"><span class='ocrx_word' id='word_1_567' title='bbox 418 5395 812 5456; x_wconf 84' lang='lat' dir='ltr'><strong>resistentibus</strong></span> <span class='ocrx_word' id='word_1_568' title='bbox 840 5391 929 5448; x_wconf 89' lang='lat' dir='ltr'><strong>his</strong></span> <span class='ocrx_word' id='word_1_569' title='bbox 956 5389 1054 5463; x_wconf 90' lang='lat' dir='ltr'><strong>qui</strong></span> <span class='ocrx_word' id='word_1_570' title='bbox 1080 5405 1148 5444; x_wconf 89' lang='lat' dir='ltr'><strong>eo</strong></span> <span class='ocrx_word' id='word_1_571' title='bbox 1180 5405 1271 5443; x_wconf 90' lang='lat' dir='ltr'><strong>res</strong></span> <span class='ocrx_word' id='word_1_572' title='bbox 1295 5403 1424 5442; x_wconf 90' lang='lat' dir='ltr'><strong>suas</strong></span> <span class='ocrx_word' id='word_1_573' title='bbox 1441 5384 2029 5456; x_wconf 88' lang='lat' dir='ltr'><strong>contulerant,ignem</strong></span> 
     </span>
    </p>
   </div>
   <div class='ocr_carea' id='block_1_90' title="bbox 423 5472 2026 5550">
    <p class='ocr_par' dir='ltr' id='par_1_90' title="bbox 423 5472 2026 5550">
     <span class='ocr_line' id='line_1_91' title="bbox 423 5472 2026 5550; baseline -0.008 -8"><span class='ocrx_word' id='word_1_574' title='bbox 423 5485 583 5543; x_wconf 90' lang='lat' dir='ltr'><strong>ostiis</strong></span> <span class='ocrx_word' id='word_1_575' title='bbox 600 5483 934 5548; x_wconf 89' lang='lat' dir='ltr'><strong>admovent,</strong></span> <span class='ocrx_word' id='word_1_576' title='bbox 967 5476 1436 5550; x_wconf 89' lang='lat' dir='ltr'><strong>consumptisque</strong></span> <span class='ocrx_word' id='word_1_577' title='bbox 1467 5473 1568 5542; x_wconf 92' lang='lat' dir='ltr'><strong>eis,</strong></span> <span class='ocrx_word' id='word_1_578' title='bbox 1594 5473 1859 5528; x_wconf 89' lang='lat' dir='ltr'><strong>universa</strong></span> <span class='ocrx_word' id='word_1_579' title='bbox 1874 5472 2026 5529; x_wconf 90' lang='lat' dir='ltr'><strong>intro</strong></span> 
     </span>
    </p>
   </div>
   <div class='ocr_carea' id='block_1_91' title="bbox 419 5561 2024 5645">
    <p class='ocr_par' dir='ltr' id='par_1_91' title="bbox 419 5561 2024 5645">
     <span class='ocr_line' id='line_1_92' title="bbox 419 5561 2024 5645; baseline -0.007 -15"><span class='ocrx_word' id='word_1_580' title='bbox 419 5573 676 5645; x_wconf 83' lang='lat' dir='ltr'><strong>reperta,</strong></span> <span class='ocrx_word' id='word_1_581' title='bbox 706 5586 835 5625; x_wconf 90' lang='lat' dir='ltr'><strong>cum</strong></span> <span class='ocrx_word' id='word_1_582' title='bbox 851 5566 1006 5623; x_wconf 79' lang='lat' dir='ltr'><strong>sacri</strong></span> <span class='ocrx_word' id='word_1_583' title='bbox 1032 5563 1335 5620; x_wconf 89' lang='lat' dir='ltr'><strong>ministerii</strong></span> <span class='ocrx_word' id='word_1_584' title='bbox 1371 5561 2024 5631; x_wconf 88' lang='lat' dir='ltr'><strong>utensilibus,auferunt.</strong></span> 
     </span>
    </p>
   </div>
   <div class='ocr_carea' id='block_1_92' title="bbox 419 5649 2027 5730">
    <p class='ocr_par' dir='ltr' id='par_1_92' title="bbox 419 5649 2027 5730">
     <span class='ocr_line' id='line_1_93' title="bbox 419 5649 2027 5730; baseline -0.005 -14"><span class='ocrx_word' id='word_1_585' title='bbox 419 5659 537 5722; x_wconf 70' lang='lat' dir='ltr'><strong>Adi</strong></span> <span class='ocrx_word' id='word_1_586' title='bbox 537 5659 622 5716; x_wconf 90' lang='lat' dir='ltr'><strong>uit</strong></span> <span class='ocrx_word' id='word_1_587' title='bbox 629 5655 901 5730; x_wconf 85' lang='lat' dir='ltr'><strong>evestigio</strong></span> <span class='ocrx_word' id='word_1_588' title='bbox 918 5651 1112 5710; x_wconf 86' lang='lat' dir='ltr'><strong>divina</strong></span> <span class='ocrx_word' id='word_1_589' title='bbox 1121 5651 1264 5710; x_wconf 87' lang='lat' dir='ltr'><strong>ultio</strong></span> <span class='ocrx_word' id='word_1_590' title='bbox 1278 5649 2027 5724; x_wconf 88' lang='lat' dir='ltr'><strong>et,quorumdammanihus</strong></span> 
     </span>
    </p>
   </div>
   <div class='ocr_carea' id='block_1_93' title="bbox 2129 3251 3687 3330">
    <p class='ocr_par' dir='ltr' id='par_1_93' title="bbox 2129 3251 3687 3330">
     <span class='ocr_line' id='line_1_94' title="bbox 2129 3251 3687 3330; baseline -0.012 -10"><span class='ocrx_word' id='word_1_591' title='bbox 2129 3268 2262 3320; x_wconf 91' lang='lat' dir='ltr'><strong>rent</strong></span> <span class='ocrx_word' id='word_1_592' title='bbox 2291 3263 2426 3318; x_wconf 91' lang='lat' dir='ltr'><strong>mei.</strong></span> <span class='ocrx_word' id='word_1_593' title='bbox 2461 3283 2484 3312; x_wconf 69' lang='grc' dir='ltr'><strong>ν</strong></span> <span class='ocrx_word' id='word_1_594' title='bbox 2516 3263 2660 3316; x_wconf 91' lang='lat' dir='ltr'><strong>Tum</strong></span> <span class='ocrx_word' id='word_1_595' title='bbox 2702 3260 2824 3315; x_wconf 91' lang='lat' dir='ltr'><strong>ille:</strong></span> <span class='ocrx_word' id='word_1_596' title='bbox 2876 3260 3033 3314; x_wconf 71' lang='lat' dir='ltr'><strong>c-De</strong></span> <span class='ocrx_word' id='word_1_597' title='bbox 3065 3264 3256 3330; x_wconf 87' lang='lat' dir='ltr'><strong>patre,</strong></span> <span class='ocrx_word' id='word_1_598' title='bbox 3287 3259 3385 3327; x_wconf 89' lang='lat' dir='ltr'><strong>ait,</strong></span> <span class='ocrx_word' id='word_1_599' title='bbox 3415 3251 3629 3329; x_wconf 70' lang='lat' dir='ltr'><strong>quaeris?</strong></span> <span class='ocrx_word' id='word_1_600' title='bbox 3653 3251 3687 3304; x_wconf 89' lang='lat' dir='ltr'><strong>is</strong></span> 
     </span>
    </p>
   </div>
   <div class='ocr_carea' id='block_1_94' title="bbox 2132 3338 3686 3418">
    <p class='ocr_par' dir='ltr' id='par_1_94' title="bbox 2132 3338 3686 3418">
     <span class='ocr_line' id='line_1_95' title="bbox 2132 3338 3686 3418; baseline -0.012 -9"><span class='ocrx_word' id='word_1_601' title='bbox 2132 3353 2276 3410; x_wconf 87' lang='lat' dir='ltr'><strong>obiit</strong></span> <span class='ocrx_word' id='word_1_602' title='bbox 2307 3355 2580 3407; x_wconf 90' lang='lat' dir='ltr'><strong>mortem.</strong></span> <span class='ocrx_word' id='word_1_603' title='bbox 2609 3351 2853 3417; x_wconf 87' lang='lat' dir='ltr'><strong>Fratres,</strong></span> <span class='ocrx_word' id='word_1_604' title='bbox 2876 3348 3188 3404; x_wconf 89' lang='lat' dir='ltr'><strong>moriendo</strong></span> <span class='ocrx_word' id='word_1_605' title='bbox 3214 3346 3387 3402; x_wconf 88' lang='lat' dir='ltr'><strong>secuti</strong></span> <span class='ocrx_word' id='word_1_606' title='bbox 3410 3338 3686 3418; x_wconf 85' lang='lat' dir='ltr'><strong>patremvix</strong></span> 
     </span>
    </p>
   </div>
   <div class='ocr_carea' id='block_1_95' title="bbox 2131 3426 3688 3516">
    <p class='ocr_par' dir='ltr' id='par_1_95' title="bbox 2131 3426 3688 3516">
     <span class='ocr_line' id='line_1_96' title="bbox 2131 3426 3688 3516; baseline -0.01 -19"><span class='ocrx_word' id='word_1_607' title='bbox 2131 3441 2470 3516; x_wconf 89' lang='lat' dir='ltr'><strong>quempiam</strong></span> <span class='ocrx_word' id='word_1_608' title='bbox 2487 3456 2720 3495; x_wconf 91' lang='lat' dir='ltr'><strong>suorum</strong></span> <span class='ocrx_word' id='word_1_609' title='bbox 2733 3437 3020 3510; x_wconf 89' lang='lat' dir='ltr'><strong>reliquere</strong></span> <span class='ocrx_word' id='word_1_610' title='bbox 3035 3436 3420 3509; x_wconf 89' lang='lat' dir='ltr'><strong>superstitem.</strong></span> <span class='ocrx_word' id='word_1_611' title='bbox 3436 3426 3688 3488; x_wconf 81' lang='lat' dir='ltr'><strong>Remansit</strong></span> 
     </span>
    </p>
   </div>
   <div class='ocr_carea' id='block_1_96' title="bbox 2131 3523 3685 3598">
    <p class='ocr_par' dir='ltr' id='par_1_96' title="bbox 2131 3523 3685 3598">
     <span class='ocr_line' id='line_1_97' title="bbox 2131 3523 3685 3598; baseline -0.008 -14"><span class='ocrx_word' id='word_1_612' title='bbox 2131 3546 2269 3586; x_wconf 90' lang='lat' dir='ltr'><strong>sane</strong></span> <span class='ocrx_word' id='word_1_613' title='bbox 2304 3531 2456 3585; x_wconf 90' lang='lat' dir='ltr'><strong>solus</strong></span> <span class='ocrx_word' id='word_1_614' title='bbox 2475 3529 2928 3594; x_wconf 86' lang='lat' dir='ltr'><strong>Guntrannus,et</strong></span> <span class='ocrx_word' id='word_1_615' title='bbox 2953 3523 3302 3598; x_wconf 90' lang='lat' dir='ltr'><strong>ipse,liberis</strong></span> <span class='ocrx_word' id='word_1_616' title='bbox 3320 3523 3558 3587; x_wconf 90' lang='lat' dir='ltr'><strong>orbatus,</strong></span> <span class='ocrx_word' id='word_1_617' title='bbox 3581 3530 3685 3572; x_wconf 90' lang='lat' dir='ltr'><strong>cum</strong></span> 
     </span>
    </p>
   </div>
   <div class='ocr_carea' id='block_1_97' title="bbox 2132 3607 3686 3692">
    <p class='ocr_par' dir='ltr' id='par_1_97' title="bbox 2132 3607 3686 3692">
     <span class='ocr_line' id='line_1_98' title="bbox 2132 3607 3686 3692; baseline -0.01 -19"><span class='ocrx_word' id='word_1_618' title='bbox 2132 3618 2368 3692; x_wconf 90' lang='lat' dir='ltr'><strong>parvulo</strong></span> <span class='ocrx_word' id='word_1_619' title='bbox 2391 3619 2695 3689; x_wconf 87' lang='lat' dir='ltr'><strong>nepote,ex</strong></span> <span class='ocrx_word' id='word_1_620' title='bbox 2715 3615 3017 3686; x_wconf 90' lang='lat' dir='ltr'><strong>Sigeberto</strong></span> <span class='ocrx_word' id='word_1_621' title='bbox 3039 3614 3242 3686; x_wconf 86' lang='lat' dir='ltr'><strong>genito</strong></span> <span class='ocrx_word' id='word_1_622' title='bbox 3255 3613 3446 3669; x_wconf 87' lang='lat' dir='ltr'><strong>fratre.</strong></span> <span class='ocrx_word' id='word_1_623' title='bbox 3461 3632 3490 3663; x_wconf 64' lang='grc' dir='ltr'><strong>ι</strong></span> <span class='ocrx_word' id='word_1_624' title='bbox 3507 3607 3686 3664; x_wconf 69' lang='lat' dir='ltr'><strong>Adhaec</strong></span> 
     </span>
    </p>
   </div>
   <div class='ocr_carea' id='block_1_98' title="bbox 2133 3697 3685 3778">
    <p class='ocr_par' dir='ltr' id='par_1_98' title="bbox 2133 3697 3685 3778">
     <span class='ocr_line' id='line_1_99' title="bbox 2133 3697 3685 3778; baseline -0.009 -18"><span class='ocrx_word' id='word_1_625' title='bbox 2133 3723 2269 3778; x_wconf 90' lang='lat' dir='ltr'><strong>ego:</strong></span> <span class='ocrx_word' id='word_1_626' title='bbox 2293 3725 2327 3760; x_wconf 62' lang='grc' dir='ltr'><strong><em>ς</em></strong></span> <span class='ocrx_word' id='word_1_627' title='bbox 2359 3705 2426 3760; x_wconf 88' lang='lat' dir='ltr'><strong>Et</strong></span> <span class='ocrx_word' id='word_1_628' title='bbox 2453 3701 3400 3777; x_wconf 87' lang='lat' dir='ltr'><strong>quid,inquam,miamantissime,</strong></span> <span class='ocrx_word' id='word_1_629' title='bbox 3423 3697 3550 3754; x_wconf 89' lang='lat' dir='ltr'><strong>mihi</strong></span> <span class='ocrx_word' id='word_1_630' title='bbox 3565 3707 3685 3752; x_wconf 90' lang='lat' dir='ltr'><strong>nunc</strong></span> 
     </span>
    </p>
   </div>
   <div class='ocr_carea' id='block_1_99' title="bbox 2131 3785 3686 3866">
    <p class='ocr_par' dir='ltr' id='par_1_99' title="bbox 2131 3785 3686 3866">
     <span class='ocr_line' id='line_1_100' title="bbox 2131 3785 3686 3866; baseline -0.01 -15"><span class='ocrx_word' id='word_1_631' title='bbox 2131 3811 2328 3852; x_wconf 88' lang='lat' dir='ltr'><strong>censes</strong></span> <span class='ocrx_word' id='word_1_632' title='bbox 2359 3793 2684 3866; x_wconf 77' lang='lat' dir='ltr'><strong>agendum?</strong></span> <span class='ocrx_word' id='word_1_633' title='bbox 2715 3792 2814 3847; x_wconf 87' lang='lat' dir='ltr'><strong>Hic</strong></span> <span class='ocrx_word' id='word_1_634' title='bbox 2843 3807 2978 3848; x_wconf 85' lang='lat' dir='ltr'><strong>vero</strong></span> <span class='ocrx_word' id='word_1_635' title='bbox 3009 3791 3128 3861; x_wconf 91' lang='lat' dir='ltr'><strong>ille,</strong></span> <span class='ocrx_word' id='word_1_636' title='bbox 3162 3794 3220 3847; x_wconf 92' lang='lat' dir='ltr'><strong>et</strong></span> <span class='ocrx_word' id='word_1_637' title='bbox 3261 3806 3353 3846; x_wconf 91' lang='lat' dir='ltr'><strong>me</strong></span> <span class='ocrx_word' id='word_1_638' title='bbox 3392 3785 3686 3846; x_wconf 87' lang='lat' dir='ltr'><strong>hortabatur</strong></span> 
     </span>
    </p>
   </div>
   <div class='ocr_carea' id='block_1_100' title="bbox 2130 3875 3683 3952">
    <p class='ocr_par' dir='ltr' id='par_1_100' title="bbox 2130 3875 3683 3952">
     <span class='ocr_line' id='line_1_101' title="bbox 2130 3875 3683 3952; baseline -0.009 -11"><span class='ocrx_word' id='word_1_639' title='bbox 2130 3885 2338 3941; x_wconf 89' lang='lat' dir='ltr'><strong>Gallias</strong></span> <span class='ocrx_word' id='word_1_640' title='bbox 2365 3883 2546 3952; x_wconf 88' lang='lat' dir='ltr'><strong>adire,</strong></span> <span class='ocrx_word' id='word_1_641' title='bbox 2574 3887 2632 3938; x_wconf 91' lang='lat' dir='ltr'><strong>et</strong></span> <span class='ocrx_word' id='word_1_642' title='bbox 2659 3883 2906 3938; x_wconf 88' lang='lat' dir='ltr'><strong>Francos</strong></span> <span class='ocrx_word' id='word_1_643' title='bbox 2931 3882 3284 3950; x_wconf 81' lang='lat' dir='ltr'><strong>afﬁrmabat,</strong></span> <span class='ocrx_word' id='word_1_644' title='bbox 3317 3880 3429 3937; x_wconf 88' lang='lat' dir='ltr'><strong>mei</strong></span> <span class='ocrx_word' id='word_1_645' title='bbox 3469 3875 3683 3950; x_wconf 86' lang='lat' dir='ltr'><strong>cupidos,</strong></span> 
     </span>
    </p>
   </div>
   <div class='ocr_carea' id='block_1_101' title="bbox 2131 3959 3686 4044">
    <p class='ocr_par' dir='ltr' id='par_1_101' title="bbox 2131 3959 3686 4044">
     <span class='ocr_line' id='line_1_102' title="bbox 2131 3959 3686 4044; baseline -0.008 -15"><span class='ocrx_word' id='word_1_646' title='bbox 2131 3973 2274 4029; x_wconf 91' lang='lat' dir='ltr'><strong>mihi</strong></span> <span class='ocrx_word' id='word_1_647' title='bbox 2290 3973 2434 4028; x_wconf 89' lang='lat' dir='ltr'><strong>velle</strong></span> <span class='ocrx_word' id='word_1_648' title='bbox 2446 3987 2693 4044; x_wconf 88' lang='lat' dir='ltr'><strong>regnum</strong></span> <span class='ocrx_word' id='word_1_649' title='bbox 2707 3971 2959 4039; x_wconf 89' lang='lat' dir='ltr'><strong>tradere,</strong></span> <span class='ocrx_word' id='word_1_650' title='bbox 2974 3969 3341 4042; x_wconf 83' lang='lat' dir='ltr'><strong>maximeque</strong></span> <span class='ocrx_word' id='word_1_651' title='bbox 3360 3985 3453 4024; x_wconf 93' lang='lat' dir='ltr'><strong>eos</strong></span> <span class='ocrx_word' id='word_1_652' title='bbox 3463 3965 3549 4040; x_wconf 90' lang='lat' dir='ltr'><strong>qui</strong></span> <span class='ocrx_word' id='word_1_653' title='bbox 3569 3959 3686 4020; x_wconf 84' lang='lat' dir='ltr'><strong>Chil-</strong></span> 
     </span>
    </p>
   </div>
   <div class='ocr_carea' id='block_1_102' title="bbox 2132 4049 3686 4133">
    <p class='ocr_par' dir='ltr' id='par_1_102' title="bbox 2132 4049 3686 4133">
     <span class='ocr_line' id='line_1_103' title="bbox 2132 4049 3686 4133; baseline -0.008 -16"><span class='ocrx_word' id='word_1_654' title='bbox 2132 4061 2354 4119; x_wconf 84' lang='lat' dir='ltr'><strong>deberti</strong></span> <span class='ocrx_word' id='word_1_655' title='bbox 2383 4061 2608 4133; x_wconf 87' lang='lat' dir='ltr'><strong>nepotis</strong></span> <span class='ocrx_word' id='word_1_656' title='bbox 2636 4059 2753 4115; x_wconf 90' lang='lat' dir='ltr'><strong>mei</strong></span> <span class='ocrx_word' id='word_1_657' title='bbox 2765 4063 2996 4115; x_wconf 84' lang='lat' dir='ltr'><strong>aetatem</strong></span> <span class='ocrx_word' id='word_1_658' title='bbox 3011 4059 3084 4114; x_wconf 89' lang='lat' dir='ltr'><strong>ad</strong></span> <span class='ocrx_word' id='word_1_659' title='bbox 3097 4076 3223 4114; x_wconf 91' lang='lat' dir='ltr'><strong>rem</strong></span> <span class='ocrx_word' id='word_1_660' title='bbox 3237 4057 3527 4114; x_wconf 88' lang='lat' dir='ltr'><strong>tutandam</strong></span> <span class='ocrx_word' id='word_1_661' title='bbox 3538 4049 3686 4124; x_wconf 52' lang='lat' dir='ltr'><strong>public</strong></span> 
     </span>
    </p>
   </div>
   <div class='ocr_carea' id='block_1_103' title="bbox 2131 4141 3683 4215">
    <p class='ocr_par' dir='ltr' id='par_1_103' title="bbox 2131 4141 3683 4215">
     <span class='ocr_line' id='line_1_104' title="bbox 2131 4141 3683 4215; baseline -0.008 -15"><span class='ocrx_word' id='word_1_662' title='bbox 2131 4160 2257 4200; x_wconf 89' lang='lat' dir='ltr'><strong>cam</strong></span> <span class='ocrx_word' id='word_1_663' title='bbox 2271 4142 2699 4215; x_wconf 89' lang='lat' dir='ltr'><strong>perpenderent</strong></span> <span class='ocrx_word' id='word_1_664' title='bbox 2722 4141 2984 4196; x_wconf 89' lang='lat' dir='ltr'><strong>inutilem</strong></span> <span class='ocrx_word' id='word_1_665' title='bbox 2995 4185 3008 4199; x_wconf 93' lang='lat'><strong>.</strong></span> <span class='ocrx_word' id='word_1_666' title='bbox 3029 4141 3190 4196; x_wconf 89' lang='lat' dir='ltr'><strong>Nunc</strong></span> <span class='ocrx_word' id='word_1_667' title='bbox 3205 4141 3378 4213; x_wconf 89' lang='lat' dir='ltr'><strong>igitur</strong></span> <span class='ocrx_word' id='word_1_668' title='bbox 3393 4155 3484 4194; x_wconf 88' lang='lat' dir='ltr'><strong>vos</strong></span> <span class='ocrx_word' id='word_1_669' title='bbox 3495 4148 3683 4209; x_wconf 81' lang='lat' dir='ltr'><strong>quoque</strong></span> 
     </span>
    </p>
   </div>
   <div class='ocr_carea' id='block_1_104' title="bbox 2133 4221 3682 4302">
    <p class='ocr_par' dir='ltr' id='par_1_104' title="bbox 2133 4221 3682 4302">
     <span class='ocr_line' id='line_1_105' title="bbox 2133 4221 3682 4302; baseline -0.009 -14"><span class='ocrx_word' id='word_1_670' title='bbox 2133 4231 2434 4288; x_wconf 90' lang='lat' dir='ltr'><strong>dominum</strong></span> <span class='ocrx_word' id='word_1_671' title='bbox 2458 4233 2837 4302; x_wconf 84' lang='lat' dir='ltr'><strong>agnoscentes</strong></span> <span class='ocrx_word' id='word_1_672' title='bbox 2849 4246 2942 4285; x_wconf 89' lang='lat' dir='ltr'><strong>me</strong></span> <span class='ocrx_word' id='word_1_673' title='bbox 2961 4229 3086 4284; x_wconf 87' lang='lat' dir='ltr'><strong>fore</strong></span> <span class='ocrx_word' id='word_1_674' title='bbox 3115 4233 3388 4297; x_wconf 87' lang='lat' dir='ltr'><strong>vestrum,</strong></span> <span class='ocrx_word' id='word_1_675' title='bbox 3419 4246 3451 4283; x_wconf 91' lang='lat' dir='ltr'><strong>a</strong></span> <span class='ocrx_word' id='word_1_676' title='bbox 3468 4241 3584 4282; x_wconf 89' lang='lat' dir='ltr'><strong>mea</strong></span> <span class='ocrx_word' id='word_1_677' title='bbox 3605 4221 3682 4275; x_wconf 84' lang='lat' dir='ltr'><strong>de-</strong></span> 
     </span>
    </p>
   </div>
   <div class='ocr_carea' id='block_1_105' title="bbox 2132 4314 3682 4390">
    <p class='ocr_par' dir='ltr' id='par_1_105' title="bbox 2132 4314 3682 4390">
     <span class='ocr_line' id='line_1_106' title="bbox 2132 4314 3682 4390; baseline -0.009 -13"><span class='ocrx_word' id='word_1_678' title='bbox 2132 4320 2308 4377; x_wconf 88' lang='lat' dir='ltr'><strong>sistite</strong></span> <span class='ocrx_word' id='word_1_679' title='bbox 2326 4317 2912 4390; x_wconf 86' lang='lat' dir='ltr'><strong>obsidione,mihique</strong></span> <span class='ocrx_word' id='word_1_680' title='bbox 2925 4317 3432 4386; x_wconf 86' lang='lat' dir='ltr'><strong>favendo,fratrem</strong></span> <span class='ocrx_word' id='word_1_681' title='bbox 3446 4314 3682 4370; x_wconf 85' lang='lat' dir='ltr'><strong>Guntrau-</strong></span> 
     </span>
    </p>
   </div>
   <div class='ocr_carea' id='block_1_106' title="bbox 2133 4407 3161 4466">
    <p class='ocr_par' dir='ltr' id='par_1_106' title="bbox 2133 4407 3161 4466">
     <span class='ocr_line' id='line_1_107' title="bbox 2133 4407 3161 4466; baseline -0.004 0"><span class='ocrx_word' id='word_1_682' title='bbox 2133 4425 2275 4466; x_wconf 90' lang='lat' dir='ltr'><strong>num</strong></span> <span class='ocrx_word' id='word_1_683' title='bbox 2308 4409 2381 4464; x_wconf 88' lang='lat' dir='ltr'><strong>ad</strong></span> <span class='ocrx_word' id='word_1_684' title='bbox 2410 4407 2783 4463; x_wconf 89' lang='lat' dir='ltr'><strong>concordiam</strong></span> <span class='ocrx_word' id='word_1_685' title='bbox 2814 4423 3103 4462; x_wconf 88' lang='lat' dir='ltr'><strong>revocare.</strong></span> <span class='ocrx_word' id='word_1_686' title='bbox 3141 4430 3161 4452; x_wconf 74' lang='grc' dir='ltr'><strong>ο</strong></span> 
     </span>
    </p>
   </div>
   <div class='ocr_carea' id='block_1_107' title="bbox 2201 4484 3682 4569">
    <p class='ocr_par' dir='ltr' id='par_1_107' title="bbox 2201 4484 3682 4569">
     <span class='ocr_line' id='line_1_108' title="bbox 2201 4484 3682 4569; baseline -0.011 -14"><span class='ocrx_word' id='word_1_687' title='bbox 2201 4498 2356 4556; x_wconf 90' lang='lat' dir='ltr'><strong>Talia</strong></span> <span class='ocrx_word' id='word_1_688' title='bbox 2376 4495 2774 4551; x_wconf 88' lang='lat' dir='ltr'><strong>Gundoaldum</strong></span> <span class='ocrx_word' id='word_1_689' title='bbox 2804 4499 3253 4569; x_wconf 85' lang='lat' dir='ltr'><strong>prosequentem</strong></span> <span class='ocrx_word' id='word_1_690' title='bbox 3283 4489 3580 4550; x_wconf 90' lang='lat' dir='ltr'><strong>maledictis</strong></span> <span class='ocrx_word' id='word_1_691' title='bbox 3603 4484 3682 4541; x_wconf 79' lang='lat' dir='ltr'><strong>ad-</strong></span> 
     </span>
    </p>
   </div>
   <div class='ocr_carea' id='block_1_108' title="bbox 2129 4575 3684 4658">
    <p class='ocr_par' dir='ltr' id='par_1_108' title="bbox 2129 4575 3684 4658">
     <span class='ocr_line' id='line_1_109' title="bbox 2129 4575 3684 4658; baseline -0.009 -15"><span class='ocrx_word' id='word_1_692' title='bbox 2129 4586 2365 4642; x_wconf 87' lang='lat' dir='ltr'><strong>versarii</strong></span> <span class='ocrx_word' id='word_1_693' title='bbox 2390 4586 2778 4652; x_wconf 89' lang='lat' dir='ltr'><strong>deterrebant,</strong></span> <span class='ocrx_word' id='word_1_694' title='bbox 2795 4585 3144 4658; x_wconf 89' lang='lat' dir='ltr'><strong>insuperque</strong></span> <span class='ocrx_word' id='word_1_695' title='bbox 3170 4587 3285 4641; x_wconf 88' lang='lat' dir='ltr'><strong>tela</strong></span> <span class='ocrx_word' id='word_1_696' title='bbox 3307 4585 3366 4639; x_wconf 91' lang='lat' dir='ltr'><strong>in</strong></span> <span class='ocrx_word' id='word_1_697' title='bbox 3396 4599 3518 4638; x_wconf 90' lang='lat' dir='ltr'><strong>eum</strong></span> <span class='ocrx_word' id='word_1_698' title='bbox 3536 4575 3684 4651; x_wconf 87' lang='lat' dir='ltr'><strong>jacie-</strong></span> 
     </span>
    </p>
   </div>
   <div class='ocr_carea' id='block_1_109' title="bbox 2130 4668 3680 4746">
    <p class='ocr_par' dir='ltr' id='par_1_109' title="bbox 2130 4668 3680 4746">
     <span class='ocr_line' id='line_1_110' title="bbox 2130 4668 3680 4746; baseline -0.01 -15"><span class='ocrx_word' id='word_1_699' title='bbox 2130 4675 2291 4732; x_wconf 89' lang='lat' dir='ltr'><strong>bant.</strong></span> <span class='ocrx_word' id='word_1_700' title='bbox 2323 4673 2565 4739; x_wconf 88' lang='lat' dir='ltr'><strong>Quintus</strong></span> <span class='ocrx_word' id='word_1_701' title='bbox 2593 4673 2847 4728; x_wconf 89' lang='lat' dir='ltr'><strong>decimus</strong></span> <span class='ocrx_word' id='word_1_702' title='bbox 2865 4673 3014 4744; x_wconf 88' lang='lat' dir='ltr'><strong>jam,</strong></span> <span class='ocrx_word' id='word_1_703' title='bbox 3035 4691 3100 4728; x_wconf 90' lang='lat' dir='ltr'><strong>cx</strong></span> <span class='ocrx_word' id='word_1_704' title='bbox 3119 4690 3232 4746; x_wconf 91' lang='lat' dir='ltr'><strong>quo</strong></span> <span class='ocrx_word' id='word_1_705' title='bbox 3251 4673 3459 4730; x_wconf 90' lang='lat' dir='ltr'><strong>ibidem</strong></span> <span class='ocrx_word' id='word_1_706' title='bbox 3479 4668 3680 4724; x_wconf 84' lang='lat' dir='ltr'><strong>advene-</strong></span> 
     </span>
    </p>
   </div>
   <div class='ocr_carea' id='block_1_110' title="bbox 2129 4759 3680 4834">
    <p class='ocr_par' dir='ltr' id='par_1_110' title="bbox 2129 4759 3680 4834">
     <span class='ocr_line' id='line_1_111' title="bbox 2129 4759 3680 4834; baseline -0.008 -15"><span class='ocrx_word' id='word_1_707' title='bbox 2129 4762 2842 4832; x_wconf 84' lang='lat' dir='ltr'><strong>rant,ﬂuxeratdies,cum</strong></span> <span class='ocrx_word' id='word_1_708' title='bbox 2873 4762 3260 4834; x_wconf 90' lang='lat' dir='ltr'><strong>Leudegisilus</strong></span> <span class='ocrx_word' id='word_1_709' title='bbox 3287 4759 3550 4832; x_wconf 89' lang='lat' dir='ltr'><strong>regalium</strong></span> <span class='ocrx_word' id='word_1_710' title='bbox 3565 4766 3680 4827; x_wconf 72' lang='lat' dir='ltr'><strong>pra:-</strong></span> 
     </span>
    </p>
   </div>
   <div class='ocr_carea' id='block_1_111' title="bbox 2129 4841 3682 4924">
    <p class='ocr_par' dir='ltr' id='par_1_111' title="bbox 2129 4841 3682 4924">
     <span class='ocr_line' id='line_1_112' title="bbox 2129 4841 3682 4924; baseline 0.001 -18"><span class='ocrx_word' id='word_1_711' title='bbox 2129 4851 2349 4924; x_wconf 91' lang='lat' dir='ltr'><strong>positus</strong></span> <span class='ocrx_word' id='word_1_712' title='bbox 2379 4867 2680 4922; x_wconf 87' lang='lat' dir='ltr'><strong>equorum,</strong></span> <span class='ocrx_word' id='word_1_713' title='bbox 2701 4867 2876 4924; x_wconf 89' lang='lat' dir='ltr'><strong>quem</strong></span> <span class='ocrx_word' id='word_1_714' title='bbox 2888 4851 3056 4923; x_wconf 90' lang='lat' dir='ltr'><strong>vulgo</strong></span> <span class='ocrx_word' id='word_1_715' title='bbox 3074 4848 3485 4905; x_wconf 87' lang='lat' dir='ltr'><strong>comistabilem</strong></span> <span class='ocrx_word' id='word_1_716' title='bbox 3498 4841 3682 4906; x_wconf 63' lang='lat' dir='ltr'><strong>vocant:</strong></span> 
     </span>
    </p>
   </div>
   <div class='ocr_carea' id='block_1_112' title="bbox 2131 4930 3683 5014">
    <p class='ocr_par' dir='ltr' id='par_1_112' title="bbox 2131 4930 3683 5014">
     <span class='ocr_line' id='line_1_113' title="bbox 2131 4930 3683 5014; baseline -0.009 -19"><span class='ocrx_word' id='word_1_717' title='bbox 2131 4957 2422 5014; x_wconf 89' lang='lat' dir='ltr'><strong>quemque</strong></span> <span class='ocrx_word' id='word_1_718' title='bbox 2458 4956 2556 4994; x_wconf 86' lang='lat' dir='ltr'><strong>rex</strong></span> <span class='ocrx_word' id='word_1_719' title='bbox 2585 4939 2638 4996; x_wconf 92' lang='lat' dir='ltr'><strong>ei</strong></span> <span class='ocrx_word' id='word_1_720' title='bbox 2667 4939 3004 5010; x_wconf 65' lang='lat' dir='ltr'><strong>praefecerat</strong></span> <span class='ocrx_word' id='word_1_721' title='bbox 3040 4937 3407 5011; x_wconf 87' lang='lat' dir='ltr'><strong>expeditioni,</strong></span> <span class='ocrx_word' id='word_1_722' title='bbox 3447 4930 3683 4990; x_wconf 80' lang='lat' dir='ltr'><strong>exstructa</strong></span> 
     </span>
    </p>
   </div>
   <div class='ocr_carea' id='block_1_113' title="bbox 2131 5026 3683 5097">
    <p class='ocr_par' dir='ltr' id='par_1_113' title="bbox 2131 5026 3683 5097">
     <span class='ocr_line' id='line_1_114' title="bbox 2131 5026 3683 5097; baseline -0.007 -12"><span class='ocrx_word' id='word_1_723' title='bbox 2131 5029 2602 5085; x_wconf 86' lang='lat' dir='ltr'><strong>machinamenta</strong></span> <span class='ocrx_word' id='word_1_724' title='bbox 2630 5029 2704 5084; x_wconf 91' lang='lat' dir='ltr'><strong>ad</strong></span> <span class='ocrx_word' id='word_1_725' title='bbox 2725 5029 3084 5084; x_wconf 85' lang='lat' dir='ltr'><strong>subruendos</strong></span> <span class='ocrx_word' id='word_1_726' title='bbox 3105 5027 3308 5082; x_wconf 91' lang='lat' dir='ltr'><strong>deduci</strong></span> <span class='ocrx_word' id='word_1_727' title='bbox 3332 5026 3560 5097; x_wconf 86' lang='lat' dir='ltr'><strong>imperat</strong></span> <span class='ocrx_word' id='word_1_728' title='bbox 3585 5033 3683 5074; x_wconf 86' lang='lat' dir='ltr'><strong>mu-</strong></span> 
     </span>
    </p>
   </div>
   <div class='ocr_carea' id='block_1_114' title="bbox 2129 5101 3680 5186">
    <p class='ocr_par' dir='ltr' id='par_1_114' title="bbox 2129 5101 3680 5186">
     <span class='ocr_line' id='line_1_115' title="bbox 2129 5101 3680 5186; baseline -0.011 -13"><span class='ocrx_word' id='word_1_729' title='bbox 2129 5135 2245 5175; x_wconf 89' lang='lat' dir='ltr'><strong>ros.</strong></span> <span class='ocrx_word' id='word_1_730' title='bbox 2276 5119 2450 5172; x_wconf 89' lang='lat' dir='ltr'><strong>Erant</strong></span> <span class='ocrx_word' id='word_1_731' title='bbox 2475 5117 2624 5172; x_wconf 91' lang='lat' dir='ltr'><strong>carri</strong></span> <span class='ocrx_word' id='word_1_732' title='bbox 2654 5116 2917 5172; x_wconf 90' lang='lat' dir='ltr'><strong>vimineis</strong></span> <span class='ocrx_word' id='word_1_733' title='bbox 2961 5117 3210 5172; x_wconf 88' lang='lat' dir='ltr'><strong>cratibus</strong></span> <span class='ocrx_word' id='word_1_734' title='bbox 3249 5115 3550 5186; x_wconf 89' lang='lat' dir='ltr'><strong>tabulisque</strong></span> <span class='ocrx_word' id='word_1_735' title='bbox 3576 5101 3680 5163; x_wconf 87' lang='lat' dir='ltr'><strong>tecti</strong></span> 
     </span>
    </p>
   </div>
   <div class='ocr_carea' id='block_1_115' title="bbox 2129 5194 3680 5280">
    <p class='ocr_par' dir='ltr' id='par_1_115' title="bbox 2129 5194 3680 5280">
     <span class='ocr_line' id='line_1_116' title="bbox 2129 5194 3680 5280; baseline -0.008 -19"><span class='ocrx_word' id='word_1_736' title='bbox 2129 5205 2354 5280; x_wconf 87' lang='lat' dir='ltr'><strong>ligneis,</strong></span> <span class='ocrx_word' id='word_1_737' title='bbox 2373 5205 2430 5260; x_wconf 89' lang='lat' dir='ltr'><strong>in</strong></span> <span class='ocrx_word' id='word_1_738' title='bbox 2459 5205 2666 5278; x_wconf 86' lang='lat' dir='ltr'><strong>quibus</strong></span> <span class='ocrx_word' id='word_1_739' title='bbox 2685 5207 2928 5261; x_wconf 86' lang='lat' dir='ltr'><strong>latentes</strong></span> <span class='ocrx_word' id='word_1_740' title='bbox 2956 5205 3164 5260; x_wconf 91' lang='lat' dir='ltr'><strong>milites</strong></span> <span class='ocrx_word' id='word_1_741' title='bbox 3194 5203 3552 5260; x_wconf 83' lang='lat' dir='ltr'><strong>fundamenta</strong></span> <span class='ocrx_word' id='word_1_742' title='bbox 3575 5194 3680 5250; x_wconf 84' lang='lat' dir='ltr'><strong>sub-</strong></span> 
     </span>
    </p>
   </div>
   <div class='ocr_carea' id='block_1_116' title="bbox 2128 5283 3680 5366">
    <p class='ocr_par' dir='ltr' id='par_1_116' title="bbox 2128 5283 3680 5366">
     <span class='ocr_line' id='line_1_117' title="bbox 2128 5283 3680 5366; baseline -0.011 -13"><span class='ocrx_word' id='word_1_743' title='bbox 2128 5295 2398 5353; x_wconf 87' lang='lat' dir='ltr'><strong>foderent</strong></span> <span class='ocrx_word' id='word_1_744' title='bbox 2427 5311 2750 5351; x_wconf 89' lang='lat' dir='ltr'><strong>murorum.</strong></span> <span class='ocrx_word' id='word_1_745' title='bbox 2772 5294 2884 5350; x_wconf 89' lang='lat' dir='ltr'><strong>Sed</strong></span> <span class='ocrx_word' id='word_1_746' title='bbox 2914 5311 3118 5366; x_wconf 87' lang='lat' dir='ltr'><strong>parum</strong></span> <span class='ocrx_word' id='word_1_747' title='bbox 3149 5293 3259 5350; x_wconf 89' lang='lat' dir='ltr'><strong>hoc</strong></span> <span class='ocrx_word' id='word_1_748' title='bbox 3285 5289 3593 5366; x_wconf 84' lang='lat' dir='ltr'><strong>proﬁciente</strong></span> <span class='ocrx_word' id='word_1_749' title='bbox 3611 5283 3680 5337; x_wconf 88' lang='lat' dir='ltr'><strong>in-</strong></span> 
     </span>
    </p>
   </div>
   <div class='ocr_carea' id='block_1_117' title="bbox 2127 5377 3678 5457">
    <p class='ocr_par' dir='ltr' id='par_1_117' title="bbox 2127 5377 3678 5457">
     <span class='ocr_line' id='line_1_118' title="bbox 2127 5377 3678 5457; baseline -0.01 -16"><span class='ocrx_word' id='word_1_750' title='bbox 2127 5387 2452 5442; x_wconf 88' lang='lat' dir='ltr'><strong>strumento</strong></span> <span class='ocrx_word' id='word_1_751' title='bbox 2483 5384 2821 5457; x_wconf 63' lang='lat' dir='ltr'><strong>(praesertim</strong></span> <span class='ocrx_word' id='word_1_752' title='bbox 2856 5383 3134 5454; x_wconf 86' lang='lat' dir='ltr'><strong>hostibus,</strong></span> <span class='ocrx_word' id='word_1_753' title='bbox 3149 5383 3443 5454; x_wconf 76' lang='lat' dir='ltr'><strong>praeacutis</strong></span> <span class='ocrx_word' id='word_1_754' title='bbox 3465 5377 3678 5437; x_wconf 87' lang='lat' dir='ltr'><strong>sudibus,</strong></span> 
     </span>
    </p>
   </div>
   <div class='ocr_carea' id='block_1_118' title="bbox 2126 5463 3682 5546">
    <p class='ocr_par' dir='ltr' id='par_1_118' title="bbox 2126 5463 3682 5546">
     <span class='ocr_line' id='line_1_119' title="bbox 2126 5463 3682 5546; baseline -0.009 -16"><span class='ocrx_word' id='word_1_755' title='bbox 2126 5474 2438 5546; x_wconf 84' lang='lat' dir='ltr'><strong>validisque</strong></span> <span class='ocrx_word' id='word_1_756' title='bbox 2482 5490 2582 5529; x_wconf 92' lang='lat' dir='ltr'><strong>eos</strong></span> <span class='ocrx_word' id='word_1_757' title='bbox 2617 5473 3010 5530; x_wconf 89' lang='lat' dir='ltr'><strong>inhibentibus</strong></span> <span class='ocrx_word' id='word_1_758' title='bbox 3051 5473 3218 5546; x_wconf 87' lang='lat' dir='ltr'><strong>saxis)</strong></span> <span class='ocrx_word' id='word_1_759' title='bbox 3269 5472 3437 5528; x_wconf 90' lang='lat' dir='ltr'><strong>etiam</strong></span> <span class='ocrx_word' id='word_1_760' title='bbox 3473 5463 3682 5541; x_wconf 83' lang='lat' dir='ltr'><strong>parietes</strong></span> 
     </span>
    </p>
   </div>
   <div class='ocr_carea' id='block_1_119' title="bbox 2127 5548 3678 5636">
    <p class='ocr_par' dir='ltr' id='par_1_119' title="bbox 2127 5548 3678 5636">
     <span class='ocr_line' id='line_1_120' title="bbox 2127 5548 3678 5636; baseline -0.006 -18"><span class='ocrx_word' id='word_1_761' title='bbox 2127 5563 2470 5618; x_wconf 83' lang='lat' dir='ltr'><strong>videbantur</strong></span> <span class='ocrx_word' id='word_1_762' title='bbox 2495 5579 2614 5618; x_wconf 87' lang='lat' dir='ltr'><strong>non</strong></span> <span class='ocrx_word' id='word_1_763' title='bbox 2643 5563 2768 5618; x_wconf 91' lang='lat' dir='ltr'><strong>fore</strong></span> <span class='ocrx_word' id='word_1_764' title='bbox 2799 5562 3014 5632; x_wconf 91' lang='lat' dir='ltr'><strong>idonei,</strong></span> <span class='ocrx_word' id='word_1_765' title='bbox 3045 5579 3111 5618; x_wconf 90' lang='lat' dir='ltr'><strong>eo</strong></span> <span class='ocrx_word' id='word_1_766' title='bbox 3134 5563 3291 5636; x_wconf 91' lang='lat' dir='ltr'><strong>quod</strong></span> <span class='ocrx_word' id='word_1_767' title='bbox 3315 5560 3527 5634; x_wconf 88' lang='lat' dir='ltr'><strong>ignibus</strong></span> <span class='ocrx_word' id='word_1_768' title='bbox 3543 5548 3678 5626; x_wconf 75' lang='lat' dir='ltr'><strong>jactis</strong></span> 
     </span>
    </p>
   </div>
   <div class='ocr_carea' id='block_1_120' title="bbox 2125 5644 3677 5729">
    <p class='ocr_par' dir='ltr' id='par_1_120' title="bbox 2125 5644 3677 5729">
     <span class='ocr_line' id='line_1_121' title="bbox 2125 5644 3677 5729; baseline -0.006 -15"><span class='ocrx_word' id='word_1_769' title='bbox 2125 5649 2294 5714; x_wconf 78' lang='lat' dir='ltr'><strong>facile</strong></span> <span class='ocrx_word' id='word_1_770' title='bbox 2317 5653 2554 5726; x_wconf 88' lang='lat' dir='ltr'><strong>possent</strong></span> <span class='ocrx_word' id='word_1_771' title='bbox 2589 5649 2770 5708; x_wconf 87' lang='lat' dir='ltr'><strong>exuri.</strong></span> <span class='ocrx_word' id='word_1_772' title='bbox 2819 5651 2966 5709; x_wconf 87' lang='lat' dir='ltr'><strong>Nam</strong></span> <span class='ocrx_word' id='word_1_773' title='bbox 3005 5651 3192 5712; x_wconf 88' lang='lat' dir='ltr'><strong>obessi</strong></span> <span class='ocrx_word' id='word_1_774' title='bbox 3229 5667 3454 5729; x_wconf 86' lang='lat' dir='ltr'><strong>cuppas,</strong></span> <span class='ocrx_word' id='word_1_775' title='bbox 3481 5644 3590 5722; x_wconf 85' lang='lat' dir='ltr'><strong>pice</strong></span> <span class='ocrx_word' id='word_1_776' title='bbox 3625 5650 3677 5698; x_wconf 67' lang='grc' dir='ltr'><strong>π</strong></span> 
     </span>
    </p>
   </div>
   <div class='ocr_carea' id='block_1_121' title="bbox 2056 4458 2109 4518">
    <p class='ocr_par' dir='ltr' id='par_1_121' title="bbox 2056 4458 2109 4518">
     <span class='ocr_line' id='line_1_122' title="bbox 2056 4458 2109 4518; baseline 0 0"><span class='ocrx_word' id='word_1_777' title='bbox 2056 4458 2109 4518; x_wconf 95' lang='lat' dir='ltr'>D</span> 
     </span>
    </p>
   </div>
  </div>
