3882 6212
213 326 310 388 7ιὸ

1274 316 1598 376 HISTORIA
1623 317 1759 376 ΓΒΑ
1769 317 2079 376 NCOR‘UM.
2106 347 2179 361 -—
2202 319 2331 375 LIB.
2363 320 2459 374 lll.

3417 319 3528 379 πθ

219 446 370 502 siccis
385 446 646 518 repletas
667 441 845 512 lignis
864 438 1557 512 accensasque,jacientes
1589 440 1905 511 desuperA
1934 439 2205 504 exsolves,
2249 442 2306 492 et
2337 438 2440 493 tibi
2491 436 2732 510 pacique
2780 435 3060 492 consules.
3093 455 3121 485 η
3155 435 3282 492 Non
3331 435 3536 492 fefellit

221 540 274 590 et
301 550 479 606 opera
509 531 853 597 exurebant,
903 532 958 584 et
992 528 1254 584 inimicos
1303 545 1528 582 accessu
1559 528 1825 597 prohibe-

221 623 369 680 bant.
407 623 887 690 Consumptoque
902 618 959 672 in
974 619 1082 672 hoc
1100 615 1414 672 certamine
1429 616 1541 682 die,
1562 616 1618 671 in
1639 615 1830 671 crasti-

222 727 351 767 num
384 709 484 782 qui
519 707 874 763 obsederant
913 705 1066 760 aliud
1094 704 1341 759 nocendi
1372 721 1554 774 genus
1601 703 1825 774 excogi-

223 803 357 853 tant.
389 797 675 868 Denique,
710 813 775 850 ex
807 794 978 864 virgis
1011 793 1302 863 ramisque
1338 793 1613 846 arborum
1645 808 1826 846 unum

219 887 492 942 facientes
524 884 689 938 mira:
717 881 1137 953 magnitudinis
1161 882 1398 947 fascem,
1422 881 1733 952 cupiebant
1759 897 1825 933 eo

217 976 453 1046 implere
490 974 722 1026 vallem.
752 972 964 1024 Verum
1010 970 1307 1024 conatibus
1360 986 1584 1036 eorum,
1613 971 1669 1022 et
1694 985 1824 1039 pro-

214 1063 462 1116 funditas
496 1061 675 1127 vallis,
706 1062 764 1112 et
792 1057 961 1129 ignis,
999 1059 1071 1113 ab
1104 1057 1444 1133 adversariis
1476 1058 1546 1112 de
1569 1056 1824 1126 superio-

213 1151 362 1206 ribus
394 1166 529 1204 cum
574 1147 862 1219 lapidibus
891 1146 1118 1212 missus,
1152 1146 1379 1200 restitit.
1442 1143 1822 1215 Leudegisilo,

213 1236 632 1308 contemplanti
661 1251 865 1290 omnes
888 1237 1043 1289 actus
1059 1250 1190 1289 suos
1208 1233 1399 1288 irritos
1430 1232 1641 1300 ﬁeri,in
1666 1248 1830 1286 men-

213 1329 324 1380 tem
348 1324 510 1379 venit
557 1323 940 1396 opportunius
959 1323 1084 1377 fore
1113 1323 1334 1377 clausos
1363 1322 1433 1375 de
1485 1320 1830 1393 proditionis

209 1417 437 1468 tentare
469 1412 783 1466 sententia.
822 1413 1180 1467 Advocatum
1215 1411 1407 1482 itaque
1450 1410 1828 1465 Mummolum

208 1502 279 1557 ad
298 1502 409 1556 sibi
441 1501 902 1572 colloquendum
937 1500 1198 1555 incusare
1234 1499 1425 1570 coepit,
1453 1516 1553 1554 cur
1583 1501 1831 1553 clemen-

206 1590 500 1645 tissimum
516 1605 717 1660 regem
731 1589 1138 1644 Guntrannum
1160 1587 1498 1655 deseruerit,
1521 1591 1580 1642 et
1599 1587 1832 1658 iniquis-

205 1678 354 1733 simo
384 1682 638 1749 tyranno
669 1694 726 1732 se
750 1677 1030 1748 junxcrit.
1060 1697 1091 1728 «
1126 1675 1276 1741 Quid
1296 1692 1470 1747 porro
1517 1678 1828 1748 exspectas,

202 1768 284 1822 ait
312 1769 342 1820 ?
373 1783 449 1821 an
480 1769 543 1820 ut
568 1770 740 1839 capta
773 1768 913 1822 urbe
946 1767 1099 1820 male
1114 1765 1448 1837 dispereas?
1479 1765 1627 1830 Quin
1643 1766 1831 1837 potius

202 1855 555 1924 resipiscens
573 1855 644 1908 ad
663 1855 984 1926 benignum
999 1858 1286 1909 revertere
1301 1853 1830 1921 dominum,relicto

201 1943 302 1998 illo
346 1943 765 2014 nugacissimo,
812 1945 940 2012 post
970 1943 1267 2014 paululum
1298 1943 1612 2014 puniendo.
1637 1943 1832 1996 n'l‘unc

199 2032 560 2086 Mummolus
589 2045 648 2084 se
679 2028 914 2100 quidem
938 2031 1345 2085 consulturum
1377 2029 1696 2101 respondit.
1730 2031 1834 2084 Re-

198 2136 440 2191 gressus
471 2134 607 2172 vero
639 2117 698 2172 in
731 2118 934 2172 urbem
958 2122 1236 2174 convocat
1262 2118 1637 2189 Sagittarium
1659 2121 1831 2190 atque

200 2206 604 2261 Waddonem.
631 2205 919 2260 Bladastes
953 2207 1108 2261 enim
1145 2207 1355 2261 timens
1385 2209 1617 2278 capt-um
1645 2206 1713 2260 iri
1744 2223 1834 2260 ur-

196 2295 367 2362 bem,
400 2294 619 2365 injecto
647 2294 845 2349 domui
877 2294 1125 2350 ecclesiae
1148 2294 1306 2367 igne,
1340 2296 1478 2350 dum
1510 2294 1730 2350 caateris
1761 2295 1833 2349 ad

200 2382 706 2453 restinguendum
746 2387 1128 2454 prOperarent
1158 2383 1512 2449 incendium,
1542 2384 1658 2454 ipse
1685 2385 1832 2437 clam

199 2470 462 2542 aufugit.
508 2471 826 2524 Junxerant
859 2474 1051 2525 autem
1076 2471 1312 2525 factioni
1344 2489 1458 2526 sua:
1519 2471 1832 2525 Cariulfum

198 2558 476 2627 ejusdem
499 2557 656 2611 urbis
679 2557 1048 2628 civem,cujus
1062 2559 1511 2630 apothecisque:
1533 2560 1834 2630 permultm

203 2650 409 2713 erant,
445 2645 556 2716 ipsi
585 2645 905 2700 alebantur.
955 2647 1114 2701 Hunc
1139 2663 1278 2718 ergo
1308 2647 1671 2703 Mummolius
1702 2664 1832 2701 cum

202 2733 514 2804 praedictis
555 2733 716 2787 adiit.
752 2734 1014 2788 Ostendit
1065 2734 1276 2789 deinde
1308 2752 1484 2807 quam
1507 2734 1704 2807 iniquo
1744 2752 1834 2791 res

195 2839 320 2876 suae
347 2822 469 2876 sint
500 2821 823 2876 constituta:
853 2823 999 2888 loco,
1019 2839 1312 2894 quamque
1340 2824 1526 2878 odiosi
1555 2823 1662 2895 ipsi
1695 2840 1832 2879 cun-

204 2910 318 2964 ctis
353 2909 546 2964 effecti
579 2908 693 2963 sint
737 2910 1028 2979 gentibus,
1059 2911 1196 2964 dum
1231 2911 1432 2966 incerti
1462 2912 1693 2983 generis
1714 2913 1836 2982 regi

1933 527 2162 582 animus
2185 527 2586 582 Gundoaldum
2611 543 2670 580 se
2697 543 2730 580 a
2753 525 3065 580 Mummolo
3088 524 3157 580 iri
3188 525 3492 596 deceptum
3517 543 3531 593 ;

1932 615 2099 685 eique
2126 616 2236 669 hoc
2285 615 2535 670 reddidit
2565 631 2906 685 responsum
2940 631 2953 668 :
2992 637 3018 664 «
3051 615 3192 685 Ego,
3243 613 3532 686 inquiens,

1927 703 2059 758 licet
2091 704 2295 758 invitus
2324 705 2427 758 has
2450 705 2576 774 jam"
2625 703 2978 758 deseruerim
3022 705 3213 775 partes
3264 702 3537 774 vobisque

1930 791 2338 862 impulsoribus
2355 792 2646 863 EurOpam
2669 791 2934 858 adierim,
2951 793 3102 846 bona
3127 795 3324 846 tamen
3343 793 3540 846 volun-

1927 883 2045 934 tate
2068 883 2240 952 atquc
2273 880 2500 951 integra
2530 881 2642 935 fide
2669 896 2901 952 semper
2929 883 3144 935 vestras
3173 879 3287 934 fovi
3322 883 3536 950 partes,

1930 985 2036 1023 nec
2066 985 2224 1023 meas
2276 969 2548 1024 utilitates
2603 969 2799 1024 vestris
2827 969 3052 1039 prmtuli
3101 969 3444 1023 commodis.
3473 969 3540 1022 Et

1929 1056 2190 1128 quamvis
2216 1057 2358 1128 ejus,
2386 1057 2483 1128 qui
2517 1074 2609 1111 me
2641 1057 2750 1111 huc
2783 1057 3015 1128 pellexit
3050 1056 3264 1124 venire,
3298 1057 3540 1128 perfidia

1928 1145 1988 1199 in
2029 1147 2332 1217 propatulo
2359 1145 2648 1211 claruerit,
2685 1145 2825 1200 dum
2849 1150 2906 1200 et
2936 1162 3030 1200 me
3045 1145 3219 1216 fugax
3234 1145 3469 1217 reliquit
3484 1148 3542 1200 et

1927 1234 2328 1288 thesaurorum
2352 1238 2579 1305 partem
2612 1234 2760 1289 furto
2778 1233 3028 1299 abstulit,
3039 1233 3415 1288 nihilominus
3432 1250 3540 1306 ego

1929 1339 2047 1389 vos,
2081 1323 2239 1394 quasi
2275 1339 2418 1377 mea:
2470 1327 2734 1378 auctores
2781 1323 3000 1390 salutis,
3064 1324 3342 1394 perpetuo
3391 1322 3543 1377 colui

1931 1427 1994 1465 ac
2017 1411 2073 1464 in
2103 1412 2349 1466 fratrum
2381 1412 2507 1467 loco
2541 1412 2896 1468 dilexi.Nunc
2919 1411 3114 1483 igitur,
3145 1410 3190 1465 si
3216 1411 3541 1484 secusquod

1933 1503 2186 1569 oportet,
2221 1499 2336 1554 imo
2361 1500 2515 1571 quod
2572 1500 2757 1568 decet,
2793 1501 3095 1555 adversum
3152 1517 3246 1555 me
3287 1500 3540 1572 egeritis,

1933 1588 2252 1657 praasertim
2284 1603 2414 1642 cum
2438 1605 2545 1660 ego
2577 1605 2786 1660 corpus
2807 1589 3180 1661 animamque
3223 1605 3442 1660 meam,
3469 1589 3546 1643 si-

1936 1676 2055 1728 mul
2078 1692 2206 1729 cum
2231 1675 2470 1731 consilio
2493 1693 2556 1730 ac
2581 1677 2870 1748 opibus,in
2901 1677 3099 1732 vestris
3147 1677 3544 1732 constituerim

1935 1762 2224 1829 manibus,
2252 1765 2536 1818 scrutator
2565 1764 2828 1818 cordium
2853 1764 2993 1818 illud
3021 1765 3283 1819 advertat
3313 1767 3481 1820 Deus.
3517 1787 3544 1813 ››

1937 1850 2030 1904 His
2051 1850 2234 1918 dictis,
2258 1868 2552 1906 assensum
2582 1852 2829 1922 praebuit
2858 1855 2920 1906 ut
2970 1869 3103 1906 eum
3128 1853 3207 1906 eis
3234 1853 3308 1907 ad
3353 1853 3548 1907 hostes

1935 1939 2328 1994 descenderet.
2356 1940 2669 1994 Mummolo
2701 1955 2834 1994 vero
2866 1944 3166 2006 monente,
3191 1956 3264 1993 ne
3295 1940 3544 2010 superbo

1935 2030 2104 2082 utens
2125 2027 2198 2082 ad
2221 2045 2320 2082 eos
2351 2027 2460 2081 iret
2482 2027 2718 2095 habitu;
2753 2028 2889 2099 quin
2918 2028 3106 2098 potius
3129 2028 3448 2082 reformato
3471 2028 3544 2094 ei,

1937 2133 2111 2188 quem
2135 2117 2206 2170 ab
2239 2116 2360 2186 ipso
2416 2119 2737 2188 acceperat,
2791 2117 2982 2171 balteo
3015 2133 3156 2170 auro
3204 2116 3544 2184 fabrefacto,

1937 2203 2171 2276 proprio
2200 2205 2616 2276 accingeretur,
2642 2204 2738 2276 qui
2760 2204 2970 2276 fulgori
2993 2205 3548 2259 memoraticarebat

1937 2292 2176 2350 metalli.
2209 2294 2270 2346 In
2305 2293 2432 2359 hoc,
2469 2292 2677 2364 inquit,
2705 2293 2942 2364 tuajam
2968 2292 3550 2364 patetfraudulentia,

1941 2381 2081 2435 dum
2103 2397 2172 2434 ea
2202 2397 2329 2451 quae
2349 2398 2414 2434 ex
2448 2384 2545 2435 tuo
2576 2397 2754 2452 usque
2780 2381 2853 2435 ad
2885 2380 3036 2434 istud
3062 2381 3289 2451 possedi
3321 2383 3550 2451 tempus

1939 2469 2169 2540 repetis.
2201 2469 2551 2539 llloquoque
2594 2471 2847 2539 negante
2893 2469 3008 2522 ulla
3057 2485 3114 2521 se
3168 2471 3370 2522 contra
3417 2486 3552 2523 eum

1939 2573 2209 2610 ursurum
2259 2556 2486 2624 fraude,
2536 2561 2774 2611 ventum
2813 2560 2898 2611 est
2928 2557 3001 2611 ad
3030 2560 3283 2628 portam,
3318 2557 3411 2612 ubi
3455 2575 3554 2612 eos

1939 2644 2234 2700 fortissimi
2261 2646 2711 2717 opperiebantur
2729 2645 3186 2701 adversariorum
3207 2646 3548 2713 duces,Boso

1942 2733 2209 2793 videlicet
2237 2751 2370 2788 cum
2403 2735 2643 2790 Boltone
2675 2735 2996 2807 Biturigum
3029 2735 3264 2802 comite,
3292 2752 3410 2790 non
3443 2735 3551 2790 mi-

1943 2821 2107 2876 nima
2136 2822 2448 2878 satellitum
2482 2822 2675 2877 vallati
2701 2826 2953 2878 caterva.

2017 2910 2233 2973 Quibus
2268 2911 2671 2966 Gundoaldum
2729 2911 3162 2984 excipientibus,
3213 2912 3557 2967 Mummolus

209 2998 434 3053 favent.
471 2999 558 3052 Ad
593 2999 913 3052 extremum
934 2999 1201 3054 hortatur
1220 2999 1429 3054 cedant
1458 3001 1628 3054 rebus
1645 2999 1840 3055 adver-
1866 3029 1915 3091 ο
1949 2998 2006 3053 in
2031 2999 2234 3052 urbem
2265 3015 2579 3070 regressus,
2617 3002 2812 3072 portas
2859 2999 3192 3054 firmissime
3237 3000 3544 3055 obseravit.

212 3103 346 3140 sum
363 3103 424 3141 se
443 3085 758 3140 ﬂuentibus
777 3090 901 3153 et,51
922 3086 1402 3142 sibisacramento
1419 3088 1694 3143 securitas
1710 3089 1839 3143 vita:
1874 3085 1915 3091 ⁷
1948 3087 2212 3142 Cernens
2233 3087 2605 3142 Gundoaldus
2660 3104 2718 3142 se
2746 3104 2780 3141 a
2826 3087 2942 3142 suis
2991 3089 3354 3155 derelictum,
3402 3091 3460 3142 et
3485 3088 3558 3142 ab

218 3189 288 3228 ac
318 3173 519 3229 salutis
548 3174 736 3240 detur,
770 3173 1058 3228 civitatem
1081 3175 1446 3248 jamjamque
1491 3176 1838 3247 capiendam

214 3278 351 3317 cum
413 3262 779 3333 pseudorege
810 3262 1066 3318 hostibus
1117 3263 1350 3319 dedant.
1382 3263 1840 3319 Assentientibus

222 3350 407 3418 sociis,
438 3353 798 3405 memoratus
816 3350 926 3404 dux
947 3351 1366 3423 Leudegisilum
1385 3353 1627 3408 mandat
1643 3353 1838 3407 venire

216 3437 292 3492 ad
321 3437 702 3509 colloquium,
732 3440 791 3491 et
819 3455 946 3509 quae
975 3439 1082 3494 sibi
1105 3456 1237 3495 cum
1265 3440 1554 3495 sodalibus
1579 3442 1836 3512 compla-

218 3527 448 3580 cuerint
477 3525 737 3597 exponit.
773 3527 994 3582 Laudat
1023 3527 1116 3582 ille
1149 3529 1519 3596 sententiam,
1543 3529 1836 3600 jusjuran-

220 3612 479 3688 dumque
501 3615 724 3686 praebet
756 3631 814 3669 se
844 3616 995 3687 apud
1017 3632 1217 3688 regem
1251 3635 1415 3672 suum
1440 3633 1643 3672 eorum
1662 3617 1838 3674 vitam

220 3702 294 3758 iri
315 3704 720 3775 impetratum.
753 3703 917 3768 Quod
945 3704 990 3759 si
1021 3705 1299 3778 principis
1346 3707 1608 3761 voluntas
1650 3705 1706 3760 in
1739 3723 1842 3762 sua

225 3792 524 3848 duraverit
578 3791 920 3864 pertinacia,
970 3793 1027 3848 in
1060 3795 1315 3866 qualibet
1343 3794 1472 3850 illos
1497 3811 1555 3848 se
1596 3795 1843 3866 spondet

224 3881 518 3938 clausuros
549 3881 810 3950 ecclesia,
852 3882 1034 3938 donec
1059 3883 1381 3939 Guntranni
1426 3884 1844 3940 defervesceret

223 3969 329 4027 ira.

295 4061 411 4116 Hac
439 4060 790 4116 Mummolus
827 4059 1089 4114 seductus
1136 4059 1402 4126 versutia,
1436 4060 1838 4117 Gundoaldum

226 4149 324 4202 tali
354 4149 686 4205 identidem
743 4147 1116 4204 circumvenit
1169 4147 1490 4220 muscipula
1524 4165 1536 4202 :
1571 4168 1601 4201 ‹‹
1628 4152 1838 4217 Prono,

227 4235 433 4308 inpuit,
470 4238 672 4293 animo
723 4238 1042 4310 devotaque
1077 4239 1275 4291 mente
1327 4253 1421 4290 me
1453 4237 1554 4292 tibi
1609 4238 1842 4294 ﬁdelem

228 4325 370 4394 fore,
398 4344 518 4383 non
547 4327 735 4382 solum
766 4329 968 4381 contra
993 4326 1184 4383 hostes
1202 4339 1353 4398 pugn
1373 4325 1651 4395 ando,sed
1669 4327 1842 4381 etiam

229 4414 345 4488 ipse
370 4418 628 4491 probasti
652 4415 1021 4489 eXperiendo,
1059 4416 1203 4470 Nam
1253 4432 1429 4486 quam
1501 4433 1652 4488 saepe
1701 4416 1847 4470 meis

231 4517 356 4557 usus
410 4501 685 4569 consiliis,
760 4519 991 4574 semper
1007 4501 1119 4556 frui
1158 4515 1183 4548 ιι
1212 4521 1236 4555 s
1277 4521 1350 4558 sis
1370 4505 1681 4577 prosperis,
1727 4508 1848 4560 tute

230 4595 433 4648 melius
453 4594 585 4652 scis.
613 4589 774 4648 Nunc
792 4593 1281 4664 quoqueorpmihi
1333 4597 1598 4648 memnet
1650 4610 1850 4650 consu-

228 4681 381 4738 lendi
410 4683 673 4749 affectus,
701 4681 851 4736 sicut
870 4683 932 4735 tu
953 4681 1102 4738 bene
1144 4699 1204 4736 es
1232 4681 1492 4737 meritus.
1529 4681 1660 4738 Ideo
1681 4683 1844 4740 deni-

229 4787 337 4845 que
366 4789 504 4829 cum
524 4771 862 4828 adversariis
889 4787 946 4826 se
964 4787 1252 4826 sermeom
1273 4771 1475 4826 habuit
1528 4774 1590 4825 ut
1643 4789 1845 4828 eorum

230 4877 364 4934 erga
421 4878 529 4917 nos
580 4859 1062 4932 persentiscercm
1094 4859 1220 4931 quis
1262 4859 1333 4914 sit
1361 4860 1572 4915 nimus.
1608 4861 1735 4930 Qui,
1783 4863 1842 4917 in

229 4955 509 5022 quantum
537 4949 901 5022 perpendere
925 4948 1097 5020 quivi,
1118 4952 1229 5003 tua:
1252 4965 1620 5021 nequaquam
1650 4951 1846 5005 adver-

227 5045 425 5096 santur
484 5040 737 5095 utilitati.
768 5040 890 5092 Imo
923 5037 1121 5092 mirari
1151 5053 1210 5092 se
1256 5037 1416 5092 aiunt
1437 5041 1492 5091 te
1540 5042 1842 5112 tantopere

229 5130 598 5202 praesentiam
629 5128 824 5182 fratris
848 5125 1050 5192 vitare,
1087 5128 1503 5196 autumareque
1531 5126 1684 5198 quod
1742 5144 1842 5198 ge-

231 5218 548 5290 neaologiaa
576 5217 818 5288 ignarus
842 5219 954 5270 tuae
985 5231 1115 5268 cum
1143 5213 1330 5268 sciolis
1364 5213 1627 5286 diffugias
1659 5215 1844 5286 dispu-

232 5310 387 5375 tare;
421 5323 530 5361 nec
558 5305 727 5361 fratri
761 5308 874 5359 tua-ie
897 5303 1111 5375 cupido
1141 5302 1370 5358 visionis
1406 5303 1840 5375 agnoscendum

235 5399 285 5452 te
306 5395 749 5471 praesentare.Si
780 5411 918 5466 ergo
941 5410 979 5447 n
995 5409 1106 5448 unc
1147 5392 1248 5447 tibi
1269 5409 1364 5447 me
1389 5394 1707 5448 auscultarc
1741 5396 1837 5465 pla

235 5467 409 5543 cuerit
457 5489 634 5558 atque
691 5483 768 5538 ad
792 5481 944 5554 regis
973 5482 1291 5537 Guntranni
1328 5483 1699 5554 praesentiam
1721 5500 1836 5538 una
1867 5467 1878 5488 ³

236 5590 360 5635 cum
381 5577 474 5636 his
505 5589 861 5645 mecumque
877 5575 1273 5644 properare,et
1298 5573 1354 5629 te
1378 5573 1486 5630 hac
1514 5571 1836 5647 suspicione

514 5677 764 5736 PATROL.
795 5669 1050 5731 CXXXIX.

1871 4281 1920 4340 Ι)

1943 3176 2204 3231 hostibus
2217 3175 3081 3248 circumdatum,introitumque
3105 3177 3260 3231 urbis
3277 3176 3380 3231 sibi
3399 3193 3556 3248 prte-

1944 3265 2186 3330 clusum,
2216 3280 2422 3317 manus
2446 3266 2673 3318 elevans
2705 3264 2777 3317 ad
2807 3265 3038 3332 coelum,
3081 3282 3212 3319 cum
3239 3265 3428 3320 cordis
3457 3281 3553 3336 ge-

1942 3352 2091 3407 mitu
2122 3351 2201 3406 sic
2229 3352 2430 3406 orabat
2471 3353 2544 3406 ad
2574 3353 2915 3406 Dominum:
2942 3375 2968 3402 ‹‹
2989 3354 3170 3407 Judex
3218 3355 3433 3408 aeterne
3487 3367 3555 3407 ac

1942 3441 2094 3494 ultor
2118 3439 2537 3506 innocentium,
2570 3440 2833 3506 Deus,cui
2860 3456 3032 3494 omne
3059 3443 3217 3511 patet
3245 3443 3553 3509 secretum,

1946 3529 2045 3602 qui
2079 3527 2291 3583 nullius
2312 3527 2676 3598 amplecteris
2717 3527 2939 3594 dolum,
2965 3527 3302 3582 net-laeteris
3343 3529 3557 3582 fraudi-

1945 3618 2048 3672 bus
2080 3616 2676 3688 malignantium,esto
2696 3617 2856 3670 velox
2874 3614 3078 3670 vindex
3101 3631 3366 3671 mearum
3392 3616 3559 3672 mise-

1946 3706 2535 3776 riarum,retorquens
2551 3703 2610 3758 in
2628 3719 2726 3757 eos
2753 3702 2848 3774 qui
2872 3719 2965 3757 me
2978 3703 3343 3758 tradiderunt
3362 3703 3554 3760 mimi-

1948 3794 2026 3848 cis
2055 3792 2990 3866 deceptionisipsorumlaqueum.
3017 3813 3045 3840 »
3080 3792 3347 3847 Posthaec
3360 3792 3556 3862 verba,

1948 3883 2294 3954 consignans
2331 3898 2390 3936 se
2423 3897 2588 3935 cruce
2610 3880 3070 3948 Dominica,cum
3084 3880 3174 3935 his
3189 3880 3356 3953 quise
3387 3897 3556 3954 cepe-

1949 3975 2080 4027 rant
2101 3971 2259 4027 abire
2310 3970 2480 4043 coepit
2511 3971 2579 4025 ad
2615 3987 2821 4026 eorum
2854 3973 3058 4025 castra.
3117 3969 3386 4025 Nondum
3440 3972 3556 4026 col-

1946 4062 2084 4129 lem,
2119 4060 2209 4116 cui
2242 4059 2436 4115 civitas
2467 4059 3149 4133 imminet,przeterierat,
3179 4063 3239 4114 et
3279 4059 3559 4132 impulsus

1947 4167 1981 4206 a
2008 4150 2245 4204 Bollone
2262 4149 2376 4203 ruit
2401 4148 2460 4202 in
2479 4148 2684 4203 faciem
2704 4147 3113 4220 ferebaturque
3129 4148 3187 4202 in
3202 4149 3558 4220 profundum

1945 4238 2125 4294 vallis.
2157 4237 2414 4309 Cumque
2433 4237 2766 4292 surrexisset
2778 4239 2836 4292 et
2863 4240 3066 4292 contra
3081 4237 3382 4292 adversum
3396 4255 3561 4294 mon-

1948 4331 2068 4382 tem
2095 4327 2398 4394 niteretur,
2427 4344 2461 4382 a
2495 4328 2716 4382 Bosone
2744 4326 2935 4399 lapide
2964 4343 3264 4398 percussus
3293 4326 3351 4381 in
3370 4328 3558 4400 capite

1953 4416 2204 4472 concidit
2232 4415 2611 4487 spiritumque
2661 4415 2966 4472 exhalavit.
2999 4417 3137 4472 Inde
3175 4415 3314 4472 fune
3367 4415 3558 4488 ligatis

1953 4505 2196 4578 pedibus
2215 4507 2560 4577 protractus,
2591 4505 2887 4577 loricaque
2904 4523 3020 4578 qua
3038 4505 3415 4562 amicicbatur
3429 4522 3560 4562 exu-

1951 4597 2060 4661 tus,
2097 4610 2162 4648 ac
2193 4593 2404 4648 lanceis
2429 4595 2707 4662 conﬁxus,
2741 4610 2846 4666 per
2884 4596 3070 4650 totum
3113 4594 3559 4650 circumducitur

1951 4683 2286 4738 exercitum.
2319 4682 2684 4752 Mummolus,
2745 4700 2884 4738 sane
2931 4684 3229 4739 thesauros
3281 4683 3558 4755 diripiens

1903 4837 1905 4839 ι
1950 4772 2266 4839 universos,
2296 4772 2354 4826 in
2408 4771 2641 4827 diversis
2691 4771 2940 4826 occuluit
2965 4771 3122 4838 locis,
3170 4772 3418 4844 dataque
3467 4789 3556 4829 se-

1947 4861 2176 4932 quentis
2224 4862 2350 4916 luce
2400 4859 2534 4926 diei,
2568 4858 2829 4914 hostibus
2879 4859 3075 4928 portas
3104 4860 3328 4929 aperuit
3377 4860 3554 4917 urbis.

1947 4949 2053 5014 Qui
2076 4950 2134 5004 in
2154 4953 2377 5004 tantam
2395 4949 2566 5003 caedis
2592 4963 2852 5001 exarsere
2874 4945 3161 5000 insaniam
3181 4949 3244 5000 ut
3265 4946 3442 5002 etiam
3464 4967 3556 5004 sa-

1945 5040 2206 5095 cerdotes
2219 5037 2452 5093 Domini
2468 5037 2541 5091 ad
2565 5035 2687 5106 ipsa
2696 5031 3552 5112 jugularentaltaria,reliquog-

1947 5145 2058 5201 que
2072 5127 2277 5183 civium
2293 5143 2422 5182 cum
2447 5125 2569 5198 ipsa
2582 5122 3552 5187 concremarenturchuorumdux

1950 5216 2316 5287 Leudegislus
2347 5216 2494 5270 clam
2526 5213 2599 5268 ad
2629 5211 2950 5285 principem
2976 5212 3376 5267 Guntrannum
3400 5230 3550 5268 nun-

1946 5305 2054 5360 tios
2094 5305 2346 5373 miserat,
2370 5321 2541 5374 super
2562 5301 2871 5357 traditores
2899 5299 3138 5357 civitatis
3157 5302 3278 5375 ejus
3308 5302 3549 5376 exquisi-

1941 5398 2100 5450 turos
2121 5393 2323 5464 judicii
2354 5392 2726 5448 sententiam.
2770 5392 2868 5447 llle
2884 5393 3117 5446 cunctos
3140 5392 3333 5463 gladio
3351 5393 3544 5467 puniri

1939 5480 2233 5555 praecepit,
2269 5502 2296 5532 «
2320 5483 2382 5536 ut
2403 5480 2499 5552 huj
2510 5481 2734 5537 usmodi
2761 5497 2927 5538 ausus
2949 5479 3020 5535 de
3049 5496 3230 5554 regno
3245 5483 3544 5543 tolleretur

1930 5572 2314 5646 Francorum,
2363 5587 2438 5630 ne
2461 5569 2587 5647 quis
2612 5569 2826 5629 scilicet
2853 5569 3112 5647 tyrannis
3135 5571 3196 5631 in
3247 5573 3540 5654 reliquum

3067 5669 3148 5749 ἓξ
