3882 6212
169 381 254 436 749
1180 374 1503 432 HISTORIA
1528 368 1982 430 FRANCORUM.
2015 402 2085 416 -—
2113 371 2242 429 LIB.
2275 372 2374 427 III.
3343 377 3448 432 750

170 500 343 554 mitrus
371 497 590 569 fragore
623 496 933 552 scintillans
963 496 1021 551 in
1054 501 1269 552 terram
1328 496 1556 552 decidit.
1604 498 1729 568 Ipso
1752 502 1806 560 Α
1829 495 1972 550 mini
1999 495 2176 550 nostri
2202 497 2330 549 Jesu
2363 490 2591 561 Christi,
2625 508 2751 564 qua:
2774 491 2825 546 ei
2867 492 2923 547 in
2974 493 3240 565 passione
3313 497 3448 552 sub-

169 605 360 659 quoque
381 604 527 642 anno
542 586 792 658 Siagrius
807 603 1022 649 comes,
1040 603 1106 641 ex
1126 589 1415 658 praecepto
1442 588 1730 640 Guntran-
1830 585 1945 637 lata
1965 587 2050 638 est
2080 587 2137 638 et
2168 583 2266 638 uni
2310 581 2560 636 militum
2592 584 2744 635 sorte
2803 581 3037 647 tradita,
3088 583 3253 653 juxta
3309 584 3453 641 illud

168 677 231 729 ni.
257 675 787 748 Constantinopolim
817 675 888 728 ad
915 675 1384 745 componendam
1408 673 1731 744 cumimpe-
1834 673 2133 741 Prophetas
2164 670 2473 724 vaticinum
2508 687 2519 724 :
2558 668 2697 734 Quia
2728 687 2881 738 super
2918 675 3110 727 vestem
3140 690 3316 726 meam
3348 675 3453 727 mi-

169 768 325 818 ratore
350 781 542 834 pacem
576 763 879 836 profectus,
909 763 1052 817 inibi
1110 764 1311 819 fraude
1368 763 1729 834 patriciatum
1827 767 2008 812 serunt
2031 767 2226 816 sortem
2251 758 2424 829 (Psal.
2455 758 2587 828 xxi),-
2631 757 2925 812 inventam
2956 776 3077 812 esse
3138 762 3452 832 profitente

167 869 417 906 assumere
445 854 638 906 voluit.
690 851 825 915 Qua:
861 868 953 905 res
985 854 1169 922 empta
1199 851 1436 923 quidem
1469 854 1572 918 est,
1632 851 1729 904 sed
1830 848 2083 918 quodam
2115 847 2372 908 Simone,
2398 847 2610 900 Iacobo
2646 850 2809 916 patre
2851 847 3190 918 progenito.
3216 848 3321 914 Qui
3349 867 3456 922 per

167 941 224 994 ad
262 940 506 995 effectum
563 941 803 995 minime
862 941 1129 1007 deducta,
1164 941 1522 1011 Lewigildus,
1557 941 1732 994 etiam
1833 935 1974 989 duas
2005 935 2126 990 fere
2148 935 2547 989 hebdomadas
2576 934 2760 1004 poenis
2776 935 3030 1002 atl‘ectus,
3050 937 3285 992 tandem
3316 954 3455 1009 pro-

168 1028 410 1100 Ηίερτιηίω
439 1046 536 1084 rex
567 1030 841 1096 moriens,
902 1029 1222 1083 Richaredo
1256 1028 1436 1084 ﬁlium
1487 1045 1732 1100 regnum
1832 1023 2010 1077 fessus
2041 1025 2126 1077 est
2154 1023 2339 1094 ipsam
2372 1023 2630 1078 tunicam
2662 1022 2719 1078 in
2751 1023 2976 1078 civitate
2995 1025 3232 1097 Zaphat,
3256 1030 3457 1098 procul

165 1117 381 1188 reliquit,
1834 1127 1868 1164 a
1914 1112 2341 1183 Hierosolymis,
2369 1111 2428 1166 in
2472 1129 2605 1166 arca
2659 1127 2990 1166 marmorea
3020 1113 3268 1185 positam
3310 1132 3454 1172 esse.

726 1205 948 1260 CAPUT
981 1205 1196 1260 LXXVI.
1835 1199 2020 1263 Quam
2059 1199 2366 1271 Gregorius
2409 1201 2818 1266 Antiochenus,
2863 1203 2920 1254 et
2961 1201 3209 1256 Thomas
3257 1202 3456 1259 Hiero-

163 1291 226 1345 De
264 1294 558 1348 Theoderici
609 1293 714 1365 ﬁlii
761 1291 1086 1347 Childeberti
1138 1295 1439 1355 nativitate,
1475 1301 1525 1346 et
1573 1297 1732 1365 ipsius
1832 1290 2146 1359 solytanus,
2190 1290 2438 1344 Joannes
2490 1306 2719 1361 quoque
2782 1289 3458 1363 Constantinopolitanus

220 1365 509 1420 Cliildebertz
535 1369 590 1419 in
620 1382 768 1433 regni
796 1366 1114 1420 successione
1135 1365 1552 1432 conﬁrmatione.

1870 1376 2152 1448 piscopus,
2187 1395 2317 1432 cum
2350 1377 2474 1432 aliis
2512 1377 2707 1432 multis
2751 1395 2824 1450 po
2840 1377 3150 1445 ntiticibus,
3185 1379 3457 1436 triduano

216 1459 359 1510 Anno
387 1469 556 1508 xxvm
583 1469 756 1524 supra
785 1451 1097 1506 memorati
1124 1451 1298 1523 regis,
1335 1452 1441 1522 ipsi
1490 1451 1701 1525 princip

1870 1467 2124 1536 ompleto
2148 1466 2392 1536 jejunio,
2427 1482 2560 1520 cum
2592 1466 2898 1521 devotione
2931 1468 3456 1524 maximatranstu-

163 1545 414 1600 nuntiatur
441 1541 808 1596 Childeberto
840 1557 942 1595 SUO
976 1540 1174 1610 nepoti
1224 1542 1472 1595 alterum
1531 1544 1732 1596 natum
1837 1553 2047 1620 lerunt,
2081 1569 2145 1608 ac
2171 1553 2231 1608 ίη
2258 1555 2382 1609 loco
2415 1571 2528 1626 quo
2551 1571 2686 1608 crux
2703 1554 3004 1610 [ιοηιίηίοει
3025 1561 3332 1612 veneratur
3350 1575 3456 1630 ρο-

162 1649 258 1687 esse
283 1632 468 1698 ﬁlium,
500 1629 743 1685 nomine
766 1628 1210 1683 Theodericum.
1244 1629 1402 1683 Uude
1437 1647 1573 1684 eum
1602 1646 1734 1684 cum
1835 1644 2098 1709 suerunt,
2121 1658 2252 1696 cum
2277 1643 2418 1714 ipsa,
2448 1643 2506 1697 in
2530 1660 2644 1714 qua
2675 1643 2833 1714 prius
2887 1644 3094 1714 fuerat,
3127 1628 3458 1701 marmorea

161 1720 488 1774 BPuDeChilde
518 1721 710 1772 matre
735 1718 858 1785 eius
889 1716 962 1771 θιά
984 1733 1043 1770 se
1075 1733 1340 1784 θνοοᾶοεν
1367 1717 1577 1772 iterum
1623 1719 1734 1771 ΜΒ·
1835 1745 1986 1783 arca.
2025 1729 2163 1794 Quae
2190 1733 2367 1784 tanta:
2431 1731 2693 1798 levitatis,
2736 1732 2876 1786 dum
2929 1733 3249 1804 etferretur,
3286 1734 3456 1788 fuisse

165 1809 329 1862 redem
349 1805 504 1876 regni
525 1805 614 1860 sui
646 1807 996 1859 testamento
1024 1804 1213 1876 ipsum
1240 1805 1362 1859 fore
1389 1805 1728 1875 designavit.
1758 1812 1810 1872 Β
1834 1817 1952 1872 visa
1981 1822 2066 1872 est
2096 1821 2159 1871 ut
2187 1819 2409 1872 nullum
2433 1835 2577 1873 onus
2603 1823 2900 1890 portantes
2928 1821 3230 1876 sentirent,
3249 1823 3326 1877 Εο
3350 1840 3456 1876 ειη-

163 1901 274 1950 Acta
292 1899 412 1949 sunt
439 1895 556 1949 hazc
587 1895 720 1948 loco
750 1896 1079 1964 nuncupato
1107 1893 1389 1959 Andalao,
1424 1909 1539 1963 quo
1567 1909 1698 1947 soro

1870 1921 1910 1960 ,ο
1941 1906 2078 1959 luna
2101 1906 2404 1960 obscurata
2431 1910 2537 1972 est,
2569 1910 2627 1960 et
2657 1907 2809 1960 inter
2839 1908 3086 1962 Francos
3118 1924 3182 1962 ac
3224 1909 3451 1963 Britan-

160 1984 400 2054 simulque
435 2000 573 2037 uxor
622 1981 970 2069 Childeberti
1023 1981 1335 2036 adfuerunt
1384 1980 1668 2069 multique
1701 1997 1732 2034 e
1835 2011 1942 2048 nos
1971 2010 2143 2064 super
2169 1993 2402 2049 ﬂuvium
2424 1994 2696 2050 wisnona
2713 1996 2925 2050 bellum
2950 1997 3277 2063 ortum’ubi
3309 1999 3451 2069 Βερ-

161 2071 355 2125 Ῐττειηῦίὸ
382 2075 436 2126 εὶ
462 2068 800 2140 Burgundia
826 2072 1108 2140 Ροίθιιιθδν
1143 2073 1204 2122 ιη
1234 2070 1428 2140 Palam
1462 2068 1734 2123 omnibus
1835 2083 2073 2153 pelenus
2099 2082 2210 2136 dux
2261 2083 2635 2149 Francorum,
2665 2083 2914 2138 factione
2953 2084 3278 2140 Ebrecharii
3310 2068 3451 2141 alte-

159 2158 350 2213 daretur
400 2158 640 2229 agnosci
699 2157 1085 2222 Childeberto,
1132 2161 1258 2228 post
1326 2157 1589 2211 avunculi
1646 2174 1701 2210 su

1870 2169 1954 2224 ius
1981 2170 2158 2238 ducis,
2178 2188 2210 2226 a
2229 2171 2556 2225 Britonibus
2574 2171 2893 2243 jugulatur.
2914 2172 3076 2228 Unde
3105 2177 3254 2246 post,
3285 2176 3455 2231 Ehre-

157 2246 423 2303 Guntranni
452 2248 651 2312 funus,
683 2261 932 2316 regnum
958 2245 1302 2316 Burgundios
1327 2246 1549 2300 deberi.

1876 2259 2069 2313 harius
2098 2261 2364 2328 multam,
2397 2275 2574 2331 quam
2632 2260 2720 2313 lex
2776 2245 3117 2331 parentibus,
3165 2261 3450 2319 interfecti

703 2351 925 2405 CAPUT
954 2350 1188 2404 LXXVII.
1835 2347 2171 2402 solvendam
2243 2364 2362 2402 esse
2425 2347 2720 2418 prmcepit,
2794 2348 3038 2405 reddere
3079 2353 3332 2419 coactus,
3377 2351 3447 2407 ad

154 2439 516 2511 Deprintatibus
547 2439 882 2511 Childeberti
909 2439 1049 2494 laesa?
1101 2441 1402 2510 majestatis
1439 2442 1727 2511 convictis,
1834 2435 2045 2508 inopia:
2070 2436 2287 2490 malum
2321 2435 2620 2490 devolutus
2658 2437 2762 2491 est.

205 2510 322 2566 etde
360 2513 611 2568 Authari
668 2510 1008 2580 Langobardi
1057 2528 1178 2564 cum
1213 2510 1579 2565 Theudelindu
1625 2530 1728 2566 nu-

198 2559 324 2652 gis;
344 2559 1185 2660 ηῇξέιλᾱθλαιῇξιέσῇίξςξέέίιέςῇάέ
1213 2559 1536 2660 1521:5502;
1547 2559 1731 2638 "ciae
1843 2645 1882 2660 λ
1955 2647 1969 2660 ι
2039 2649 2072 2660 η
2164 2647 2232 2660 ,τ
2386 2559 2641 2660 ,οΑξβτ
2665 2561 2874 2660 taxa.

205 2645 404 2708 exercitu
431 2656 586 2724 Bury
597 2645 975 2706 undionum'in
1004 2645 1330 2722 Hispaniam
1363 2655 1540 2706 misso.
1828 2645 1912 2702 De
1930 2647 2172 2702 Authari
2196 2647 2536 2719 Langobardi
2547 2648 2808 2718 legatione
2825 2648 2897 2704 ad
2927 2667 3071 2720 reges
3088 2648 3456 2723 Francorum,

204 2743 266 2796 Eo
286 2746 556 2814 tempore,
601 2740 1047 2812 Setacechingus
1064 2743 1122 2793 et
1153 2740 1724 2796 Boso-Guntrannus.
2398 2743 2401 2748 '
2518 2726 2567 2774 εί
2595 2727 2782 2775 morte-

152 2827 279 2884 t'rsio
301 2848 517 2903 quoque
551 2846 628 2886 ac
659 2828 1364 2900 Bertefredus,optimates
1379 2828 1727 2884 Childeberti
1897 2826 2064 2880 Anno
2118 2842 2245 2880 xxx1
2281 2824 2602 2882 Guntranni
2652 2827 2824 2899 regis,
2853 2827 3283 2885 Theodefredus
3335 2831 3447 2887 dux

156 2919 294 2988 regis,
323 2937 384 2974 eo
414 2920 568 2991 quod
604 2934 737 2971 eum
768 2919 1110 2971 tractassent
1140 2915 1448 2988 perimere,
1483 2917 1605 2988 ipso
1638 2933 1728 2972 or-
1830 2911 2005 2984 Ultraj
2019 2930 2230 2968 uranus
2262 2915 2528 2983 moritur,
2557 2915 2724 2988 eique
2754 2916 3147 2972 Wadalmarus
3169 2919 3444 2976 succedit.

155 3004 352 3061 dinante
373 3005 669 3078 perempti
691 3004 1432 3058 sunt.SedetLeudefredus
1452 3005 1724 3058 Aleman-
1827 3002 2053 3056 Interea
2105 3020 2205 3058 rex
2255 3003 2771 3074 Longobardorum
2800 3005 3040 3059 Authari
3092 3005 3449 3078 legationem

153 3109 327 3149 norum
358 3096 464 3150 dux
480 3095 772 3150 offensam
798 3092 1074 3146 antedicti
1097 3091 1219 3162 regi
1251 3091 1571 3157 incurrens,
1589 3093 1727 3163 fuga
1749 3087 1796 3148 C
1829 3090 2016 3144 verbis
2042 3091 2293 3162 paciﬁcis
2324 3091 2396 3146 ad
2423 3092 2828 3147 Guntrannuin
2887 3110 3089 3166 regem
3152 3094 3369 3167 dirigit.
3402 3098 3449 3150 Α

151 3181 332 3252 elapsus
347 3201 412 3238 ne
441 3181 623 3238 morti
637 3181 1083 3252 adjudicaretur,
1116 3181 1299 3248 latuit,
1333 3181 1727 3236 etUncelenus
1828 3195 1940 3249 quo
1969 3178 2146 3234 iidem
2179 3180 2352 3250 legati
2396 3181 2650 3250 jucunde
2689 3181 2952 3254 suscepti,
2983 3186 3042 3237 et
3085 3183 3159 3238 ad
3217 3184 3448 3241 Childe-

149 3268 244 3323 loco
275 3271 432 3342 ipsius
461 3273 579 3326 dux
629 3269 961 3324 substitutus
993 3274 1096 3324 est.
1127 3271 1303 3323 Porro
1331 3269 1484 3340 apud
1523 3270 1724 3340 Bajoa-
1827 3265 2055 3320 bertum
2099 3271 2231 3321 sunt
2257 3267 2480 3334 directi,
2523 3272 2582 3321 ut
2607 3285 2710 3338 per
2735 3270 2856 3340 ejus
2901 3275 3104 3326 nutum
3159 3289 3269 3344 pax
3312 3290 3446 3330 cum

148 3356 262 3411 riam
295 3356 1033 3430 postGaribaldumTassilo
1058 3357 1128 3412 ab
1143 3356 1506 3412 Childeberto
1521 3375 1617 3412 rex
1637 3374 1725 3412 or-
1825 3355 2001 3424 gente
2032 3355 2551 3425 Longobardorum
2594 3356 2943 3413 ﬁrmaretur.
2979 3361 3243 3432 Dumque
3271 3363 3447 3434 legati

146 3440 340 3499 dinatus
380 3450 480 3501 est,
535 3444 652 3510 Qui
714 3461 848 3499 mox
901 3460 1033 3499 cum
1083 3445 1333 3499 exercitu
1388 3443 1720 3500 Sclavorum
1822 3440 2060 3495 Authari
2089 3441 2240 3512 regis
2280 3441 2338 3495 in
2374 3442 2612 3498 Francia
2632 3449 3021 3513 morarentur,
3051 3464 3150 3502 rex
3199 3450 3442 3504 Authari

144 3528 457 3588 Provinciam
535 3532 854 3602 introiens,
901 3535 1068 3604 parta
1106 3532 1344 3587 victoria
1393 3532 1466 3586 ad
1533 3533 1720 3588 solum
1822 3529 2252 3600 apudTicinum
2272 3535 2596 3592 veneno,ut
2626 3532 2883 3599 tradunt,
2903 3538 3137 3605 accepto
3167 3537 3440 3595 moritur.

141 3622 398 3691 proprium
454 3640 597 3679 cum
655 3621 910 3676 maxima
959 3620 1238 3677 remeavit
1323 3623 1540 3694 praeda.
1596 3624 1719 3678 Fuit
1821 3618 2194 3690 Statimquea
2225 3619 2623 3691 Longobardis
2647 3620 2882 3676 nuntius
2909 3621 3160 3678 mittitur
3190 3625 3262 3681 ad
3287 3626 3440 3682 Chil-

142 3712 300 3765 autem
326 3711 670 3768 Garibaldus
686 3710 869 3782 (cujus
890 3726 1043 3765 nunc
1065 3709 1426 3766 mentionem
1451 3711 1714 3778 fecimus)
1820 3707 2122 3762 debcrtum
2146 3725 2345 3780 regem
2367 3708 2846 3780 Francorum,qui
2867 3711 3104 3766 Authari
3120 3714 3271 3784 regis
3288 3731 3441 3771 mor-

140 3811 264 3852 socer
303 3802 540 3856 Anthari
586 3799 742 3870 regis
786 3797 1303 3870 Longobardorum
1335 3817 1401 3854 ex
1454 3801 1713 3855 Theudc-
1816 3798 1936 3849 tem
1983 3795 2173 3850 eidem
2227 3797 2524 3852 nuntiaret
2565 3814 2885 3870 pacemque
2910 3800 2981 3855 ab
3014 3816 3082 3854 eo
3121 3806 3435 3873 expeteret.

137 3881 260 3940 linda
303 3889 412 3944 lilia
459 3907 586 3945 sua.
662 3886 845 3952 Quam
903 3891 1259 3942 memoratus
1322 3889 1557 3943 Authari
1612 3906 1715 3960 per
1817 3883 2088 3948 Quodille
2109 3886 2368 3954 audiens,
2402 3888 2658 3958 legatum
2692 3888 2878 3943 amice
2910 3888 3144 3961 quidem
3165 3894 3433 3965 suscepit,

134 3977 602 4049 semetipsum,sub
629 3976 816 4048 specie
844 3976 1105 4047 legatarii
1135 3977 1509 4046 profectus,in
1535 3979 1708 4034 domo
1812 3990 2015 4045 pacem
2031 3993 2162 4030 vero
2182 3977 2240 4030 in
2271 3980 2568 4046 posterum
2595 3995 2652 4032 se
2676 3978 2949 4034 daturum
2978 3980 3266 4052 promisit.
3305 3984 3438 4037 Post

133 4067 334 4130 paterna
382 4066 834 4135 comtemplatus
875 4068 979 4131 est,
1014 4082 1257 4136 eamque
1307 4066 1617 4134 adamavit,
1653 4071 1710 4122 et
1809 4063 2028 4134 aliquot
2051 4067 2243 4120 tamen
2275 4066 2394 4120 dies
2425 4083 2556 4121 eum
2589 4067 2870 4138 promissa
2903 4085 3042 4141 pace
3083 4069 3322 4126 dimisit.

131 4155 458 4218 postmodum
491 4154 605 4211 sibi
633 4154 692 4207 in
724 4153 1162 4209 matrimonium
1178 4154 1387 4224 junxit.
1414 4155 1535 4218 Quo
1563 4159 1707 4247 tcm-
2397 4190 2622 4245 CAPUT
2656 4191 2844 4247 LXXX.

657 4260 758 4354 1:31:
785 4243 1287 4354 (ξξξιξὲῗυξῗς-Ῑὶθξ
1873 4275 1956 4331 De
1986 4276 2350 4334 Theudelinda
2391 4243 2633 4333 Aut/tari
2657 4243 2858 4349 Quae,
2891 4281 2940 4336 Α
2948 4281 3146 4354 gilul/‘o
3204 4285 3433 4346 nubente

130 4329 240 4396 gildi
281 4334 609 4403 perﬁdiam,
663 4331 764 4386 sed
809 4331 1002 4386 fratris
1046 4332 1474 4404 Hermenegildi
1527 4333 1701 4390 fidem

129 4420 336 4476 sectatus
394 4420 766 4487 catholicam,
817 4419 974 4492 prius
1024 4439 1056 4476 a
1116 4420 1376 4477 Leandro
1434 4422 1702 4496 episcopo

128 4501 410 4576 baptizatur
451 4510 774 4579 secretius;
808 4507 1015 4565 deinde
1047 4527 1252 4565 omnes
1303 4511 1481 4566 libros
1535 4515 1703 4567 secta:

125 4591 315 4654 Ariana
344 4601 500 4673 apud
541 4600 808 4655 Toletum
842 4617 956 4653 uno
978 4598 1038 4654 in
1069 4601 1196 4655 loco
1229 4600 1468 4655 adunari
1501 4602 1701 4672 praeci-

124 4680 276 4752 piens,
308 4688 438 4759 igne
470 4688 772 4755 cremavit,
798 4692 855 4742 et
879 4689 1091 4742 Gothos
1132 4689 1206 4743 ad
1231 4705 1378 4744 vero:
1410 4689 1542 4744 ﬁdei
1573 4691 1700 4746 uni-

122 4769 270 4828 tatem
303 4777 559 4832 adduxit.
592 4779 759 4832 Anno
787 4795 912 4832 xxxx
942 4777 1105 4848 regni
1126 4778 1466 4846 Guntranni,
1493 4779 1699 4837 iterato

122 4862 363 4919 exercitus
403 4865 882 4937 Burgundionum
940 4865 1271 4937 Hispaniam
1324 4867 1696 4938 ingreditur;

117 4946 195 5000 Sed
216 4953 568 5024 negligentia
597 4954 832 5009 Bosonis
861 4954 1080 5009 militia:
1109 4955 1402 5028 principis,
1447 4959 1699 5029 graviter

117 5031 398 5096 Gothorum
435 5042 643 5114 gladiis
682 5042 1034 5097 obtruncatis
1079 5043 1422 5115 quihusdam
1466 5063 1496 5100 e
1551 5046 1686 5116 suis,

116 5119 184 5175 Vix
215 5127 279 5181 ad
305 5130 559 5199 patriam
591 5133 678 5186 est
703 5147 1010 5202 regressus.

1728 4367 1780 4426 D
1873 4385 2152 4440 Defuncto
2178 4385 2437 4451 Authari,
2464 4387 2856 4444 Theudclinda
2879 4390 3106 4461 regina,
3136 4407 3264 4463 qua:
3290 4395 3434 4450 satis

1806 4473 2068 4545 placebat
2097 4474 2507 4545 Longobardis,
2531 4477 2813 4548 permissu
2841 4479 3187 4535 eorumdem
3208 4482 3428 4553 Agilul-

1805 4561 1949 4629 fum,
1984 4561 2079 4633 qui
2102 4565 2158 4616 et
2187 4566 2308 4634 Ago
2365 4564 2546 4619 dictus
2604 4569 2708 4633 est,
2739 4567 2945 4623 ducem
3004 4570 3425 4642 Taurinatium,

1804 4650 1991 4705 virum
2022 4655 2322 4707 strenuum
2354 4669 2417 4708 ac
2447 4654 2805 4724 bellicosum,
2836 4660 2892 4711 et
2919 4658 3026 4712 sibi
3061 4659 3336 4716 maritum
3369 4665 3428 4717 et

1807 4739 2321 4812 Longobardorum
2353 4744 2512 4814 genti
2540 4761 2741 4817 regem
2769 4746 2962 4817 elegit.
2985 4747 3071 4801 Ad
3095 4747 3244 4804 hanc
3269 4749 3422 4821 regi-

1803 4845 1940 4883 nam
1965 4830 2418 4900 sapientissimus
2435 4849 2584 4903 papa
2604 4835 2908 4904 Gregorius
2930 4839 3179 4906 quatuor
3199 4837 3422 4911 Dialogi

1801 4918 1886 4971 sui
1924 4918 2117 4985 libros,
2148 4936 2322 4990 quam
2355 4920 2426 4973 de
2464 4921 2589 4973 Vita
2623 4925 2952 4975 sanctorum
2975 4924 3303 4994 scripserat,
3331 4927 3420 4982 di-

1801 5007 1967 5074 rexit,
2000 5008 2181 5063 scieus
2205 5025 2336 5062 eam
2379 5010 2437 5061 et
2495 5008 2701 5063 Christi
2757 5008 2889 5062 fidei
2947 5009 3206 5068 deditam
3251 5019 3308 5070 et
3356 5016 3419 5074 in

1800 5096 1966 5152 bonis
1997 5096 2216 5152 actibus
2246 5113 2366 5151 esse
2386 5095 2758 5168 praecipuam.

1870 5185 2030 5239 Circa
2047 5186 2168 5240 haec
2182 5188 2466 5254 tempora,
2492 5183 2820 5239 coenobium
2853 5186 3003 5240 beati
3026 5188 3204 5258 patris
3236 5191 3416 5246 Bene-

1477 5330 1510 5349 ,γ
1568 5331 1580 5349 ι
1669 5348 1673 5349 ί
1795 5237 3415 5349 dicti,castro’Cassinositum'estgboiig-ohar-

643 5328 652 5338 ο
701 5328 710 5337 ι
749 5328 759 5338 ο
991 5330 1000 5339 ο
1032 5333 1038 5339 .
1110 5331 1119 5340 ι
1292 5332 1301 5340 .
1798 5318 1953 5339 “”““ν⁷“ῗ
1990 5318 2142 5344 ‘1“v“
2174 5318 2230 5326 ³““
2265 5318 2443 5326 "Vl-vv-"
2475 5318 2700 5327 vwv'-.v
2720 5318 2893 5328 “¹¹¹“’“³⁸⁸
2915 5318 3059 5339 ν“¹’¹²“¹⁵
3083 5318 3414 5349 κυ⁸⁸δνυαι-

169 5318 706 5437 ᾖξρξξλίξξξηξθζηίητ
737 5328 1414 5437 ‘ﬂcom‘lhgffwmtwn?’
1454 5330 1516 5384 de
1560 5331 1694 5437 1”"?
1796 5361 1881 5416 dis
1913 5365 2082 5416 noctu
2135 5359 2441 5414 invaditur.
2481 5360 2607 5428 Qui,
2660 5361 2926 5417 universa
2957 5357 3312 5437 diripientes,
3343 5386 3418 5426 ne

227 5435 232 5437 _
389 5436 393 5437 ,
552 5417 576 5437 n
638 5415 748 5437 τινα)
773 5416 819 5437 1n
867 5417 984 5437 nurm
1077 5409 1300 5437 itlnnrne
1362 5420 1412 5437 1n
1469 5418 1572 5437 {Min
1613 5421 1642 5437 η
1670 5433 1690 5437 _

169 5393 525 5473 obseiﬂ-atione
552 5406 599 5452 et
634 5399 819 5473 praelia
866 5417 987 5473 cum
1017 5399 1319 5473 Britannis,
1361 5393 1414 5456 in
1468 5418 1572 5473 quo
1612 5403 1691 5456 αἱ·

171 5469 239 5514 ter
261 5449 606 5541 Francorum
1411 5449 1568 5541 alieni",
1603 5449 1692 5527 ὧιὶ
1795 5467 1974 5541 ullum
2004 5451 2237 5541 quidem
2267 5449 2618 5541 #3093011?!“
2646 5454 2849 5541 Lenem
2867 5455 3264 5524 pomemnt’ut
3280 5475 3416 5532 pro‘

171 5537 325 5590 multa
343 5546 531 5608 ροςιρα
555 5539 759 5595 indicta
786 5547 877 5611 εει,
913 5543 1097 5596 misere
1126 5544 1278 5613 έηορς
1307 5535 1513 5617 ﬁmus.
1557 5535 1565 5541 ’
1794 5537 1990 5614 phetia
2012 5535 2352 5592 venerabilis
2367 5539 2659 5594 Benedicti
2691 5540 3067 5614 patris,quam
3093 5544 3418 5619 longeante

168 5620 463 5681 Tricesimo
493 5644 624 5683 vero
673 5643 821 5700 saepe
847 5629 982 5684 dicti
1013 5631 1287 5703 principis
1337 5649 1512 5700 anno,
1535 5632 1694 5690 fama
1793 5626 2156 5703 prmvnderat,
2187 5625 2545 5700 impleretur,
2564 5645 2678 5703 qua
2698 5629 2876 5688 dixit:
2901 5631 3046 5688 «Vix
3065 5635 3216 5708 apud
3229 5639 3415 5699 Deum

111 5720 200 5781 per
217 5713 361 5772 totos
388 5714 740 5774 Francorum
763 5717 1072 5794 divulgavit
1116 5720 1262 5778 fines
1288 5720 1547 5782 tunicam
1581 5724 1692 5803 Do-
1793 5718 2056 5779 obtinere
2077 5717 2258 5795 potui,
2279 5721 2343 5778 ut
2366 5735 2433 5777 ex
2460 5719 2572 5781 hoc
2589 5721 2717 5784 loco
2740 5720 2883 5786 mihi
2909 5723 3120 5786 animae
3133 5727 3412 5796 cederen-
