3882 6212
176 477 276 536 753

167 688 262 746 sed
290 703 598 743 armorum
613 688 805 744 nitore
828 688 1126 746 videbatur
1155 692 1787 753 densissima.’l‘urbatis

166 777 354 848 itaque
373 776 733 843 custodibus,
766 781 824 832 et
853 778 994 850 quid
1014 783 1789 853 agerentliazsitantibus,su-

164 865 543 937 perveniente
570 867 842 932 exercitu,
865 882 999 922 cum
1030 868 1216 924 adhuc
1247 871 1378 925 fessi
1410 875 1591 927 multo
1626 890 1789 944 supe-

164 954 335 1011 rioris
366 954 484 1010 diei
513 955 716 1010 labore
770 956 1153 1027 quiescerent,
1184 959 1280 1013 alii
1312 959 1371 1013 in
1432 959 1544 1014 suis
1573 962 1784 1030 stratis,

162 1044 258 1100 alii
288 1044 712 1115 expergefacti,
742 1044 844 1099 sed
871 1061 1081 1101 somno
1113 1046 1283 1101 soluti
1315 1064 1514 1119 pmnas
1546 1050 1780 1104 dabant.

166 1132 305 1188 Cassi
335 1133 508 1187 multi
538 1133 850 1200 mortales;
879 1133 1087 1205 reliqui
1139 1134 1199 1188 in
1231 1135 1431 1207 fugam
1460 1140 1781 1193 vertuntur.

162 1222 271 1294 Ipsi
304 1221 507 1288 duces,
544 1221 794 1276 ascensis
848 1221 1032 1293 equis,
1091 1222 1180 1276 vix
1211 1223 1520 1279 discrimen
1553 1241 1782 1281 evasere

164 1308 749 1364 mortis.Landericus
776 1309 1166 1365 Wintrionem
1185 1311 1401 1368 frustra
1419 1314 1581 1385 sequi
1608 1330 1783 1369 cona-

164 1401 273 1463 tus,
304 1396 527 1451 velocis
549 1396 682 1468 equi
702 1397 904 1467 rapido
924 1401 1149 1453 vectum
1165 1415 1332 1454 cursu
1344 1401 1584 1455 minime
1612 1402 1787 1458 valuit

163 1483 595 1556 assequi.Parta
618 1488 782 1539 tanta
806 1500 871 1539 ac
890 1488 1011 1540 tam
1032 1485 1324 1558 insperata
1349 1489 1605 1557 victoria,
1650 1491 1784 1545 Fre-

162 1570 455 1644 degundis
482 1588 618 1628 cum
648 1572 768 1627 tilio
811 1572 1084 1641 Clotario,
1136 1578 1195 1629 et
1228 1591 1361 1629 cum
1419 1580 1784 1633 armatorum

161 1660 423 1716 maximo
443 1677 654 1730 cuneo,
683 1660 1031 1715 Remensem
1051 1661 1267 1717 invadit
1288 1663 1781 1736 Campaniam,re-

158 1752 325 1823 piens
367 1750 573 1806 omnia
618 1750 887 1806 incendio
933 1754 991 1805 et
1038 1751 1340 1822 sanguine.
1402 1755 1783 1811 Vastabantur

156 1842 369 1896 cuncta
393 1840 488 1895 die
518 1844 828 1912 noctuque,
855 1840 1243 1896 exurebantur
1266 1842 1526 1911 nidificia,
1542 1845 1775 1917 diripie~

159 1930 380 1984 bantur
399 1928 778 2002 patrimonia,
799 1928 1237 1999 perimebantur
1256 1930 1584 2005 quicunque
1614 1936 1780 1989 erant
1808 1948 1859 2008 Β

157 2016 390 2072 habiles
420 2017 496 2072 ad
534 2018 708 2084 bella,
727 2015 944 2072 inﬁrmi
987 2017 1362 2073 servabantur
1391 2020 1464 2075 ad
1493 2020 1780 2075 servitutis

159 2103 374 2161 ofﬁcia.
404 2104 514 2159 Ubi
533 2104 784 2160 caedibus
804 2120 869 2159 ac
893 2103 1111 2177 rapinis
1160 2104 1540 2175 satisfactum,
1571 2108 1783 2164 Frede-

160 2192 375 2263 gundis
404 2210 575 2248 suum
623 2192 955 2250 Suessiones
984 2192 1211 2248 reduxit
1250 2194 1587 2252 exercitum.
1640 2199 1782 2254 Acta

159 2284 295 2407 stunt.
340 2282 470 2337 haec
500 2281 560 2336 in
591 2297 744 2353 pago
776 2281 1156 2346 Suessionico,
1189 2282 1247 2338 in
1278 2284 1403 2339 loco
1442 2290 1780 2358 nuncupato

206 2368 403 2407 rueco.

206 2368 403 2409 rueco.

748 2493 970 2549 CAPUT
988 2493 1246 2550 LXXXIII.

173 2582 247 2638 De
278 2592 477 2638 mutua
502 2583 842 2655 Francorum
860 2583 1277 2655 Brittaniamque
1290 2585 1448 2652 ca’de,
1478 2586 1539 2640 de
1577 2586 1783 2642 Verno-

238 2671 365 2726 rum
396 2656 579 2721 exilio,
609 2654 902 2726 Grippom's
931 2654 1210 2724 legatione,
1243 2662 1294 2711 et
1322 2656 1665 2713 Francorum
1691 2662 1779 2715 in-

234 2724 477 2782 Itah'am
504 2724 851 2798 expeditione.

226 2852 399 2906 Anno
417 2849 673 2905 secundo
687 2867 818 2906 cum
830 2866 1078 2922 regnum
1091 2852 1776 2925 suscepissetBurgundize

168 2937 585 3006 Childebertus,
609 2938 887 2993 exercitus
908 2939 1260 2993 Francorum
1282 2940 1454 2995 simul
1477 2958 1541 2995 ac
1564 2943 1769 2997 Britto-

162 3044 293 3082 num
324 3028 387 3082 in
408 3030 681 3081 mutuum
714 3025 1333 3094 inhiantesinteritum,
1364 3032 1565 3083 mutua
1586 3034 1771 3086 semet

165 3115 309 3170 caede
331 3118 736 3188 prosternunt.
771 3115 1047 3188 Sequenti
1068 3132 1221 3170 anno
1246 3117 1427 3172 multa
1457 3116 1515 3171 in
1548 3120 1684 3174 cwlo
1702 3120 1773 3174 si-

159 3220 262 3275 gna
278 3208 417 3261 sunt
432 3208 667 3260 ostensa
684 3204 1019 3275 etapparuit
1037 3205 1199 3259 stella
1220 3208 1491 3260 cometes.
1508 3206 1585 3261 Eo
1614 3223 1767 3262 anno
1840 3260 1841 3265 η

158 3292 432 3349 exercitus
465 3291 816 3348 Childeberti
836 3292 1612 3366 cumVarnis,quirebellare
1641 3299 1767 3351 ten-
1802 3318 1849 3378 ο

157 3381 369 3450 tabant,
393 3381 680 3450 conﬂixit;
712 3381 869 3454 quod
890 3381 1067 3436 etiam
1084 3398 1232 3453 pene
1264 3399 1439 3455 usque
1470 3384 1543 3437 ad
1567 3401 1766 3455 supre-

158 3485 308 3526 mum
337 3470 516 3525 exitio
545 3469 728 3529 dedit.
751 3470 864 3524 Hac
879 3468 1056 3524 etiam
1082 3472 1423 3542 tempestate
1447 3471 1657 3545 Grippo
1691 3474 1769 3528 le-

157 3562 307 3629 gatus
329 3558 695 3614 Childeberti
721 3574 851 3613 cum
870 3557 1413 3632 aConstantinopoli
1433 3564 1764 3629 remeasset,

156 3652 203 3703 et
224 3650 423 3705 eidem
450 3648 579 3720 regi
610 3648 904 3720 quomodo
949 3646 1266 3703 honoriﬁce
1295 3648 1365 3704 ab
1412 3648 1764 3722 imperatore

146 3737 408 3793 Mauricio
433 3740 733 3808 susceptus
752 3737 902 3791 foret
918 3735 1257 3804 nuntiasset,
1277 3741 1335 3791 et
1347 3738 1502 3809 quod
1524 3738 1765 3808 injurias

147 3842 279 3897 quas
297 3825 459 3899 apud
477 3824 893 3898 Carthaginem
910 3840 1211 3897 perpessus
1223 3824 1430 3893 fuerat,
1447 3825 1764 3897 imperator

144 3916 210 3969 ad
237 3916 607 3970 voluntatem
649 3910 977 3968 Chideberti
1004 3930 1063 3968 se
1109 3914 1295 3967 ultum
1324 3912 1406 3968 ire
1430 3914 1757 3985 promisset,

145 4002 544 4059 Childebertus
573 4001 782 4057 iterato
810 4000 1194 4074 vigintiduces
1225 4018 1356 4056 cum
1387 4002 1534 4057 lecta
1562 4001 1622 4057 in
1657 4005 1759 4059 Ita-

144 4090 274 4147 liam
305 4091 513 4163 dirigit
559 4091 734 4162 pube,
771 4090 842 4145 ad
893 4090 1203 4146 delendam
1236 4090 1757 4161 Longobardorum

144 4180 448 4251 gentem.E
470 4178 679 4251 quibus
700 4179 1050 4245 Andoaldus,
1071 4182 1129 4234 et
1149 4179 1272 4247 Olo,
1304 4181 1478 4251 atque
1510 4179 1757 4235 Cedinus

143 4268 559 4324 eminentiores
578 4267 760 4322 fui-re.
786 4268 899 4323 Sed
916 4267 1041 4336 Olo,
1063 4284 1195 4322 cum
1224 4267 1548 4338 improvide
1572 4268 1644 4323 ad
1662 4269 1752 4322 Bi-

141 4355 349 4411 litionis
370 4359 631 4411 castrum
653 4355 996 4423 accessisset,
1010 4355 1202 4427 jaculo
1227 4354 1330 4409 sub
1348 4355 1606 4410 mamilla
1623 4373 1749 4412 sau-

142 4445 314 4501 ciatus
338 4444 553 4501 cecidit
579 4447 637 4498 et
667 4448 928 4499 mortuus
957 4447 1061 4499 est.
1085 4444 1157 4498 At
1184 4459 1316 4498 vero
1334 4443 1665 4499 Andoaldus
1694 4447 1751 4500 et

140 4550 228 4588 sex
258 4534 437 4589 duces
466 4533 847 4600 Francorum,
900 4531 973 4587 ad
996 4531 1514 4601 Mediolanensium
1542 4532 1746 4588 urbem

140 4623 453 4691 venientes,
486 4621 548 4676 in
583 4621 999 4692 campestribus
1043 4623 1230 4676 castra
1252 4624 1591 4693 posuerunt.
1628 4622 1748 4687 Quo

139 4711 256 4767 loco
286 4710 666 4785 imperatoris
682 4709 857 4781 legati
889 4710 1077 4782 adjeos
1094 4713 1395 4778 venerunt,
1413 4709 1750 4767 nuntiantes

140 4802 330 4857 adesse
354 4800 677 4857 exercitum
707 4798 767 4853 in
799 4799 1086 4870 adjutorio
1119 4799 1745 4874 eorum,dicentesque:

143 4911 169 4938 α
198 4890 340 4955 Quia
359 4894 492 4963 post
518 4888 780 4944 triduum
800 4905 913 4943 una
939 4905 1071 4944 cum
1090 4888 1172 4944 eis
1196 4889 1517 4960 veniemus,
1551 4893 1611 4945 et
1639 4891 1748 4946 hoc

138 4979 289 5033 vobis
320 4979 431 5034 erit
460 4978 699 5050 signum
730 4994 743 5045 ;
778 4993 910 5033 cum
936 4977 1193 5033 videritis
1220 4977 1367 5031 villa:
1389 4978 1583 5049 hujus,
1618 4996 1745 5053 quae

139 5065 191 5120 in
217 5069 417 5122 monte
445 5069 534 5121 est
563 5065 692 5131 sita,
726 5063 933 5121 domos
962 5065 1227 5120 incendio
1249 5067 1635 5136 concremari,
1655 5069 1741 5123 fu-

149 5166 408 5228 mumque
448 5171 632 5227 usque
658 5153 733 5208 ad
757 5156 927 5209 cmlos
940 5154 1623 5222 conscendere,noveritis
1637 5175 1743 5213 nos

147 5254 259 5297 cum
285 5244 646 5310 cohortibus,
684 5259 827 5314 quos
841 5243 1200 5314 pollicemur,
1226 5244 1597 5299 adventare.»
1631 5245 1745 5301 Sed

146 5335 494 5405 expectantes
525 5334 882 5387 Francorum
905 5333 1076 5388 duces
1097 5332 1295 5387 diebus
1321 5352 1415 5388 sex
1431 5335 1595 5405 juxta
1622 5337 1743 5407 pla-

145 5419 322 5490 citum,
352 5423 583 5478 nullum
612 5439 678 5475 ex
703 5420 789 5474 his
819 5438 961 5493 quos
996 5422 1170 5493 legati
1222 5422 1613 5494 promiserant
1649 5440 1742 5478 ve-

143 5509 272 5565 nisse
302 5512 755 5585 conspexerunt.
786 5509 1032 5564 Cedinus
1063 5513 1257 5565 autem
1299 5528 1432 5565 cum
1456 5510 1739 5565 tredecim

141 5594 359 5655 ducibus
379 5602 588 5655 laevam
618 5598 795 5653 Italiae
814 5597 1118 5670 ingressus,
1141 5600 1394 5673 quinque
1407 5601 1641 5656 castella
1656 5616 1744 5654 ce-

139 5685 223 5755 pit,
246 5706 280 5744 a
309 5690 522 5762 quibus
552 5688 733 5742 etiam
760 5689 1119 5741 sacramenta
1148 5689 1356 5760 exegit.
1390 5691 1451 5743 In
1495 5688 1736 5743 Triden-

139 5772 243 5833 tiuo
272 5795 509 5853 quoque
546 5773 863 5845 territorio,
882 5775 1082 5832 decem
1098 5778 1328 5834 castella
1351 5794 1384 5833 a
1404 5777 1634 5834 Francis
1647 5778 1733 5835 di-

1248 482 1573 542 HISTORIA
1617 483 2044 547 FRANCORUM
2079 522 2148 533 —
2178 493 2306 552 LIB.
2338 495 2429 553 III.

170 594 779 666 densa,decidentibus
796 599 975 657 ramis
990 599 1197 659 fronde
1215 604 1453 676 quidem
1468 605 1784 677 rarissima,
1809 612 1866 676 Α
1894 635 2024 689 ruta
2054 636 2111 689 et
2141 639 2579 692 commanemes
2610 638 2669 693 in
2703 638 2781 694 eis

3400 507 3507 567 754

2812 640 3058 698 universi
3094 642 3248 699 ducti
3275 646 3503 719 captivi.

1893 724 2003 777 Pro
2037 723 2285 793 Ferrugc
2318 742 2451 779 vero
2478 730 2685 795 castro,
2713 728 3201 787 intercedentibus
3229 734 3507 809 episcopis

1895 812 2183 881 Ingnuino
2224 814 2293 867 de
2327 814 2592 882 Savione,
2627 820 2681 871 et
2711 820 2950 889 Agncllo
2977 821 3336 889 Tridentino,
3372 825 3508 879 data

1893 904 1978 953 est
1998 901 2475 977 redemptioﬁper
2496 910 2667 977 caput
2688 907 3131 981 uniuscujusque
3162 909 3264 965 viri
3292 912 3507 968 solidus

1896 1005 2246 1063 unus,usquc
2261 992 2331 1045 ad
2350 1010 2636 1047 summam
2653 1000 3050 1052 sexcentorum
3068 999 3499 1055 solidorum.ln-

1897 1079 2056 1131 terea
2086 1078 2436 1134 Francorum
2470 1084 2770 1147 exercitus,
2796 1102 2926 1139 cum
2944 1090 3085 1141 esset
3103 1090 3330 1159 tempus
3351 1090 3499 1145 msti-

1894 1168 2628 1238 vum,propterinconsueti
2650 1173 3373 1244 acrisincommoditatcm,
3399 1180 3499 1251 dy-

1900 1255 2167 1309 senteriae
2208 1258 2413 1312 morbo
2446 1260 2695 1330 graviter
2721 1262 3041 1318 laborabat.
3098 1264 3355 1338 Cumque
3397 1260 3503 1340 per

1891 1342 2065 1397 trium
2092 1345 2372 1400 curricula
2394 1348 2683 1403 mensium
2703 1350 2920 1404 Italiam
2946 1358 3377 1424 pervagaretur,
3398 1374 3496 1410 ne-

1891 1445 2001 1500 que
2033 1448 2254 1502 regem,
2289 1451 2463 1506 quem
2493 1435 2780 1507 perditum
2803 1444 3058 1507 venerat,
3091 1442 3373 1514 attingere
3405 1462 3495 1499 va-

1885 1520 2129 1587 leret,eo
2144 1523 2298 1593 quod
2315 1540 2373 1577 se
2390 1524 2540 1579 intra
2556 1525 2917 1583 Ticinensem
2938 1530 3254 1587 claussissct
3267 1533 3492 1602 urbem,

1886 1608 2127 1676 aeris,ut
2154 1609 2421 1682 diximus,
2450 1612 2777 1670 inﬁrmatus
2806 1617 3252 1691 intemperantia
3274 1621 3345 1677 ad
3372 1640 3502 1695 pro-

1892 1695 2017 1768 pria
2046 1698 2236 1753 rediit.

2383 1788 2606 1845 CAPUT
2638 1793 2891 1850 LXXXIV.

1882 1856 1965 1911 De
2002 1855 2404 1945 Chilcz‘c'bert’i’et
2428 1863 2688 1945 uroriﬁus
2720 1867 2963 1945 interitu,
2997 1877 3047 1921 et
3095 1870 3344 1945 ﬁliorum
3386 1876 3499 1945 ejus

2134 1929 2477 1985 Theodeberti
2503 1937 2552 1987 et
2581 1934 2892 1993 Theoderici
2908 1929 3239 1997 successione.

1960 2018 2127 2071 Anno
2158 2034 2210 2072 ιν
2232 2019 2399 2090 regni
2418 2020 2760 2091 Burgundiae
2788 2040 2822 2078 a
2839 2025 3202 2083 Childeberto
3228 2032 3494 2103 suscepti,

1884 2104 2114 2175 paterni
2140 2123 2274 2161 vero
2296 2109 2463 2179 regni
2488 2109 2758 2165 vicesimo
2782 2112 2971 2181 tertio,
2987 2118 3095 2169 aeta
3105 2117 3175 2171 tis
3186 2132 3360 2187 porro
3376 2137 3492 2176 suas

1881 2209 2005 2260 xxv,
2036 2192 2193 2249 idem
2223 2212 2314 2250 res
2346 2196 2739 2252 Childebertus
2767 2215 2899 2254 cum
2931 2218 3107 2257 uxore
3138 2206 3498 2277 propria,sic~

1885 2286 1947 2336 ut
1980 2284 2182 2351 fertur,
2233 2285 2284 2338 vi
2317 2286 2522 2340 veneni
2573 2287 2969 2359 exstinguitur.
3018 2292 3114 2346 Hic
3152 2296 3237 2348 est
3267 2295 3492 2353 Childe-

1887 2372 2085 2427 bertus
2116 2372 2264 2427 filius
2292 2373 2597 2445 Sigeberti,
2625 2376 2721 2447 qui
2752 2378 2928 2432 etiam
2954 2381 3156 2436 Junior
3187 2381 3370 2439 dictus
3387 2390 3490 2441 est.

1887 2460 1988 2516 Cui
2036 2464 2432 2515 successerunt
2458 2463 2570 2518 duo
2621 2464 2722 2519 ﬁlii
2754 2467 2859 2527 sui,
2897 2468 3082 2535 adhuc
3132 2473 3358 2542 pueruli
3388 2476 3492 2531 sub

1886 2550 2069 2604 tutela
2108 2549 2246 2604 avia:
2285 2552 2678 2607 Brunechildis
2697 2555 3076 2624 constituti;et
3094 2557 3493 2619 Theodeberto

1891 2637 2125 2709 quidem
2157 2655 2407 2711 regnum
2431 2641 2876 2710 Austrasiorum,
2911 2645 3064 2716 quod
3091 2650 3255 2718 pater
3269 2649 3492 2706 Childe-

1884 2726 2081 2782 bertus
2099 2745 2132 2782 a
2145 2728 2410 2799 genitore
2430 2746 2530 2784 suo
2546 2730 2599 2784 Si
2607 2731 2844 2802 geberto
2861 2733 2964 2787 sibi
2981 2735 3242 2791 relictum
3259 2732 3495 2811 accepe—v

1880 2819 1989 2886 rat;
2035 2817 2390 2873 Theoderico
2418 2822 2612 2874 autem
2643 2838 2891 2891 regnum
2951 2824 3294 2893 Guntranni,
3334 2830 3490 2901 quod

1881 2905 2279 2961 Childebertus
2284 2908 2414 2979 jure
2428 2909 2757 2979 adoptionis
2775 2914 3216 2979 tenuerat,sorte
3233 2917 3485 2974 obvenit.

1879 2994 1983 3058 Qui
2007 2994 2182 3049 etiam
2207 2996 2311 3051 sibi
2343 2998 2575 3052 sedesiu
2608 2999 2693 3053 his
2723 3000 2945 3066 locis,in
2969 3003 3174 3073 quibus
3187 3008 3244 3059 et
3267 3006 3493 3077 priores

1876 3084 2225 3139 constituere
2256 3087 2531 3156 reges.Ad
2551 3087 2655 3141 hos
2678 3088 2883 3142 fratres
2910 3090 3042 3144 etad
3074 3092 3257 3147 aviam
3281 3111 3485 3151 eorum

1876 3172 2319 3228 Brunechildem
2341 3177 2565 3229 exstant
2590 3175 2844 3247 epistola:
2875 3177 3028 3233 beati
3073 3180 3331 3253 Gregorii
3370 3185 3483 3241 Ro-

1873 3262 2033 3318 mani
2054 3263 2364 3335 pontificis,
2392 3265 2795 3335 Augustinum,
2827 3286 3000 3339 quem
3023 3271 3219 3342 Anglis
3248 3273 3491 3331 Saxoni-'

1870 3351 1975 3406 bus
1998 3351 2382 3407 destinaverat
2401 3353 2754 3426 episcopum,
2788 3355 2898 3410 illis
2919 3361 3401 3421 commendantis.
3419 3366 3481 3420 In

1870 3438 2075 3511 quibus
2104 3439 2261 3494 idem
2287 3441 2373 3495 vir
2402 3441 2630 3496 Domini
2660 3445 2878 3513 petenti
2910 3453 3247 3504 memorata:
3264 3452 3481 3523 regina:

1867 3528 2082 3582 fatatur
2121 3544 2181 3582 se
2214 3528 2484 3600 reliquias
2508 3530 2813 3586 beatorum
2837 3536 3231 3604 apostolorum
3254 3540 3406 3593 Petri
3424 3545 3482 3595 et

1868 3616 2305 3689 Paulijmisisse.

2393 3710 2615 3765 CAPUT
2637 3711 2865 3766 LXXXV.

1864 3796 1948 3851 De
1976 3797 2309 3873 Hunnorum
2332 3799 2388 3852 in
2421 3800 2751 3873 T/ioringam
2779 3802 3092 3873 irruptiones,
3146 3809 3195 3855 ct
3247 3802 3477 3873 Agz'lulﬁ

2149 3887 2239 3924 seu
2268 3871 2476 3939 Agonis
2506 3872 2766 3941 legatione
2791 3875 2846 3925 in
2881 3871 3198 3930 Franciam.

1933 3959 2091 4013 Tunc
2120 3959 2403 4030 temporis
2434 3958 2645 4026 Hunni,
2678 3960 2775 4032 qui
2805 3962 2863 4014 et
2895 3962 3102 4015 Avares
3122 3961 3408 4031 dicuntur,
3441 3982 3475 4020 a

1862 4047 2166 4102 Pannonia
2186 4049 2421 4119 egressi,
2455 4048 2512 4102 in
2556 4050 2907 4121 Thoringam
2936 4050 3087 4105 bella
3138 4051 3473 4123 gravissima

1860 4136 2185 4191 cumFracis
2205 4138 2637 4208 gesserunt.Qui
2662 4141 2858 4193 tamen
2877 4156 2910 4193 τι
2940 4140 3339 4207 Brunccliilde,
3371 4156 3472 4198 seu

1856 4226 1928 4280 ab
1943 4225 2064 4297 ejus
2084 4228 2409 4298 nepotibus.
2426 4231 2660 4298 accepta
2672 4229 2919 4299 pecunia
2934 4229 3230 4285 redierunt
3244 4230 3317 4285 ad
3335 4247 3468 4303 pro-

1852 4316 2130 4389 pria.Ago
2156 4333 2385 4388 quoque
2416 4334 2515 4372 rex
2538 4317 3249 4390 Longobardorum,causa
3264 4337 3470 4377 eorum

1850 4406 1948 4476 qui
1992 4422 2061 4460 ex
2090 4405 2335 4460 castellis
2357 4405 2704 4461 Tridentinis
2743 4408 2951 4478 captivi
2984 4425 3017 4463 a
3043 4409 3273 4464 Francis
3312 4407 3468 4464 ducti

1850 4493 2417 4565 fuerant,Agnellum
2437 4494 2642 4549 Triden
2654 4496 2837 4551 tinum
2858 4497 3189 4570 episcopum
3217 4497 3273 4552 in
3297 4497 3468 4552 Fran-

1773 4575 1827 4635 D
1849 4582 1998 4637 ciam
2029 4581 2204 4640 misit.
2238 4582 2345 4647 Qui
2365 4582 2571 4638 exinde
2593 4584 2867 4653 gradiens,
2892 4586 3216 4659 aliquantus
3269 4602 3464 4642 secum

1851 4671 2126 4743 captivos,
2158 4687 2299 4743 quos
2332 4673 2724 4728 Brunechildis
2754 4691 2821 4728 ex
2853 4676 3086 4746 proprio
3110 4674 3459 4752 redemerat,

1850 4761 2158 4816 revocavit.
2195 4761 2373 4816 Evuin
2402 4762 2581 4816 etiam
2615 4763 2726 4817 dux
2751 4764 3222 4819 Tridentinorum
3250 4781 3283 4819 a
3312 4781 3461 4836 pra:-

1852 4849 1970 4905 fato
2003 4850 2263 4922 principe
2298 4852 2528 4919 missus,
2559 4869 2666 4923 pro
2685 4851 3156 4922 obtinendapace
3171 4854 3459 4911 adGallias

1849 4938 2121 5011 perrexit.
2140 4940 2264 5004 Qua
2290 4939 2621 5010 impetrata,
2654 4940 2728 4994 ad
2756 4940 2978 4994 Italiam
2996 4956 3254 4995 reversus
3278 4947 3380 4997 est.

2349 5028 2573 5083 CAPUT
2597 5028 2849 5082 LXXXVI.

1848 5117 1928 5174 De
1984 5117 2352 5185 Fredegundis
2403 5118 2739 5184 grassatione
2782 5124 2832 5169 et
2886 5124 3072 5184 morte,
3124 5117 3455 5184 Quznm'onz's

1915 5189 2071 5257 cede,
2131 5174 2319 5243 ὔοιεηί
2351 5174 2610 5259 patricia,
2670 5189 2987 5259 z'nguz'nariq
3021 5174 3189 5259 peste,
3224 5190 3455 5258 piscium

1907 5279 2022 5384 prpe
2052 5262 2269 5331 fervore
2291 5261 2449 5327 ﬂuvii
2471 5258 2789 5325 (lecoctione,
2822 5266 2871 5313 et
2912 5258 3292 5314 iVarnec/zarz’i
3312 5259 3451 5315 libe-

1915 5350 1975 5386 ra
2000 5335 2147 5387 itote.

1915 5348 2147 5398 ramale,

1918 5422 1995 5474 Eo
2026 5419 2202 5491 igitur
2240 5435 2393 5473 anno
2437 5434 2549 5488 quo
2605 5416 2964 5473 Cildebcrtus
3015 5419 3450 5491 vita‘decessit,

1849 5508 2238 5579 Fredegundis
2270 5507 2493 5577 regina,
2527 5523 2657 5561 cum
2688 5506 2802 5561 tilio
2833 5509 3102 5575 Clotario,
3144 5511 3453 5582 superioris

1846 5597 2095 5653 victoria:
2123 5598 2273 5651 elata
2297 5596 2614 5667 triumpho,
2648 5597 2889 5653 Parisios
2912 5604 2968 5653 et
2998 5601 3244 5674 reliquas
3284 5605 3453 5660 urbes

1842 5687 1951 5742 ritu
1986 5684 2228 5759 pervasit
2278 5686 2598 5742 barbarico.
2635 5686 2893 5753 Quorum
2948 5690 3229 5747 exercitus
3278 5710 3452 5765 super

1840 5776 2299 5834 Tlieodebcrtum
2314 5776 2790 5834 etThcodoricum
2808 5795 2969 5851 rcges
2982 5779 3451 5851 irruens,aduna-
