3882 6212
369 477 480 541 755

1461 479 1730 538 ᾹΙΜΟΙΝΙ
1753 476 2065 537 MONACBI
2091 474 2607 533 FLORIACENSIS.

3607 483 3715 539 756

378 607 470 662 tas
497 604 570 660 ab
603 603 741 676 ipsis
757 602 1036 660 militares
1059 602 1251 677 copias
1269 602 1395 660 loco
1417 604 1718 659 nominato
1731 601 2002 672 Latophao
2023 601 2073 664 Α
2099 600 2312 654 [seram
2338 614 2516 670 usque
2538 597 2611 655 ad
2642 595 2820 654 maris
2852 594 3063 656 Oceani
3091 594 3309 664 littora,
3341 594 3601 656 Clotario
3627 615 3717 656 re-

381 693 541 768 gravi
570 693 728 749 caede
745 692 1109 748 labefactavit
1157 693 1521 764 reliquosque
1552 692 1610 746 in
1630 692 1829 763 fugam
1860 690 1995 761 egit.

375 784 546 839 Anno
581 799 621 837 ιι
643 781 810 854 regni
826 781 1213 836 Theodeberti
1237 797 1301 835 ac
1314 779 1992 849 TheodoriciFredegun-

376 870 464 927 dis
491 870 696 943 regina
724 887 896 925 senex
923 873 981 924 et
1002 870 1177 941 plena
1198 869 1422 925 dierum
1444 869 1718 923 defuncta
1739 870 1914 935 est,ac
1930 867 1988 922 in

376 959 609 1017 basilica
637 958 830 1015 Sancti
864 958 1146 1013 Vincentii
1168 958 1225 1013 in
1258 958 1589 1013 suburbano
1614 956 1987 1012 Parisiacensi

375 1050 617 1121 sepulta.
649 1050 818 1103 Anno
868 1065 928 1102 ill
960 1046 1421 1119 supradictorum
1447 1062 1673 1118 regum,
1725 1044 1986 1109 Quintrio

378 1138 511 1205 dux,
543 1137 856 1209 instigante
885 1135 1288 1202 Brunechilde,
1322 1135 1687 1190 interficitur.
1713 1133 1987 1206 Sequenti

378 1226 585 1283 abhinc
614 1243 769 1281 anno
785 1225 1050 1293 Colenus,
1072 1241 1286 1296 genere
1306 1225 1576 1292 Francus,
1598 1224 1867 1296 patricius
1888 1241 1979 1278 or-

379 1316 631 1372 dinatur.
653 1314 747 1369 His
766 1314 988 1376 diebus,
1016 1313 1171 1385 apud
1188 1312 1484 1368 Massiliam
1502 1315 1560 1368 et
1585 1312 1833 1384 reliquas
1848 1314 1986 1379 Pro-

377 1404 577 1460 vinciae
599 1402 1247 1470 civitates,nascentibus
1281 1401 1340 1456 iu
1372 1402 1681 1457 hominum
1728 1400 1989 1473 inguini-

382 1490 1221 1556 bus,seudelicatioribuslocis.
1259 1490 1600 1562 quibusdam
1614 1489 1899 1560 glandulis
1928 1489 1987 1543 in

382 1580 646 1637 modium
678 1579 1122 1647 nucis,maxima
1150 1581 1429 1651 generata
1462 1578 1991 1634 estmortalitas.ln-

382 1669 511 1724 lacu
531 1685 760 1741 quoque
775 1666 1121 1735 Dunensi,in
1144 1684 1320 1739 quem
1348 1667 1520 1722 Arula
1538 1667 1759 1721 ﬂumen
1776 1664 1987 1733 inﬂuit,

382 1774 534 1830 aqua
548 1758 775 1812 fervens
792 1757 936 1812 adeo
950 1753 1737 1823 ebullivit,utmultitudinem
1750 1752 1991 1825 piscium

381 1846 681 1901 decoctam
711 1845 954 1916 adlittus
982 1843 1313 1916 projiceret.
1332 1842 1772 1916 Warnecharius
1792 1846 1992 1916 autem

2098 690 2462 742 manserunt.

2659 793 2892 849 CAPUT
2923 793 3176 848 LXXXIX.

2091 882 2178 937 De
2209 880 2395 936 Catini
2427 882 2586 949 caede,
2641 883 2909 951 Sigeberti
2934 889 3075 949 ortu,
3128 881 3304 951 Egilz
3342 898 3487 947 nece,
3527 882 3721 938 Vasco.

2170 970 2302 1007 num
2331 953 2651 1025 domatione,
2682 952 2925 1007 Adoaldi
2958 952 3307 1025 Langobardi
3320 954 3713 1014 sublimalione.

2166 1031 2341 1093 strage
2368 1024 2513 1095 apud
2540 1024 2802 1080 Saxones.

2158 1131 2326 1184 Anno
2342 1147 2396 1185 Vi
2417 1130 2584 1201 regni
2598 1130 3005 1198 Theodeberti,
3028 1146 3260 1186 necnon
3273 1132 3332 1186 et
3346 1131 3711 1200 Theodorici,

2092 1217 2327 1272 Catinus
2356 1219 2468 1273 dux
2491 1219 2874 1274 Theodeberti
2895 1218 3256 1274 interficitur.
3299 1219 3581 1291 Sequenti
3612 1222 3713 1276 ab—

2090 1306 2222 1361 hinc
2244 1324 2419 1373 anno,
2439 1307 2790 1362 Theoderico
2811 1325 2878 1362 ex
2908 1308 3236 1363 concubina
3254 1308 3508 1363 nascitur
3536 1310 3709 1376 filius,

2090 1394 2331 1449 nomine
2364 1394 2720 1466 Sigobertus.
2755 1397 2824 1450 Et
2852 1395 3011 1466 Egila
3038 1396 3311 1467 patricius
3330 1397 3501 1451 nullis
3529 1399 3711 1470 culpis

2093 1483 2587 1552 exstantibus,sed
2614 1485 2736 1539 sola
2762 1487 3109 1556 suggerente
3121 1485 3714 1558 cupiditate,percon-

2093 1572 2288 1626 silium
2317 1571 2710 1627 Brunechildis
2765 1575 2851 1627 est
2898 1577 3254 1646 peremptus,
3298 1574 3712 1647 facultatesque

2094 1660 2215 1731 ejus
2245 1661 2379 1715 fisco
2411 1659 2724 1715 associataz.
2752 1661 2830 1715 Eo
2859 1664 3123 1733 tempore
3160 1661 3595 1717 Theodebertus
3648 1679 3712 1716 ac

2091 1748 2478 1804 Theodoricus
2534 1748 2837 1803 Wascones
2868 1748 3241 1815 domuerunt,
3270 1751 3601 1822 ducemque
3622 1766 3713 1803 su-

2095 1853 2199 1908 per
2230 1852 2347 1903 eos,
2377 1835 2617 1892 nomine
2633 1835 3345 1903 Genialem,instituerent.
3370 1837 3465 1892 His
3489 1836 3713 1902 diebus,

382 1916 571 1987 malo”
597 1916 804 1971 domus
834 1913 1359 1986 Γθὲίε-Τὴδοάοτίοί
1397 1913 1655 1968 moriens
1683 1930 1892 1968 omnes
1908 1913 1991 1968 ἴδι-
2024 1919 2076 1980 Β
2097 1926 2315 1980 levatus
2347 1928 2434 1979 est
2459 1924 2802 1979 Adaloaldus
2845 1940 2945 1979 rex
2975 1940 3147 1997 super
3168 1925 3583 1997 Langobardos
3601 1926 3712 1980 lle-

380 2006 619 2061 cultates
646 2020 776 2060 suas
797 2003 857 2059 in
887 2002 1192 2059 alimonias
1230 2018 1551 2076 pauperum
1578 2002 1884 2058 distribuit.

917 2110 1141 2167 CAPUT
1172 2111 1430 2167 LXXXVII

377 2200 466 2257 De
489 2199 867 2257 Brunechildis
900 2216 1061 2272 casu,
1081 2199 1420 2272 mirabilique
1443 2216 1636 2264 errore,
1667 2205 1740 2272 _et
1765 2200 1997 2272 gratitu-

455 2272 580 2398 (ἔξιτε
624 2273 682 2327 in
702 2288 999 2345 pauperem
1026 2270 1299 2327 ductorem
1310 2269 1342 2338 ,⁷
1354 2271 1520 2343 deque
1540 2269 1811 2342 prodigiis
1833 2271 1998 2327 cccles-

486 2361 501 2398 ι
541 2360 622 2398 us.

461 2350 622 2398 tibus.

454 2452 633 2506 Porro
664 2448 1062 2505 Brunechildis
1090 2465 1124 2503 a
1153 2447 1554 2503 Theodeberto
1582 2450 1793 2518 nepote
1815 2450 2001 2515 suo,et

383 2538 717 2613 proceribus
744 2536 842 2609 qui
869 2536 922 2591 ei
949 2537 1258 2608 parebant,
1283 2536 1356 2591 de
1374 2551 1557 2605 regno
1573 2534 1999 2591 Austrasiorum

383 2628 638 2699 expulsa,
653 2628 712 2681 et
731 2641 765 2680 a
776 2624 1033 2697 quodam
1042 2640 1296 2696 paupere
1311 2623 1370 2678 in
1385 2622 1748 2679 Marciacensi
1765 2640 2002 2696 campa-

381 2713 483 2770 nia
510 2715 632 2770 sola
660 2714 897 2770 inventa
916 2717 975 2769 et
1008 2713 1263 2786 cognita,
1294 2713 1418 2786 ipsa
1448 2715 1682 2784 petente
1723 2713 1796 2768 ab
1827 2730 1895 2769 eo
1926 2713 2000 2769 ad

380 2803 806 2860 Theodoricum
833 2804 1084 2858 alterum
1115 2804 1392 2873 nepotem
1420 2818 1587 2857 suum
1617 2805 1704 2858 est
1729 2803 1994 2858 deducta.

380 2891 771 2948 Theodoricus
817 2890 1007 2947 aviam
1067 2890 1532 2959 Brunechildem,
1563 2907 1631 2946 eo
1663 2907 1776 2963 quo
1824 2891 2002 2963 digna

384 2983 511 3037 erat
529 2981 754 3036 honore
772 2981 1120 3052 susceptam,
1138 2997 1334 3034 secum
1357 2980 1549 3053 quoad
1574 2979 1709 3035 vixit
1724 2979 1858 3035 fecit
1876 2996 1998 3034 ma-

387 3070 925 3141 nere.Pauper,quo
951 3068 1189 3123 ductore
1218 3084 1370 3139 saepe
1394 3069 1515 3124 fata
1562 3084 1663 3123 usa
1692 3068 1882 3123 fuerat
1907 3085 1997 3123 re-

386 3158 544 3232 gina,
576 3158 650 3214 ob
673 3159 845 3229 hujus
872 3156 1321 3214 vicissitudinem
1345 3157 1612 3214 beneficii
1643 3158 1999 3213 Antissiodo-

2099 2013 2318 2069 diolani
2349 2013 2407 2068 in
2432 2012 2741 2086 praesentia
2771 2014 2948 2084 patris
2970 2013 3059 2068 sui
3077 2013 3287 2085 Agiluti
3311 2014 3486 2087 regis,
3518 2018 3713 2069 astan-

2097 2102 2250 2156 tibus
2280 2101 2484 2173 legatis
2516 2100 2897 2156 Theodeberti
2927 2101 3082 2173 regis
3110 2102 3493 2169 Francorum,
3522 2105 3584 2157 et
3604 2102 3710 2157 de-

2100 2192 2371 2262 sponsata
2406 2192 2491 2244 est
2520 2189 2711 2244 eidem
2744 2189 2904 2261 regio
2932 2205 3110 2261 puero
3161 2189 3280 2246 filia
3320 2189 3476 2262 regis
3526 2191 3712 2247 Theo-

2100 2278 2410 2346 deberti,et
2438 2278 2672 2333 ﬁrmata
2698 2281 2784 2332 est
2828 2294 2938 2350 pax
2974 2281 3256 2351 perpetua
3284 2294 3421 2333 cum
3450 2278 3707 2335 Francis.

2100 2368 2317 2424 Eodem
2338 2370 2604 2439 tempore
2632 2366 2860 2421 Francis
2885 2384 3019 2421 cum
3051 2367 3372 2423 Saxonibus
3401 2368 3714 2441 pugnanti-

2102 2456 2226 2523 bus,
2246 2472 2464 2527 magna
2488 2459 2707 2527 strages
2728 2457 2799 2511 ab
2828 2456 3080 2530 utrisque
3110 2458 3368 2528 partibus
3392 2458 3549 2514 facta
3571 2460 3674 2512 est.

2723 2578 2946 2635 CAPUT
2964 2580 3072 2635 XC.

2100 2666 2186 2721 De
2235 2668 2540 2722 inventione
2585 2668 2816 2737 corporis
2872 2668 3033 2722 beatis
3090 2668 3337 2734 Victoris,
3397 2668 3462 2723 de
3510 2669 3722 2724 Etherzi

2176 2737 2537 2807 Lugdunensis
2558 2739 2965 2808 archiespicospi
2985 2739 3150 2804 obitu,
3174 2739 3237 2793 de
3258 2737 3600 2795 Childeberti
3626 2743 3719 2794 mi-

2171 2810 2314 2881 noris
2353 2813 2494 2881 ortu,
2548 2808 2815 2881 Desiderii
2854 2812 3080 2881 ϐρίθει)ρί
3106 2810 3413 2881 dejectione,
3445 2817 3497 2865 et
3548 2810 3714 2866 Dom-

2170 2879 2289 2932 mili
2313 2880 2707 2949 subrogatione,
2740 2896 2801 2933 ac
2829 2879 2951 2935 salis
2977 2879 3172 2953 eclipsi.

2176 2986 2381 3039 Beatus
2403 3001 2535 3039 vero
2575 2984 2819 3040 Econius
2836 2986 3094 3058 pontifex
3122 2986 3584 3042 Mauriennensis
3600 3003 3719 3042 cor-

2102 3089 2208 3145 pus
2236 3073 2418 3128 sancti
2442 3072 2701 3141 Victoris,
2729 3072 2825 3145 qui
2857 3072 3138 3131 Solodoro
3171 3092 3289 3130 una
3332 3091 3469 3130 cum
3519 3080 3714 3131 sancto

2103 3162 2264 3216 Ursio
2294 3177 2493 3233 passus
2518 3162 2728 3228 fuerat,
2773 3162 2882 3216 hoc
2920 3162 3097 3217 modo
3148 3162 3371 3217 invenit
3401 3181 3419 3216 :
3454 3164 3714 3228 Quadam

384 3264 617 3303 rensem
647 3247 891 3320 adeptus
918 3249 1007 3302 est
1053 3246 1470 3320 episcopatum.
1498 3248 1664 3302 Anno
1696 3263 1728 3300 v
1775 3262 1998 3302 memo-
2036 3229 2082 3293 Ο
2102 3252 2272 3305 nocte
2294 3250 2353 3304 in
2375 3266 2477 3304 sua
2493 3249 2718 3305 civitate
2750 3250 3141 3323 quiescentem
3195 3252 3473 3307 revelatio
3526 3252 3715 3307 divina

386 3338 577 3392 ratum
590 3335 1142 3408 regum,iterum:ea,
1162 3352 1289 3408 quae
1311 3334 1699 3408 superioribus
1715 3334 2003 3407 annis,ap-

386 3442 630 3498 paruere
646 3423 2001 3497 signa,globiscilicetignei,inpartibusoccidem

388 3514 461 3569 tis
489 3530 595 3587 per
625 3515 836 3572 caelum
861 3517 1175 3583 carrentes,
1196 3513 1379 3570 instar
1403 3513 1788 3571 multitudinis
1818 3515 1999 3569 astro-

387 3619 540 3658 rum.

919 3708 1146 3764 CAPUT
1196 3708 1480 3765 LXXXVIII

388 3798 473 3856 De
498 3798 859 3855 crudelissimo
901 3814 1085 3867 regum
1132 3799 1270 3852 inter
1296 3813 1349 3850 se
1400 3797 1668 3865 conﬂictu,
1724 3803 1774 3853 et
1828 3797 2007 3867 angeli

674 3871 909 3937 visione,
939 3867 1270 3940 Clotariique
1293 3868 1428 3936 fuga
1454 3867 1731 3922 etdamno.

459 3959 892 4016 Theodebertns
922 3956 1119 4028 itaque
1153 3971 1219 4010 ac
1244 3955 1635 4011 Theodoricus
1662 3961 2001 4031 conceptam

382 4048 508 4120 jam
524 4042 1269 4103 dudumcontraClotarium
1281 4044 1604 4115 patruelem
1621 4062 1786 4102 suum
1818 4048 2002 4104 rixam

389 4136 630 4193 tandem
646 4133 1083 4205 parluriunt,et,
1115 4131 1413 4188 adnitente
1431 4132 1556 4188 avia
1599 4135 1998 4204 Brunechilde,

389 4240 563 4297 super
581 4221 824 4278 ﬂuvium
837 4223 1240 4288 Arvenna,nec
1254 4222 1452 4292 procul
1465 4223 1839 4281 aDoromello
1854 4226 1997 4294 vico,

391 4328 525 4366 cum
555 4327 624 4367 eo
644 4310 848 4382 praelia
880 4309 1225 4382 conﬂigunt.
1259 4309 1459 4384 Ibique
1488 4313 1653 4368 tanta
1684 4316 1903 4385 strages
1932 4331 1999 4369 ex

392 4399 648 4473 utrisque
690 4399 973 4473 partibus,
1023 4402 1084 4454 et
1134 4398 1383 4456 maxime
1441 4417 1508 4456 ex
1565 4400 1799 4457 Clotarii
1835 4407 1998 4474 parte

389 4491 544 4547 facta
574 4491 681 4556 est,
710 4491 773 4543 ut
797 4487 1000 4544 ﬂuvius
1027 4487 1146 4562 ipse
1165 4488 1436 4545 humanis
1458 4491 1724 4561 oppletus
1742 4491 1997 4563 corpori-

392 4582 499 4637 bus
510 4595 642 4635 suos
656 4577 924 4652 nequiret
946 4579 1180 4651 explere
1203 4581 1485 4636 cursus.ln
1512 4596 1582 4635 ea
1599 4597 1797 4653 pugna
1818 4597 2000 4653 ange-

390 4671 479 4724 lus
527 4666 761 4723 Domini
805 4666 1180 4739 evaginatum
1230 4671 1425 4723 astans
1466 4668 1610 4723 visus
1638 4672 1724 4724 est
1752 4669 1999 4726 tenuisse

391 4757 671 4830 gladium.
701 4756 982 4814 Clotarius
992 4775 1123 4815 suos
1139 4756 1565 4813 immanissime
1581 4758 1760 4814 sterni
1780 4760 2001 4831 conspi-

388 4845 564 4914 ciens,
597 4845 659 4901 in
688 4845 890 4919 fugam
915 4845 1183 4914 vertitur,
1199 4848 1257 4900 et
1273 4862 1376 4917 per
1390 4845 1724 4902 Milidunum
1746 4850 1999 4903 castrum

386 4936 449 4992 in
477 4935 665 4991 insula
690 4934 974 5009 Sequana:
996 4935 1195 5002 situm,
1217 4934 1463 4990 Parisius
1487 4937 1781 5006 properat.
1809 4936 1999 4991 Theo-

390 5024 1126 5081 debertuset’l‘heodoricus
1146 5027 1278 5096 post
1292 5026 1460 5094 terga
1477 5024 1798 5095 fugientem
1821 5025 1998 5080 secuti

388 5113 646 5170 civitates
657 5112 826 5185 regni
844 5113 892 5184 ej
903 5130 968 5169 us
991 5129 1210 5186 magna
1233 5129 1300 5168 ex
1314 5116 1478 5185 parte
1503 5112 2001 5171 evertentes.cives

389 5200 648 5259 servituti
660 5200 1252 5274 subjiciunt.Coactus
1276 5201 1557 5256 Clotarius
1573 5203 1836 5256 tenorem
1850 5202 1999 5275 pacti

391 5293 464 5349 ab
495 5290 758 5347 hostibus
786 5290 1089 5363 propositi,
1114 5290 1324 5346 invitus
1354 5289 1508 5356 licet,
1537 5283 1882 5358 firmaxitmt
1909 5291 1995 5345 in-

390 5384 478 5436 ter
507 5379 757 5452 Ligerim
777 5383 836 5434 et
856 5378 1171 5452 Squanam,
1196 5395 1373 5451 usque
1404 5379 1477 5434 ad
1517 5395 1677 5433 mare
1705 5379 1996 5435 Oceanum

388 5467 752 5540 limitemque
778 5467 1130 5537 Brittonum,
1154 5467 1494 5524 dilataretur
1523 5466 1862 5523 Theodorici
1896 5485 2000 5540 reg

389 5572 554 5625 num,
578 5558 637 5611 ct
655 5554 810 5609 inter
831 5554 1170 5628 Sequanam
1199 5560 1256 5611 et
1278 5558 1490 5611 [seram
1514 5555 1752 5611 ducatus
1775 5556 1999 5628 integer

390 5642 709 5708 Deuteleni,
736 5642 990 5714 itemque
1016 5661 1193 5715 usque
1216 5644 1285 5698 ad
1311 5660 1471 5698 mare
1486 5645 1885 5700 Thcodeberto
1909 5663 2000 5699 ac-

390 5732 570 5790 deret.
604 5727 921 5785 Duodecim
957 5733 1183 5785 tantum
1205 5731 1359 5804 pagi,
1400 5730 1550 5787 inter
1579 5733 1908 5808 Sequanam
1930 5749 1995 5787 ac

2100 3354 2204 3411 per
2224 3338 2408 3393 visum
2431 3338 2757 3405 admonuit,
2790 3341 2853 3392 ut
2873 3354 3115 3410 surgens
3141 3340 3489 3411 quantocius
3519 3340 3596 3395 ad
3625 3357 3710 3396 ec-

2098 3426 2353 3493 clesiam,
2387 3442 2564 3497 quam
2580 3424 2902 3480 Sedeleuba
2913 3426 3210 3498 quondam
3226 3427 3708 3499 Burgundionum

2101 3515 2304 3588 regina
2318 3514 2378 3569 in
2403 3514 2731 3570 suburbano
2750 3513 3069 3569 Cenabensi
3086 3516 3712 3585 construxit,irent.lbi,

2102 3605 2161 3660 in
2191 3603 2385 3660 medio
2406 3603 2674 3670 basilicae,
2694 3620 2814 3658 esse
2838 3603 3104 3675 designat
3133 3605 3347 3674 locum,
3382 3622 3502 3679 quo
3516 3622 3714 3679 corpus

2103 3696 2367 3749 sanctum
2390 3709 2511 3747 esse
2543 3692 2872 3749 humatum.
2925 3692 3184 3764 Cumque
3215 3693 3519 3767 episcopus
3539 3696 3710 3750 Gena-

2101 3780 2344 3836 bensem
2375 3779 2616 3835 festinus
2642 3779 2852 3834 adisset
2898 3779 3127 3843 urbem,
3158 3782 3471 3854 assumptis
3529 3800 3713 3838 secum

2102 3869 2333 3924 Rustico
2362 3873 2420 3925 et
2449 3868 2696 3940 Patricio
2746 3867 3105 3937 anstistibus,
3154 3868 3430 3927 triduano
3492 3876 3715 3946 peracto

2096 3958 2344 4031 jejunio,
2374 3960 2544 4013 nocte
2576 3957 2859 4028 sequenti,
2874 3973 2941 4012 eo
2963 3957 3227 4031 loci,quo
3249 3959 3494 4030 gloriosi
3514 3964 3716 4033 marty-

2102 4046 2180 4101 ris
2198 4046 2571 4118 quiescebant
2588 4045 2876 4114 membra,
2894 4046 2990 4100 lux
3006 4046 3247 4102 caelestis
3273 4049 3714 4119 apparuit.Tunc

2100 4135 2162 4191 hi
2187 4139 2304 4191 tres
2332 4132 2569 4190 Domini
2613 4133 2960 4201 sacerdotes,
2991 4135 3210 4190 elevato
3252 4152 3368 4207 quo
3419 4139 3716 4209 tegebatur

2099 4224 2313 4297 lapide,
2346 4223 2696 4278 invenerunt
2717 4224 2980 4277 sanctum
2996 4222 3057 4278 in
3084 4238 3218 4278 arca
3233 4227 3523 4296 argentea
3526 4227 3715 4298 jacen-

2100 4313 2421 4385 tem.Cujus
2447 4312 2641 4379 facies,
2686 4311 3137 4384 septempliciter
3174 4329 3352 4385 quam
3417 4315 3716 4387 cujuslibet

2099 4402 2341 4458 viventis
2360 4400 2634 4468 hominis,
2654 4399 2845 4455 divino
2873 4399 3151 4455 irradiata
3175 4402 3595 4473 resplendebat
3616 4405 3713 4458 ful-

2098 4489 2407 4563 gore.Huic
2426 4492 2547 4544 tam
2560 4487 2844 4543 mirandae
2863 4488 3080 4560 egregii
3094 4489 3366 4561 martyris
3386 4489 3708 4546 inventioni

2099 4578 2366 4635 interfuit
2383 4576 2773 4633 Theodoricus
2807 4575 3094 4647 princeps,
3129 4576 3227 4648 qui
3258 4577 3386 4633 loco
3422 4577 3508 4633 illi
3552 4579 3714 4634 maxi-

2101 4685 2260 4724 mam
2290 4666 2621 4741 portionem
2644 4663 2931 4720 facultatis
2985 4665 3377 4720 Warnecharii
3427 4668 3705 4734 contulit;

2100 4773 2275 4829 quam
2306 4756 2420 4823 ille,
2450 4758 2513 4810 ut
2566 4752 2829 4826 praefacti
2880 4769 3097 4814 sumus,
3142 4755 3534 4826 eleemosynis
3562 4757 3706 4811 dele-

2099 4846 2335 4917 gaverat
2365 4842 2750 4916 erogandam.
2772 4841 2859 4896 Ad
2885 4843 3214 4913 sepulcrum
3230 4842 3487 4917 denique
3515 4844 3709 4900 beatis-

2099 4934 2230 4989 simi
2261 4932 2523 5000 Victoris,
2557 4930 2769 4988 Christi
2798 4931 3062 5003 potentia
3111 4932 3295 4987 multa
3349 4932 3558 4989 exinde
3610 4932 3709 4988 mi-

2100 5024 2429 5079 raculorum
2460 5021 2714 5077 ostendit
2753 5020 2937 5092 signa.
2972 5021 3050 5075 Eo
3083 5036 3261 5090 anno,
3296 5022 3563 5078 Etherius
3582 5023 3709 5091 Lug

2101 5112 2370 5169 dunensis
2400 5109 2863 5183 archiepiscopus
2886 5107 3048 5176 obiit,
3073 5108 3495 5184 ordinatusque
3521 5115 3603 5166 est
3624 5109 3703 5163 Se.

2100 5201 2380 5258 cundinus
2410 5202 2537 5255 loco
2567 5199 2769 5271 ipsius.

2169 5293 2336 5345 Anno
2365 5307 2463 5344 νιιι
2493 5287 2663 5359 regni
2682 5285 3161 5354 Theodeberti,ex
3192 5288 3521 5343 concubina
3544 5285 3702 5341 nasci-

2097 5383 2192 5435 tur
2220 5379 2271 5434 ei
2301 5380 2448 5433 alter
2479 5376 2650 5443 filius,
2680 5391 2846 5431 avum
2881 5374 3315 5430 Childebertum
3361 5377 3598 5431 nomine
3621 5389 3698 5428 re-

2097 5469 2305 5523 ferens.
2341 5465 2606 5538 Synodus
2649 5463 2826 5519 etiam
2875 5462 3172 5519 Cabillono
3225 5463 3469 5520 collecta
3488 5461 3697 5520 Deside-

2101 5558 2252 5612 rium
2269 5554 2654 5609 Viennensem
2684 5552 3018 5623 episcopum
3036 5550 3460 5624 dejecit,eoque
3473 5551 3697 5607 factione

2099 5642 2490 5700 Brunechildis
2529 5644 2586 5696 et
2622 5640 2801 5695 Aridii
2836 5638 3231 5711 Lugdunensis
3284 5639 3589 5711 pontificis,
3614 5634 3691 5708 qui

2100 5731 2427 5791 Secundino
2450 5731 2820 5800 successerat,
2842 5729 2901 5785 in
2919 5726 3180 5785 exsilium
3207 5732 3363 5800 acto,
3381 5729 3692 5800 subrogalus
