3882 6212
157 510 253 565 757
1215 491 1540 549 HISTORIA
1563 486 2009 547 FRANCORUM.
2033 519 2105 533 —
2141 489 2272 550 LIB.
2292 490 2385 547 III.
3351 485 3462 547 758

161 631 234 685 est
252 621 568 681 Dommilus
601 619 664 675 in
688 615 1021 674 sacerdotali
1038 614 1344 674 officio.Eo
1357 630 1512 670 anno
1525 611 1749 685 eclipsis
1770 616 1827 675 Α
1854 612 2194 667 Bertoaldus
2226 609 2575 667 nominatim
2605 607 2984 666 Landerieum
3012 606 3284 676 vocitare,
3315 611 3374 664 et
3402 611 3466 666 ut

160 717 278 774 solis
300 715 446 770 facta
474 713 584 768 est.
1850 717 2042 756 secum
2067 701 2234 771 juxta
2260 700 2532 770 placitum
2556 697 3031 771 congrederetur,
3060 713 3178 752 non
3207 696 3467 752 cessabat

753 797 976 852 CAPUT
1014 795 1144 850 XCI.
1849 805 2182 860 provocare.
2205 788 2370 853 Quod
2387 788 2526 843 dum
2551 787 2895 842 Landericus
2920 787 3202 842 abnueret
3229 801 3295 839 ac
3321 801 3464 858 pau-

155 894 226 949 Dc
248 890 408 947 Corbi
436 894 587 953 ortu,
620 885 906 940 Bertoaldi
931 886 1169 949 interitu,
1201 881 1520 936 ctProta‘dii
1543 879 1749 934 Brune—
1850 876 2013 930 latim
2046 877 2170 930 loco
2201 877 2451 942 cederet,
2472 873 2894 930 Bertoaldusad
2920 873 3119 928 Solum
3149 873 3467 928 subeunda:

239 979 414 1036 childis
446 977 709 1031 amatoris
742 974 1040 1039 insolentia,
1073 987 1136 1028 ac
1167 988 1349 1040 regum
1379 971 1650 1037 conﬂictu.

215 1072 370 1124 Anno
388 1083 441 1120 IX
459 1063 775 1119 memorati
793 1061 966 1132 regis,
985 1061 1191 1115 iterato
1206 1060 1257 1113 ei
1310 1058 1458 1112 filius
1471 1056 1746 1124 nascitur,

159 1157 374 1215 nomine
393 1153 639 1209 Corbus.
669 1152 872 1206 Comes
907 1149 1100 1220 palatii
1130 1148 1306 1220 ipsius
1331 1145 1602 1217 principis
1618 1148 1751 1199 tunc

156 1242 413 1316 temporis
438 1239 784 1296 Bertoaldus
806 1240 930 1293 erat
948 1237 1032 1291 vir
1055 1235 1282 1308 sapiens
1312 1237 1596 1300 etcautus,
1625 1249 1751 1287 mo-

157 1335 294 1390 ribus
320 1331 472 1401 regis
501 1344 814 1399 congruus,
846 1326 906 1380 in
939 1325 1137 1396 praclio
1193 1323 1378 1389 fortis,
1412 1339 1474 1376 ac
1508 1323 1566 1376 in
1595 1338 1754 1375 com-

160 1423 309 1477 misso
339 1418 543 1474 fidelis.
579 1416 882 1472 Pretadius
924 1430 1060 1468 vero
1098 1413 1334 1484 quidam
1381 1413 1506 1466 erat
1541 1425 1756 1481 genere

162 1513 449 1575 Romanus,
469 1503 847 1561 Brunechildi
869 1518 1040 1557 causa
1060 1502 1238 1571 stupri
1257 1498 1754 1564 familiarissimus,

163 1603 212 1653 et
238 1598 304 1651 ob
324 1597 380 1650 id
407 1596 464 1649 in
493 1610 651 1665 pago
684 1590 1075 1660 Ultrajurano,
1108 1592 1237 1658 post
1263 1587 1756 1651 Wandalmarum,

165 1684 224 1739 ab
239 1699 299 1738 ea
313 1683 423 1737 dux
434 1681 808 1736 constitutus.
829 1679 1130 1733 Crescente
1144 1677 1334 1748 itaque
1347 1675 1760 1730 consuetudine

163 1771 283 1837 vitii,
322 1771 496 1826 crevit
524 1769 706 1824 simul
741 1772 797 1823 et
839 1767 1188 1822 desiderium
1215 1765 1454 1820 honoris
1479 1780 1759 1834 augmen-

165 1860 326 1914 tandi.
354 1859 545 1914 Tacite
569 1874 712 1928 ergo
736 1858 844 1912 hoc
863 1855 1265 1927 prmmeditata
1281 1853 1605 1918 consilium,
1621 1869 1763 1923 prte-

1855 964 2060 1020 mortis
2089 964 2358 1019 affectum
2381 963 2706 1019 insurrexit.
2740 964 2810 1017 Et
2837 963 2973 1035 quia
2991 962 3117 1033 jam
3164 961 3466 1034 cognitum

1854 1054 2125 1121 habebat,
2157 1055 2311 1126 quod
2343 1052 2744 1108 Brunechildis
2765 1068 2898 1106 eum
2921 1068 2954 1106 a
2974 1050 3215 1124 pristino
3230 1049 3469 1105 honoris

1854 1141 2039 1211 gradu
2055 1141 2323 1212 dejicere,
2349 1159 2413 1196 ac
2432 1141 2774 1196 Protadium
2797 1157 2902 1212 pro
2925 1157 2994 1195 eo
3016 1139 3318 1194 moliretur
3337 1156 3470 1194 con-

1853 1231 2110 1298 stituere,
2133 1231 2336 1284 melius
2342 1230 2619 1300 judicavit
2640 1247 2774 1284 cum
2789 1230 2996 1284 decore
3018 1229 3168 1284 bello
3193 1232 3470 1300 oppetere

1857 1336 2031 1391 quam
2080 1319 2363 1390 reliquum
2397 1319 2551 1390 quod
2594 1335 2889 1390 superesse
2916 1321 3144 1389 poterat
3181 1317 3311 1371 vitae
3336 1332 3469 1371 eum

1859 1409 2143 1464 dedecore
2175 1409 2402 1463 ducere.
2436 1409 2584 1462 Dum
2617 1407 2807 1480 itaque
2835 1407 3093 1480 palantia
3143 1406 3333 1461 studet
3361 1407 3471 1460 im-

1861 1499 2088 1568 pulsare
2108 1496 2343 1568 agmina
2359 1497 2908 1568 oppressionemque
2927 1496 2983 1550 in
2997 1496 3267 1551 cedentes
3285 1495 3474 1550 hostes

1860 1586 2071 1652 facere,
2090 1588 2461 1640 occurrentes
2474 1603 2701 1658 quoque
2717 1602 2997 1640 mucrone
3016 1585 3476 1650 sterneret,unus

1863 1691 1897 1728 θ.
1918 1673 2115 1728 multis
2140 1675 2526 1728 circumdatus
2557 1689 2974 1746 oppressusque
2987 1671 3390 1744 exstinguitur.
3411 1673 3474 1725 In

1866 1778 1932 1815 eo
1969 1761 2166 1832 proelio
2191 1762 2478 1816 Meroveus
2519 1761 2666 1816 filius
2713 1761 2945 1816 Clotarii
2976 1761 3218 1832 capitur.
3255 1759 3476 1815 Lande-

1865 1851 2016 1904 ricus
2045 1865 2172 1904 cum
2205 1849 2453 1904 Clotario
2480 1850 2538 1903 in
2570 1850 2767 1921 fugam
2802 1850 3061 1917 vertitur,
3091 1849 3479 1904 Theodericus

169 1948 386 2020 sumpsit
409 1952 692 2018 nepotem
723 1962 888 2000 orare
925 1962 1090 1999 suum
1140 1945 1202 1997 ut
1247 1942 1598 1996 interficeret
1627 1943 1764 1996 Ber-
1783 1934 1834 1994 B
1868 1939 2052 1992 victor
2078 1937 2320 1992 Parisios
2351 1937 2692 2008 ingreditur.
2746 1940 2881 1992 Post
2908 1939 3030 1992 haec
3055 1937 3481 1992 Theodebertus

169 2036 423 2102 toaldum,
450 2038 508 2089 et
521 2035 816 2105 majorem
840 2033 1014 2087 totius
1035 2032 1210 2102 regiae
1234 2032 1438 2085 domus
1460 2030 1766 2084 constitue-

171 2127 246 2177 ret
271 2123 626 2178 Protadium.
652 2124 795 2177 Tum
829 2122 979 2176 forte
1006 2119 1340 2175 Bertoaldus
1361 2117 1764 2172 aTheodorico

168 2227 280 2266 cum
306 2212 574 2266 trecentis
615 2211 678 2264 in
714 2209 1059 2277 Neustriam,
1093 2210 1156 2261 ut
1184 2210 1414 2279 partem
1445 2205 1612 2275 regni
1644 2205 1766 2274 ejus

1867 2043 1998 2081 cum
2027 2025 2275 2080 Clotario
2298 2041 2501 2096 pacem
2521 2026 2876 2099 Compendio
2899 2026 3030 2080 villa
3051 2025 3244 2092 inivit;
3268 2023 3478 2079 exerci-

1867 2118 1959 2169 tus
1982 2130 2116 2168 vero
2148 2130 2350 2169 eorum
2377 2113 2584 2170 illaesus
2613 2114 2686 2168 ad
2716 2114 2954 2186 propria
2981 2113 3170 2168 rediit.

2459 2203 2683 2257 CAPUT
2720 2202 2877 2256 XCII.

171 2303 422 2365 tueretur,
468 2300 725 2355 directus
761 2297 913 2362 viris,
944 2298 1254 2350 Arenauno
1287 2292 1406 2356 [al.,
1452 2294 1765 2355 Arelauno]
1872 2273 1960 2328 De
1988 2273 2557 2365 ῖρταᾷξίηζῖᾳητειηξη
2600 2276 2695 2365 (Ιξλξ
2734 2274 2913 2365 [τέξξέἔὲ
2941 2272 3481 2365 ,ἐξί-,ζῖἓξιείίξζ-ίζρῄξξδ

171 2389 283 2442 villa
300 2389 591 2444 venationi
617 2403 858 2459 operam
880 2385 1074 2440 dabat.
1097 2383 1220 2448 Quo
1242 2386 1562 2453 comperto,
1577 2382 1765 2436 Clota-

174 2476 272 2530 rius
293 2477 467 2531 filium
491 2478 848 2541 Meroveum,
873 2476 930 2529 et
953 2473 1332 2527 Landericum
1355 2471 1582 2537 ducem,
1621 2469 1768 2526 datis

175 2563 221 2617 in
238 2563 637 2635 adjumentum
668 2563 800 2617 viris
818 2560 1162 2628 strenuis,ad
1176 2558 1622 2632 opprimendum
1636 2560 1767 2613 Ber-

175 2651 405 2707 toaldum
452 2652 679 2723 dirigit.
706 2649 1040 2705 Bertoaldus
1063 2648 1261 2702 hoster
1288 2663 1458 2717 super
1487 2663 1568 2713 se,
1597 2647 1768 2702 certis

1946 2348 2123 2414 regiae,
2156 2348 2389 2400 avaritia
2419 2345 2580 2414 fccda,
2606 2343 2693 2398 ὀὐ
2739 2362 2901 2415 quam
2931 2343 3180 2398 omnibus
3209 2345 3372 2415 erasit
3397 2346 3482 2397 in-

1943 2420 2103 2483 visus,
2153 2424 2204 2471 et
2258 2415 2468 2470 tandem
2523 2434 2553 2468 a
2593 2414 2905 2485 proceribus
2944 2422 3017 2469 est
3055 2414 3412 2485 infer/edas,
3435 2421 3484 2468 et

1942 2505 2086 2557 reges
2140 2488 2484 2551 reconciliati,
2525 2483 2691 2557 cie—que
2732 2488 3049 2542 successione
3108 2483 3330 2540 Claudii
3380 2484 3486 2540 Ro-

1940 2561 2094 2612 mani
2121 2559 2232 2613 viri
2251 2557 2547 2628 prudentis.

1942 2649 2117 2702 Anno
2146 2663 2176 2699 x
2208 2645 2376 2715 regni
2393 2644 2752 2712 Theoderici,
2767 2645 2934 2716 juxta
2957 2645 3318 2700 voluntatem
3340 2645 3482 2701 Bru-

177 2739 366 2794 nuntiis
394 2741 451 2795 id
482 2738 1132 2804 deferentibus,irruere
1154 2736 1297 2790 velle
1319 2737 1768 2806 cognoscens,et
1868 2734 2165 2800 nechildis,
2195 2751 2261 2789 ex
2290 2738 2578 2806 praecepto
2607 2733 2948 2789 Theoderici
2974 2733 3277 2790 Pretadius
3293 2734 3486 2804 major

177 2845 225 2882 se
252 2830 317 2884 ad
360 2829 750 2884 resistendum
790 2826 1001 2880 viribus
1046 2825 1331 2896 imparem
1392 2825 1515 2880 fore
1559 2825 1761 2893 sciens,

179 2919 318 2988 terga
336 2920 562 2972 vertens
589 2915 915 2970 Aurelianis
947 2931 1005 2968 se
1033 2914 1276 2980 confert,
1318 2913 1509 2984 ibique
1539 2931 1573 2968 a
1593 2913 1762 2968 beato

177 3005 426 3061 Austreno
452 3005 720 3077 ejusdem
740 3003 893 3058 urbis
914 3002 1180 3073 episcopo
1198 3002 1520 3074 suscipitur.
1544 3003 1761 3057 Laude-

177 3093 303 3147 ricus
325 3096 454 3149 ante
480 3097 718 3167 portam
765 3090 1006 3145 civitatis
1051 3089 1474 3144 Aurelianensis
1513 3089 1762 3144 exercitu

175 3180 411 3249 deducto,
427 3181 808 3237 Berloaldum
822 3179 895 3233 ad
908 3195 1168 3250 pugnam
1181 3179 1376 3249 egredi
1392 3179 1760 3250 provocabat.

1867 2827 2078 2881 demus
2098 2825 2487 2880 constituitur.
2510 2824 2616 2888 Qui
2647 2841 2777 2880 cum
2809 2841 2979 2880 sensu
3004 2824 3403 2897 argutissimas
3418 2838 3484 2878 ac

1864 2915 1924 2968 in
1971 2913 2221 2968 consiliis
2267 2914 2580 2968 haberetur
2625 2916 2911 2981 strenuus,
2957 2930 3108 2968 θωνα
3160 2917 3360 2968 tamen
3401 2911 3483 2966 illi

1866 3002 2055 3058 inerat
2085 3006 2289 3058 contra
2319 3004 2630 3074 locupletes
2651 3003 2980 3073 cupiditatis
3001 3003 3247 3069 macula,
3281 3002 3481 3057 fiscum

1869 3091 2083 3146 volenti
2115 3093 2336 3163 replere
2363 3107 2428 3146 ac
2455 3091 2705 3160 seipsum
2735 3091 2939 3146 ditare.
2974 3091 3232 3164 Denique
3273 3090 3482 3146 nobili-

1867 3183 2047 3234 tatem
2079 3179 2415 3234 insectando
2457 3180 2806 3249 Burgundia:
2853 3197 3057 3236 omnes
3095 3179 3330 3251 cupiens
3375 3177 3481 3236 sibi

175 3267 257 3322 Cui
284 3269 536 3326 Bertoald
559 3285 648 3323 us:
686 3291 714 3319 «
758 3269 1096 3332 Numeroso,
1147 3266 1246 3334 ait,
1297 3268 1535 3320 vallatus
1580 3266 1830 3332 militeC
1869 3267 2169 3338 subjicere,
2203 3283 2295 3321 res
2319 3283 2520 3321 eorum
2550 3269 2869 3322 conabatur
2890 3269 3100 3339 injuste
3127 3268 3373 3334 auferre,
3407 3283 3480 3322 ne

173 3357 383 3413 conﬁdis
395 3375 487 3414 me
519 3374 665 3413 cum
697 3355 889 3428 paucis
908 3354 1011 3408 tibi
1035 3371 1149 3409 non
1170 3371 1333 3426 posse
1361 3355 1644 3408 resistere.
1664 3355 1766 3408 Ve-

173 3460 304 3511 rum,
327 3446 369 3500 si
401 3448 622 3518 placet,
654 3461 758 3498 nos
791 3444 903 3497 duo
934 3442 1241 3514 singularis
1287 3443 1550 3496 ineamus
1581 3446 1763 3496 certa-

175 3533 312 3588 mina
337 3551 577 3606 pugnaa,
606 3535 801 3604 procul
821 3549 1095 3604 suspensa
1119 3535 1473 3586 armatorum
1505 3531 1762 3586 multitu~

176 3619 288 3676 dine
314 3627 368 3677 et
393 3623 475 3678 rei
493 3625 778 3678 eventum
803 3624 1186 3692 exspectante.
1215 3621 1431 3675 Nullius
1455 3621 1765 3675 adsitsola-

175 3706 295 3763 tium
344 3711 630 3776 satellitis,
702 3709 878 3764 solius
935 3711 1295 3781 exspectetur
1351 3725 1593 3763 examen
1627 3707 1768 3780 justi

170 3792 369 3862 judicis.
387 3818 418 3852 »
433 3801 760 3854 Recusante
791 3797 1104 3852 Landerico
1116 3797 1411 3870 congredi,
1436 3799 1766 3853 Bertoaldus

180 3881 354 3941 iterato
385 3888 528 3943 dixit
562 3888 650 3941 ei:
685 3907 716 3940 «
749 3886 895 3951 Quia
933 3886 1184 3941 formido
1223 3890 1278 3940 te
1316 3904 1468 3941 nunc
1500 3887 1769 3958 prohibet

181 3986 379 4029 mecum
396 3993 644 4032 manum
672 3991 974 4030 consarere
992 3974 1320 4046 proximum
1350 3978 1434 4029 est
1461 3978 1523 4028 ut
1545 3974 1766 4029 domini

181 4063 356 4129 nostri,
384 4079 486 4134 pro
521 4063 638 4118 tuis
665 4062 813 4118 ausis
843 4061 1187 4129 temerariis,
1221 4062 1426 4134 quibus
1457 4079 1768 4135 praesump-

182 4146 317 4214 psisti
345 4153 657 4223 praeripere
707 4154 931 4223 partem
985 4149 1152 4222 regni
1203 4150 1424 4205 domini
1453 4150 1566 4204 mei
1593 4149 1765 4221 regis,

183 4233 312 4292 inter
337 4256 392 4294 se
423 4242 744 4297 decernant
773 4257 906 4295 cum
947 4243 1306 4295 armatorum
1333 4239 1547 4294 cuneis.
1588 4241 1764 4306 Tunc,

183 4321 221 4374 si
238 4325 485 4394 placebit,
517 4346 629 4400 ego
651 4333 709 4383 et
731 4333 789 4382 tu
812 4327 1196 4382 vermiculatis
1215 4328 1476 4398 adoperti
1499 4328 1766 4395 vestibus,

185 4409 315 4468 inter
341 4418 602 4474 conferta
645 4417 1092 4487 congrediamur
1121 4416 1378 4486 agmina.
1425 4417 1504 4472 Ibi
1539 4418 1597 4471 et
1621 4433 1768 4472 mete

187 4501 436 4566 probrum
453 4506 722 4579 ignaviae,
743 4505 1157 4561 etvirtutistuaa
1178 4505 1392 4576 poteris
1419 4505 1769 4562 documenta

188 4594 596 4656 persentiscere.
640 4617 668 4642 »

247 4676 346 4733 Has
371 4682 730 4737 conditiones
753 4699 871 4736 non
891 4686 1169 4738 renuente
1187 4683 1522 4751 Lauderico,
1539 4684 1767 4756 utrique

189 4767 426 4832 quaedam
447 4771 552 4825 sibi
575 4771 922 4838 adinvicem,
939 4773 1038 4826 sia
1065 4776 1249 4841 coepto
1273 4773 1633 4841 desisterent,
1657 4773 1765 4828 im-

190 4856 420 4918 precanti
447 4861 582 4912 sunt
626 4857 953 4913 maledicta.
1007 4861 1133 4913 Haac
1175 4859 1313 4913 dum
1365 4860 1424 4914 in
1470 4861 1561 4915 die
1610 4861 1761 4916 festi-

190 4935 352 4995 vitatis
370 4945 547 5000 sancti
577 4946 801 5001 Martini
829 4949 989 5017 gcsta
1022 4947 1280 5016 fuissent,
1303 4951 1360 5002 et
1383 4949 1767 5006 Theodericus

189 5039 278 5092 pro
301 5036 447 5087 certo
475 5039 802 5106 agnovrsset
827 5036 980 5106 quod
1020 5052 1151 5108 pars
1171 5037 1333 5108 regni
1357 5038 1440 5092 sui
1463 5056 1491 5093 εδ
1519 5039 1765 5095 Clotario

189 5126 400 5179 pervasa
427 5121 595 5190 foret,
629 5123 753 5193 ipsa
773 5122 863 5177 die
881 5141 995 5194 qua
1015 5124 1295 5179 incarnati
1318 5127 1480 5182 Verbi
1504 5128 1765 5184 nativitas

191 5213 219 5251 a
243 5208 440 5263 cunctis
488 5210 754 5266 fidelibus
785 5211 987 5266 devote
1017 5213 1243 5282 colitur,
1275 5220 1578 5285 promovet
1605 5234 1764 5271 exer-

189 5285 367 5357 citum,
380 5300 434 5352 et
455 5299 606 5371 apud
625 5299 892 5370 Stampas
909 5318 1080 5373 super
1093 5303 1325 5357 fluvium
1343 5305 1552 5372 Junna,
1567 5309 1768 5359 contra

193 5373 498 5455 Clotarium,
535 5388 634 5460 qui
684 5388 837 5442 haud
881 5389 1110 5460 segnius
1157 5392 1399 5464 parabat
1441 5408 1764 5460 occurrere,

193 5466 351 5526 aciem
373 5475 580 5550 dirigit.
605 5475 718 5530 Sed
738 5477 874 5531 dum
899 5482 1087 5533 arctus
1104 5485 1251 5534 esset
1279 5482 1482 5536 Junnae
1514 5481 1768 5536 fluminis

193 5555 478 5631 transistus,
498 5568 808 5636 antequam
835 5569 1017 5620 totum
1038 5569 1374 5625 Theoderici
1394 5570 1770 5640 pertransiret

197 5656 400 5732 agliien,
431 5653 639 5708 initum
675 5657 758 5706 est
789 5659 1102 5710 certamen.
1143 5661 1296 5713 Inter
1322 5657 1768 5714 confcrtissimas

198 5729 366 5805 igitur,
379 5754 438 5795 ac
450 5741 503 5796 in
530 5743 791 5796 mutuam
810 5742 1090 5799 inhiantes
1103 5746 1415 5818 perniciem
1429 5748 1766 5819 phalanges,

1871 3356 1997 3428 quis
2027 3355 2129 3410 sibi
2155 3359 2348 3426 posset
2375 3357 2658 3410 honorem
2693 3373 2807 3427 quo
2832 3357 3132 3411 fruebatur
3159 3357 3480 3429 subripere.

1872 3444 2236 3515 Quapropter
2257 3459 2374 3496 non
2393 3444 2616 3497 valebat
2633 3443 2873 3515 quilibet
2889 3448 3192 3515 potentum
3215 3444 3484 3517 reperiri,

1871 3533 1969 3606 qui
2001 3532 2048 3603 ej
2061 3549 2122 3586 us
2148 3532 2318 3586 vellet
2346 3530 2618 3585 familiari
2647 3532 2933 3602 colloquio
2966 3532 3054 3586 vel
3077 3531 3329 3588 amicitia
3349 3532 3482 3591 frui.

1872 3622 1985 3677 Sed
2018 3621 2157 3677 dum
2187 3619 2597 3686 Brunechildis,
2628 3619 2834 3674 veteris
2864 3619 3180 3674 inimicitiae
3212 3620 3482 3676 recorda-

1868 3711 2028 3766 tione
2054 3709 2367 3764 vindictam
2397 3707 2776 3764 meditaretur
2805 3705 3152 3778 expulsionis
3180 3724 3318 3776 suae,
3351 3723 3483 3763 mo-

1870 3804 2151 3872 neretque
2189 3797 2611 3852 Theodericum
2647 3797 2946 3851 thesauros
2990 3795 3168 3866 patris
3206 3795 3277 3850 de
3305 3811 3484 3850 manu

1867 3885 2249 3942 Theodeberti
2276 3901 2557 3958 quaerere,
2590 3901 2848 3940 asserens
2896 3884 3059 3939 illum
3099 3900 3217 3939 non
3262 3883 3483 3940 Childe—

1871 3975 2040 4041 berti,
2073 3974 2173 4029 sed
2201 3974 2501 4046 cujusdam
2532 3971 2823 4028 hortulani
2855 3971 3038 4026 filium
3062 3971 3254 4026 fuisse.
3289 3973 3484 4028 Prota-

1870 4063 1995 4117 dius
2036 4063 2208 4136 caspit
2254 4080 2455 4136 regem
2505 4062 2578 4117 ad
2632 4063 2753 4116 hinc
2795 4061 3128 4134 peragenda
3176 4060 3482 4116 studiosius

1870 4151 2527 4207 commonere.Tandem
2545 4167 2678 4206 cum
2693 4149 3483 4221 exercituTheodoricuspro—

1870 4239 2070 4307 fectus,
2099 4241 2251 4312 apud
2273 4240 2664 4296 Cariaeiacum
2696 4241 2884 4295 castra
2910 4239 3120 4312 posuit,
3153 4241 3387 4312 paratus
3420 4237 3479 4292 in

1870 4328 2182 4383 crastinum
2235 4344 2366 4382 cum
2409 4329 2585 4384 fratre
2613 4328 2930 4400 congredi;
2965 4327 3061 4400 qui
3092 4328 3250 4382 haud
3281 4327 3481 4400 procul

1872 4433 2004 4470 cum
2033 4416 2222 4470 valida
2233 4416 2656 4472 Austrasiorum
2679 4417 3021 4473 consederat
3038 4432 3237 4472 manu.
3254 4417 3482 4470 Interea

1869 4504 2468 4559 leudiTheodorieum
2499 4506 2716 4561 hortari
2743 4509 3063 4578 coeperunt,
3119 4527 3140 4556 ι
3200 4506 3264 4559 ut
3315 4501 3481 4558 fratri

1871 4593 2357 4661 reconciliaretur,
2397 4609 2503 4648 nec
2546 4594 2868 4650 vanissima:
2917 4592 3216 4666 cupiditati
3244 4594 3480 4665 postpo-

1873 4685 2038 4738 neret
2067 4683 2236 4737 decus
2250 4682 2670 4754 germanitatis.
2692 4704 2718 4734 ι
2740 4684 3043 4738 Pretadius
3059 4681 3480 4739 econtravehe-

1871 4774 2099 4826 menter
2127 4771 2410 4839 resistere,
2441 4772 2662 4826 dicens:
2695 4790 2727 4823 α
2756 4770 2968 4826 Pacem
2994 4771 3118 4825 ﬁeri
3148 4787 3266 4826 non
3307 4785 3481 4842 opor-

1871 4864 2013 4915 tere.
2042 4879 2072 4912 »
2089 4860 2628 4915 Animadvertentes
2642 4859 2832 4914 centeri
2850 4874 3116 4932 proceres
3137 4874 3271 4912 eum
3292 4859 3482 4912 solum

1871 4966 2012 5015 esse,
2045 4949 2141 5020 qui
2167 4948 2420 5003 consiliis
2459 4965 2660 5002 eorum
2692 4947 3103 5018 refragaretur,
3135 4947 3482 5001 alterutrum

1881 5037 2418 5092 sermocinabantur
2451 5035 2828 5108 opportunius
2882 5035 3006 5088 fore
3038 5050 3219 5088 unum
3250 5032 3482 5089 tradere

1872 5126 2045 5182 morti
2067 5143 2240 5196 quam
2255 5127 2442 5180 totum
2458 5123 2772 5178 exercitum
2791 5121 3122 5196 periclitari.
3145 5122 3483 5194 Opportune

1868 5232 1968 5270 rex
1997 5214 2417 5270 exercitationis
2447 5212 2632 5285 gratia
2656 5211 2904 5267 tentorio
2938 5217 3220 5282 egressus,
3242 5225 3481 5266 rumore

1868 5305 2113 5369 ferente,
2139 5303 2427 5375 comperit
2457 5301 2739 5376 quosdam
2770 5299 3105 5355 Protadium
3153 5300 3296 5355 velle
3328 5299 3482 5372 peri-

1869 5407 2051 5457 mere,
2084 5394 2141 5444 et
2165 5391 2463 5462 proripere
2494 5408 2615 5447 sese
2660 5392 2877 5456 volens,
2911 5392 2973 5444 ut
3029 5404 3128 5444 eos
3157 5389 3230 5443 ab
3257 5385 3485 5458 injuriis

1871 5480 2180 5533 memorati
2222 5483 2548 5534 removeret
2585 5480 2712 5549 viri,
2758 5497 2792 5534 a
2819 5473 3300 5550 suisprohibitus,
3335 5493 3400 5532 ac
3430 5476 3483 5532 vi

1873 5567 2159 5632 detentus,
2191 5566 2369 5620 mittit
2389 5569 2701 5638 quemdam
2723 5570 3079 5625 Uncelenum
3119 5561 3485 5642 nomine,qui

1875 5655 2227 5730 principibus
2247 5655 2512 5710 factionis
2527 5657 2798 5726 jussionis
2827 5677 2942 5714 sum
2977 5656 3316 5714 auctoritate
3343 5660 3488 5715 tales

1874 5744 2243 5805 interdiceret
2267 5761 2452 5801 ausus.
2483 5745 2639 5800 Tune
2666 5746 2984 5802 Uncelenus
3004 5748 3078 5802 ad
3108 5761 3206 5802 eos
3251 5748 3493 5806 veniens
