3882 6212
355 473 464 533 759
903 483 906 486 ’
1429 471 1697 530 AIMOINI
1745 470 2055 530 MONACHI
2096 470 2612 529 FLORIACENSIS.
3586 474 3697 531 780

356 600 455 674 qui
475 598 603 671 jam
628 596 1064 654 tabernaculum
1093 597 1248 671 regis
1292 597 1818 665 circumdederant,
1850 614 1964 671 quo
1988 599 2043 660 Α
2066 596 2379 670 spanorum
2421 599 2594 654 illatae
2644 601 2962 656 sumerent.
3013 599 3278 673 Cumque
3325 599 3698 656 Theoderico

353 686 655 745 Protadius
683 704 799 742 una
828 703 960 742 cum
1004 689 1171 742 Petro
1204 687 1506 742 medicinae
1525 687 1664 742 artis
1686 687 1870 757 perito
1892 687 1965 741 ad
2067 689 2352 760 perlatum
2381 688 2578 744 fuisset
2606 688 2940 760 hujusmodi
2969 688 3274 745 consilium
3329 689 3455 744 illos
3487 691 3700 744 contra

353 776 801 834 tabulasludens
825 776 1082 842 sedebat,
1114 777 1306 831 taliter
1337 776 1493 830 infit:
1523 795 1554 827 ‹‹
1583 776 1750 830 Iubet
1782 776 1966 829 domi-

357 883 464 922 nus
494 881 656 920 meus
685 879 785 918 rex
811 863 1199 918 Theodericus
1249 867 1311 918 ut
1353 863 1730 917 interﬁciatur
1770 864 1970 917 Prota-

357 954 484 1010 dius
508 953 634 1026 paci
663 952 1005 1008 contrarius.
1036 974 1062 1001 »
1100 955 1232 1007 Post
1257 953 1413 1024 quod
1434 952 1673 1006 verbum
1707 952 1972 1004 certatim

359 1059 564 1098 omnes
585 1041 901 1097 tentorium
921 1041 1126 1112 gladiis
1143 1041 1542 1106 conciderunt,
1560 1043 1617 1095 et
1641 1039 1974 1094 Protadium

361 1131 499 1186 inibi
527 1133 923 1202 peremerunt.
947 1130 1334 1184 Theodericus
1362 1129 1494 1182 licet
1524 1146 1558 1182 a
1582 1129 1695 1182 suis
1726 1131 1973 1193 coactus,

360 1219 674 1276 cumfratre
692 1218 1098 1273 Thcodeberto
1130 1217 1482 1288 paciﬁcatur,
1518 1224 1576 1272 et
1599 1220 1976 1286 utrorumque

360 1309 639 1365 exercitus
664 1309 869 1374 salvus,
911 1324 978 1361 ac
1007 1307 1234 1376 integro
1264 1322 1530 1371 numero,
1563 1306 1636 1360 ad
1654 1323 1755 1359 sua
1781 1321 1974 1374 regre-

364 1397 536 1452 ditur.
563 1398 730 1450 Anno
763 1411 818 1450 χι
849 1395 1012 1466 regni
1040 1393 1380 1449 Theoderici
1410 1395 1754 1461 subrogatur
1786 1395 1980 1446 Prota-

366 1485 460 1540 dio
477 1483 667 1555 major
681 1483 886 1538 demus
899 1482 1137 1554 quidam
1153 1482 1440 1549 Claudius,
1467 1481 1665 1535 itidem
1692 1483 1980 1536 Romanus

368 1589 613 1644 genere;
644 1573 822 1627 homo
856 1571 1130 1642 prudens,
1173 1570 1284 1624 fide
1335 1572 1562 1642 plenus,
1600 1570 1888 1638 jucundus
1919 1568 1978 1622 in

365 1661 592 1728 fabulis,
624 1659 894 1732 providus
941 1660 998 1714 in
1059 1658 1301 1728 cunctis,
1357 1658 1458 1712 sed
1489 1658 1694 1726 sagina
1725 1658 1981 1728 corporis

365 1750 528 1806 valde
556 1748 762 1819 gravis.
806 1747 912 1812 Qui
944 1746 1382 1818 prmdecessoris
1411 1746 1496 1799 sui
1528 1745 1757 1800 territus
1789 1762 1990 1800 exem-.

368 1839 495 1909 plis,
527 1837 845 1892 amicitiam
884 1853 1017 1890 cum
1049 1835 1328 1890 universis
1353 1850 1602 1900 servans,
1629 1835 1820 1888 lenem
1843 1850 1902 1888 se
1919 1850 1985 1888 ac

366 1925 743 1982 favorabilem
772 1941 808 1997 p
823 1923 1100 1980 raebcbat.

945 2029 1168 2083 CAPUT
1206 2027 1382 2083 XCIII.

367 2119 452 2175 De
480 2121 682 2176 ultione
720 2135 880 2190 quam
928 2117 1309 2190 Brunechildis
1359 2116 1436 2190 de
1465 2116 1694 2190 immicis
1742 2115 1992 2173 Protadii

554 2193 709 2263 cepit,
724 2187 895 2262 deque
923 2188 1191 2242 Desiderii
1212 2189 1439 2257 episcopi
1462 2187 1806 2258 lapidatione.

438 2279 606 2334 Anno
632 2295 705 2334 xu
735 2277 903 2349 regni
918 2275 1257 2331 Theoderici
1286 2274 1738 2346 Uncelenus,qui
1763 2273 1988 2329 fallacia

369 2385 471 2423 sua
503 2366 773 2423 Protadio
803 2381 974 2420 causa
999 2363 1205 2418 mortis
1245 2362 1560 2430 exstiterat,
1597 2362 1818 2417 insidiis
1849 2364 1989 2417 Bru-

371 2455 650 2511 nechildis
679 2454 827 2527 pede
858 2456 1157 2507 truncatus
1197 2453 1483 2521 rebusque
1514 2449 1628 2504 suis
1649 2450 1985 2521 expoliatus,

371 2561 549 2616 egens
579 2544 665 2597 est
708 2541 988 2595 redditus.
1038 2539 1252 2594 Wolfus
1301 2553 1531 2610 quoque
1577 2538 1869 2610 patricius,
1920 2555 1987 2593 eo

371 2631 528 2704 quod
555 2630 613 2685 in
640 2643 843 2684 necem
863 2628 990 2699 jam
1015 2627 1152 2682 dicti
1181 2626 1563 2681 consensisset
1586 2626 1859 2694 Protadii,
1885 2628 1986 2682 Fa-

372 2717 588 2775 riniaco
611 2717 743 2771 villa
763 2719 1112 2788 suggerente
1144 2714 1523 2770 Brunechilde
1546 2714 1706 2786 jussu
1727 2715 1986 2771 Theodo-

372 2806 475 2863 rici
526 2805 888 2862 interﬁcitur.
952 2805 1126 2858 Natus
1175 2802 1350 2858 etiam
1412 2805 1498 2857 est
1550 2819 1615 2857 ex
1671 2803 1990 2859 concubina

371 2893 711 2950 Theoderici
734 2893 903 2960 filius,
936 2891 1174 2948 nomine
1205 2892 1515 2946 Meroveus.
1541 2891 1721 2955 Quem
1735 2909 1835 2946 rex
1859 2893 1986 2947 Clo-

373 2983 552 3039 tarius
582 2983 652 3038 de
685 2997 844 3037 sacro
898 2980 1061 3036 fonte
1105 2980 1330 3035 levavit.
1379 2982 1556 3034 Porro
1608 2996 1759 3051 saepe
1807 2980 1989 3036 dictus

373 3089 472 3126 rex
486 3071 890 3137 Theodericus,
903 3068 1368 3140 persuasionibus
1385 3068 1565 3123 Aridii
1596 3068 1991 3139 Lugdunensis

2070 793 2127 830 se
2159 780 2378 831 struere
2404 778 2566 843 velle,
2591 776 2881 849 despectui
2899 777 3125 844 habuit,
3155 781 3218 831 ut
3236 776 3419 832 futile.
3446 778 3697 848 Legatus

2070 881 2202 918 vero
2247 865 2476 919 Bettrici
2507 869 2711 920 cuncta
2759 883 2864 936 pro
2911 867 3116 938 quibus
3155 869 3394 921 venerat
3433 865 3493 920 se
3526 868 3696 920 autu-

2077 971 2241 1008 mans
2271 954 2628 1026 impetrasse,
2662 956 2735 1010 ad
2767 955 3100 1028 Hispaniam
3149 955 3338 1012 navali
3365 955 3542 1011 rediit
3573 971 3699 1012 eve-

2079 1044 2290 1098 cUone.

2674 1151 2898 1205 CAPUT
2927 1151 3077 1206 XCV.

2077 1239 2160 1295 De
2191 1236 2515 1291 Columbani
2541 1238 2774 1292 Hiberni
2800 1242 2853 1291 in
2885 1239 3108 1294 dicendo
3152 1239 3390 1293 libertate
3449 1248 3499 1293 et
3535 1241 3701 1293 mira-

2149 1310 2311 1383 culis,
2340 1382 2343 1383 ν
2377 1313 2612 1380 regisque
2668 1313 3026 1383 resipiscentia
3080 1312 3350 1383 simulata,
3422 1310 3702 1383 rBobiique

2148 1381 2367 1436 canobii
2391 1387 2792 1447 constructione,
2824 1390 2874 1435 et
2905 1380 3226 1435 Celumbani
3254 1382 3512 1436 transitu.

2148 1486 2316 1539 Anno
2349 1501 2441 1539 xw
2467 1484 3029 1555 regniTheodeberti
3050 1502 3115 1540 ac
3141 1485 3478 1553 Theoderici
3497 1487 3700 1541 beatus

2083 1574 2471 1628 Columbanus
2502 1573 2572 1627 ab
2594 1573 2864 1628 Hibernia
2886 1573 3094 1628 Oceani
3121 1574 3307 1628 insula
3338 1591 3695 1645 progressus,

2082 1661 2334 1733 primum
2359 1678 2392 1715 a
2419 1662 2818 1717 Thcodeberto
2833 1662 3156 1733 suscipitur.
3177 1663 3443 1728 Demum,
3459 1668 3701 1734 propter

2088 1749 2504 1803 conﬂuentium
2535 1749 2609 1803 ad
2637 1765 2698 1803 se
2729 1750 3076 1822 populorum
3110 1749 3529 1818 multitudines,
3563 1750 3698 1806 inde

2088 1837 2364 1908 migrans,
2399 1841 2456 1892 et
2500 1836 2817 1892 solitariam
2874 1854 3048 1909 agere
3095 1838 3271 1892 vitam
3321 1837 3578 1910 cupiens,
3626 1838 3700 1893 ad

2010 1923 2332 1997 Bregnum
2397 1925 2738 1980 Theoderici
2787 1926 3035 1993 transiit,
3093 1930 3267 1998 atque
3316 1926 3374 1980 in
3428 1927 3554 1981 loco
3610 1926 3700 1981 cui

2088 2015 2400 2069 Luxovium
2434 2031 2647 2069 nomen
2680 2017 2784 2080 est,
2817 2031 2851 2068 a
2881 2015 3121 2086 przefato
3149 2032 3285 2087 rege
3315 2015 3579 2070 habitare
3618 2018 3703 2070 est

2081 2105 2287 2176 jussus.
2313 2104 2406 2158 Ad
2453 2119 2628 2174 quem
2676 2103 3024 2157 visitandum
3055 2103 3194 2157 dum
3229 2103 3572 2174 frequenter
3600 2119 3699 2158 rex

2086 2192 2402 2258 adveniret,
2431 2208 2495 2246 ac
2525 2209 2558 2246 a
2585 2193 2710 2248 viro
2742 2191 2839 2248 Dei
2870 2207 2991 2254 cur,
3039 2192 3235 2247 relicto
3267 2192 3548 2262 legitima:
3575 2206 3705 2247 con-

2081 2280 2237 2351 jugis
2267 2280 2668 2343 matrimonio,
2703 2280 3037 2334 adulterinis
3087 2280 3399 2334 deserviret
3431 2281 3704 2335 commis-

2091 2369 2365 2435 tionibus,
2396 2371 2754 2440 argueretur,
2789 2369 2991 2438 illeque
3010 2369 3080 2422 ad
3103 2368 3539 2423 obaudiendum
3582 2370 3709 2439 ejus

2087 2457 2432 2513 salutaribus
2482 2456 2719 2511 monitis
2744 2473 2942 2512 aurem
2991 2455 3178 2510 cordis
3208 2457 3552 2524 inﬂecteret,
3587 2456 3710 2511 avia

2094 2546 2486 2610 Brunechildis
2514 2545 2758 2616 vipereis
2780 2543 2999 2616 antiqui
3027 2545 3206 2598 hostis
3232 2545 3602 2600 inﬂammata
3621 2545 3707 2600 in-

2092 2634 2436 2700 citamentis,
2452 2635 2719 2687 adversus
2733 2637 2991 2687 sanctum
3007 2632 3430 2688 Columbanum
3449 2649 3708 2688 commo-

2089 2722 2206 2776 veri
2228 2722 2398 2791 coepit
2419 2721 2626 2777 acrius.
2652 2721 2764 2775 Sed
2781 2723 3008 2775 sanctus
3032 2720 3140 2786 vir,
3171 2720 3321 2775 illius
3350 2721 3591 2776 malitiae
3607 2721 3707 2776 ob-

2088 2811 2239 2864 viam
2262 2811 2343 2862 ire
2363 2825 2592 2881 parans,
2607 2810 2680 2862 ad
2699 2825 2828 2863 eam
2851 2809 3264 2864 Bruchariacho
3288 2808 3420 2862 villa
3443 2825 3706 2864 commo-

2089 2901 2313 2953 rantem
2340 2900 2632 2967 properat.
2676 2897 2776 2951 Cui
2822 2897 3044 2968 regina,
3087 2913 3218 2951 cum
3243 2897 3555 2968 nepotibus
3600 2898 3710 2952 suis

2085 2985 2421 3041 Theoderici
2456 2985 2585 3039 ﬁliis
2613 3001 2936 3051 occurrens,
2955 2986 3159 3040 orabat
3177 3005 3208 3037 «
3231 2989 3293 3039 ut
3315 2985 3539 3058 regiam
3578 3003 3708 3058 pro-

2088 3068 2204 3121 lem
2231 3065 2618 3120 benediceret.
2646 3086 2674 3114 ››
2696 3067 2768 3119 At
2797 3065 2892 3118 ille
2922 3064 3002 3119 ait
3024 3086 3046 3114 ι
3075 3082 3446 3138 nequaquam
3478 3065 3706 3121 illosre-

374 3159 625 3232 episcopi
653 3175 718 3215 ac
747 3159 888 3214 aviae
918 3174 1033 3212 suae
1087 3156 1476 3212 Brunechildis
1521 3157 1813 3228 deceptus,
1860 3174 1990 3211 san-
2017 3204 2065 3266 C
2092 3153 2238 3225 galia
2269 3159 2494 3226 sceptra
2518 3158 2896 3224 suscepturos,
2920 3169 2988 3208 eo
3028 3153 3185 3226 quod
3231 3154 3301 3208 de
3333 3155 3710 3225 lupanaribus

389 3251 423 3266 ,n
455 3265 463 3266 κ
493 3265 500 3266 ,
545 3247 707 3266 n,-°J
728 3247 890 3266 ,,,!,,,__
930 3247 1101 3266 11:_;,_
1127 3263 1181 3266 ,μ
1201 3262 1309 3266 -A..-
1350 3263 1376 3266 μ
1397 3245 1678 3266 ---ιξη--...
1724 3243 1878 3266 -_.:l2_
1901 3261 1957 3266 μᾼ
2097 3243 2430 3266 Α-..-..---;..ι
2475 3264 2496 3266 ._
2528 3242 2737 3266 D-._:_..
2761 3241 3057 3266 l....l:......l...
3077 3243 3573 3266 ----..,.-...-....--..ξι
3599 3242 3684 3266 -L:

376 3251 512 3303 ctun
543 3247 901 3304 Desiderium
930 3247 1317 3302 Viennensem
1349 3245 1686 3318 pontificem
1718 3243 1883 3300 exilio
1901 3261 1991 3300 re-

377 3340 642 3393 vocatum
671 3335 914 3408 lapidari
942 3334 1338 3408 prmcepitJtd
1365 3334 1526 3405 cujus
1555 3333 1845 3388 tumulum
1875 3334 1994 3389 mi-

379 3427 574 3482 racula
601 3425 951 3483 creberrime
979 3427 1111 3481 sunt
1142 3429 1391 3480 ostensa.

969 3531 1192 3588 CAPUT
1229 3530 1405 3586 XCIV.

378 3621 462 3678 De
490 3621 916 3693 Hermemverga:
944 3620 1072 3693 ﬁliae
1101 3620 1243 3690 regis
1271 3617 1553 3693 Hispania:
1584 3617 1841 3687 infaustis
1869 3635 1989 3672 cum

890 3692 1214 3747 Theoderico
1241 3692 1462 3761 nuptiis.

448 3782 604 3839 Tunc
652 3780 932 3856 temporis
952 3779 1341 3836 Theodericus
1366 3777 1625 3832 Aridium
1659 3777 1987 3847 praesulem,

380 3873 706 3928 Rocconem
749 3875 808 3927 et
859 3869 1176 3926 Eborinum
1228 3865 1532 3937 prmfectos
1578 3880 1884 3936 equorum,
1917 3865 1990 3921 ad

379 3961 692 4018 Bettricum
721 3975 924 4030 regem
958 3955 1242 4027 Hispaniae
1259 3953 1487 4021 direxit,
1511 3952 1609 4025 qui
1635 3953 1816 4008 ﬁliam
1843 3953 1992 4009 illius

379 4048 652 4120 conjugio
671 4047 780 4104 sibi
799 4043 1132 4101 sectandam
1161 4044 1484 4115 poscerent,
1517 4046 1574 4097 et
1623 4042 1666 4096 si
1692 4045 1856 4114 pater
1877 4044 1991 4097 vel-

381 4139 463 4192 let
476 4137 585 4207 jusj
599 4135 883 4190 urendum
905 4133 1235 4204 praeberent
1266 4153 1293 4181 «
1328 4131 1483 4202 quod
1497 4130 1695 4186 diebus
1713 4131 1845 4187 vitae
1876 4148 1992 4186 suae

384 4241 516 4282 eam
545 4223 704 4295 regio
754 4240 871 4279 non
905 4221 1157 4295 privaret
1208 4221 1451 4276 honore.
1484 4239 1517 4274 »
1563 4220 1664 4276 Cui
1720 4221 1995 4275 Bettricus

383 4313 644 4386 gaudens
672 4312 896 4379 annuit,
925 4311 1291 4384 puellamque
1307 4309 1510 4382 legatis
1529 4309 1786 4364 tradidit.
1809 4309 1994 4373 Quam

381 4400 766 4457 Theodericus
811 4401 975 4456 laetus
1031 4399 1316 4471 accipiens
1385 4398 1640 4470 primum
1701 4397 1865 4452 unice
1918 4397 1999 4452 di-

2093 3243 2453 3298 emerserint.
2474 3264 2502 3291 ››
2528 3242 2744 3313 Regina
2761 3241 3064 3312 indignata
3077 3257 3285 3313 pueros
3297 3243 3578 3313 praecepit
3595 3242 3709 3298 abi-

2093 3334 2243 3398 re,et
2254 3331 2377 3402 ipsa
2391 3330 2824 3402 postpaululum
2841 3333 2924 3383 est
2935 3332 3149 3386 secuta.
3162 3329 3293 3384 Viro
3309 3333 3507 3384 autem
3521 3330 3711 3386 Domi-

2093 3419 2152 3473 ni
2167 3419 2238 3474 ad
2252 3418 2486 3490 propria
2503 3417 2730 3488 regredi
2744 3417 3054 3472 festinante
3068 3419 3126 3471 et
3151 3415 3327 3488 regite
3355 3419 3502 3472 aulae
3531 3419 3709 3473 limen

2093 3507 2240 3579 pede
2278 3509 2576 3577 tangente,
2610 3505 2798 3560 subito
2848 3506 3077 3576 fragore
3125 3504 3298 3559 totius
3323 3509 3485 3560 mota
3506 3509 3595 3560 est
3619 3507 3713 3562 do-

2091 3612 2219 3649 mus
2250 3593 2486 3649 fabrica.
2512 3592 2624 3647 Sed
2654 3592 3083 3648 nefandissimaa
3114 3591 3373 3647 mulieris
3394 3609 3568 3648 mens
3593 3611 3710 3650 non

2090 3687 2175 3738 est
2203 3681 2652 3749 commeta,imo
2679 3681 2891 3753 majori
2920 3681 3234 3736 iracundiae
3259 3681 3396 3752 igne
3419 3698 3712 3738 succensa.

2089 3771 2404 3826 Verebatur
2428 3771 2586 3826 enim
2614 3771 2770 3842 quod
2799 3771 2960 3825 omni
2977 3769 3217 3825 extorris
3236 3769 3526 3840 dignitate
3547 3772 3716 3843 pelle-

2094 3864 2300 3915 retura
2339 3876 2542 3931 regno,
2573 3859 2617 3913 si
2650 3875 2746 3912 rex
2776 3859 3116 3930 posthabitis
3145 3857 3487 3912 meretriciis
3519 3859 3717 3914 delini-

2093 3948 2324 4016 mentis,
2357 3948 2595 4019 alicujus
2617 3947 2826 4018 regalis
2853 3947 3094 4002 femina:
3109 3947 3396 4018 potiretur
3416 3948 3714 4019 conjugio.

2096 4038 2394 4092 Interdixit
2421 4037 2597 4109 igitur
2626 4053 2921 4108 egressum
2941 4039 2999 4090 ct
3019 4052 3346 4106 regressum
3365 4052 3399 4089 a
3425 4041 3719 4091 monaste-

2095 4125 2179 4181 rio
2213 4128 2332 4180 tam
2362 4127 2559 4180 sancto
2587 4123 2706 4178 viro
2729 4140 2904 4195 quam
2933 4122 3207 4178 fratribus
3223 4138 3354 4176 cum
3371 4138 3442 4176 eo
3467 4139 3717 4178 manen-

2097 4214 2269 4282 tibus,
2296 4213 2636 4286 prtecipiens
2665 4212 2780 4268 suis
2810 4211 3206 4285 Optimatibus,
3239 4211 3428 4266 vicina
3452 4213 3714 4268 caenobio

2096 4303 2223 4358 loca
2253 4303 2592 4369 colentibus,
2627 4319 2698 4356 ne
2741 4301 3076 4372 quempiam
3103 4301 3255 4355 exire
3281 4300 3714 4372 permitterent,

2098 4393 2185 4446 vel
2230 4407 2600 4463 progressum
2649 4389 2900 4461 hospitio
2950 4389 3320 4461 susciperent.
3378 4391 3585 4444 Denuo
3638 4390 3717 4444 vir

381 4477 548 4558 lexit;
610 4507 738 4562 quas
786 4493 984 4545 tamen
1026 4488 1322 4544 maleficiis
1371 4486 1762 4542 Brunechildis
1808 4485 1996 4541 virum
2019 4497 2072 4558 D
2098 4486 2346 4549 sanctus,
2370 4485 2432 4536 ut
2451 4497 2580 4536 eam
2601 4497 2635 4534 a
2668 4483 2828 4535 tanta
2866 4482 3128 4535 moneret
3148 4479 3422 4533 desistere
3457 4481 3714 4551 pertina-

386 4596 505 4635 non
535 4579 824 4652 cognovit.
873 4578 1112 4646 Deinde,
1171 4578 1420 4634 faciente
1477 4577 1684 4632 eadem
1715 4575 1840 4630 avia
1869 4593 1992 4644 sua,

382 4668 766 4724 Theodericus
813 4669 1331 4740 Hermembergam
1378 4666 1460 4734 (id
1512 4666 1726 4738 quippe
1775 4682 1992 4721 nomen

380 4757 612 4831 virgini)
655 4758 932 4814 thesauris
975 4757 1349 4830 exspoliatam
1397 4754 1555 4810 abire
1601 4754 1877 4826 prmoepit
1919 4755 1994 4809 ad

386 4846 736 4920 Hispaniam.
769 4848 900 4903 Hinc
924 4847 995 4902 de
1017 4863 1079 4900 re
1097 4845 1432 4917 indignatus
1457 4842 1752 4910 Bettricus,
1772 4843 1844 4897 ad
1864 4843 1991 4898 Clo-

379 4935 596 4992 tarium
620 4953 843 5008 regem,
867 4934 1206 4991 Theoderici
1226 4950 1292 4988 ex
1315 4935 1516 5005 patruo
1539 4930 1822 5003 genitum,
1840 4931 1994 4986 misit

381 5024 624 5096 legatos,
654 5025 754 5097 qui
783 5041 918 5081 eum
945 5024 1018 5080 ab
1056 5022 1191 5078 belli
1221 5021 1576 5088 societatem,
1603 5020 1871 5092 expositis
1901 5021 1993 5075 in-

375 5113 546 5186 juriae
600 5115 800 5182 causis,
861 5112 1228 5169 inclinarent.
1285 5109 1388 5165 Ubi
1443 5110 1535 5165 ille
1582 5108 1724 5164 votis
1789 5125 1991 5164 eorum

379 5202 529 5258 visus
553 5205 638 5258 est
665 5201 1026 5268 satisfecisse,
1049 5215 1181 5255 cum
1213 5199 1399 5254 missis
1431 5197 1604 5268 ipsius
1630 5197 1703 5252 ad
1731 5197 1990 5253 Theode-

380 5292 610 5348 bertum
636 5295 794 5346 recta
812 5290 1251 5364 proficiscuntur
1272 5288 1376 5342 via.
1407 5287 1565 5340 llunc
1581 5303 1810 5358 quoque
1832 5286 1988 5342 auxi-

377 5378 456 5435 lio
487 5379 592 5436 sibi
625 5379 960 5435 adfuturum
985 5379 1417 5449 cognoscentes,
1455 5380 1606 5430 recta
1623 5376 1696 5430 ad
1725 5377 1986 5447 Agonem

381 5467 898 5537 Lengobardorum
933 5484 1158 5539 regem,
1181 5483 1311 5520 cum
1336 5481 1508 5536 supra
1528 5466 1987 5519 memeraterum

377 5557 580 5627 legatis
604 5573 832 5625 regum,
866 5557 974 5611 iter
1017 5555 1293 5625 dirigunt,
1326 5557 1388 5608 ut
1434 5553 1493 5607 hi
1549 5556 1796 5623 quatuor
1826 5569 1991 5622 rcges

376 5658 548 5714 super
573 5641 998 5698 Theodericum
1030 5643 1339 5708 irruentes,
1389 5656 1521 5694 eum
1567 5640 1682 5694 vita
1721 5639 1889 5695 simul
1935 5644 1993 5693 et

369 5745 560 5804 regno
591 5729 888 5804 privarent
916 5735 975 5788 et
1003 5729 1314 5786 vindictam
1343 5729 1711 5786 contumeliae
1742 5729 1865 5800 regi
1897 5729 1990 5784 lli-

2095 4571 2201 4637 cia,
2230 4569 2299 4624 ad
2327 4569 2604 4641 palatium
2634 4568 2903 4639 perrexit.
2934 4569 3010 4622 Eo
3035 4568 3183 4622 forte
3206 4567 3297 4621 die
3324 4566 3718 4624 Theodericus

2095 4675 2226 4716 cum
2259 4659 2382 4713 avia
2412 4675 2513 4712 sua
2548 4657 2607 4711 in
2631 4656 2856 4727 Spinsia
2884 4656 3175 4711 residebat
3203 4655 3356 4724 villa,
3391 4657 3718 4712 nuntiatur-

2095 4765 2205 4820 que
2232 4748 2283 4802 ei
2315 4747 2616 4802 hominem
2656 4746 2754 4801 Dei
2784 4762 2889 4816 pro
2923 4745 3144 4800 foribus
3195 4749 3367 4811 stare,
3402 4763 3511 4800 nec
3538 4749 3597 4801 in
3629 4748 3717 4801 iis-

2093 4838 2228 4892 dem
2259 4836 2478 4891 uadibus
2501 4834 2792 4906 hospitare
2820 4835 2982 4888 velle.
3010 4834 3280 4888 Tuncrex
3312 4833 3463 4888 iram
3488 4835 3717 4890 Domini

2092 4925 2198 4980 sibi
2231 4924 2542 4980 imminere
2565 4923 2797 4990 veritus,
2822 4922 3029 4976 melius
3087 4922 3230 4975 dixit
3253 4938 3376 4976 esse
3406 4923 3597 4977 virum
3620 4923 3716 4977 Dei

2095 5011 2442 5085 opportunis
2468 5012 2732 5067 subsidiis
2761 5011 3049 5065 honorare
3079 5027 3252 5081 quam
3291 5011 3479 5064 Deum
3512 5029 3581 5066 ex
3605 5029 3720 5067 ser-

2093 5117 2298 5157 vorum
2330 5102 2455 5171 ejus
2481 5101 2700 5156 offensa
2721 5099 2794 5154 ad
2818 5098 3174 5153 iracundiam
3198 5113 3536 5168 provocare.
3554 5100 3720 5156 Iussit

2099 5207 2238 5262 ergo
2262 5190 2424 5262 regio
2456 5190 2609 5244 cultu
2642 5204 3000 5260 quascunque
3018 5191 3185 5241 erant
3206 5186 3373 5240 victui
3396 5189 3718 5243 necessaria

2092 5279 2283 5354 parari
2309 5283 2366 5334 et
2388 5278 2856 5334 Dominifamulo
2875 5292 2978 5347 per
3007 5274 3303 5330 ministres
3325 5278 3598 5348 proprios
3618 5277 3714 5331 de-

2091 5371 2249 5425 ferri.
2285 5369 2450 5433 Quod
2481 5369 2618 5422 dum
2657 5367 2739 5422 illi
2784 5369 3079 5421 maturato
3125 5365 3486 5437 implessent,
3522 5369 3712 5422 beatus

2092 5461 2488 5515 Columbanus
2518 5473 2736 5522 severe,
2788 5459 2850 5508 ut
2903 5456 3047 5516 erat,
3095 5455 3253 5506 vultu
3299 5455 3616 5524 respiciens
3655 5456 3708 5508 in

2094 5565 2212 5615 eos,
2246 5545 2484 5618 inquirit
2507 5545 2648 5618 quid
2679 5541 2786 5597 sibi
2837 5542 2942 5596 ista
2996 5540 3190 5595 velint.
3250 5542 3476 5596 Dictum
3512 5545 3584 5598 ab
3625 5543 3707 5597 eie

2093 5640 2178 5692 cst
2207 5635 2487 5690 alimenta
2511 5650 2634 5690 esse
2664 5631 2721 5686 in
2754 5648 2886 5685 suos
2941 5646 3292 5701 suorumque
3339 5647 3473 5684 usus
3524 5649 3558 5685 a
3583 5647 3703 5702 τρες

2095 5721 2556 5788 directa.Quibus
2585 5721 2708 5778 ille:
2741 5743 2769 5773 «
2799 5719 2944 5791 Non,
2979 5717 3186 5792 inquit,
3217 5721 3362 5775 teste
3391 5717 3697 5793 Scriptura,
