3882 6212
395 491 506 552 ’163

1464 490 1730 549 AIMOINI
1777 489 2088 548 ΜΟΝᾹοΗί
2125 487 2647 548 FLORIACENSIS.

3619 489 3725 545 ’764

406 611 692 672 mentium
707 629 765 667 se
777 615 1144 686 popularum,
1160 631 1278 670 non
1291 616 1541 671 valentia
1565 618 1637 671 ad
1654 619 1870 671 terram
1887 634 2014 671 rue-
2041 629 2094 687 Α
2115 618 2270 670 ertus
2293 614 2459 670 annis
2480 630 2608 669 xvn.
2643 611 2889 677 Quidam
2917 627 3050 666 vero
3095 613 3357 668 auctores
3408 613 3727 683 [Famem-

404 719 488 769 re,
523 702 1018 774 quemadmodum
1040 704 1199 775 equis
1215 704 1567 772 insederant,
1591 722 1705 759 una
1729 722 1856 758 cum
1878 704 2012 758 vivis

405 790 940 848 circumferrentur.
970 794 1042 846 At
1073 796 1374 864 postquam
1409 794 1655 864 phalanx
1674 793 1819 847 victa
1842 792 2015 847 hosti-

405 878 511 934 bus
543 881 706 948 terga
735 877 971 932 nudavit
989 896 1110 942 sua,
1136 879 1358 934 viarum
1379 882 1576 946 strata,
1601 896 1825 934 necnon
1853 879 2014 933 silva-

403 983 534 1024 rum
562 965 745 1032 devia,
800 966 1138 1038 corporibus
1188 971 1552 1022 mortuorum
1601 971 1734 1021 sunt
1771 969 2010 1038 repleta.

399 1053 752 1111 Theoderico
769 1053 864 1108 ubi
881 1054 1093 1108 factum
1117 1054 1394 1109 indicium
1415 1056 1876 1110 Tbeodebertum
1891 1072 2016 1109 eva-

402 1142 560 1208 sisse,
591 1141 944 1196 incentivum
989 1143 1344 1197 accelerandi
1396 1142 1615 1197 itineris
1646 1143 1897 1209 accessit,
1955 1146 2016 1197 ut

401 1230 744 1289 conﬁciendi
775 1231 910 1285 belli
944 1230 1305 1301 impendium
1330 1234 1576 1302 putaret,
1610 1231 1654 1285 si
1688 1231 1799 1285 dux
1825 1233 1882 1286 et
1913 1248 2013 1302 po-

402 1321 570 1392 pulus
585 1319 733 1373 bello
757 1319 1085 1390 promptior
1104 1319 1561 1390 interciperetur.
1576 1319 2015 1373 Adveniensita-

403 1424 511 1481 que
542 1423 673 1461 cum
704 1406 819 1461 suis
868 1407 926 1461 in
977 1407 1383 1462 Ribuariorum
1432 1407 1574 1461 fines
1605 1423 1724 1461 sese
1751 1407 2015 1473 immisit,

404 1494 736 1552 occurentia
785 1511 1030 1566 quaeque
1063 1496 1364 1550 devastans
1413 1497 1499 1550 vel
1533 1512 1794 1552 exurens.
1851 1496 2018 1565 Cujus

402 1588 573 1641 terra;
602 1584 804 1638 incolae
829 1583 903 1638 ad
929 1601 1061 1638 eum
1081 1601 1288 1638 venere
1310 1585 1578 1654 rogatum
1614 1601 1626 1637 :
1663 1584 1740 1637 Ne
1765 1584 1837 1638 ob
1857 1584 2022 1637 unius

403 1673 633 1745 culpam
667 1671 964 1726 dissidium
992 1676 1222 1742 pararet
1246 1672 1345 1737 eis,
1381 1689 1522 1742 quos
1549 1687 1679 1726 suos
1699 1671 1822 1725 fore
1855 1671 2022 1725 sciret

395 1761 529 1832 jure
552 1760 799 1815 victoris.
837 1759 1054 1824 Quibus
1075 1759 1166 1814 ille
1194 1776 1206 1812 :
1240 1779 1270 1811 α
1300 1761 1446 1820 Non,
1480 1759 1686 1829 inquit,
1711 1759 1888 1825 vobis,
1922 1760 2021 1812 sed

401 1849 824 1914 Thuodeberto,
840 1847 1104 1901 interitus
1116 1850 1371 1917 paratur;
1393 1847 1551 1916 cujus
1564 1850 1752 1918 caput,
1769 1847 1810 1900 si
1826 1863 2020 1900 meam

403 1935 724 2008 promereri
757 1934 922 1988 vultis
949 1934 1222 2005 gratiam,
1255 1951 1354 1987 vos
1386 1951 1615 1989 necesse
1661 1939 1745 1988 est
1773 1935 2018 2001 auferre,

405 2027 505 2079 aut
527 2023 714 2094 ipsum
739 2021 936 2076 vinum
955 2023 1326 2093 vinctumque
1350 2022 1422 2077 ad
1444 2040 1537 2077 me
1562 2023 2021 2095 perducere.»llli

404 2111 629 2182 regiam
683 2108 935 2165 Colonia;
990 2109 1350 2180 introgressi,
1398 2111 1796 2166 Theodeberto
1829 2112 2022 2166 taliter

405 2199 581 2254 locuti
610 2200 745 2253 sunt
768 2216 780 2252 :
804 2196 915 2264 Sic,
939 2197 1228 2269 inquiunt,
1249 2199 1488 2252 mandat
1507 2199 1889 2254 Theodoricus
1905 2200 2020 2254 fra-

403 2287 492 2342 ter
525 2290 651 2340 tuus
692 2302 706 2341 :
741 2285 820 2352 Si,
856 2285 956 2348 ait,
989 2285 1247 2358 recipere
1278 2302 1566 2352 meruero,
1601 2287 1897 2341 thesauros
1927 2303 2023 2356 pa-

403 2377 622 2443 ternos,
655 2393 798 2448 quos
841 2376 1273 2432 Theodebertus
1323 2377 1510 2432 adhuc
1560 2377 1769 2446 injuste
1809 2377 2023 2432 retinet

407 2463 966 2535 pervasos,proprias
982 2464 1222 2518 festinus
1250 2465 1544 2535 repedabo
1567 2465 1790 2520 domos.
1816 2465 1948 2519 Ideo
1967 2469 2022 2518 te

405 2551 734 2616 hortamur,
765 2548 1001 2604 domine
1021 2566 1140 2617 rex,
1169 2554 1231 2604 ut
1255 2550 1522 2621 portione
1547 2567 1675 2621 qua:
1707 2551 1758 2604 ei
1782 2551 2024 2606 debetur

407 2637 652 2702 reddita,
682 2639 878 2692 nostra
907 2653 1041 2692 eum
1063 2654 1184 2692 non
1217 2637 1370 2692 sinas
1391 2638 1664 2693 infestare
1709 2639 2019 2695 domicilia.

405 2721 502 2779 His
528 2723 957 2778 Theodebertus
993 2724 1156 2779 dictis
1182 2725 1466 2792 credulus,
1496 2742 1560 2779 ac
1587 2742 1690 2796 pro
1724 2742 1856 2781 vero
1887 2744 2020 2798 pro-

409 2814 529 2868 lata
548 2811 1073 2879 arbitratus,locum
1096 2829 1210 2885 quo
1233 2814 1440 2884 regalis
1457 2814 1864 2870 continebatur
1883 2833 2024 2887 gaza

406 2901 626 2974 pariter
658 2917 791 2956 cum
821 2901 956 2972 ipsis
984 2905 1071 2956 est
1092 2902 1400 2972 ingressus.
1435 2905 1512 2957 Eo
1548 2903 1723 2974 igitur
1769 2921 2026 2975 perscru-

408 2991 570 3044 tante
601 2988 742 3061 quid
768 2988 932 3043 fratri
955 2990 1355 3062 opportunius,
1386 2991 1507 3045 sine
1534 2991 1618 3045 sui
1637 2993 1874 3057 damno,
1901 3008 2026 3062 pos-

411 3080 495 3131 set
525 3075 846 3144 restituere,
880 3093 1027 3132 unus
1060 3094 1091 3132 e
1123 3078 2023 3149 circumstantibus,evaginatum

410 3164 668 3236 gladium
692 3164 893 3220 cervici
931 3166 1053 3236 ejus
1084 3166 1334 3232 illidens,
1360 3170 1533 3238 caput
1560 3167 1795 3221 abstulit
1819 3184 1883 3221 ac
1924 3183 2027 3238 per

2114 721 2233 758 mus
2277 722 2324 757 c.
2355 705 2440 764 38]
2473 701 2825 774 scripserunt
2875 701 3338 756 Tbeodebertum
3387 705 3521 773 post
3569 700 3729 754 illam

2115 791 2453 847 Theodorici
2479 791 3082 860 victoriam,suamque
3099 792 3726 856 serumnamﬁhenum

2113 879 2406 944 transisse,
2422 877 3112 946 etTheodoricum,capta
3131 877 3728 942 Colonia,Bertarium

2115 967 2520 1022 cubicularium
2551 982 2716 1020 suum
2742 967 2813 1019 ad
2839 966 3459 1035 comprehendendum
3479 981 3620 1019 eum
3655 966 3734 1018 mi

2113 1055 2270 1110 sisse.
2303 1057 2478 1125 Aquo
2506 1054 2976 1124 comprehensus,
3001 1057 3171 1122 atque
3201 1052 3273 1106 ad
3300 1053 3731 1106 Theodericum

2115 1143 2438 1214 perductus,
2470 1141 2936 1212 indumentisque
2975 1140 3148 1211 regiis
3179 1143 3402 1206 exutus,
3427 1140 3731 1194 Cabillono

2116 1232 2324 1286 dicitur
2353 1230 2408 1284 in
2438 1230 2696 1286 exsilium
2727 1230 2895 1283 fuisse
2924 1231 3230 1300 relegatus.
3261 1229 3344 1283 0b
3375 1245 3730 1299 recompen-

2116 1319 2399 1374 sationem
2431 1335 2659 1389 quoque
2709 1321 2829 1372 tam
2875 1318 3134 1387 praeclari
3167 1315 3376 1386 operis,
3436 1315 3734 1371 Bertarius

2117 1425 2330 1480 equum
2354 1408 2474 1477 ejus
2504 1423 2634 1461 cum
2660 1409 2910 1461 stratura
2933 1405 3092 1477 regia
3107 1406 3287 1459 fertur
3313 1421 3348 1460 a
3374 1405 3732 1460 Theodorico

2118 1495 2464 1567 percepisse.

2693 1600 2917 1653 CAPUT
2979 1599 3151 1656 XCIX.

2194 1687 2276 1741 De
2301 1686 2539 1742 Clotario
2568 1687 2820 1741 ducatum
2865 1687 3141 1741 Dentelini
3166 1689 3463 1759 recipiente,
3497 1694 3546 1740 et
3575 1704 3663 1741 ira

2649 1759 2964 1812 Theoderici
2981 1761 3037 1812 in
3061 1776 3200 1812 eum.

2195 1846 2465 1912 Clotario,
2489 1845 2655 1915 juxta
2686 1850 2919 1916 pactum
2939 1847 3095 1917 quod
3113 1863 3244 1900 cum
3271 1844 3730 1916 Theodorico(eo

2122 1951 2234 2005 quo
2263 1951 2434 2004 supra
2461 1934 2909 1988 memoravimus
2926 1935 3124 2001 modo)
3147 1934 3468 2005 pepigerat,
3493 1933 3732 1986 ducatus

2121 2021 2419 2076 Denteleni
2447 2039 2547 2076 suo
2570 2023 2891 2076 restituitur
2921 2022 3179 2076 domino.
3221 2022 3383 2076 Unde
3413 2020 3730 2075 Theodori-

2121 2127 2238 2177 cus,
2271 2126 2512 2164 cernens
2541 2109 2972 2164 Austrasiorum
3005 2109 3108 2163 sibi
3133 2124 3338 2179 parere
3367 2108 3735 2178 regnum,ino

2123 2197 2460 2268 dignatione
2493 2196 2672 2250 nimia
2715 2198 3033 2265 permotus,
3067 2195 3318 2250 Clotario
3350 2211 3457 2266 per
3512 2196 3735 2265 legatos

2123 2285 2364 2338 mandat
2393 2301 2405 2337 :
2437 2303 2468 2336 «
2501 2285 2571 2338 Ut
2599 2301 2656 2337 se
2689 2284 2758 2337 de
2786 2287 3112 2338 memorato
3149 2283 3360 2338 ducatu
3401 2287 3729 2338 removeat.

2124 2373 2287 2436 Quod
2317 2371 2425 2425 nisi
2458 2371 2688 2437 efﬁciat,
2713 2387 2770 2423 se
2797 2372 2868 2424 ad
2899 2371 3305 2425 vindicandam
3324 2371 3497 2426 illata:
3523 2374 3731 2426 contu-

2122 2461 2310 2516 melia:
2342 2459 2618 2530 injuriam
2649 2459 2853 2530 quibus
2872 2462 3063 2528 posset
3092 2475 3210 2516 non
3243 2459 3582 2515 defuturum
3616 2477 3737 2516 mo-

2123 2550 2236 2608 dis.
2274 2571 2304 2598 »

2753 2674 2974 2729 CAPUT
3030 2672 3090 2728 C.

2121 2766 2203 2820 De
2226 2763 2554 2842 Tlteodorico
2581 2763 2961 2842 frgtrisﬁlzam
2982 2767 3260 2842 precante,
3287 2765 3336 2815 et
3357 2761 3422 2842 οῤ
3444 2761 3562 2842 ια
3585 2761 3732 2842 Bru-

2193 2836 2426 2890 nechilde
2456 2831 2731 2902 increpito,
2761 2833 2924 2904 deque
2947 2831 3060 2902 ejus
3089 2834 3146 2886 in
3184 2831 3590 2904 Brunechildim
3633 2835 3733 2899 ira,

2193 2914 2244 2960 et
2274 2905 2666 2969 Brunechildis,
2695 2903 2962 2975 quaecum
3001 2919 3205 2958 veneno
3230 2903 3464 2970 sustulit,
3499 2906 3559 2958 in
3585 2921 3732 2958 eum-

2193 2978 2312 3032 dem
2331 2977 2662 3030 crudelitate.

2196 3083 2588 3150 lnterea,dum
2599 3080 2757 3136 Metis
2770 3077 3726 3141 morareturTheodoricus,amore

2126 3171 2258 3225 ﬁliae
2275 3167 3308 3239 fratrisTheodeberti,quamColonia!
3321 3167 3732 3237 captivaverat,

411 3269 614 3307 muros
629 3253 883 3308 Colonia:
901 3253 1443 3318 circumtulit.Quod
1457 3271 1698 3309 cernens
1716 3255 2028 3309 Theodori-
2057 3289 2104 3344 α
2128 3259 2391 3330 deperire
2422 3258 2610 3329 coepit.
2647 3257 2831 3320 Quam
2863 3257 3002 3310 dum
3035 3255 3140 3310 sibi
3172 3256 3444 3325 copulare
3471 3255 3735 3320 vellet,ab

411 3357 528 3409 cus,
545 3340 667 3412 ipsa
689 3340 994 3396 confestim
1026 3341 1169 3395 urbe
1192 3342 1620 3414 potitus,regias
1645 3342 1849 3397 invasit
1868 3359 2022 3413 opes.

413 3429 481 3484 Et
509 3429 786 3500 primates
817 3429 1062 3484 civitatis
1093 3429 1152 3484 in
1175 3446 1278 3484 sua
1305 3430 1410 3484 sibi
1443 3432 1616 3486 verba
1632 3431 1830 3502 jurare
1875 3447 2028 3486 com-

415 3519 655 3591 pellens,
679 3517 818 3573 dum
837 3517 897 3572 in
914 3517 1148 3572 basilica
1170 3519 1361 3573 Sancti
1375 3519 1650 3574 Cerconis
1666 3522 2030 3574 sacramenta

417 3605 690 3677 exigeret,
721 3604 905 3660 visum
939 3605 1020 3660 illi
1048 3605 1157 3660 fuit
1175 3607 1490 3678 quemdam
1522 3623 1720 3679 pugno
1749 3624 1850 3661 suo
1883 3607 2029 3661 latus

418 3694 752 3765 percussise.
808 3695 877 3748 Et
921 3710 1227 3749 conversus
1273 3695 1346 3748 ad
1403 3711 1534 3748 suos
1568 3713 1586 3747 :
1633 3714 1664 3746 cz
1696 3695 2025 3761 Observate,

419 3780 520 3849 ait,
546 3781 619 3836 ad
643 3781 808 3848 ostia,
845 3797 916 3836 ne
944 3781 1069 3853 quis
1094 3781 1450 3852 egrediatur,
1473 3798 1539 3835 eo
1568 3781 2026 3852 quodignorem,

419 3869 545 3941 quis
568 3870 777 3924 horum
797 3867 1200 3924 Riboariorum
1219 3868 1387 3940 [GalL
1410 3869 1748 3935 Ribarolesl,
1777 3869 2028 3940 perjurio

421 3956 827 4024 obnoxiorum,
843 3972 938 4011 me
951 3957 1252 4010 vulnerare
1278 3961 1516 4010 conatus
1528 3956 1654 4012 sit.»
1671 3957 2030 4012 Observanti-

417 4045 524 4100 bus
550 4048 746 4100 autem
762 4043 1274 4112 eis,acubiculariis
1293 4047 1444 4098 veste
1470 4048 1698 4100 remota
1718 4047 1868 4100 latus
1879 4047 2030 4117 regis

416 4132 763 4203 inspectum,
793 4133 1131 4202 nullumque
1151 4133 1352 4186 vulnus
1374 4135 1458 4186 est
1474 4132 2028 4190 inventum.Solum-

415 4219 592 4273 modo
618 4219 849 4290 signum
882 4219 1176 4290 quoddam
1207 4219 1474 4292 apparuit
1491 4224 2028 4294 purpureum,quod

417 4321 525 4376 ego
551 4322 685 4361 reor
705 4307 832 4362 citae
861 4307 1066 4362 mortis
1088 4308 1257 4363 fuisse
1275 4309 1576 4364 indicium.
1601 4310 1945 4384 Compositis
1961 4329 2029 4366 ex

416 4394 706 4450 sententia
735 4395 926 4462 rebus,
954 4395 1088 4451 inde
1104 4413 1234 4451 cum
1255 4398 1451 4452 multis
1467 4399 1660 4470 spoliis
1671 4415 2026 4471 progressus,

416 4497 609 4536 secum
640 4481 875 4559 abduxit
895 4482 1041 4538 ﬁlios
1067 4483 1261 4539 fratris
1281 4485 1389 4553 sui,
1409 4502 1540 4540 cum
1558 4487 1675 4541 ﬁlia
1695 4505 1822 4558 quae
1839 4486 2027 4559 specie

2127 3348 2252 3402 avia
2283 3365 2356 3401 ne
2401 3348 2509 3401 hoc
2537 3347 2776 3411 faceret,
2808 3344 3243 3415 prohibebatur.
3278 3342 3379 3396 Cui
3411 3343 3512 3398 ille
3552 3360 3566 3397 :
3614 3365 3642 3392 «
3675 3344 3737 3397 Et

2130 3435 2290 3505 quid,
2319 3434 2732 3500 ait,incurram
2751 3431 3102 3497 offensionis,
3118 3429 3162 3484 si
3190 3431 3350 3485 illam
3378 3446 3625 3485 uxorem
3639 3431 3736 3485 du-

2127 3539 2262 3577 xero
2280 3523 2307 3577 ‘?
2341 3545 2367 3571 ››
2399 3522 2485 3576 Ad
2506 3523 2629 3576 haec
2653 3519 3076 3575 Brunechildis:
3111 3538 3141 3571 ει
3169 3519 3316 3585 Non,
3336 3518 3642 3590 inquit,est
3659 3519 3736 3574 fas

2128 3611 2307 3665 fratre
2336 3609 2704 3682 progenitam
2740 3613 2797 3662 te
2827 3609 3042 3662 habere
3073 3607 3407 3677 conjugem.
3447 3628 3474 3654 ››
3507 3607 3597 3661 Ad
3625 3607 3737 3661 haec

2125 3697 2535 3759 Theodoricus,
2564 3701 2629 3751 ut
2657 3695 2894 3762 audivit,
2920 3696 3052 3749 felle
3073 3697 3408 3763 commotus,
3440 3694 3549 3748 tali
3576 3695 3627 3749 ei
3652 3711 3739 3749 re-

2129 3785 2363 3859 spondit
2393 3785 2565 3839 medo
2591 3802 2603 3839 :
2641 3808 2667 3834 «
2686 3785 2887 3838 Nonne
2902 3784 3115 3850 tu,Deo
3130 3781 3380 3848 odibilis,
3399 3783 3733 3854 cunctisque

2128 3874 2309 3928 invisa
2338 3873 2523 3939 bonis,
2554 3871 2695 3926 mihi
2727 3871 2970 3938 dixeras,
3002 3887 3138 3926 eum
3165 3869 3406 3924 fratrem
3442 3887 3566 3925 non
3624 3887 3734 3925 esse

2129 3979 2326 4016 meum
2344 3961 2370 4015 ?
2391 3961 2461 4015 Ut
2480 3960 2617 4032 quid
2637 3959 2957 4029 imposuisti
2976 3957 3117 4012 mihi
3136 3962 3255 4012 tam
3273 3973 3448 4028 grave
3469 3974 3618 4013 onus
3640 3959 3741 4012 fra-

2129 4050 2340 4104 tricidii
2361 4051 2388 4104 ?
2406 4070 2432 4097 ››
2463 4050 2529 4102 Et
2558 4048 2861 4119 evaginato
2880 4063 3040 4113 ense,
3059 4046 3237 4100 voluit
3254 4063 3386 4101 eam
3404 4049 3729 4117 percutere.

2131 4139 2268 4203 Quae
2290 4154 2324 4192 a
2342 4136 2800 4192 circunstandius
2827 4138 3030 4206 erepta
3058 4151 3124 4189 ac
3161 4133 3220 4188 in
3256 4133 3533 4189 manibus
3570 4135 3737 4189 domo

2129 4229 2300 4292 elata,
2334 4224 2536 4280 mortis
2564 4224 2801 4296 quidem
2833 4223 3011 4278 evasit
3039 4222 3374 4289 discrimen,
3407 4223 3511 4277 sed
3553 4223 3740 4294 nepoti

2131 4315 2292 4369 dolos
2312 4314 2537 4385 paravit
2554 4313 2880 4367 temeritate
2900 4311 3179 4366 feminea.
3198 4310 3342 4364 Nam
3364 4312 3688 4381 egredienti
3711 4328 3738 4364 e

2127 4401 2356 4466 balneo,
2385 4415 2487 4470 per
2518 4416 2724 4453 manus
2741 4399 3150 4454 ministrorum
3178 4397 3738 4471 pecuniafcorruptO'

2128 4505 2258 4543 rum
2273 4488 2480 4543 veneni
2509 4488 2764 4560 porrexit
2780 4490 3074 4559 poculum.
3099 4487 3221 4551 Quo
3239 4488 3470 4555 hausto,
3495 4492 3560 4542 ut
3572 4489 3738 4561 poeni-

413 4569 637 4625 nitebat
650 4555 1036 4626 decora.Dum
1057 4572 1212 4628 Metis
1237 4573 1580 4640 advenisset,
1611 4576 1825 4645 reperit
1841 4575 2028 4630 aviam
2047 4547 2100 4606 D
2129 4580 2256 4631 tens
2271 4577 2549 4630 scelerum
2575 4592 2700 4646 quae
2721 4579 2997 4646 gesserat,
3027 4575 3155 4630 vitae
3182 4575 3420 4630 sortitus
3443 4579 3532 4630 est
3557 4577 3738 4632 termi-

412 4673 577 4712 suam
610 4658 1051 4714 Brunechildem
1085 4660 1226 4715 inibi
1258 4661 1485 4716 obviam
1504 4663 1611 4717 sibi
1642 4663 2027 4727 venisse.Quze
2129 4682 2292 4728 num,
2323 4681 2497 4735 quam
2545 4663 2882 4718 criminibus
2938 4664 3273 4719 fcedaverat.
3317 4664 3586 4720 Tradunt
3613 4682 3734 4719 vero

413 4745 660 4818 arreptis
687 4747 1068 4803 Theodeberti
1097 4749 1248 4816 ﬁliis,
1280 4767 1378 4804 eos
1399 4750 1523 4805 sine
1553 4767 1721 4805 mora
1752 4751 1877 4806 neci
1908 4755 2030 4806 tra-
2130 4751 2438 4806 memorati
2464 4752 2770 4823 scriptores
2788 4752 3049 4822 (annec.
3069 4769 3115 4804 c.
3142 4752 3253 4821 39),
3277 4767 3411 4805 cum
3434 4753 3592 4824 apud
3608 4769 3736 4822 pre:-

415 4833 945 4902 didit,etminorem
967 4836 1203 4909 quidem
1224 4841 1384 4904 natu,
1411 4838 1650 4892 nomine
1675 4839 2024 4908 Meroveum,
2126 4841 2306 4895 fatam
2323 4840 3012 4907 urbemMetensem,dum
3030 4841 3234 4894 contra
3250 4840 3736 4912 Clotariumexpe-

412 4922 472 4977 in
503 4922 645 4979 albis
673 4924 858 4979 adhuc
888 4925 1162 4996 positum,
1204 4925 1380 4996 lapidi
1412 4926 1624 4981 illisum
1655 4926 2027 4983 innocentem
2129 4928 2407 4984 ditionem
2431 4945 2601 5000 agere
2625 4928 3025 4991 meditaretur,
3055 4927 3398 5000 dysenteria:
3428 4930 3634 4985 morbo
3664 4929 3734 4982 in-

411 5011 598 5082 coegit
623 5013 888 5068 exhalare
916 5012 1494 5085 spiritum.Regnavit
1528 5015 1722 5086 itaque
1753 5015 2028 5071 Theode-
2133 5016 2375 5083 teriisse,
2404 5033 2535 5071 xvm
2565 5017 2730 5087 regni
2762 5017 2844 5072 sui
2872 5033 3047 5072 anno.

1379 5111 2762 5312 ΙΝΟΙΡΙῨἚῨῘΞῈᾘΉῩΙἏΒΤΠΞ

929 5363 1163 5419 CAPUT
1211 5364 1496 5419 PRIMUM.
2116 5383 2320 5422 corum
2346 5366 2599 5438 regibus,
2633 5383 2666 5420 a
2684 5366 2891 5438 quibus
2914 5382 3016 5436 per
3039 5365 3472 5439 quinquaginta
3494 5369 3731 5423 fermeet

405 5467 487 5522 De
509 5467 741 5524 Clotarii
769 5485 895 5522 cum
941 5469 1114 5524 nolitis
1159 5469 1472 5525 Theoderici
1512 5473 1764 5526 instinctu
1818 5469 2025 5525 Brune-
2119 5471 2304 5509 unum
2333 5458 2643 5527 regnatum
2675 5458 2761 5508 θεί
2786 5469 2992 5520 annos,
3025 5455 3178 5508 50]“3
3207 5455 3492 5525 Ιθείιίιηεε
3530 5471 3730 5510 saec-95‘

483 5539 668 5615 cfu'ldis
715 5557 874 5615 super
897 5543 1231 5615 successione
1279 5544 1336 5595 in
1365 5559 1589 5611 regnum
1618 5543 1924 5608 certatione,
1976 5550 2025 5599 et
2119 5543 2295 5598 sionis
2345 5543 2528 5598 haeres
2559 5541 2837 5597 Clotarius
2873 5542 3193 5611 Chilperico
3245 5549 3411 5613 patre
3459 5544 3728 5615 genituse

484 5607 547 5660 de
583 5607 954 5694 Bruneclcildis
975 5611 1150 5664 exilio.
1421 5607 1436 5611 ⁷
1912 5607 1916 5608 ν
2124 5631 2282 5703 regia
2312 5630 2486 5702 stirpe
2518 5629 2814 5684 videbatur
2855 5607 3106 5695 relictus,
3133 5629 3190 5683 in
3233 5607 3414 5702 quem
3459 5607 3728 5704 regnandi

486 5712 803 5782 Exstinctis,
835 5715 924 5768 vel
954 5713 1110 5769 varia
1151 5718 1305 5770 sorte
1337 5717 1704 5785 abeuntibus,
1737 5722 1820 5774 tot
1851 5719 2026 5774 Fran-
2118 5720 2213 5789 jus
2241 5717 2610 5790 potissimum
2643 5717 2967 5772 transfundi
3001 5720 3319 5788 oporteret.
3351 5717 3728 5774 Brunechildis
