3882 6212
177 476 291 534 7B5

1274 478 1599 537 HISTORIA
1623 474 2073 536 FRANCORUM.
2099 507 2169 520 —
2206 478 2338 538 LIB.
2367 480 2456 537 IV.

3409 483 3520 542 ’166

168 603 388 656 tamen
415 601 796 671 moliebatur,
811 601 1055 675 siposset
1070 601 1433 675 Sigebertum
1457 600 1795 658 Theodorici
1818 599 1877 669 Α,
1906 599 2116 672 quibus
2137 617 2242 675 par
2263 601 2451 658 inerat
2491 601 2788 675 pugnandi
2822 600 3364 660 aﬁ'ectus.Clotarius
3391 618 3523 677 post

164 690 355 745 ﬁlium
410 708 618 762 regum
664 708 1005 763 praeponere
1046 692 1488 747 Austrasiorum.
1541 691 1796 756 Quatuor

166 795 441 852 namque
470 781 863 836 Theodericus
882 798 946 836 ex
965 781 1259 852 pellicibus
1280 785 1606 852 susceperat
1626 780 1794 848 ﬁlios,

162 886 428 943 quorum
483 868 594 923 ista
642 872 777 924 sunt
823 869 1090 924 nomina:
1143 870 1493 940 Sigebertus,
1554 869 1794 935 Corbus,

165 958 588 1016 Childebertus
626 962 800 1029 atque
829 958 1138 1013 Meroveus.
1171 959 1283 1013 Sed
1312 958 1446 1031 quia
1472 960 1642 1012 erunt
1674 973 1795 1011 ma-

161 1052 341 1104 terno
364 1050 557 1103 latere
579 1046 771 1101 minus
816 1047 1055 1113 nobiles,
1079 1048 1149 1101 ad
1174 1047 1574 1118 regniquoque
1594 1047 1798 1117 guber-

166 1137 390 1191 nacula
432 1134 880 1190 aestimabantur
909 1135 1033 1189 fore
1062 1134 1336 1206 impares.
1365 1134 1546 1189 Simul
1578 1133 1711 1205 quia
1740 1136 1799 1188 et

168 1223 581 1281 Brunechildis
610 1224 794 1277 electo
822 1238 937 1277 uno
962 1223 1035 1277 ad
1069 1223 1317 1294 speciem
1352 1220 1656 1293 regnandi,
1677 1238 1795 1276 non

168 1314 557 1385 potestatem,
613 1326 858 1364 summa:
912 1311 993 1364 rei
1024 1310 1445 1365 sollicitudinen
1479 1309 1585 1365 sibi
1612 1326 1794 1363 reser-

169 1416 305 1455 vare
362 1399 514 1453 velle
565 1397 1023 1468 intelligebatur:
1084 1400 1142 1453 et
1198 1398 1471 1470 primates
1543 1397 1793 1452 Francia:

170 1490 339 1544 tanto
370 1490 644 1558 tempore
680 1486 937 1540 femineo
968 1485 1292 1541 dominatui
1332 1484 1796 1556 dedignabantur

171 1574 400 1647 subjici.
434 1574 623 1640 Unde,
658 1574 1052 1629 adnitentibus
1079 1575 1320 1629 Arnulfo
1353 1578 1523 1645 atque
1550 1573 1793 1643 Pippino

172 1662 483 1718 Austrasia:
559 1662 926 1733 primoribus,
1001 1661 1280 1716 Clotarius
1352 1662 1789 1732 Captonnacum

174 1767 356 1824 usque
377 1749 637 1805 accessit.
663 1748 1059 1804 Brunechildis
1092 1748 1151 1803 in
1174 1748 1486 1803 Warmatia
1514 1750 1790 1817 residens,

1902 709 2000 747 eos
2031 692 2309 764 paulatim
2361 692 2470 746 iter
2505 692 2740 763 faciens,
2772 695 2970 765 utpote
3001 692 3099 765 qui
3145 693 3368 748 nullum
3423 710 3519 749 eo-

1898 798 2029 837 rum
2064 782 2306 855 perdere
2341 782 2644 853 gestiebat,
2673 799 2815 855 quos
2853 799 2984 838 suos
3011 781 3136 839 fore
3166 782 3515 851 conﬁdebat,

1897 870 2124 924 Ararim
2166 887 2343 941 usque
2393 870 2651 936 ﬂuvium,
2678 869 2776 942 qui
2831 887 2984 926 nunc
3029 870 3259 943 Sagoua
3286 871 3514 941 dicitur,

1900 959 2181 1030 pervenit,
2211 958 2507 1031 captisque
2548 958 2731 1013 tribus
2776 958 3115 1014 Theodorici
3170 958 3319 1025 ﬁliis,
3353 959 3515 1031 Sige-

1900 1048 2087 1113 berto,
2120 1047 2306 1101 Corbo
2334 1049 2505 1118 atque
2542 1047 2803 1102 Meroveo
2836 1047 2995 1118 (nam
3019 1047 3514 1119 quartus,nomine

1900 1136 2320 1203 Childebertus,
2351 1134 2600 1208 pernicis
2642 1135 2774 1207 equi
2830 1135 3079 1190 subsidio
3131 1153 3264 1191 usus
3315 1134 3514 1207 prselio

1898 1226 2142 1296 elapsus,
2174 1240 2457 1295 nusquam
2508 1224 2881 1294 postmodum
2913 1227 2999 1278 est
3027 1224 3412 1295 repertus),ad
3440 1224 3517 1280 vi-

1902 1330 2032 1368 cum
2068 1312 2253 1368 Riona
2283 1328 2453 1383 super
2477 1312 2833 1366 Vincennam
2866 1312 3085 1367 ﬁumen
3115 1312 3289 1367 situm
3318 1312 3510 1368 rediit.

1900 1401 2096 1473 lbique
2127 1399 2408 1455 instantia
2433 1398 2715 1454 Warnarii
2734 1401 2819 1454 vel
2836 1402 3179 1455 cmterorum
3200 1415 3511 1471 procerum

1895 1490 1945 1544 ei
1968 1489 2309 1555 faventium,
2344 1488 2739 1543 Brunechildis
2782 1504 2911 1543 cum
2941 1488 3309 1543 Theudelana
3325 1488 3509 1543 Theo-

1895 1576 2074 1632 dorici
2108 1576 2485 1647 germana,de
2514 1592 2662 1648 pago
2688 1576 3076 1646 Ultrajurano,
3108 1576 3240 1631 villa
3255 1576 3508 1643 Urbana,

1895 1666 1968 1720 ab
1999 1665 2227 1735 Erpone
2256 1663 2540 1734 regalium
2571 1664 2878 1737 pmposito
2898 1680 3178 1736 equorum
3194 1667 3508 1736 protracta,

1895 1752 2145 1810 Clotario
2181 1754 2583 1825 praesentatur.
2614 1753 2675 1805 In
2705 1752 2868 1822 cujus
2893 1756 3202 1825 conspectu
3228 1750 3512 1807 Clotarius

177 1842 295 1911 ejus
322 1838 525 1894 audito
568 1837 838 1901 adventu,
882 1837 955 1892 ad
1005 1854 1137 1891 eum
1168 1836 1384 1906 dirigit,
1410 1838 1701 1913 obtestans
1731 1840 1794 1892 ut
1819 1910 1855 1913 _
1895 1842 2261 1913 Sigebertum
2292 1856 2357 1894 ac
2402 1839 2652 1894 Corbum
2706 1840 2829 1909 ejus
2866 1843 3125 1912 nepotes,
3154 1839 3510 1895 Theoderico

177 1910 247 1984 de
278 1943 471 1998 regno
501 1924 841 1980 Theodorici
872 1924 1026 1996 quod
1067 1923 1198 1979 ﬁliis
1221 1910 1533 1996 reliquerat
1570 1926 1793 1981 secede-
1817 1910 1869 1972 Β
1892 1910 2513 2004 progenitos,jugulari
2534 1926 2720 1997 jussit.
2744 1910 3066 1983 Meroveum
3087 1943 3243 1990 vero,
3266 1926 3357 1981 cui
3385 1927 3509 1998 ipse

177 2020 282 2071 ret.
352 2012 986 2084 Clotarius'respondit
1040 2034 1067 2062 «
1120 2016 1466 2067 conventum
1510 2013 1792 2069 nobilium

182 2104 393 2159 debere
450 2118 582 2157 eam
637 2117 956 2173 aggregare
996 2101 1346 2156 Francorum
1391 2105 1448 2156 et
1493 2102 1790 2157 communi

179 2194 425 2247 tractatu
456 2190 530 2245 de
556 2189 966 2244 communibus
995 2190 1297 2244 consulere
1341 2190 1543 2257 rebus;
1567 2206 1626 2244 se
1655 2206 1790 2245 vero

174 2280 391 2351 judicno
438 2278 671 2334 illorum
713 2277 772 2332 in
823 2277 1089 2333 omnibus
1123 2278 1469 2351 periturum,
1503 2296 1606 2334 nec
1643 2296 1789 2350 pra:-

181 2369 356 2441 ceptis
405 2366 678 2440 promisit
708 2365 1074 2421 obstiturum.
1116 2385 1147 2417 s
1180 2366 1568 2421 Brunechildis
1606 2367 1792 2423 verbis

183 2474 239 2513 se
267 2454 461 2528 decipi
488 2454 977 2521 animadverteris,
1000 2453 1174 2508 misso
1220 2454 1281 2509 in
1333 2455 1684 2527 Thoringam
1715 2456 1794 2511 Si-

184 2546 421 2618 geberto
442 2542 785 2599 Theodorici
811 2541 1221 2613 primogenita,
1244 2548 1445 2615 gentes
1472 2542 1642 2615 etiam
1663 2560 1790 2615 qua}

183 2639 339 2689 trans
370 2632 643 2687 Rhenum
668 2624 933 2685 habitant
951 2630 1023 2685 ad
1037 2631 1170 2686 belli
1188 2632 1522 2688 societatem
1550 2632 1792 2687 invitare

183 2722 466 2779 tentabat.
492 2719 638 2774 Cum
668 2735 781 2790 quo
805 2722 862 2773 et
888 2719 1253 2774 Warnarium
1279 2721 1564 2791 majorem
1588 2721 1793 2776 domus

184 2828 246 2869 ac
271 2809 595 2866 Alboinum
626 2823 658 2862 e
682 2807 1018 2880 proceribus
1044 2808 1285 2864 Austria:
1334 2809 1792 2882 prmeminentis-

184 2900 417 2964 simum,
450 2896 789 2967 dirigendos
812 2897 1047 2951 curavit.
1072 2896 1282 2951 Verum
1308 2899 1669 2954 Warnarium
1700 2916 1790 2953 su~

185 2991 446 3061 spectum
476 2985 719 3051 habens,
747 2984 901 3056 quod
932 2986 1004 3040 ad
1027 2984 1661 3041 Clotariumtransitum
1678 3003 1797 3041 me-

185 3076 494 3141 ditaretur,
523 3072 754 3128 directis
796 3076 926 3144 post
954 3076 1184 3144 tergum
1212 3090 1411 3128 eorum
1442 3074 1667 3143 litteris,
1698 3076 1794 3129 Al-

1892 2022 2058 2093 pater
2087 2014 2396 2089 spiritualis
2421 2015 2480 2069 in
2512 2014 2802 2084 baptismo
2824 2015 3013 2069 fuerat
3033 2012 3506 2085 datus,lngobodi

1894 2104 2204 2179 graphioni
2253 2102 2672 2159 commendans
2735 2101 2794 2156 in
2853 2101 3185 2173 Neptricum
3244 2100 3503 2173 perduci,

1894 2199 2067 2266 atque
2116 2193 2195 2248 ibi
2248 2190 2455 2246 nutriri
2500 2190 2947 2245 clementissime
2975 2188 3292 2245 mandavit.
3325 2190 3505 2245 Porro

1896 2280 2335 2339 Brunechildem
2386 2277 2722 2351 praesentari
2751 2277 2858 2334 sibi
2888 2276 3251 2349 praecipiens,
3283 2279 3508 2333 astante

1893 2368 2262 2425 multitudine
2299 2366 2603 2433 exercitus,
2644 2365 2742 2438 qui
2769 2380 2887 2421 non
2918 2367 3101 2420 solum
3130 2381 3196 2420 ex
3223 2365 3504 2433 Neustria,

1890 2475 2093 2515 verum
2126 2457 2300 2512 etiam
2334 2472 2401 2511 ex
2428 2454 2655 2509 Austria
2682 2454 2796 2510 sive
2850 2453 3183 2525 Burgundia
3228 2470 3509 2511 convene-

1891 2552 2045 2611 rant,
2078 2550 2312 2620 accepta
2341 2546 2704 2613 auctoritate,
2737 2561 2850 2617 quo
2868 2544 3060 2599 minus
3086 2542 3219 2599 odia
3242 2546 3511 2617 tegerent

1895 2654 2024 2709 qua:
2052 2636 2320 2691 adversus
2349 2650 2479 2689 eam
2493 2633 2721 2704 jamdiu
2751 2632 2947 2688 animo
2973 2635 3380 2703 conceperant,
3403 2648 3509 2705 per

1893 2726 2153 2780 triduum
2184 2721 2419 2779 diversis
2452 2737 2581 2776 eam
2618 2720 2784 2792 jussit
2824 2719 3136 2776 tormentis
3186 2719 3358 2788 afﬁci,
3412 2737 3507 2776 ca-

1896 2816 2169 2886 meloque
2195 2811 2526 2883 impositam
2562 2826 2667 2882 per
2693 2812 2882 2865 totum
2938 2808 3290 2866 circumduci
3353 2825 3513 2866 exer-

1893 2903 2092 2959 citum.

1963 2991 2052 3045 Ad
2077 2993 2437 3061 postremum
2481 2989 2756 3059 reputans
2784 2986 2837 3043 ei
2866 2986 3024 3061 quod
3047 3004 3081 3042 x
3124 3002 3294 3058 reges
3334 2986 3510 3042 Fran-

1896 3096 2120 3148 corum,
2178 3079 2300 3150 ejus
2348 3078 2559 3150 partim
2610 3075 2869 3138 consilio,
2900 3075 3116 3149 partim
3163 3091 3364 3144 manu,
3422 3076 3512 3131 vel

184 3165 353 3221 boino
385 3161 754 3253 puniendum
774 3161 1092 3253 mandavit.
1115 3162 1391 3253 AAlboinus
1419 3163 1595 3218 lectos
1608 3164 1797 3253 apices
1821 3192 1869 3253 α
1896 3168 2072 3225 etiam
2086 3166 2369 3223 maleﬁcio
2388 3164 2649 3253 exstincti
2672 3167 2882 3232 essent,
2898 3165 2979 3253 sic
3005 3180 3132 3220 eam
3157 3163 3470 3236 alloquitur
3494 3180 3508 3220 :

184 3253 451 3309 scindens
481 3250 556 3305 ad
588 3254 805 3305 terram
831 3249 1090 3321 projecit.
1135 3249 1241 3314 Qui
1274 3254 1518 3305 tamena
1543 3252 1797 3323 quodam

181 3340 558 3398 familiarium
606 3338 883 3393 Warnarii
931 3338 1172 3405 inventi,
1228 3356 1292 3393 ac
1343 3338 1399 3393 in
1443 3340 1641 3394 tabula
1668 3356 1799 3395 cera

179 3432 276 3486 lita
300 3427 666 3498 transcripti,
681 3427 869 3482 eidem
891 3430 1024 3481 sunt
1047 3427 1278 3484 ostensi.
1296 3427 1510 3491 Quibus
1530 3428 1622 3483 ille
1644 3428 1796 3497 visis,

179 3518 506 3591 periculum
539 3515 645 3571 sibi
672 3515 980 3570 imminere
1000 3516 1366 3587 perpendens
1380 3516 1601 3584 mortis,
1645 3518 1800 3572 colli-

179 3624 312 3680 gere
364 3622 495 3661 sese
539 3622 607 3660 ac
658 3620 986 3677 praeparare
1032 3604 1229 3660 animo
1255 3604 1426 3675 coepit
1471 3621 1584 3677 quo
1628 3609 1797 3677 pacto

179 3694 530 3753 Theodorici
559 3694 690 3749 filiis
734 3692 954 3761 deletis,
1004 3709 1251 3765 regnum
1284 3693 1531 3749 Clotario
1565 3710 1683 3750 una
1710 3711 1796 3750 se-

183 3802 307 3842 cum
331 3783 734 3841 contraderet.
754 3781 952 3837 Primo
971 3780 1463 3853 itaquenationes,
1477 3783 1551 3837 ad
1570 3799 1711 3855 quas
1724 3783 1799 3838 ad

180 3874 662 3946 supplementum
695 3868 828 3926 belli
848 3869 1241 3927 accersiendas
1267 3868 1712 3927 directusfuerat
1725 3872 1797 3928 ab

180 3961 255 4016 eis
287 3958 594 4017 alienavit.

243 4048 475 4105 Deinde
508 4063 643 4101 cum
674 4045 1056 4102 Brunechilde
1086 4063 1152 4101 ac
1204 4046 1504 4119 Sigeberto
1534 4050 1795 4120 Burgun-

176 4137 333 4193 diam
396 4136 715 4207 ingressus,
761 4134 1055 4192 universos
1110 4136 1406 4207 primates,
1455 4139 1627 4192 simul
1662 4154 1795 4193 cum

174 4224 569 4305 pontiﬁcibus.
582 4221 759 4295 ipsius
787 4223 995 4294 gentis,
1021 4223 1079 4278 in
1112 4239 1277 4279 suam
1305 4225 1538 4280 deduxit
1562 4229 1793 4281 senten-

177 4314 346 4381 tiam,
382 4315 610 4367 secreto
643 4311 798 4384 apud
841 4328 941 4366 eos
992 4312 1161 4383 hujus
1190 4313 1273 4367 rei
1311 4330 1441 4368 usus
1482 4315 1675 4370 verbo.
1727 4317 1795 4371 Et

174 4404 312 4476 quia
339 4418 554 4458 omnes
604 4400 935 4472 superbiam
966 4402 1356 4458 Brunechildis
1380 4404 1550 4459 simul
1581 4409 1639 4459 et
1668 4422 1793 4461 cru.
1824 4443 1874 4503 Β

173 4492 482 4547 delitatem
504 4506 737 4545 exosam
759 4489 1075 4558 habebant,
1099 4508 1158 4546 se
1192 4492 1469 4548 voluntati
1489 4495 1612 4565 ejus
1638 4496 1799 4564 polli-

172 4581 271 4635 citi
300 4583 442 4635 sunt
476 4595 597 4633 non
626 4578 945 4634 defuturos.
971 4580 1065 4636 His
1084 4581 1274 4653 itaque
1301 4583 1799 4653 patratis,nuntios

173 4670 247 4723 ad
281 4666 609 4724 Clotarium
636 4666 815 4734 misit,
849 4672 906 4723 et
932 4672 995 4722 ut
1022 4685 1155 4723 cum
1185 4671 1435 4725 exercitu
1466 4672 1802 4729 adventaret

170 4755 517 4812 mandavit:
546 4755 842 4826 spondens
865 4773 946 4823 se,
974 4756 1019 4811 si
1053 4756 1105 4811 ei
1139 4757 1366 4829 integra
1384 4758 1498 4813 ﬁde
1527 4761 1802 4817 securitas

170 4844 307 4899 vita:
339 4860 410 4899 ac
437 4842 680 4899 honoris
711 4843 1148 4912 concederetur,
1166 4862 1415 4918 regnum
1446 4849 1803 4920 Burgundio-

169 4949 315 4987 num
352 4932 573 5004 pariter
629 4948 764 4986 cum
810 4932 1233 4988 Austrasiorum
1284 4935 1548 4993 universa
1597 4938 1803 4995 militia

172 5022 563 5077 traditurum.
600 5008 866 5075 Venienti
901 5020 1095 5094 itaque
1126 5021 1426 5093 Sigeberto
1480 5043 1612 5082 cum
1660 5029 1799 5082 Bur-

168 5108 594 5181 gundionibus,
623 5110 685 5164 in
717 5110 1025 5181 campania
1055 5109 1453 5169 Catalaunensi
1497 5132 1670 5188 super
1697 5118 1797 5174 ﬂu-

165 5201 330 5255 vium
372 5201 639 5254 Axonam
672 5198 922 5253 occurrit
953 5199 1236 5256 Clotarius
1273 5218 1404 5256 cum
1433 5205 1791 5273 Neustrasiis,

166 5289 399 5344 habens
447 5303 646 5342 secum
696 5288 1027 5358 complures
1077 5290 1420 5359 Austrasios,
1470 5293 1620 5349 inter
1656 5313 1801 5367 quos

167 5379 449 5433 Aletheus
479 5376 777 5448 patricius,
810 5376 1020 5443 Rocco,
1071 5377 1392 5450 Sigoaldus,
1428 5397 1654 5437 necnon
1688 5385 1799 5437 Eu-

171 5467 426 5535 dilanus,
458 5466 654 5521 duces.
688 5464 871 5536 Igitur
912 5465 1050 5520 dum
1104 5466 1374 5540 utrinque
1434 5473 1796 5526 armatorum

171 5555 341 5610 cunei
375 5554 448 5609 ad
483 5552 753 5625 praelium
777 5554 961 5625 parati
1001 5555 1419 5625 constitissent,
1463 5559 1795 5614 Warnarius

170 5660 302 5699 cum
341 5644 460 5698 suis
492 5643 681 5713 juxta,
737 5643 892 5713 quod
945 5643 1319 5699 constituerat
1389 5645 1555 5716 signo
1600 5647 1735 5704 dato
1763 5667 1795 5705 e

175 5750 392 5808 pugna,
419 5736 560 5790 ante
590 5747 994 5803 congressum,
1027 5732 1300 5790 discessit.
1333 5734 1548 5790 Eadem
1578 5736 1787 5807 fecere,

1900 3281 1929 3310 ‹‹
1960 3259 2033 3313 Ut
2052 3256 2189 3328 quid
2219 3256 2371 3309 inter
2396 3252 2666 3308 mulieres
2695 3252 3111 3319 maledicta,'ac
3128 3253 3512 3325 pessimarum

1898 3344 2224 3418 exquisitrix
2247 3342 2483 3408 artium,
2502 3341 2562 3396 in
2592 3344 2816 3395 tantam
2849 3340 3087 3412 erupisti
3109 3341 3512 3412 pervicaciam,

1898 3437 1962 3490 ut
1990 3449 2108 3488 non
2143 3431 2507 3485 erubesceres
2531 3431 2653 3483 tam
2671 3429 3050 3500 multiplicem
3063 3431 3354 3499 praeclarae
3384 3430 3511 3485 stir-

1896 3521 1985 3594 pis
2015 3520 2344 3576 subvertere
2376 3516 2816 3589 generationem
2846 3515 2874 3570 ?
2906 3517 3112 3570 Pereas
3158 3516 3334 3588 igitur
3380 3533 3509 3571 cru-

1898 3609 2011 3666 deli
2063 3621 2367 3681 poenarum
2412 3604 2698 3676 exemplo,
2749 3620 2877 3675 qua:
2920 3618 3040 3658 non
3073 3602 3341 3675 expavisti
3386 3605 3509 3659 tam

1897 3696 2123 3769 ingenti
2149 3698 2207 3751 te
2237 3694 2526 3750 maculare
2555 3690 2882 3763 parricidio.
2908 3692 3073 3759 Nam,
3100 3693 3163 3745 ut
3191 3691 3263 3747 de
3286 3690 3511 3747 caeteris

1897 3786 2122 3851 sileam,
2170 3783 2535 3855 Sigebertum
2585 3796 2784 3835 meum
2837 3780 3133 3852 patruum,
3156 3782 3323 3834 tuum
3373 3794 3510 3836 vero

1897 3875 2104 3941 virum,
2136 3872 2403 3928 novimus
2422 3873 2521 3927 tuo
2550 3867 2787 3925 consilio
2813 3884 2981 3924 usum
3020 3871 3226 3924 contra
3265 3867 3510 3923 fratrem

1896 3962 2271 4021 insurrexisse
2301 3976 2472 4015 suum
2504 3975 2517 4014 :
2550 3960 2791 4033 propter
2828 3958 2986 4031 quod
3027 3958 3086 4012 in
3132 3954 3511 4030 improvisum

1897 4052 2137 4108 incurrit
2165 4050 2488 4105 interitum.
2516 4048 2803 4103 Meroveus
2832 4062 3065 4119 quoque
3092 4045 3274 4100 frater
3311 4062 3380 4100 ex
3407 4061 3514 4117 pa-

1895 4144 1985 4196 tre
2016 4156 2198 4207 meus,
2226 4137 2308 4194 tui
2364 4152 2536 4193 causa
2565 4153 2599 4191 a
2650 4134 2914 4208 genitore
2948 4133 3082 4190 odio
3125 4133 3375 4203 habitus,
3408 4150 3512 4190 ne-

1894 4228 2233 4285 fandissimo
2267 4225 2619 4282 crudelitatis
2632 4240 2849 4296 genere
2874 4226 2961 4279 est
2985 4223 3342 4280 interfectus.
3364 4222 3513 4288 Quid

1896 4320 2092 4374 autem
2120 4331 2449 4371 memorem
2477 4313 2865 4385 Chilpericum
2896 4329 3043 4370 mea:
3064 4310 3376 4368 nativitatis
3409 4327 3510 4383 pa-

1894 4410 2147 4473 rentem,
2182 4421 2378 4476 quem,
2410 4407 2472 4459 ut
2499 4404 2701 4471 fertur,
2734 4420 2840 4476 per
2880 4403 3128 4458 directos
3157 4400 3515 4474 apparitores

1898 4496 2087 4551 morte
2120 4492 2377 4559 aﬁ‘ecisti,
2435 4492 2515 4547 nil
2572 4492 2687 4547 tale
2733 4490 3337 4562 verentem?Nequeo
3390 4487 3517 4544 sine

1897 4581 2169 4655 lacrymis
2198 4581 2416 4637 exitum
2444 4581 2591 4636 tanti
2620 4579 2839 4635 referre
2876 4580 3076 4653 patris,
3110 4593 3515 4650 mrumnasque

1901 4688 2049 4727 mea:
2078 4670 2363 4743 explicare
2386 4669 2664 4725 orbitatis.
2683 4670 2987 4724 Fraternas
3002 4667 3152 4723 acies
3176 4669 3515 4739 alternaque

1899 4763 2072 4829 bella,
2105 4777 2232 4832 quae
2264 4758 2521 4831 profanis
2551 4758 2844 4813 decertata
2871 4759 3005 4812 sunt
3029 4756 3194 4823 odiis,
3223 4756 3515 4812 revolvere

1901 4851 2120 4923 pudet;
2152 4865 2281 4921 quae
2311 4850 2393 4916 tu,
2423 4846 2599 4902 totius
2646 4847 2791 4901 aulae
2834 4844 3107 4916 procella,
3150 4845 3420 4911 excitans,
3453 4842 3515 4900 in

1903 4942 2167 4996 mutuam
2199 4953 2402 4993 necem
2428 4938 2668 5007 nepotes
2724 4931 2993 4987 animasti
3044 4934 3172 4986 tuos
3222 4935 3286 4987 ut
3336 4932 3516 4988 frater

1900 5029 2142 5085 fratrem
2174 5025 2559 5089 interimeret,
2588 5038 2693 5076 nec
2703 5019 2855 5092 jusia
2871 5023 3335 5075 commoveretur
3356 5036 3518 5075 men-

1898 5118 1970 5174 tis
1997 5114 2416 5188 compassione.
2441 5109 2827 5166 Theudoricus
2868 5106 3138 5178 denique,
3171 5108 3282 5163 tuis
3312 5108 3515 5165 credu-

1898 5208 1985 5263 lus
2005 5202 2488 5277 persuasionibus,
2530 5198 2685 5271 quod
2728 5194 3160 5251 Theodebertus
3218 5195 3340 5266 ejus
3396 5211 3516 5251 non

1900 5299 2049 5351 esset
2076 5309 2412 5364 germanus,
2444 5289 2656 5346 effusor
2682 5284 2896 5342 exstitit
2922 5283 3164 5338 fraterni
3195 5282 3513 5355 sanguinis,

1899 5400 2030 5439 cum
2055 5381 2175 5453 iam
2206 5379 2430 5451 pridem
2452 5376 2776 5435 Meroveiex
2804 5391 2863 5430 se
2890 5371 3069 5447 geniti
3099 5387 3302 5428 cruore
3330 5371 3516 5444 pollu-

1898 5476 1986 5526 tas
2007 5470 2237 5540 gereret
2262 5483 2486 5521 manus.
2507 5462 2891 5523 Theodeberti
2908 5461 3177 5529 ﬁlium,in
3194 5459 3336 5517 albis
3351 5476 3515 5517 nowe

1902 5554 2363 5630 regenerationis
2390 5554 2575 5609 adhuc
2612 5553 3011 5619 constitutum,
3040 5569 3074 5607 a
3102 5554 3158 5607 te
3183 5550 3258 5606 ad
3285 5553 3515 5624 petram

1903 5647 2151 5711 allisum,
2182 5643 2386 5697 notum
2436 5645 2522 5697 est
2550 5658 2680 5696 cum
2713 5643 2891 5698 fratre
2926 5641 3300 5697 innocentem
3342 5643 3514 5698 exha-

1901 5741 2049 5797 lasse
2070 5731 2350 5807 spiritum.
2381 5729 2526 5787 Illud
2552 5747 2669 5787 non
2714 5730 3105 5789 omittendum
3136 5747 3338 5789 recens
3392 5732 3514 5805 pia-
