3882 6212
399 497 507 555 ’76⁸7

1463 495 1731 552 ΑΙΜΟΙΝΙ
1780 491 2091 553 ΜΟΝΜἨΗ
2121 492 2644 552 FLORIACENSIS.

3623 493 3732 552 768

397 617 612 685 culum,
643 612 908 672 videlicet
931 613 1350 671 Theodericum
1364 615 1647 671 maleﬁcio
1669 619 1766 672 tuo
1781 632 2001 671 veneno
2024 618 2080 678 Α
2103 602 2241 670 dum
2271 631 2402 670 cum
2424 632 2562 687 rege
2594 615 2665 670 ad
2695 615 2883 670 locum
2899 613 3233 670 certaminis
3246 616 3616 686 properaret,
3631 628 3728 668 oc-

395 707 687 770 necatum,
721 707 892 776 atque
921 704 1043 774 ejus
1075 703 1240 771 filios,
1276 705 1337 757 ut
1381 704 1681 757 adversum
1717 721 1809 758 me
1854 705 2003 758 bella

397 795 718 859 moverent,
752 807 1069 862 persuasos,
1103 795 1218 846 tres
1249 809 1315 846 ex
1343 791 1496 863 ipsis,
1530 809 1593 846 ac
1625 792 1669 845 si
1695 807 1842 858 reos,
1877 791 2003 845 neci

399 897 521 936 esse
570 880 829 935 traditos.
877 881 1057 935 Silere
1098 881 1251 935 malo
1309 880 1766 934 innumerabiles
1791 881 2003 932 ducum

394 974 634 1042 strages,
663 987 791 1042 qua:
831 973 1027 1024 utrum
1051 970 1203 1041 juste
1229 987 1301 1023 an
1335 968 1541 1039 injuste
1574 968 2006 1038 fuerintpcrpe-

395 1061 582 1123 trataa,
619 1075 737 1113 non
762 1061 846 1112 est
869 1058 1026 1113 istius
1055 1056 1335 1128 temporis
1361 1056 1666 1127 explicare,
1686 1056 2002 1109 dummodo

397 1162 515 1213 vos,
572 1144 883 1202 dulcissimi
953 1145 1398 1210 commilitones,
1455 1148 1511 1198 et
1560 1144 2004 1214 prazeminentes

399 1234 649 1289 Francia:
671 1234 976 1304 primores,
1006 1232 1327 1287 decernatis
1357 1232 1445 1286 cui
1477 1233 1768 1302 subjaceat
1790 1232 2003 1302 suppli-

396 1320 483 1375 cio
514 1321 657 1376 tanti
686 1321 933 1376 obnoxia
961 1321 1212 1375 sceleris.
1244 1342 1271 1368 »
1295 1321 1762 1374 Acclamantibus
1788 1319 2004 1373 cunctis

396 1408 670 1464 inauditis
689 1425 819 1464 eam
835 1410 1044 1464 debere
1057 1409 1256 1479 subjici
1274 1409 1494 1479 paenisj
1507 1409 1639 1462 ubet
1653 1408 2003 1462 indomitum

396 1497 650 1552 exhiberi
681 1513 916 1570 equum,
941 1498 1237 1569 crinesque
1270 1497 1610 1551 miserrima:
1632 1496 1848 1566 reginae
1873 1511 2005 1549 cum

397 1585 644 1639 brachiis
674 1587 870 1641 caudae
888 1586 1010 1657 ejus
1040 1585 1389 1656 colligari,ac
1412 1585 1650 1639 demum
1675 1585 1746 1638 ad
1777 1599 2005 1638 cursum

397 1673 693 1728 concitari.
737 1674 945 1746 Sicque
983 1674 1041 1728 in
1066 1674 1255 1744 primo
1287 1673 1509 1742 impetu
1540 1671 1820 1726 currentis
1873 1672 2006 1742 equi

396 1761 643 1816 calcibus
656 1763 958 1817 cerebrum
975 1761 1562 1833 dispersum.Reliqua
1574 1776 1705 1814 vero
1720 1760 2008 1827 membra,

401 1867 507 1922 per
533 1867 736 1923 aspera
785 1859 1027 1923 quaeque
1073 1851 1330 1906 sentibus
1375 1851 1680 1920 rupibusve
1720 1854 2012 1920 protracta

2106 704 2281 757 currit
2311 703 2390 757 eis
2422 703 2660 758 nuntius
2687 703 2910 758 dicens:
2933 722 2963 755 <‹
2981 702 3386 757 Adversarium
3417 702 3563 771 ejus,
3585 700 3729 755 dum

2104 792 2174 844 ad
2195 792 2560 862 designatum
2577 807 2876 845 occurrere
2893 791 3416 856 festinaretlocum,
3433 805 3583 860 equo
3608 806 3732 843 cor-

2104 879 2301 946 ruisse,
2324 880 2566 952 vitwque
2620 881 2940 934 terminum
2963 879 3258 945 incurisse,
3291 879 3486 931 nTunc
3527 893 3628 931 rex
3656 877 3726 931 ad

2106 967 2341 1021 beatum
2375 983 2682 1022 conversus
2712 968 2925 1022 virum:
2960 991 2985 1016 ιι
3021 968 3258 1033 Lmtare,
3293 964 3500 1036 inquit,
3523 982 3731 1019 amanc

2105 1055 2580 1126 tissimejuvcnis,
2603 1056 2736 1127 quia
2764 1055 3038 1110 Dominus
3075 1056 3344 1108 defensor
3361 1058 3490 1107 tuus
3511 1057 3619 1119 est,
3652 1070 3726 1108 ne

2106 1144 2207 1198 tibi
2239 1161 2448 1199 nocere
2473 1145 2649 1214 possit
2680 1145 2969 1199 inimicus.
3005 1164 3034 1196 »
3069 1145 3202 1198 Post
3233 1144 3352 1197 hate
3382 1143 3725 1197 cathedram

2105 1233 2486 1304 episcopalem
2520 1235 2772 1302 sortitus,
2828 1233 3187 1291 admirandis
3210 1233 3270 1288 in
3304 1233 3524 1290 mundo
3547 1234 3727 1288 virtu-

2105 1324 2230 1375 tum
2261 1321 2468 1385 enituit
2503 1322 2688 1379 bonis.

2737 1430 2961 1484 CAPUT
2993 1433 3083 1488 IIl.

2104 1516 2186 1569 De
2201 1514 2476 1588 ᾼΜαιινίεἰὶ
2505 1519 2836 1587 imperatoris
2877 1535 2997 1572 cum
3045 1518 3174 1586 ﬁliis
3203 1517 3357 1586 ccede,
3387 1519 3556 1588 deque
3585 1518 3727 1588 ejus-

2177 1586 2293 1641 dem
2313 1605 2360 1639 m
2368 1589 2543 1640 oribus
2549 1586 2655 1657 pra
2663 1591 2741 1644 vis
2756 1594 2806 1644 et
2821 1591 3131 1658 pwnitentia
3145 1586 3577 1643 salutaricwlitcts
3590 1586 3732 1646 reve-

2179 1658 2288 1710 lata
2301 1674 2401 1728 per
2420 1660 2766 1713 anachoreta:
2791 1660 3059 1730 /Egypti,
3078 1666 3127 1714 et
3147 1661 3210 1714 de
3233 1660 3531 1730 Philippici
3539 1661 3727 1729 gestis.

2181 1765 2328 1818 Dum
2353 1765 2475 1818 hanc
2506 1765 2818 1820 Galliarum
2875 1765 2933 1820 in
2965 1766 3221 1837 partibus
3243 1767 3544 1836 geruntur,
3573 1766 3727 1820 Mau-

2109 1851 2270 1906 ritius
2301 1853 2589 1923 Augustus
2616 1857 2924 1925 postquam
2953 1869 3068 1908 uno
3096 1870 3160 1908 ac
3182 1853 3382 1924 viginti
3403 1853 3731 1908 annisrexit

395 1917 542 2006 ioca,
561 1917 834 2011 dissipata
863 1917 1014 1994 sunt.
1057 1941 1217 1994 Hunc
1239 1917 1632 1994 Brnnechildis
1666 1917 1881 1994 exitum
1920 1942 2008 1994 tu-
2032 1917 2086 1980 Β
2110 1917 2442 2010 imperium,
2471 1917 2785 1995 cumiiliis.
2799 1942 3143 2009 Theodosio,
3189 1917 3453 2014 Tiberio,
3488 1944 3546 1996 et
3575 1942 3728 1996 Con~

392 2026 478 2094 lit,
505 2026 714 2082 mulier
740 2026 798 2082 in
820 2027 962 2082 caedi
975 2030 1082 2083 bus
1102 2027 1565 2100 propinquorum
1585 2028 1835 2082 maxime
1853 2045 2010 2082 exer-

397 2114 602 2182 citata;
629 2115 834 2187 quibus
845 2105 1148 2171 exstinctis
1151 2157 1164 2181 ,
1187 2115 1607 2188 possessionem
1625 2133 1827 2171 eorum
1848 2117 2009 2188 quasi

396 2203 646 2276 spolium
670 2205 786 2260 suis
805 2206 1098 2277 junxerat.
1132 2205 1233 2260 Cui
1272 2206 1538 2260 secundes
1567 2222 1658 2260 res
1680 2207 2006 2276 superbiam

395 2289 778 2365 augebant,ut
789 2294 1084 2349 muliebris
1095 2293 1439 2366 impotentia
1449 2309 1622 2366 supra
1636 2294 1875 2348 modum
1888 2311 2008 2349 sese

396 2380 713 2438 extolleret.
739 2381 850 2436 Nec
869 2384 1065 2436 tamen
1082 2399 1146 2436 ex
1165 2384 1286 2436 toto
1304 2382 1384 2436 ita
1396 2398 1588 2435 vecors
1614 2381 1845 2443 exstitit,
1868 2382 2006 2452 quin

395 2468 495 2523 Dei
520 2485 584 2524 ac
597 2472 932 2524 sanctorum
948 2471 1070 2539 ejus
1085 2468 1418 2534 memorias,
1441 2485 1474 2523 a
1491 2469 2008 2539 preedecessoribus

394 2559 658 2624 structas,
710 2557 1120 2612 venerabiliter
1198 2559 1501 2622 excoleret,
1561 2557 1796 2629 ipsaque
1835 2573 2007 2612 novas

395 2643 735 2699 fabricando
753 2645 956 2700 devote
985 2645 1412 2717 multiplicaret.
1431 2646 1571 2699 Nam
1596 2645 1654 2698 in
1677 2646 2005 2701 suburbano

397 2732 760 2787 Laudunensi
788 2733 1084 2788 basilicam
1120 2734 1178 2788 in
1208 2735 1431 2788 honore
1462 2734 1642 2788 sancti
1689 2735 2008 2788 construxit

396 2819 682 2874 Vincentii
717 2823 813 2889 ;et
858 2822 1014 2892 apud
1059 2823 1540 2892 Augustodunum
1574 2822 1748 2876 aliam
1808 2827 2003 2877 sancto

396 2907 652 2962 denicari
669 2908 1114 2978 jussitMartino,
1135 2926 1237 2963 usa
1264 2909 1593 2965 necessariis
1619 2911 1690 2964 ad
1723 2911 1828 2964 hoc
1865 2929 2007 2982 opus

394 2995 735 3051 ministeriis
765 2997 1111 3051 venerabilis
1141 2996 1244 3051 viri
1276 2997 1506 3067 Siagrii,
1534 2997 1823 3069 praedictae
1852 2999 2006 3054 urbis

393 3083 665 3155 episcopi.
701 3085 884 3140 Multis
905 3085 1140 3157 quidem
1173 3089 1230 3140 et
1279 3085 1402 3140 aliis
1454 3085 1511 3140 in
1557 3087 1692 3140 locis
1740 3088 1844 3141 sub
1900 3105 1999 3142 no-

395 3171 555 3226 mine
587 3172 767 3228 sancti
793 3173 1017 3228 Martini
1044 3173 1382 3245 magnificas
1410 3173 1669 3228 fundavit
1697 3175 1961 3230 ecclesias
1985 3192 2000 3244 ;

391 3258 555 3314 illum
580 3260 687 3315 sibi
713 3276 831 3332 prae
887 3261 1111 3316 caeteris
1140 3262 1466 3332 adjutorem
1487 3262 1610 3317 fore
1628 3262 1924 3317 conlidens
1946 3265 2006 3318 et

391 3345 738 3406 conﬁdendo
765 3365 1096 3421 exposcens.
1132 3349 1412 3416 IEdiﬂcia,
1452 3365 1589 3405 sane
1619 3351 1690 3405 ab
1718 3350 1840 3422 ipsa
1863 3367 2003 3406 con-

391 3437 608 3491 structa
631 3453 808 3510 usque
831 3437 890 3494 in
912 3438 1020 3493 hoc
1042 3440 1275 3509 tempus
1303 3438 1590 3505 durantia,
1619 3439 2003 3493 ostenduntur

391 3525 512 3579 tam
541 3524 850 3581 innumera
880 3529 942 3580 ut
971 3525 1310 3582 incredibile
1343 3526 1600 3582 videatur
1624 3528 1696 3582 ab
1730 3543 1846 3581 una
1870 3544 1999 3582 mu-

389 3612 552 3677 liere,
589 3617 648 3669 et
700 3613 759 3669 in
797 3614 1040 3670 ‘Austria
1093 3617 1501 3672 tantummodo
1556 3617 1615 3669 et
1672 3615 2002 3686 Burgundia

387 3705 695 3773 regnante,
729 3707 890 3759 tanta
919 3703 979 3759 in
1031 3706 1150 3758 tam
1182 3704 1415 3759 diversis
1453 3701 1705 3758 Francia:
1743 3704 2000 3774 partibus

388 3789 513 3844 fieri
533 3791 804 3862 potuisse.
840 3793 919 3846 Ea
941 3796 1138 3848 autem
1163 3808 1295 3847 cum
1329 3792 1445 3846 ﬁlio
1472 3795 1530 3846 et
1559 3790 1864 3861 nepotibus
1893 3808 1997 3862 gu-

387 3877 670 3934 bernante
721 3895 990 3952 regnum,
1035 3880 1189 3951 apud
1233 3879 1458 3946 Gallias,
1514 3877 1722 3932 divinae
1776 3879 1999 3934 virtutis

388 3966 575 4036 gratia
609 3966 890 4033 irradiati,
923 3966 1206 4021 fulserunt
1235 3966 1405 4021 veluti
1453 3965 1781 4035 luminaria,
1828 3968 1996 4023 Ethe-

385 4052 504 4108 rius
522 4053 917 4124 Lugdunensis
937 4053 1421 4124 archiepiscopus,
1448 4053 1704 4125 Siagrius
1719 4055 1998 4127 Augusto-

385 4142 682 4208 dunensis,
731 4141 1060 4197 Desiderius
1099 4142 1456 4210 Viennensis,
1495 4143 1778 4198 Aunarius
1804 4144 1994 4199 Antis-

384 4227 762 4292 siodorensis,
791 4246 922 4283 cum
960 4229 1139 4286 fratre
1175 4232 1457 4288 Austreno
1503 4232 1898 4289 Aurelianensi
1937 4237 1996 4288 et

387 4314 778 4371 Columbanus
803 4318 973 4374 abba.

1043 4426 1266 4482 CAPUT
1301 4427 1366 4484 ll.

2109 2029 2385 2097 stantiuo,
2409 2047 2442 2084 a
2461 2030 2626 2096 Foca,
2647 2030 2742 2101 qui
2772 2029 2878 2084 fuit
2910 2033 3123 2085 strator
3166 2029 3340 2084 Prisci
3356 2029 3604 2100 patricii,
3641 2045 3732 2084 oc-

2111 2117 2336 2171 ciditur.
2389 2117 2514 2172 Fuit
2573 2122 2766 2172 autem
2838 2119 2992 2174 utilis
3061 2118 3411 2190 reipublicae.
3468 2119 3729 2192 Denique

2110 2209 2309 2259 contra
2370 2207 2562 2261 hostes
2632 2207 2933 2274 dimicans,
3001 2223 3152 2278 saepe
3209 2207 3513 2262 victoriam
3573 2207 3728 2262 obti—

2111 2293 2253 2350 nuit.
2288 2295 2434 2349 IIuni
2467 2312 2718 2366 quoque,
2749 2296 2844 2366 qui
2872 2299 2929 2351 et
2953 2296 3161 2350 Avares
3193 2295 3580 2368 appellantur,
3606 2295 3730 2367 ejus

2109 2381 2313 2436 virtute
2345 2383 2548 2437 devicti
2567 2387 2719 2438 sunt.
2747 2385 2844 2438 Hic
2869 2384 3060 2439 medio
3084 2383 3312 2456 imperii
3333 2383 3418 2438 sui
3437 2388 3724 2456 tempore,

2110 2469 2247 2523 dum
2279 2471 2484 2526 divina:
2509 2472 2622 2542 legi
2647 2472 2964 2526 contrarias
2981 2473 3402 2545 prmceptiones
3421 2473 3645 2539 ederet,
3670 2477 3725 2527 et

2107 2558 2320 2613 abeato
2333 2560 2604 2630 Gregorio
2619 2561 2951 2632 frequenter
2965 2561 3420 2628 admonitus,eas
3431 2561 3726 2633 corrigere

2108 2647 2305 2712 nollet,
2339 2647 2457 2702 imo
2491 2648 2682 2701 eidem
2712 2647 2829 2702 viro
2858 2648 2969 2714 Dei,
2989 2648 3121 2720 quia
3147 2649 3310 2703 factis
3331 2665 3449 2703 non
3475 2652 3724 2719 poterat,

2106 2734 2291 2788 verbis
2318 2735 2557 2806 injurias
2580 2735 2835 2806 irrogare
2853 2752 2968 2790 non
2989 2736 3304 2803 desisteret,
3325 2737 3426 2790 tali
3457 2737 3674 2791 meruit
3694 2755 3726 2791 a

2106 2822 2354 2877 Domino
2387 2824 2798 2895 redargutione
2826 2824 3361 2890 coerceri.Quidam
3377 2826 3724 2880 monachico

2108 2911 2399 2965 schemate
2431 2913 2742 2983 adopertus
2757 2912 3256 2982 Constantinopoli
3283 2913 3524 2984 degens,
3541 2930 3727 2968 exem-

2105 3003 2267 3070 ptam
2289 3001 2496 3070 vagina
2519 3002 2782 3070 spatham
2811 3017 2844 3055 a
2869 3005 3040 3072 porta
3061 3001 3300 3056 civitatis
3320 3018 3499 3072 usque
3523 3003 3601 3056 ad
3621 3006 3728 3056 sta-

2103 3082 2263 3133 tuam
2284 3080 2641 3149 gladiatoris,
2663 3098 2789 3152 quae
2804 3081 2861 3134 in
2877 3081 3070 3136 medio
3090 3082 3217 3136 Fori
3233 3085 3355 3137 erat
3375 3083 3723 3155 posito,per-

2104 3167 2316 3230 ferens,
2353 3169 2745 3240 pronuntiavit
2785 3169 3201 3241 imperatorem
3245 3170 3438 3241 gladio
3482 3171 3724 3242 punien-

2105 3256 2264 3310 dum.
2290 3256 2454 3320 Quod
2479 3259 2766 3328 Augustus
2781 3257 3040 3324 audiens,
3059 3258 3221 3312 valde
3244 3258 3722 3330 pertinuit,voca-

2104 3347 2344 3416 tumque
2376 3345 2688 3415 quemdam
2720 3345 3066 3416 praefectorii
3124 3346 3344 3400 ordinis
3388 3345 3584 3400 virum
3617 3345 3720 3401 sibi

2103 3431 2640 3500 familiarissimum,
2673 3433 2747 3487 ad
2774 3437 3000 3487 sanctos
3041 3433 3100 3488 in
3145 3433 3460 3506 superioris
3485 3434 3719 3507 [Egypti

2102 3535 2300 3575 eremo
2335 3525 2638 3575 manentes
2663 3537 2796 3575 cum
2823 3521 3035 3576 exeniis
3059 3537 3453 3592 cereorum,ac
3465 3523 3717 3596 thymia-

2101 3611 2223 3663 tum
2253 3609 2409 3664 misit
2438 3609 2598 3663 omni
2641 3625 2771 3664 cum
2803 3609 3127 3678 devotione,
3161 3611 3480 3684 deposcens
3515 3615 3581 3666 ut
3611 3627 3714 3684 pro

2100 3713 2160 3751 se
2191 3697 2421 3753 Domini
2453 3701 2758 3752 exorarent
2776 3699 3166 3754 clementiam.
3199 3701 3323 3771 Ipse
3343 3715 3582 3772 quoque
3599 3701 3720 3773 pias

2101 3783 2425 3840 Conditoris
2454 3786 2538 3840 sui
2570 3803 2734 3840 aures
2764 3787 2855 3842 die
2887 3790 3174 3860 nocluque
3200 3804 3316 3842 non
3340 3788 3514 3844 desiit
3537 3790 3719 3861 preci-

2099 3873 2203 3928 bus
2227 3875 2474 3946 pulsare,
2512 3890 2577 3929 ac
2607 3878 2669 3928 ut
2698 3892 2799 3929 sua
2839 3875 2897 3929 in
2950 3875 3218 3946 prtesenti
3261 3875 3454 3946 potius
3479 3877 3599 3931 vita
3625 3893 3718 3948 pu-

2100 3961 2250 4017 niret
2281 3962 2634 4034 peccamina,
2665 3980 2769 4017 nec
2791 3966 3045 4018 servaret
3069 3981 3138 4018 ea
3159 3964 3230 4018 ad
3261 3964 3570 4018 subeunda
3591 3982 3718 4036 per-

2100 4050 2718 4123 petuiignisincendia,
2740 4069 2858 4106 non
2873 4051 3091 4106 destitit
3112 4051 3448 4122 implorare.
3469 4053 3717 4108 Rediens

2098 4155 2272 4210 porro
2306 4140 2653 4211 praefectusa
2673 4139 2881 4196 sanctis
2906 4140 3192 4208 solit’ariis,
3215 4141 3560 4213 imperatori
3581 4160 3718 4197 nun-

2095 4229 2264 4286 ciavit
2296 4230 2518 4285 dicens:
2549 4253 2576 4280 «
2606 4229 2810 4284 Incolae
2838 4229 3162 4285 solitudinis
3191 4228 3374 4283 sancti
3415 4228 3526 4283 viri
3559 4230 3713 4286 dixe-

2093 4322 2229 4372 runt
2255 4317 2396 4372 mihi
2435 4318 2592 4390 quod
2621 4317 2959 4373 humilitatis
3007 4322 3120 4374 tua:
3169 4334 3370 4390 preces
3402 4319 3718 4374 exaudiens

2090 4407 2261 4475 Deus,
2298 4407 2657 4478 sempiterna
2687 4406 2918 4478 quidem
2954 4424 3072 4462 non
3116 4409 3174 4461 te
3210 4407 3466 4478 privaret
3495 4407 3711 4479 gloria;

383 4512 467 4568 De
494 4513 846 4585 Austregisilo
862 4515 1091 4586 preside
1119 4522 1322 4583 sancto,
1365 4516 1504 4586 falso
1550 4522 1792 4570 accusata
1818 4522 1866 4570 et
1893 4518 1988 4570 mi—
2009 4475 2064 4537 D
2089 4499 2490 4586 Yerumlamen
2545 4495 2736 4586 “hujus
2797 4495 3134 4567 temporalis
3206 4496 3524 4586 honwem’
3553 4584 3562 4586 ,
3596 4512 3708 4568 quo

599 4587 844 4641 raculose-
856 4594 1110 4658 purgato,
1143 4587 1305 4659 deque
1333 4587 1448 4656 eius
1474 4588 1769 4642 sanctitate.

451 4673 854 4746 Austregisilus
895 4693 1124 4749 quoque
1174 4676 1539 4731 Bituricensis
1595 4675 1983 4747 archipreesul,

378 4762 476 4835 qui
505 4760 614 4818 sibi
634 4780 770 4836 rege
789 4764 1124 4820 Guntranno
1148 4764 1247 4819 diu
1265 4764 1323 4818 in
1352 4764 1568 4836 palatio
1599 4769 1983 4833 conversatus,

371 4867 644 4925 mappam
701 4853 754 4909 ei
827 4853 902 4909 ad
978 4853 1362 4924 extergendas
1434 4854 1696 4924 prmbere
1751 4869 1988 4908 consue«

373 4944 535 4997 verat
562 4958 789 4998 manus.
846 4942 942 4996 Hic
1001 4941 1259 5015 quadam
1318 4941 1438 4996 vice
1470 4958 1503 4996 a
1559 4941 1814 5013 quodam
1859 4957 1985 5012 pes-

371 5029 534 5086 simae
593 5031 806 5087 mentis
857 5031 1097 5086 homine
1150 5031 1294 5086 falso
1347 5033 1662 5096 accusatus,
1720 5031 1986 5102 quaedam

366 5118 584 5190 absque
607 5118 866 5190 jussione
892 5118 1170 5191 principis
1219 5117 1431 5191 scripta
1481 5117 1812 5185 confecisse,
1848 5118 1986 5173 dum

369 5204 426 5261 id
483 5207 682 5262 sedulo
743 5207 1346 5280 denegaret,jubetur
1403 5225 1436 5262 a
1490 5224 1629 5279 rege
1670 5207 1844 5262 armis
1891 5208 1988 5263 ob-

359 5295 517 5367 jecta
538 5297 838 5368 repellere.
859 5297 966 5361 Qui
994 5297 1244 5351 diluculo
1269 5313 1531 5368 surgens,
1559 5297 1695 5351 dum
1721 5313 1825 5366 per
1849 5313 1985 5368 pue-

366 5403 499 5440 rum
526 5403 764 5441 omnem
792 5403 1028 5441 suorum
1058 5390 1406 5458 apparatum
1439 5402 1737 5441 armorum
1769 5385 1981 5440 deferri

369 5473 596 5528 fecisset
639 5474 693 5528 in
728 5492 1022 5546 campum,
1057 5478 1116 5529 et
1140 5475 1213 5530 ad
1259 5476 1614 5530 exorandum
1670 5475 1981 5530 Dominum

369 5561 671 5618 ecclesiam
698 5563 850 5629 beati
872 5564 1115 5618 Marcelli
1139 5567 1452 5635 expeteret,
1477 5563 1724 5618 obvianti
1742 5564 1979 5636 pauperi

367 5654 427 5704 et
457 5649 884 5722 eleemosynam
919 5652 1169 5724 roganti,
1200 5652 1474 5707 trientem
1519 5652 1740 5712 tribuit.
1786 5652 1978 5724 sicque

369 5736 624 5794 orationi
648 5737 930 5795 incubuit.
959 5737 1072 5794 Nec
1103 5737 1288 5794 defuit
1311 5739 1560 5796 orationi
1583 5739 1985 5795 etfectus.Nam

2086 4583 2316 4650 frueris,
2349 4584 2602 4656 imperii,
2644 4600 2777 4638 cum
2823 4600 3041 4655 magna
3074 4601 3108 4638 a
3160 4586 3216 4638 te
3258 4583 3520 4639 auferret
3550 4584 3712 4655 igno-

2091 4673 2298 4727 minia.
2333 4691 2359 4725 ι
2406 4674 2636 4727 Gavisus
2685 4677 2769 4726 est
2818 4673 3139 4744 imperator
3178 4673 3336 4745 quia,
3384 4674 3497 4728 etsi
3528 4678 3710 4728 trans-

2091 4761 2264 4816 itoria
2298 4777 2416 4816 non
2467 4761 2748 4833 effugeret
2801 4762 2974 4828 mala,
3013 4779 3133 4816 non
3185 4761 3459 4834 perderet
3511 4766 3707 4817 tamen

2091 4853 2417 4922 praeparata
2433 4849 2600 4920 justis
2621 4850 2882 4920 praemia.
2906 4853 2984 4905 Ac
3005 4851 3192 4922 ipsum
3211 4850 3388 4904 etiam
3410 4851 3515 4906 tali
3537 4851 3709 4907 voluit

2092 4954 2343 5009 superna
2367 4937 2582 4992 visione
2613 4938 2897 4993 consolari
2919 4939 3486 5011 dignatio.Quadam
3513 4945 3699 5005 nocte,

2091 5029 2206 5082 alto
2254 5026 2555 5099 depressus
2605 5043 2834 5098 sopore,
2886 5026 3028 5082 vidit
3073 5044 3132 5083 se
3185 5043 3364 5082 senem
3398 5027 3705 5084 Salvatoris

2091 5115 2356 5187 imagini,
2373 5131 2499 5187 qua:
2515 5118 2650 5170 ante
2672 5116 2826 5170 fores
2839 5115 3034 5188 palatii
3057 5115 3242 5188 posita
3257 5120 3404 5184 erat,
3421 5103 3700 5181 aSsistere,

2092 5208 2151 5260 et
2182 5221 2282 5260 vox
2317 5221 2384 5259 ex
2429 5205 2549 5275 ipso
2586 5204 2870 5260 incarnati
2923 5205 3091 5260 Verbi
3133 5206 3469 5260 charactere
3515 5205 3702 5260 audita

2089 5297 2194 5361 est,
2229 5295 2458 5350 dicens:
2481 5313 2510 5346 <<
2533 5295 2669 5348 Date
2693 5293 3046 5352 Manricium.
3067 5314 3098 5347 »
3118 5296 3184 5348 Et
3203 5295 3702 5366 apprehendentes

2086 5399 2218 5437 eum
2251 5383 2488 5455 quidam
2524 5383 2742 5453 ignotae
2786 5383 2988 5438 formae
3043 5387 3100 5438 et
3130 5383 3403 5438 claritatis
3433 5382 3693 5446 ministri,

2082 5475 2411 5528 statuerunt
2436 5475 2571 5525 ante
2599 5472 2966 5542 praesentiam
3001 5473 3315 5544 loquentis.
3335 5474 3572 5547 Vosque
3602 5473 3696 5526 ile-

2082 5577 2210 5615 rum
2237 5560 2448 5626 sonuit,
2469 5559 3050 5630 interrogansillum:
3083 5585 3108 5611 ‹‹
3131 5561 3278 5624 Quid
3308 5563 3497 5633 magis
3525 5563 3691 5631 elige-

2084 5652 2193 5714 ret,
2227 5652 2419 5702 utrum
2446 5648 2506 5701 in
2538 5648 2644 5702 isto
2664 5650 2872 5703 sarculo
2903 5665 3029 5719 qum
3056 5649 3325 5720 nequiter
3342 5649 3692 5722 egeratreci-

2090 5753 2248 5810 pere,
2285 5753 2359 5793 au
2388 5738 2581 5794 futuro
2613 5754 2682 5792 ea
2722 5755 2949 5795 servare
2997 5738 3270 5795 examini.
3310 5761 3336 5788 n
3373 5740 3474 5795 Cui
3497 5739 3686 5797 Mauri-
