3882 6212
195 359 301 415 769

1264 355 1588 414 HISTORIA
1615 352 2070 416 FRANCORUH.
2100 386 2169 399 —
2198 355 2327 416 LIB.
2370 355 2458 414 IV.

3422 364 3532 423 710

198 479 316 533 eius
343 493 356 531 :
379 497 410 529 ‹‹
441 476 486 531 Ο
509 477 662 544 Iesu,
695 474 901 550 inquit,
939 475 1118 539 bone,
1149 476 1242 549 qui
1278 477 1598 532 humanum
1635 495 1818 549 genus
1839 484 1890 541 Α
1917 477 2148 532 Domini
2193 477 2499 547 Gregorius
2528 475 2598 532 de
2629 475 2928 548 praesentis
2957 477 3086 536 vita:
3116 481 3410 540 laboribus
3454 486 3532 542 ad

202 571 300 621 tuo
333 565 645 621 redemisti
695 565 996 636 sanguine,
1012 566 1152 635 jube
1175 583 1434 620 menunc
1457 568 1644 640 potius
1667 569 1818 622 male

198 655 511 710 commissa
535 657 719 721 luere,
751 658 808 708 et
837 655 1058 709 venturi
1070 654 1272 724 judicii
1293 656 1442 709 diem
1472 673 1588 710 non
1615 655 1816 709 formi-

201 743 359 809 dare,
392 743 516 797 imo
541 744 856 797 electorum
870 746 1104 797 tuorum
1125 743 1463 814 participem
1494 744 1583 797 fac
1614 760 1754 800 esse.
1787 763 1814 790 ››

197 833 354 886 Tunc
385 832 486 902 qui
520 832 866 902 loquebatur
904 847 917 885 :
949 854 976 880 «
1033 832 1335 897 Tradatur,
1377 833 1476 894 ait,
1524 831 1820 886 Mauricius

200 921 360 975 Focaa
394 920 590 988 militi,
617 937 747 974 cum
767 937 938 974 uxore
967 923 1022 974 et
1044 920 1264 975 duobus
1291 920 1438 974 filiis.
1475 942 1502 968 »
1538 921 1818 991 Evigilans

201 1009 531 1079 imperator
553 1026 585 1062 a
620 1025 868 1074 sommo,
903 1008 1252 1062 etvisionum
1271 1025 1463 1062 secum
1491 1008 1610 1080 ipse
1642 1011 1819 1064 revol-

201 1115 340 1152 vens
380 1097 666 1152 advocare
686 1096 853 1166 jussit
897 1096 1278 1168 Philippicum
1311 1113 1590 1167 generum
1627 1114 1815 1165 suum,

205 1201 381 1258 quem
407 1185 720 1255 aliquando
743 1184 1087 1255 arripiendm
1108 1184 1426 1254 tyrannidis
1447 1184 1822 1241 insimulatio-

207 1291 278 1328 ne
304 1278 641 1344 suspectum
670 1274 968 1328 habuerat.
987 1275 1084 1327 Ille
1109 1277 1572 1327 consummatam
1596 1291 1734 1346 erga
1762 1293 1820 1329 se

211 1363 450 1418 Caesaris
481 1361 631 1416 iram
663 1379 784 1417 esse
815 1361 1251 1432 pertimescens,
1310 1362 1630 1416 valedicens
1685 1379 1820 1416 con-

204 1451 352 1522 jugi,
379 1453 666 1522 tanquam
697 1449 942 1520 amplius
981 1465 1111 1504 eam
1138 1466 1255 1504 non
1313 1449 1549 1516 visurus,
1604 1449 1677 1504 ad
1729 1466 1826 1505 au-

127 1530 137 1536 ’
213 1539 327 1593 lam
358 1541 662 1609 properat.
698 1537 796 1592 Cui
842 1537 1152 1592 mauricius
1199 1553 1501 1592 occurrens
1530 1538 1603 1592 ad
1633 1553 1825 1609 genua

212 1627 260 1697 ej
269 1643 331 1680 us
343 1626 723 1698 provolvitur,
738 1625 1045 1680 obsecrans
1071 1629 1134 1679 ut
1154 1641 1281 1696 quae
1293 1628 1495 1680 contra
1513 1643 1666 1692 eum,
1682 1625 1824 1680 falsa

213 1718 460 1787 cogente
497 1713 841 1785 suspicione,
890 1714 1127 1785 indigne
1188 1715 1604 1781 commisserat,
1635 1730 1704 1768 ea
1726 1714 1821 1768 ille

1921 569 2200 619 aeternam
2229 565 2561 636 dcinigraus
2581 564 2862 637 requiem,
2893 567 3204 626 Sabiniano
3217 572 3416 628 sedem
3439 590 3533 630 re-

1921 653 2089 724 liquit
2115 654 2529 726 pontiticalem.
2561 653 2732 723 Cujus
2784 670 3072 709 successor
3120 658 3445 716 Bonifacius
3501 679 3536 716 a

1921 742 2194 811 praefecto
2225 744 2480 812 Augusto
2507 742 2673 813 petiit
2697 746 2753 796 et
2785 742 3114 814 impetravit
3145 761 3158 799 :
3193 767 3220 794 «
3242 747 3313 801 Ut
3339 747 3536 804 sedem

1908 828 2191 884 Romana:
2219 834 2278 885 et
2300 831 2629 902 apostolica:
2656 831 2917 886 Ecclesia:
2944 837 3115 903 caput
3129 850 3251 889 esse
3271 836 3536 893 omnium

1924 918 2302 972 Ecclesiarum
2336 920 2630 984 statueret,
2663 918 2797 990 quia
2837 920 3083 975 Ecclesia
3135 922 3538 980 Constantino-

1921 1005 2181 1075 politana
2211 1007 2462 1077 primam
2491 1024 2550 1060 se
2604 1007 2870 1061 omnium
2898 1008 3276 1065 Ecclesiarum
3330 1012 3537 1069 scribe-

1923 1093 2040 1147 bat.
2089 1115 2116 1141 »
2143 1095 2270 1164 Ipse
2320 1111 2550 1166 quoque
2579 1094 2870 1166 princeps,
2911 1097 3022 1152 alio
3054 1114 3206 1168 papa
3244 1099 3535 1156 Bonifacio

1926 1184 2188 1251 rogante,
2215 1183 2383 1250 jussit
2406 1183 2460 1236 in
2490 1183 2669 1238 veteri
2699 1183 3024 1256 fano,quod
3058 1187 3356 1242 Pantheon
3377 1205 3538 1245 voca-

1923 1268 2086 1335 bant,
2114 1270 2342 1324 abolitis
2370 1271 2656 1326 idolorum
2684 1273 2966 1339 sordibus,
3004 1273 3301 1329 basilicam
3351 1276 3534 1332 beatas

1924 1372 1989 1410 ac
2017 1361 2308 1428 perpetuas
2339 1358 2585 1429 Virginis
2607 1359 2815 1427 Marias,
2839 1365 2896 1414 et
2922 1362 3188 1417 omnium
3213 1367 3534 1436 martyrum

1926 1444 2078 1499 ﬁerit
2108 1448 2188 1513 ut,
2224 1445 2320 1501 ubi
2350 1447 2645 1518 quondam
2678 1448 2962 1516 omnium,
2991 1466 3109 1504 non
3142 1450 3331 1507 dicam
3388 1452 3536 1508 deo-

1925 1548 2076 1599 rum,
2109 1533 2209 1588 sed
2236 1534 2570 1589 daemonum
2619 1536 2801 1590 cultus
2833 1537 3133 1607 agebatur,
3163 1538 3242 1594 ibi
3263 1539 3536 1610 deinceps

1926 1619 2190 1674 omnium
2217 1620 2382 1676 heret
2410 1623 2695 1677 memoria
2714 1628 3070 1684 sanctorum.

2573 1711 2796 1765 CAPUT
2827 1712 2889 1767 V.

210 1767 454 1874 ρῇςὲριέιῖ
473 1767 1824 1873 nonnum'genigggiemgi‘ggrei,signa“...
1843 1790 1894 1850 Β
1923 1790 2006 1846 De
2033 1791 2464 1851 CacaniAvaris
2484 1815 2571 1851 seu
2593 1797 2794 1854 Ηακηί
2810 1816 2931 1853 cum
2950 1799 3162 1872 Gisul/‘o
3189 1767 3534 1874 Longobcirdo

213 1891 586 1961 Philippicus,
644 1894 704 1944 et
743 1889 882 1961 quid
928 1890 1034 1945 sibi
1099 1891 1248 1945 ultra
1308 1907 1467 1960 spem
1531 1889 1826 1946 accidisset

210 1979 527 2043 admirans,
559 1980 884 2049 Augustum
918 1979 989 2032 de
1021 1981 1176 2032 terra
1206 1979 1436 2045 levavit,
1489 1981 1547 2033 et
1595 1983 1656 2032 ut
1705 1979 1824 2050 ipse

211 2067 258 2120 ei
295 2067 488 2137 magis
521 2067 865 2132 remitteret,
901 2066 944 2119 si
977 2082 1151 2137 quam
1201 2067 1470 2120 adversus
1528 2083 1662 2121 eum
1700 2083 1823 2120 ma-

208 2155 390 2208 litiam
443 2154 742 2219 retineret,
769 2153 972 2210 oravit.
1019 2153 1118 2208 Cui
1171 2153 1469 2208 Mauricius
1500 2171 1512 2208 :
1548 2177 1573 2204 ‹‹
1597 2155 1676 2208 Tu
1704 2172 1826 2208 ma-

211 2243 314 2313 gis,
362 2242 583 2313 inquit,
626 2242 882 2312 indulge,
916 2246 974 2296 et
1003 2242 1047 2296 si
1070 2241 1353 2314 quispiam
1386 2241 1442 2296 in
1475 2244 1723 2297 exercitu
1753 2245 1827 2297 sit

209 2331 534 2385 honoribus
558 2331 813 2397 functus,
848 2331 946 2402 qui
989 2334 1222 2385 vocetur
1278 2331 1472 2398 Focas,
1532 2331 1761 2387 edicito.
1791 2353 1822 2382 ››

209 2419 588 2490 Narravitque
621 2419 672 2473 ei
701 2435 940 2473 omnem
969 2435 1038 2473 ex
1063 2419 1268 2474 ordine
1289 2419 1589 2474 visionem.
1616 2420 1826 2492 Philip-

206 2507 364 2580 picus
392 2523 531 2561 vero
556 2506 856 2577 respondit
886 2508 1111 2562 nullum
1141 2524 1200 2561 se
1227 2507 1475 2562 militum
1507 2525 1691 2576 nosse,
1726 2509 1823 2580 qui

208 2596 379 2650 Focas
419 2595 710 2649 diceretur
736 2594 974 2650 nomine
1006 2613 1020 2663 ;
1047 2611 1168 2650 esse
1197 2611 1330 2649 vero
1359 2595 1511 2649 inter
1526 2597 1824 2667 gregarios

208 2686 522 2737 stratorem
563 2681 736 2737 Prisci
795 2683 1019 2754 patricii
1060 2683 1331 2738 vocabulo
1373 2685 1600 2751 Focam,
1651 2689 1824 2756 atque

207 2771 398 2826 eidem
444 2770 568 2824 viro
617 2769 1052 2826 formidolosam
1075 2771 1257 2826 inesse
1296 2772 1705 2827 temeritatem.
1737 2773 1824 2827 Ad

207 2860 325 2914 hate
358 2859 555 2914 Caesar
587 2875 600 2913 :
639 2881 666 2908 ι(
691 2858 747 2912 Si
776 2858 1010 2930 quidem
1041 2863 1126 2914 est
1147 2859 1553 2915 formidolosus
1583 2865 1642 2915 et
1691 2878 1822 2916 san-

206 2946 529 3019 guinarius.
565 2967 593 2995 ››
629 2947 826 3000 Paucis
859 2946 1092 3001 interim
1126 2945 1440 3017 interjectis
1491 2946 1709 3015 diebus,
1743 2948 1824 3002 ir-

207 3051 372 3090 ruere
407 3034 467 3088 in
501 3050 600 3089 eos
622 3033 740 3106 qui,
767 3035 1098 3106 pactionem
1141 3037 1416 3090 statutam
1457 3036 1818 3107 transgressi,

2108 1882 2263 1950 bello,
2281 1885 2449 1955 deque
2468 1884 2724 1941 Romildw
2754 1889 3018 1943 amoribus
3034 1890 3357 1959 infelicibus.

1997 1969 2078 2024 Ea
2103 1973 2447 2042 tempestate
2479 1989 2578 2027 rex
2607 1975 2878 2041 Avarum,
2903 1991 3077 2046 quem
3105 1978 3417 2050 sualingua
3441 1995 3537 2051 ap-

1927 2057 2148 2126 pellant
2178 2058 2488 2128 Cacanum,
2531 2076 2663 2114 cum
2713 2061 3090 2132 Forojulianis
3142 2066 3539 2136 Longobardis

1928 2144 2078 2199 bello
2111 2148 2447 2217 conﬂigens,
2467 2149 2671 2202 ducem
2696 2149 2949 2219 ipsorum
2966 2151 3206 2206 nomine
3233 2153 3535 2219 Gisulfum,

1926 2249 2056 2286 cum
2090 2234 2352 2304 plurimis
2376 2252 2612 2289 suorum
2638 2237 2946 2292 interfecit.
2977 2239 3146 2308 Cujus
3173 2240 3331 2295 ducis
3371 2259 3534 2309 uxor,

1928 2323 2204 2377 vocabulo
2230 2324 2517 2391 Romilda,
2537 2325 2852 2379 obsidentis
2880 2343 2938 2380 se
2957 2326 3011 2380 in
3035 2333 3362 2392 memorata
3390 2331 3532 2385 urbe

1927 2409 2135 2464 Cacani
2166 2412 2316 2483 regis
2329 2411 2815 2482 pulchritudinem
2839 2414 3144 2485 admirata,
3162 2416 3214 2471 ei
3242 2417 3534 2474 civitatem

1925 2499 2164 2553 tradidit
2192 2501 2373 2571 stupri
2424 2502 2692 2556 mercede
2716 2502 2820 2556 sibi
2847 2503 3121 2574 pollicita.
3157 2503 3344 2569 Quam
3375 2505 3532 2562 idem

1924 2603 2043 2654 rex,
2072 2591 2238 2659 capta
2262 2589 2401 2642 urbe
2423 2591 2752 2661 populoque
2783 2591 2904 2661 ejus
2929 2592 3237 2662 captivato,
3270 2610 3388 2650 una
3403 2610 3538 2666 pro-

1927 2681 2056 2748 pter
2069 2677 2479 2748 jusjurandum
2505 2679 2658 2750 quod
2690 2679 2928 2734 dederat
2958 2683 3232 2748 nocte,ac
3261 2683 3306 2736 si
3340 2683 3398 2737 in
3417 2699 3538 2738 ma-

1926 2764 2267 2820 trimonium
2300 2766 2538 2838 accepit.
2573 2768 2708 2822 Post
2731 2768 2852 2823 haec
2903 2768 3230 2831 duodecim.
3261 2771 3536 2828 Avaribus

1927 2870 2055 2907 eam
2089 2853 2326 2909 tradidit
2354 2855 2472 2926 qui,
2501 2854 2747 2910 vicissim
2779 2855 2887 2910 sibi
2927 2857 3299 2912 succedentes
3328 2874 3419 2926 ea,
3449 2859 3532 2914 uti

1925 2941 2036 2994 vidi
2065 2945 2276 3009 scorto,
2325 2942 2484 2997 abusi
2514 2946 2666 3001 sunt.
2694 2943 2782 2997 Ad
2814 2947 3198 3016 postremum,
3231 2948 3430 3018 palum
3473 2947 3531 3002 in

1923 3029 2118 3082 medio
2161 3045 2368 3100 campo
2401 3030 2614 3102 configi
2642 3030 3002 3103 praecipiens,
3031 3048 3163 3087 eam
3181 3031 3242 3088 in
3269 3033 3536 3090 acumine

211 3123 504 3177 Romanas
533 3121 638 3176 sibi
671 3123 970 3177 attributas
1005 3123 1365 3177 incessebant
1395 3122 1697 3189 custodias,
1731 3140 1811 3178 vo-

1931 3117 2044 3187 ejus
2056 3117 2228 3171 inseri
2242 3117 2561 3183 mandavit,
2576 3134 2706 3172 cum
2726 3119 3057 3190 hujusmodi
3071 3121 3534 3193 exprobrationis

209 3213 330 3267 lens
353 3213 466 3266 iter
482 3228 614 3265 cum
641 3211 888 3266 exercitu
909 3211 1168 3282 arripuit.
1191 3213 1368 3266 Porro
1384 3211 1441 3264 in
1466 3216 1617 3266 terra
1633 3211 1822 3266 hostili

211 3300 578 3366 constitutus,
613 3315 743 3353 cum
772 3299 982 3354 milites
1003 3300 1154 3353 furto
1183 3316 1246 3353 ac
1288 3300 1504 3369 rapinis
1535 3299 1820 3354 abstinere

211 3390 608 3461 compelleret,
641 3404 748 3443 nec
771 3391 968 3444 tamen
983 3388 1291 3457 largiretur
1310 3393 1584 3443 consueta
1603 3389 1832 3460 stipen-‘

212 3478 322 3543 dia,
351 3477 455 3531 sed
483 3477 718 3548 insuper
743 3476 801 3531 in
833 3476 1070 3530 desertis
1109 3477 1430 3547 transigere
1457 3476 1700 3530 hiberna
1725 3492 1819 3528 co-

211 3571 374 3638 geret
403 3570 692 3638 tempora,
721 3582 837 3621 non
862 3566 1170 3620 minimum
1194 3568 1249 3620 in
1283 3583 1342 3620 se
1387 3566 1650 3620 excitavit
1672 3565 1821 3620 sedi-

212 3655 403 3711 tionis.
436 3655 552 3709 Hac
573 3654 789 3709 etenim
804 3654 1004 3709 offensi
1025 3654 1337 3709 acerbitate
1360 3654 1567 3709 veteris
1596 3653 1696 3708 viri
1718 3653 1826 3708 mi-

209 3743 363 3811 litiae,
399 3743 665 3798 conferre
695 3758 889 3798 secum
903 3759 1128 3815 coepere
1164 3746 1222 3796 et
1250 3742 1490 3814 indigne
1520 3743 1682 3796 ferre
1714 3742 1822 3796 im-

205 3835 562 3904 peratorem,
594 3831 690 3903 qui
723 3831 877 3885 nullo
906 3832 1184 3885 Romanae
1198 3831 1392 3900 stirpis
1415 3829 1825 3885 nobilitaretur

201 3923 469 3995 parente,
499 3923 620 3974 tam
652 3919 918 3991 nequiter
947 3918 1099 3991 ipsos
1129 3918 1463 3989 opprimere
1501 3919 1666 3974 velle.
1710 3919 1823 3973 Nec

197 4026 263 4066 se
281 4009 498 4064 diutius
522 4008 747 4081 perpeti
770 4025 932 4080 posse
964 4011 1268 4064 externum
1303 4010 1639 4079 tyrannum,
1688 4024 1822 4062 cum

197 4099 494 4154 haberent
505 4097 566 4152 in
579 4098 828 4152 exercitu
843 4097 1333 4169 dignumRomani
1349 4097 1578 4168 generis
1593 4097 1822 4169 imperii

199 4187 682 4259 gubernatorem.
693 4186 785 4240 His
797 4201 990 4240 secum
1007 4185 1216 4240 milites
1225 4185 1604 4238 vociferantes
1618 4185 1822 4252 verbis,

198 4275 550 4331 adoriuntur
586 4275 796 4328 Focam
844 4277 983 4329 tunc
1036 4273 1713 4343 centurionem;rogant
1764 4276 1827 4328 ut

200 4363 453 4418 Romani
473 4362 700 4435 imperii
723 4363 990 4434 suscipiat
1005 4361 1826 4434 gubernaculum.Qui,eorum

198 4451 508 4525 prmceptis
526 4451 861 4517 obaudiens,
891 4466 1207 4522 purpuram
1230 4450 1448 4505 induit.
1469 4450 1592 4514 Quo
1615 4468 1828 4522 praeco-

199 4541 390 4612 gnito,
459 4539 758 4593 Mauricius
800 4538 980 4594 animi
1040 4539 1448 4609 desperatione
1520 4541 1823 4604 resolutus,

199 4629 370 4684 cessit
391 4628 565 4683 rebus
580 4626 882 4682 adversum
904 4643 963 4681 se
994 4627 1323 4694 ﬂuentibus,
1339 4631 1396 4681 et
1421 4627 1478 4682 in
1509 4629 1824 4700 quamdam

199 4718 454 4772 insulam
476 4717 625 4772 mari
640 4715 1016 4787 continguam
1043 4717 1285 4788 aufugit.
1317 4720 1380 4770 In
1413 4733 1530 4789 qua
1552 4717 1623 4771 ab
1646 4733 1820 4789 appa-

198 4805 477 4861 ritoribus
509 4820 654 4876 quos
701 4805 874 4859 Focas
907 4803 979 4858 ad
1029 4821 1164 4858 eum
1211 4806 1680 4876 persequendum
1736 4805 1822 4860 di-

203 4898 453 4961 rexerat,
478 4892 674 4964 gladio
709 4909 842 4946 cum
875 4908 1049 4947 uxore
1082 4909 1147 4947 ac
1190 4895 1413 4948 duobus
1447 4894 1574 4947 filiis
1595 4910 1823 4965 percus-

203 4983 504 5054 sus,etiam
519 4984 709 5035 morte
723 4981 1025 5051 temporali
1044 4981 1305 5054 implevit
1320 4982 1615 5037 somnium
1631 5000 1820 5038 suum.

857 5087 1079 5143 CAPUT
1101 5089 1190 5143 IV.

271 5181 359 5238 De
372 5177 698 5251 pontiﬁcum
717 5176 1083 5251 Romanorum
1097 5183 1437 5250 successione,
1454 5186 1504 5235 ei
1525 5179 1752 5237 ecclesiae

747 5249 1008 5306 Romanae
1027 5253 1289 5321 primatu.

253 5341 493 5398 Beatissi
502 5357 630 5395 mus
643 5343 838 5394 autem
853 5356 1003 5410 papa
1015 5340 1648 5413 Gregorius,comperto
1666 5341 1820 5410 quod

204 5429 378 5486 Focas
393 5430 688 5503 potiretur
729 5427 999 5498 imperio,
1014 5429 1087 5484 ad
1109 5446 1244 5485 eum
1263 5431 1378 5485 sive
1399 5431 1472 5486 ad
1493 5429 1543 5499 ej
1553 5446 1616 5484 us
1631 5431 1822 5499 Augu-

209 5520 327 5573 tam
344 5517 656 5574 Leontiam
669 5513 877 5570 direxit
888 5516 1404 5587 epistolam,verbis
1418 5515 1820 5589 gratulationis

211 5607 511 5666 refertam.
532 5603 714 5680 Ipsius
745 5602 1018 5678 principis
1053 5608 1339 5682 tempore,
1360 5606 1519 5663 idem
1577 5603 1818 5662 dilectus

1921 3204 2094 3258 verbo
2131 3221 2144 3258 :
2176 3223 2208 3256 α
2229 3204 2448 3272 Talem,
2473 3205 2682 3276 inquit,
2713 3207 2923 3262 merita
2943 3211 3030 3262 est
3053 3207 3237 3263 virum
3255 3209 3530 3264 habere.»

1922 3292 2173 3362 Dignum
2203 3292 2460 3363 profecto
2491 3297 2856 3363 posterorum
2904 3295 3209 3363 memoria,
3237 3297 3395 3352 idem
3437 3313 3536 3352 rex

1923 3380 2264 3452 proditionis
2281 3379 2328 3448 ej
2340 3397 2402 3433 us
2423 3382 2750 3451 exemplum
2770 3381 3020 3452 reliquit.
3047 3383 3177 3451 Qui,
3209 3384 3314 3438 esti
3340 3385 3535 3455 prodi-

1925 3467 2144 3521 tionem
2159 3467 2455 3537 amplexus
2483 3470 2588 3534 est,
2621 3467 2963 3538 proditionis
3012 3472 3210 3525 tamen
3241 3474 3536 3527 auctorem

1923 3555 2028 3610 sibi
2062 3553 2410 3625 displicuisse
2462 3555 2823 3610 monstravit.
2875 3555 3019 3610 Illud
3059 3557 3208 3611 forte
3259 3559 3537 3629 pertime-

1925 3660 2088 3698 scens
2123 3659 2214 3710 ne,
2243 3659 2370 3714 qua:
2398 3641 2674 3712 proximis
2687 3658 2802 3697 non
2833 3647 3192 3713 pepercerat,
3212 3643 3403 3716 ipsi,si
3417 3647 3540 3718 ejus

1925 3728 2208 3806 potiretur
2221 3730 2598 3801 amplexibus,
2622 3728 2864 3784 minime
2890 3733 3170 3800 parceret.
3201 3731 3382 3802 Igitur
3413 3733 3540 3789 dira

1925 3819 2205 3892 proditrix
2233 3819 2435 3890 patriae
2462 3817 2561 3872 tali
2583 3817 2753 3873 exitio
2766 3817 2986 3891 peritit,
3021 3835 3147 3890 qua:
3161 3819 3538 3892 amﬂiussuaa

1923 3907 2151 3964 libidini
2180 3923 2356 3979 quam
2382 3905 2592 3961 civium
2637 3908 2696 3960 et
2747 3907 3316 3978 consanguineorum
3369 3909 3540 3965 saluti

1924 3996 2236 4071 prospexit.
2281 3995 2451 4067 Cujus
2490 3994 2622 4051 ﬁlia:
2663 4011 2781 4050 non
2831 3995 3036 4050 matris
3066 3995 3374 4064 luxuriam,
3437 3996 3539 4052 sed

1926 4086 2199 4142 castitatis
2229 4100 2495 4140 amorem
2543 4085 2774 4151 secutas,
2815 4099 2887 4136 ne
2915 4083 2987 4138 ab
3011 4083 3211 4140 Avaris
3257 4084 3542 4140 contami-

1929 4177 2229 4242 narentur,
2261 4173 2464 4228 crudas
2495 4172 2786 4243 pullorum
2818 4187 3022 4226 carnes
3051 4172 3160 4228 sibi
3181 4171 3336 4228 inter
3357 4189 3542 4230 mam-

1926 4280 2053 4318 mas
2087 4263 2189 4318 sub
2219 4261 2394 4316 fascia
2421 4263 2761 4333 posuerunt,
2793 4264 2856 4314 ut
2877 4276 3076 4316 carum
3107 4277 3174 4317 ex
3197 4262 3390 4318 calore
3411 4278 3541 4318 cor-

1928 4353 2082 4425 poris
2132 4350 2587 4424 putrefactarum
2618 4349 2802 4404 fetore
2831 4350 3042 4404 Avares
3090 4365 3124 4404 a
3171 4349 3257 4405 sui
3297 4351 3544 4408 commi-

1926 4442 2112 4496 stione
2137 4441 2508 4494 removerent
2539 4454 2552 4492 ε
2582 4437 2738 4509 quod
2767 4439 2826 4492 et
2856 4437 3075 4493 factum
3094 4441 3199 4494 est.
3247 4439 3392 4494 Nam
3422 4439 3546 4513 qui-

1927 4545 2174 4602 cumque
2186 4545 2282 4583 eas
2294 4527 2541 4583 obsceno
2558 4525 2787 4581 volebat
2803 4529 3016 4582 attactu
3036 4525 3548 4599 contingere,feto-

1925 4618 2276 4690 risrepulsus
2324 4615 2720 4678 immanitate,
2773 4616 2976 4686 procul
3027 4616 3358 4683 recedebat,
3409 4633 3543 4673 cum

1928 4705 2237 4763 exsecratio
2245 4721 2315 4760 ne
2329 4703 2523 4781 dicens
2535 4719 2738 4759 omnes
2755 4702 3166 4774 Longobardas
3179 4704 3387 4760 fetidas
3399 4722 3544 4763 esse.

1929 4797 2186 4862 Quarum
2199 4810 2314 4848 una
2336 4794 2799 4846 Alemannorum
2825 4791 2970 4861 regi,
2993 4791 3104 4845 alia
3117 4792 3324 4847 dicitur
3339 4793 3542 4864 Bajoa-

1924 4887 2146 4942 riorum
2165 4882 2408 4957 principi
2435 4884 2635 4952 postea
2649 4877 2902 4948 nupsisse
2924 4895 2938 4944 ;
2965 4877 3172 4948 dignas
3185 4896 3290 4951 pro
3315 4884 3541 4936 servata

1927 4973 2200 5047 pudicitia
2238 4969 2468 5040 nuptias
2497 4967 2735 5022 sortitas.
2764 4964 2888 5019 Filii
2918 4980 3052 5019 vero
3099 4966 3244 5036 ejus,
3277 4984 3420 5040 quos
3473 4985 3543 5024 ex

1923 5062 2260 5137 praescripto
2319 5057 2530 5111 Gisulfo
2589 5054 2710 5108 viro
2759 5067 2860 5106 suo
2915 5058 3265 5123 susceperat,
3321 5059 3544 5112 vastata

1925 5155 2090 5220 urbe,
2122 5145 2365 5205 ascensis
2391 5143 2553 5215 equis
2574 5141 2712 5196 dum
2739 5140 2890 5212 fugae
2921 5155 2980 5192 se
3011 5141 3406 5210 committunt,
3433 5143 3540 5198 mi-

1923 5243 2116 5297 nimus
2143 5240 2375 5294 illorum
2398 5233 2469 5288 ab
2501 5247 2615 5286 uno
2647 5246 2713 5284 ex
2742 5227 3044 5283 hostilibus
3075 5227 3288 5293 cuneis,
3323 5230 3419 5301 qui
3445 5247 3543 5286 ve.

1921 5329 2099 5394 locius
2164 5323 2384 5381 caeteris
2439 5320 2801 5385 cucurrerat,
2857 5314 3101 5386 capitur.
3160 5314 3343 5380 Quem
3382 5317 3545 5388 dum,

1921 5419 2160 5492 propter
2189 5413 2560 5485 pusillitatem
2601 5406 2856 5480 corporis
2906 5404 2952 5459 is
2979 5404 3075 5477 qui
3135 5421 3268 5460 eum
3313 5410 3547 5492 ceperat

1922 5485 2257 5566 interimere
2283 5499 2576 5568 noluisset,
2613 5497 2912 5571 magisque
2941 5494 3016 5551 ad
3036 5493 3407 5553 serviendum
3436 5485 3546 5552 sibi

1917 5597 2156 5678 propter
2183 5587 2482 5664 egregiam
2524 5587 2779 5644 formam
2822 5601 3050 5643 servare
3095 5581 3363 5660 elegisset
3392 5584 3547 5659 (erat
