3882 6212
371 381 477 439 ’1Ἲῖ

1443 380 1706 439 AIMOINI
1749 377 2062 438 MONACHI
2106 378 2622 437 FLORIACENSIS.

3599 384 3713 438 ‘77‘2

375 502 537 559 enim
571 499 692 572 ipse
719 514 862 571 puer
892 500 1235 556 micantibus
1261 501 1458 564 oculis,
1490 504 1790 574 lacteoque
1823 501 1981 556 crine
2008 506 2059 563 Α
2083 504 2172 554 est
2201 504 2519 571 Augustam
2559 505 2616 555 et
2646 501 2933 572 Seusium,
2969 500 3356 556 dominationi
3413 503 3717 555 cesserunt

379 589 708 646 exornatrix
737 605 871 643 eum
892 592 1102 643 natura
1127 589 1461 656 donaverat,
1480 591 1688 645 ducere
1709 591 1779 644 ad
1799 593 1987 644 castra

379 676 568 748 coepit.
593 680 665 731 At
693 693 855 747 puer,
885 676 1148 747 ingentes
1169 678 1394 732 animos
1410 683 1651 748 augusto
1673 679 1729 732 in
1755 682 1986 748 pectore

378 782 608 820 versans
628 769 686 818 et
709 781 769 818 se
801 766 1086 835 captivum
1119 766 1267 820 trahi
1308 767 1713 836 ingemiscens,
1748 781 1987 836 parvum

381 853 662 925 quojuxta
692 869 855 907 suam
881 855 1114 907 aetatem
1145 853 1431 907 accinctus
1478 858 1602 908 erat
1625 853 1905 923 gladium,
1931 854 1992 905 ut

379 943 503 1013 ejus
529 943 878 995 assuesceret
906 957 1095 1009 usum,
1131 941 1335 1012 vagina
1352 945 1710 1012 exemptum,
1735 941 1858 994 nisu
1879 957 1990 1011 quo

380 1029 558 1084 valuit
586 1029 787 1084 cervici
822 1047 879 1085 se
923 1029 1206 1084 trahentis
1238 1029 1413 1084 illisit.
1455 1030 1577 1093 Quo
1632 1033 1802 1084 terra:
1858 1046 1991 1100 pro-

376 1123 578 1185 strato,
619 1134 894 1175 converso
925 1134 1096 1190 equo,
1126 1119 1472 1189 retrogrado
1505 1120 1647 1172 calle
1679 1118 1753 1172 ad
1781 1117 1987 1171 fratres

377 1223 692 1278 regressus,
743 1223 862 1261 non
892 1206 1119 1261 medico
1174 1207 1483 1261 lastificavit
1537 1206 1772 1278 gaudio.
1837 1206 1994 1258 Nunc

376 1295 500 1366 jam
531 1295 604 1350 ad
633 1295 846 1348 nostras
867 1297 1232 1348 revertamur
1258 1294 1524 1348 ordinem
1556 1293 1833 1346 historiae.

1021 1381 1244 1435 CAPUT
1274 1381 1360 1435 VI.

521 1471 605 1526 De
635 1469 866 1526 Clotariz'
891 1471 1004 1540 regi
1025 1477 1073 1524 et
1104 1469 1401 1522 manare/ta?
1432 1466 1726 1522 inFrancia
1785 1470 1963 1538 gestis.

381 1559 564 1632 Igitur
603 1575 702 1614 rex
749 1560 1100 1613 Francorum
1172 1556 1454 1612 Clotarius
1519 1573 1624 1610 xxx
1695 1555 1860 1625 regni
1919 1554 2002 1608 sui

386 1664 540 1703 anno
576 1651 884 1718 postquam
924 1662 1171 1717 regnare
1226 1647 1480 1716 ceperat
1520 1647 1684 1715 patre
1726 1643 2002 1697 defuncto

384 1735 786 1790 monarchiam
813 1734 980 1804 regni
1012 1733 1272 1803 adeptus,
1308 1731 1671 1810 Warnarium
1703 1731 1862 1800 cujus
1914 1730 2003 1784 in-

2086 589 2458 643 Francorum.
2485 589 2855 657 Defuncto,ut
2881 605 3054 660 supra
3085 592 3383 644 ostensum
3412 589 3714 659 est,Cleph

2091 693 2226 744 rege
2260 677 2635 743 nobilissimo,
2665 677 2836 730 duces
2863 693 3033 747 super
3065 677 3480 746 Langobardos
3509 678 3716 742 creati,

2093 763 2412 832 irruptione
2439 764 2495 816 in
2525 764 2712 817 Gallos
2735 765 3131 835 facta,greges
3159 765 3526 835 captivorum
3549 766 3721 819 simul

2096 866 2227 904 cum
2257 853 2450 922 praeda
2479 853 2817 923 abegerunt.
2848 853 2930 906 Ob
2950 853 3110 922 cujus
3140 853 3625 926 praesumptionis
3648 858 3729 907 te-

2099 939 2377 994 merarios
2397 957 2583 1003 ausus,
2613 940 2915 1011 prmdictas
2932 941 3100 995 urbes
3115 942 3373 1011 partibus
3391 942 3728 996 Guntranni

2099 1029 2250 1099 regis
2282 1028 2662 1082 tradiderunt.
2716 1029 2793 1083 Ex
2847 1029 3142 1084 communi
3193 1033 3392 1085 autem
3445 1033 3724 1095 tractatu,

2102 1116 2407 1170 duodecim
2438 1117 2654 1187 legatos
2683 1117 2753 1170 ad
2785 1117 3201 1187 imperatorem
3227 1117 3569 1172 Mauricium
3609 1117 3720 1171 mi-

2102 1207 2306 1270 tentes,
2331 1221 2531 1275 pacem
2556 1221 2686 1258 cum
2717 1222 2785 1259 eo
2815 1205 3095 1259 fecerunt.
3119 1205 3276 1259 Alios
3308 1222 3541 1276 quoque
3572 1205 3723 1275 ejus-

2103 1292 2237 1346 dem
2266 1292 2492 1346 numeri
2524 1293 2741 1362 legatos
2769 1293 2841 1346 ad
2871 1295 3276 1347 Guntrannum
3306 1296 3364 1346 ct
3391 1293 3729 1347 Childeber-

2106 1385 2228 1434 tum
2252 1379 2609 1434 destinavere
2637 1381 2732 1452 qui
2753 1381 3067 1434 amicitiam
3086 1385 3142 1434 et
3162 1380 3499 1434 societatem
3517 1396 3722 1434 eorum

2106 1467 2512 1539 efflagitantes,
2545 1468 2848 1522 duodecim
2884 1468 3065 1522 millia
3093 1468 3410 1522 solidorum
3425 1484 3486 1521 se
3501 1467 3722 1522 eisoln-

2106 1559 2267 1610 turos
2297 1555 2420 1609 fore
2447 1556 2565 1609 vice
2597 1572 2698 1609 sua
2726 1556 3101 1627 sponderent.
3132 1556 3248 1610 Hoc
3273 1555 3568 1626 praecipue
3591 1556 3725 1626 ipsis

2109 1643 2296 1697 missis
2324 1643 2438 1696 suis
2468 1643 2527 1696 in
2560 1643 2847 1697 mandatis
2874 1643 3170 1697 tradentes
3202 1645 3283 1709 ut,
3312 1659 3573 1714 quorum
3591 1660 3724 1715 pro-

2111 1731 2439 1803 pensiorem
2471 1731 2528 1786 in
2563 1731 2779 1786 fmdera
2809 1731 3197 1786 amicitiarum
3231 1731 3606 1786 adverterent
3626 1732 3723 1786 be-

385 1823 598 1879 stantia
620 1839 867 1894 regnum
885 1821 1230 1892 Burgundise
1244 1819 2003 1891 fueratadeptus,majorem
2037 1817 2088 1877 B
2112 1820 2522 1886 nevolentiam,
2551 1837 2752 1874 eorum
2786 1836 2960 1890 quam
2991 1819 3240 1874 maxime
3262 1819 3432 1874 unire
3465 1820 3579 1874 sibi
3609 1826 3724 1875 stu-

386 1910 592 1965 domus
617 1909 678 1964 in
708 1909 828 1979 ipso
848 1908 1147 1962 constituit
1163 1923 1366 1978 regno,
1381 1907 1516 1960 dato
1539 1906 1591 1960 ei
1613 1909 2001 1971 sacramento,

384 2015 458 2052 ne
483 2002 688 2052 cuncto
720 2014 832 2068 quo
847 1997 1136 2051 adviveret
1161 1998 1427 2065 tempore
1443 2010 1830 2048 successorem
1857 1993 2001 2047 acci-

384 2089 566 2158 peret.
598 2084 901 2139 Austrasiis
927 2100 1060 2138 vero
1095 2083 1401 2137 Radonem
1427 2081 1768 2153 quemdam,
1793 2081 2003 2152 proba-

386 2173 513 2228 bilis
567 2173 696 2228 vitae
720 2173 930 2238 virum,
961 2171 1170 2225 eodem
1202 2169 1445 2225 honoris
1483 2169 1667 2240 gradu
1721 2169 2004 2223 donatum

385 2261 658 2333 praefecit.
717 2259 1096 2330 Ultrajuranis
1137 2275 1368 2330 quoque
1407 2259 1724 2328 Erponem,
1781 2273 1998 2327 genere

386 2352 671 2406 Francum
719 2349 1025 2421 particium
1058 2348 1322 2402 instituit.
1355 2347 1461 2409 Qui
1495 2347 1632 2400 dum
1668 2362 1796 2417 quas
1848 2345 2003 2415 pacis

386 2443 520 2494 sunt
541 2438 1125 2508 diligeret,malorum
1142 2434 1474 2505 deprimens
1497 2434 1912 2503 nugacitatem,
1930 2432 2002 2486 ab

386 2528 521 2599 ipsis
548 2525 914 2597 pagensibus,
939 2524 1214 2577 instinctu
1243 2521 1467 2575 Aletbei
1496 2521 1742 2592 patricii,
1776 2524 1832 2575 et
1858 2521 2000 2574 Leu-

387 2613 667 2670 demundi
693 2611 1038 2667 Sedunensis
1069 2609 1840 2681 episcopi,perimitur.Tunc
1857 2611 2002 2663 tem-

387 2702 546 2776 poris
572 2699 848 2756 Clotarius
879 2699 952 2754 ad
982 2699 1198 2765 villam,
1231 2698 1322 2752 cui
1351 2697 1732 2767 Maurolegico
1761 2698 2002 2767 [Mauro-

389 2789 632 2861 legium,
672 2792 729 2842 in
758 2787 971 2842 Αιςαιία
1003 2786 1126 2853 hod,
1171 2786 1400 2856 Marley)
1453 2802 1672 2839 nomen
1713 2789 1822 2851 est,
1869 2801 2001 2839 cum

392 2877 728 2934 Bertetrude
749 2877 951 2947 regina
971 2874 1505 2944 accedensjustitiw
1525 2875 1769 2928 obtentu
1791 2875 2002 2928 multos

390 2968 586 3038 inique
607 2968 846 3037 agentes
877 2963 1065 3034 gladio
1093 2962 1284 3034 puniri
1323 2961 1508 3032 jussit.
1561 2962 2002 3016 Leudemundus

391 3059 587 3110 autem
637 3051 984 3108 Sedunensis
1031 3050 1308 3122 pontifex,
1374 3049 1602 3104 monitu
1649 3049 1892 3117 Alethei,
1927 3049 2000 3103 ad

389 3141 789 3198 Bertetrudem
806 3138 1040 3194 veniens
1053 3139 1316 3209 reginam
1329 3141 1386 3191 et
1403 3155 1532 3191 eam
1547 3137 1819 3192 secretius
1832 3138 1999 3192 advo-

389 3233 617 3298 cans,ut
642 3229 939 3284 thesauros
966 3243 1095 3281 suos
1127 3225 1424 3280 Sedunum
1441 3227 1777 3280 transferret
1806 3227 2001 3280 horta-

389 3323 566 3386 tatur,
599 3318 795 3373 dicens
827 3316 1042 3388 Optime
1073 3331 1131 3370 se
1160 3331 1325 3370 nosse
1357 3315 1667 3370 Clotarium
1721 3332 1789 3370 eo
1845 3332 1998 3368 anno

391 3411 461 3466 de
483 3409 688 3464 saeculo
720 3405 1128 3477 migraturum,
1149 3405 1569 3477 Aletheumque
1593 3422 1713 3459 esse
1733 3409 1999 3477 paratum

387 3515 551 3555 suam
577 3510 816 3552 uxorem
835 3494 1162 3566 relinquere
1181 3496 1239 3547 et
1267 3494 1533 3564 reginam
1556 3509 1686 3548 cum
1709 3509 1890 3564 regno
1909 3511 1996 3547 as-

386 3602 636 3654 sumere,
658 3601 727 3641 eo
758 3583 913 3656 quod
942 3585 1090 3638 esset
1127 3583 1245 3654 ipse
1277 3583 1544 3636 Aletheus
1570 3600 1600 3636 e
1628 3582 1808 3636 nobili
1858 3583 1997 3635 Bur-

385 3675 749 3748 gundionum
776 3671 1062 3745 prosapia.
1088 3671 1328 3742 Regina,
1362 3671 1483 3724 haec
1530 3670 1770 3724 audiens
1823 3673 1881 3723 et
1938 3686 1996 3724 se

384 3765 586 3832 talem,
612 3761 701 3817 cui
727 3761 864 3817 talia
893 3760 1294 3825 suaderentur,
1327 3758 1673 3813 aestimatam
1726 3775 1846 3812 esse
1873 3774 1999 3829 gra-

384 3853 528 3908 viter
547 3854 758 3918 ferens,
776 3850 980 3923 rapido
997 3866 1056 3903 se
1082 3848 1142 3902 in
1165 3846 1491 3901 cubiculum
1509 3846 1991 3917 proripuitcursu.

386 3939 828 3997 Leudemundus
857 3936 1184 4005 intelligens
1204 3935 1514 3988 verborum
1529 3950 1764 3988 suorum
1783 3936 1995 3989 calum-

385 4031 547 4085 niam
559 4047 616 4084 se
630 4027 1086 4093 subiturum,per
1102 4022 1307 4076 urbem
1324 4022 1620 4076 Sedunum
1635 4023 1706 4076 ad
1723 4023 1993 4079 abbatem

382 4115 740 4172 Austrasium
785 4113 1041 4166 Loxoveo
1086 4112 1379 4180 properat,
1412 4113 1472 4164 ut
1502 4127 1608 4181 per
1639 4111 1760 4182 ejus
1795 4128 1992 4183 preces

381 4201 806 4276 indulgentiam
831 4199 980 4269 regis
1004 4201 1344 4253 mereretur.
1369 4199 1534 4262 Quod
1561 4203 1617 4254 et
1636 4201 1851 4256 factum
1883 4207 1988 4271 est,

380 4294 551 4356 Nam,
580 4288 863 4362 promissa
882 4287 1251 4359 impunitate,
1283 4287 1355 4341 ad
1381 4288 1578 4343 sedem
1606 4307 1771 4345 suam
1798 4292 1988 4346 redire

379 4381 693 4456 permissus
723 4381 825 4434 est.
852 4378 1144 4440 Aletheus,
1186 4377 1347 4447 jussu
1393 4377 1625 4434 Clotarii
1680 4381 1986 4436 Massolaco

379 4473 492 4528 vila
519 4468 775 4535 veniens,
803 4467 862 4522 in
892 4469 1198 4538 conspectu
1217 4483 1524 4538 procerum
1549 4484 1780 4524 causam
1800 4469 1988 4524 dicere

372 4561 582 4634 jussus,
615 4557 754 4612 dum
788 4572 845 4611 se
869 4554 1106 4626 objectis
1153 4571 1402 4627 purgare
1430 4557 1699 4628 nequiret
1728 4557 1990 4612 crimini-

378 4648 506 4712 bus,
538 4644 766 4718 capitali
797 4643 1082 4700 sententia
1113 4647 1198 4699 est
1229 4645 1558 4700 damnatus.

447 4739 615 4792 Anno
644 4750 805 4789 XXXIV
833 4733 999 4805 regni
1029 4731 1136 4800 sui,
1172 4731 1452 4788 Clotarius
1477 4733 1861 4801 Warnarium,
1891 4752 1988 4806 pa-

376 4827 497 4884 latii
523 4823 816 4890 comitem,
850 4823 920 4877 de
946 4836 1128 4892 regno
1158 4821 1523 4891 Burgundiaa,
1558 4837 1690 4881 cum
1709 4822 1987 4878 universis

375 4916 742 4992 pontiﬁcibus
761 4931 861 4970 seu
879 4911 1228 4986 primatibus
1249 4910 1323 4965 ad
1340 4927 1400 4964 se
1423 4911 1768 4982 Bonogilum
1793 4911 1985 4967 villam

375 5023 640 5075 evocans,
663 5004 878 5071 dando,
911 5002 1024 5056 sive
1041 4999 1414 5073 petitionibus
1426 5016 1630 5056 eorum
1647 5002 1985 5066 annuendo,

376 5101 610 5153 cunctos
648 5093 754 5150 sibi
783 5091 1146 5147 ﬁdelissimos
1175 5089 1383 5145 effecit.

1007 5179 1231 5235 CAPUT
1258 5178 1372 5234 VII.

445 5278 528 5334 De
563 5272 755 5331 tributo
799 5267 941 5343 quod
968 5266 1310 5339 Langobardi
1335 5264 1566 5322 Francis
1598 5267 1982 5338 pependerunt.

446 5364 633 5435 Exigit
659 5376 812 5417 nunc
832 5360 987 5413 locus
1014 5357 1216 5412 referri
1234 5356 1733 5428 quemadmodum
1757 5358 1983 5430 Longo-

376 5453 542 5512 bardi
573 5448 878 5507 duodecim
909 5446 1091 5501 millia
1119 5446 1460 5513 solidorum,
1495 5445 1694 5500 tributi
1720 5448 1982 5516 nomine,

378 5541 612 5614 regibus
657 5540 1010 5594 Francorum
1051 5551 1155 5608 per
1183 5535 1366 5590 multa
1390 5534 1664 5591 solverint
1693 5551 1983 5591 annorum

382 5627 681 5692 curricula.
708 5624 808 5681 Vel
834 5621 1009 5678 etiam
1042 5639 1154 5697 que
1185 5623 1256 5679 de
1281 5639 1452 5681 causa
1471 5623 1613 5679 duas
1625 5622 1900 5696 civitates,
1925 5625 1985 5683 id

2110 1909 2315 1963 derent
2341 1909 2706 1962 concordiam
2720 1909 2993 1962 .Tandem
3009 1907 3203 1962 audita
3221 1908 3519 1979 utriusque
3549 1909 3726 1978 partis

2108 1996 2415 2063 sententia,
2435 1997 2753 2067 patrocinio
2786 2013 2843 2050 se
2860 1996 3204 2051 commisere
3226 1996 3728 2061 Francorum,tra-

2109 2085 2228 2138 dita
2255 2084 2487 2154 insuper
2515 2085 2852 2138 Guntranno
2885 2083 3007 2153 regi
3041 2084 3183 2137 valle
3205 2083 3502 2154 Ametegis
3515 2099 3726 2154 cogno-

2107 2173 2265 2228 mine
2303 2190 2316 2239 ;
2350 2171 2540 2243 sicque
2563 2189 2740 2242 usque
2772 2171 2845 2225 ad
2874 2176 3142 2242 tempora
3171 2171 3403 2241 Agilulﬁ
3455 2174 3615 2242 regis
3645 2173 3725 2226 sui

2109 2263 2436 2314 memorata
2467 2262 2681 2314 solvere
2713 2260 2946 2313 tributa.
2983 2259 3087 2322 Qui
3121 2261 3330 2313 electos
3361 2261 3560 2330 gentis
3614 2277 3726 2314 sua:

2109 2351 2329 2421 legatos
2382 2349 2469 2403 his
2501 2348 3214 2419 nominibus,Agilulfum,
3268 2350 3621 2419 Pompeium
3668 2366 3726 2403 ac

2107 2438 2449 2504 Gautonem,
2485 2437 2555 2491 ad
2590 2436 2909 2492 Clotarium
2941 2436 3143 2490 direxit
3176 2437 3533 2491 Francorum
3569 2439 3724 2508 prin-

2107 2526 2573 2596 cipem,poscens
2593 2528 2654 2578 ut
2685 2525 2946 2595 vectigal,
2977 2525 3132 2595 quod
3159 2524 3210 2578 ei
3240 2525 3485 2595 singulis
3509 2526 3726 2596 depen-

2108 2613 2282 2667 debat
2311 2612 2496 2680 annis,
2528 2613 2868 2667 remitteret.
2902 2612 2988 2679 IIi,
3027 2613 3439 2667 circumventis
3473 2615 3724 2685 pecunia

2106 2701 2214 2768 his,
2243 2718 2386 2772 quos
2417 2701 2652 2756 intimos
2683 2701 2921 2755 consilio
2953 2701 3102 2771 regis
3133 2701 3255 2755 fore
3298 2707 3722 2772 cognoverant,

2107 2789 2255 2845 datis
2282 2789 2544 2844 videlicet
2574 2789 2879 2860 unicuique
2897 2789 3049 2843 mille
3079 2789 3481 2860 solidis,usque
3515 2791 3589 2844 ad
3622 2792 3724 2845 tria

2108 2877 2290 2931 millia
2343 2877 2659 2931 solidorum
2692 2877 3045 2944 obtulerunt,
3070 2876 3175 2947 ipsi
3215 2877 3335 2948 regi
3361 2877 3610 2949 triginta
3637 2897 3722 2933 sex

2106 2965 2290 3019 millia
2322 2965 2537 3020 solidos
2579 2965 2744 3018 simul
2808 2981 2936 3019 cum
2969 2965 3252 3037 precibus,
3285 2969 3342 3018 et
3377 2965 3459 3019 ita
3482 2968 3720 3022 remisso

2105 3053 2283 3108 solitae
2315 3053 2606 3123 pensionis
2635 3069 2832 3121 onere,
2861 3053 3161 3107 redierunt
3192 3053 3264 3107 ad
3297 3054 3566 3126 propria.

2711 3143 2934 3197 CAPUT
2964 3143 3099 3197 VIII.

2102 3213 2184 3268 De
2202 3212 2539 3268 Bertetrudz's
2569 3216 2762 3282 regium
2791 3215 2956 3280 obitu,
2983 3223 3031 3266 et
3061 3215 3314 3270 Sic/tildzis
3339 3216 3715 3279 matrimonia,

2175 3302 2236 3338 ac
2253 3287 2364 3353 ﬁlio
2418 3284 2688 3338 Ariberto.
2739 3284 2814 3338 Et
2843 3285 2906 3338 de
2961 3284 3256 3354 Dagobertz'
3317 3289 3374 3339 in
3417 3290 3720 3342 societatem

2174 3359 2325 3426 regni
2342 3358 2716 3424 assumptione.

2173 3447 2340 3499 Anno
2363 3461 2521 3498 xxxv1
2545 3445 2804 3515 ejusdem
2837 3445 3111 3517 principis
3137 3446 3494 3501 Bertetrudis
3520 3447 3718 3519 regina

2104 3533 2368 3600 moritur,
2401 3549 2576 3605 quam
2605 3534 2772 3587 unico
2799 3549 2997 3587 amore
3037 3535 3322 3588 Clotarius
3353 3535 3719 3601 dilexerat,et

2103 3637 2305 3676 omnes
2332 3622 2482 3676 leudi
2509 3622 2831 3676 bonitatem
2859 3623 2980 3692 ejus
3005 3626 3306 3677 cernentes
3337 3624 3719 3679 vehementer

2101 3711 2453 3764 amaverant.
2489 3711 2622 3764 Post
2645 3711 2802 3781 cujus
2843 3710 3067 3765 obitum
3091 3711 3377 3766 Clotarius
3409 3729 3512 3766 rex
3547 3711 3712 3766 aliam

2100 3797 2317 3869 accepti
2354 3799 2683 3868 conjugem,
2715 3798 2953 3852 nomine
2986 3799 3321 3866 Sichildem,
3357 3799 3430 3854 de
3465 3817 3586 3872 qua
3614 3801 3716 3854 ha-

2096 3887 2222 3941 buit
2272 3886 2453 3942 lilium
2512 3888 2750 3942 nomine
2779 3887 3134 3946 Aribertum.
3161 3890 3330 3942 Anno
3366 3906 3536 3942 XXXIX
3555 3889 3714 3960 regni

2097 3975 2204 4043 sui,
2237 3975 2519 4030 Clotarius
2552 3975 2945 4046 Dagobertum
2992 3976 3175 4030 filium
3206 3993 3404 4043 suum,
3431 3994 3500 4031 ex
3533 3979 3716 4031 Berte-

2096 4064 2263 4118 trude
2321 4064 2522 4135 regina
2572 4067 2920 4134 susceptum,
2981 4067 3315 4119 consortem
3363 4066 3537 4136 regni
3584 4065 3714 4121 fecit

2096 4168 2345 4224 eumque
2376 4169 2547 4224 super
2573 4153 2893 4206 Austrasios
2923 4169 3124 4223 regem
3155 4152 3430 4219 instituit,
3455 4154 3712 4208 retinens

2094 4240 2197 4295 sibi
2231 4241 2386 4312 quod
2408 4241 2680 4295 Ardenna
2710 4245 2767 4294 et
2794 4241 3044 4313 Vosagus
3065 4258 3258 4296 versus
3285 4242 3618 4297 Neustriam
3651 4258 3710 4296 ac

2013 4361 2068 4420 D
2095 4329 2484 4400 Burgundiam
2511 4328 2909 4383 excludebant.

2763 4418 2986 4471 CAPUT
3014 4419 3094 4471 IX.

2089 4490 2174 4545 De
2195 4487 2427 4546 Samene
2457 4491 2592 4541 inter
2626 4487 2842 4542 Sclavos
2873 4507 2993 4559 rege
3021 4491 3300 4542 constituto
3335 4489 3386 4558 ej
3394 4507 3559 4561 usque
3597 4507 3708 4544 suo

2696 4577 2835 4613 cess-it
2862 4567 2910 4612 et
2928 4561 3080 4629 prole
3091 4604 3102 4615 .

2158 4649 2326 4702 Anno
2359 4664 2410 4701 χι
2443 4646 2794 4718 principatus
2839 4647 3093 4714 Clotarii,
3122 4648 3300 4702 homo
3336 4649 3583 4718 quidam
3616 4666 3708 4703 no-

2089 4736 2246 4791 mine
2277 4735 2472 4800 Samo,
2520 4735 2755 4790 natione
2789 4736 3056 4801 Francus,
3108 4736 3179 4790 de
3226 4752 3378 4806 pago
3417 4737 3703 4792 Senonico

2088 4826 2300 4878 multos
2325 4823 2752 4894 negotiatorum
2780 4824 3075 4878 mercandi
3096 4841 3266 4878 causa
3289 4824 3347 4877 in
3369 4824 3702 4880 Sclavorum

2087 4913 2355 4982 patriam,
2381 4913 2476 4983 qui
2499 4913 2674 4968 etiam
2700 4913 2910 4968 Winidi
2933 4913 3431 4979 dicuntur,secum
3452 4914 3701 4968 deduxit.

2090 5001 2270 5057 Sclavi
2285 5001 2636 5072 jamdudum
2665 5000 2902 5067 Hunnis,
2936 5001 3032 5073 qui
3067 5003 3122 5055 et
3175 5017 3375 5055 avares
3415 5002 3702 5066 dicuntur,

2087 5076 2770 5162 subjecti,dominationis
2788 5105 2992 5144 eorum
3000 5089 3022 5160 j
3036 5105 3219 5160 ugum
3236 5089 3566 5145 detrectare
3582 5094 3699 5144 ten-

2082 5180 2304 5234 tabant.
2338 5177 2636 5249 Siquidem
2670 5195 2802 5232 cum
2846 5177 3101 5250 primum
3132 5177 3441 5247 vectigalia
3477 5179 3582 5245 eis,
3620 5177 3694 5232 uti

2086 5268 2356 5336 dominis,
2383 5267 2802 5340 dependerent,
2834 5266 3220 5338 prmliantium
3245 5270 3433 5321 castra
3449 5271 3698 5323 tutaren-

2083 5363 2200 5426 tur,
2227 5357 2580 5430 fugientibus
2592 5357 2800 5411 auxilia
2813 5357 2884 5411 ad
2900 5355 3285 5411 resistendum
3305 5355 3696 5410 subministra-

2085 5451 2236 5514 rent,
2271 5451 2458 5502 tantas
2483 5449 2554 5502 ab
2586 5446 2720 5518 ipsis
2747 5445 2851 5500 sibi
2901 5445 3086 5500 illatas
3121 5446 3452 5500 tolerabant
3497 5449 3691 5501 contu-

2085 5537 2284 5593 melias
2310 5540 2373 5590 ut
2393 5553 2512 5591 non
2542 5535 2809 5591 homines
2822 5533 3176 5602 hominibus,
3198 5535 3298 5588 sed
3324 5535 3478 5591 feras
3509 5533 3695 5590 crede-

2083 5642 2175 5684 res
2205 5624 2552 5700 quibuslibet
2580 5623 2784 5679 vilibus
2834 5622 3170 5697 imperitare
3211 5623 3520 5695 jumentis.
3552 5623 3686 5678 Nam
