3882 6212
151 383 242 444 ’773

1178 373 1502 439 HISTORIA
1538 376 1992 440 FRANCORUM.
2036 415 2107 428 —
2131 375 2263 443 LIB.
2309 374 2398 446 ιν.

3317 382 3434 452 ηπ

154 507 498 561 interemtam
515 518 645 576 quae
675 501 1003 569 crudeliter,
1044 501 1200 556 dictu
1218 518 1446 573 quoque
1489 501 1724 555 horren-
1743 504 1797 563 Α
1822 502 2180 560 Francorum
2226 506 2586 575 existentem,
2627 506 2749 565 sine
2777 511 3210 569 examinatione
3243 514 3436 584 legali,

156 595 294 659 dum,
323 591 378 646 in
408 607 504 646 eos
557 591 920 656 exercebant,
959 606 1143 644 unum
1195 589 1336 644 illud
1381 589 1720 654 nefandum,

153 681 416 751 cuntisque
467 683 637 733 antea
701 679 916 733 saeculis
967 678 1288 732 inauditum
1339 681 1464 731 erat
1517 678 1718 743 scelus,

153 768 281 839 quod
305 767 456 838 quasi
480 766 815 831 hiematuri,
844 783 1047 820 eorum
1080 765 1359 819 adeuntes
1406 764 1716 829 domicilia,

152 874 322 912 uxores
348 857 600 928 ipsorum
627 855 738 909 suis
768 854 1328 909 assumebantsocias
1374 853 1582 906 stratis.
1610 853 1717 906 Ve-

147 963 256 1001 rum
284 945 376 1011 illi,
408 944 501 1016 qui
534 944 607 998 de
637 943 977 1014 conjugibus
1018 943 1352 997 Sclavorum
1384 945 1441 996 et
1499 941 1719 995 Hunnis

150 1036 289 1086 erant
315 1032 508 1102 geniti,
543 1033 650 1086 hoc
685 1032 926 1097 malum,
960 1031 1114 1102 quod
1146 1030 1328 1084 vitrici
1356 1047 1559 1085 eorum
1618 1029 1714 1084 diu

147 1122 344 1175 fuerant
372 1119 644 1193 perpessi,
675 1120 940 1174 nolentes
963 1119 1207 1190 perpeti,
1227 1119 1485 1172 immane
1511 1121 1714 1172 contra

147 1209 377 1263 dominos
401 1211 457 1263 et
479 1211 672 1278 patres
701 1223 834 1261 suos
846 1207 1161 1260 excitavere
1193 1207 1430 1261 bellum.
1447 1206 1532 1259 Ad
1558 1205 1712 1276 quod

145 1288 290 1342 Samo
310 1304 434 1342 cum
463 1287 650 1353 sociis,
681 1286 1022 1356 adjumento
1050 1285 1287 1341 Winidis
1308 1286 1531 1341 futurus
1554 1285 1702 1338 forte

147 1376 394 1447 profectus
423 1380 525 1429 est.
561 1376 847 1446 Factaque
880 1373 1526 1444 congressione,Winidi
1557 1375 1712 1427 Hun-

147 1480 231 1518 nos
255 1467 531 1534 superant.
567 1465 632 1517 In
671 1463 779 1517 hoc
821 1463 1136 1516 certamine
1187 1463 1359 1516 Samo
1408 1477 1540 1516 cum
1599 1461 1712 1515 suis

144 1553 443 1622 praeclarum
474 1550 702 1604 militiae
734 1551 1148 1604 documentum
1201 1550 1376 1607 dedit.
1411 1552 1709 1621 Praerupta

143 1655 362 1710 namque
389 1655 507 1693 sese
536 1637 798 1710 periculo
845 1637 1298 1709 dans,plurimos
1327 1637 1581 1692 hostium
1612 1638 1708 1691 de-

141 1727 444 1781 struxit.Hoc
474 1741 739 1780 successu
752 1725 927 1780 Samo
946 1742 978 1779 a
997 1725 1208 1780 Sclavis
1238 1725 1310 1779 ad
1340 1724 1710 1796 regnandum

1827 591 2346 648 dehonestamento
2374 595 2612 666 dignam
2656 598 3051 655 aestimavisset
3080 600 3436 671 hujusmodi.

1826 679 1930 744 Qui
1957 680 2324 752 dumjustam
2349 700 2407 736 sc
2422 685 2634 739 habere
2657 702 2886 743 causam
2911 689 3272 743 vinculorum
3295 704 3438 743 uxo-

1818 767 1896 820 ris
1924 768 2224 836 fateretur,
2261 787 2411 824 unus
2441 772 2792 842 legatorum,
2825 776 3148 831 Ansoaldus
3177 775 3436 844 nomine,

1816 855 1915 909 tali
1934 873 2130 927 regem
2154 857 2487 931 interpellat
2518 877 2788 918 sermone
2803 881 2815 920 :
2833 864 3302 937 «Facile,inquit,
3317 882 3441 920 exa-

1814 959 1948 997 men
1969 943 2136 1013 hujus
2187 946 2270 1000 rei
2300 947 2404 1001 tibi
2435 950 2796 1020 probabitur,
2815 953 2859 1006 si
2886 952 3126 1009 facultas
3157 954 3323 1008 alicui
3349 955 3440 1008 fa-

1816 1030 2106 1087 miliarum
2127 1033 2345 1104 reginae
2365 1036 2551 1104 detur,
2573 1039 2722 1094 bello
2737 1056 2866 1095 cum
2896 1041 3282 1096 criminatore
3302 1059 3443 1099 eon-

1812 1114 2112 1176 tendere.»
2131 1120 2176 1186 Ο
2189 1124 2297 1178 uod
2311 1123 2446 1178 dum
2466 1127 2559 1181 ille
2573 1128 2922 1185 concecisset
2939 1129 3223 1202 simulque
3237 1148 3443 1204 appro-

1810 1207 2584 1298 basset,etAdalulfum,quo
2605 1216 2795 1272 minus
2815 1218 3118 1290 proposita
3135 1219 3437 1298 abnueret,

1811 1296 2138 1366 desperatio
2171 1299 2368 1353 salutis
2398 1305 2795 1374 compelleret,
2845 1306 3141 1361 Aribertus
3173 1296 3432 1379 quidam,

1809 1384 2025 1454 regina:
2047 1387 2446 1459 consobrinus,
2472 1391 2800 1460 hominem,
2818 1394 3094 1449 vocabulo
3121 1394 3436 1465 Pittonem,

1810 1472 1926 1528 vice
1952 1491 2054 1529 sua
2082 1475 2477 1546 prmliaturum
2504 1479 2770 1535 adversus
2793 1483 3128 1538 Adalulfum
3151 1484 3366 1555 dirigit.
3390 1487 3437 1540 Α

1812 1579 1926 1632 quo
1958 1562 2114 1617 idem
2139 1565 2477 1622 criminator
2498 1568 2620 1623 sine
2644 1587 2811 1626 mora
2833 1571 3011 1626 victus
3026 1573 3333 1646 gladioque
3351 1578 3437 1629 est

1811 1649 2064 1719 punitus,
2095 1652 2480 1724 Gundeberga
2511 1657 2716 1728 regina
2745 1661 2875 1730 post
2895 1663 3012 1714 tres
3034 1659 3219 1716 ferme
3241 1663 3435 1716 reclu—

1810 1736 1988 1791 sionis
2015 1755 2130 1792 sua:
2163 1755 2348 1794 annos
2380 1743 2452 1796 ad
2501 1744 2807 1814 pristinam
2839 1747 3007 1819 regni
3053 1752 3137 1804 est
3175 1766 3437 1822 regressa

140 1818 471 1884 expetitus,eo
501 1813 664 1885 quod
681 1812 915 1883 egregia
945 1813 1067 1881 ejus
1098 1812 1524 1866 delectarentur
1545 1811 1710 1867 forti-
1734 1817 1786 1876 Β
1813 1825 2180 1897 dignitatem.

139 1900 326 1968 tudine,
351 1901 416 1956 de
462 1899 833 1970 negotiatore
866 1915 964 1953 rex
995 1899 1357 1964 constitutus,
1394 1915 1498 1969 per
1547 1915 1707 1953 xxxvx

138 2004 289 2042 annos
304 1991 524 2043 strenue
557 2003 812 2058 regnum
851 1986 1707 2057 gubernavit,adversuminnu-

140 2092 295 2130 meros
322 2077 601 2131 bellorum
617 2075 1052 2145 tumultus,qu£e
1068 2089 1199 2128 cum
1219 2074 1416 2128 Avaris
1446 2074 1708 2145 gessit.ln

138 2165 307 2233 quibus
333 2163 862 2238 semper,prudenti
885 2163 1090 2218 astutia
1125 2180 1278 2230 usus,
1309 2163 1489 2218 victor
1539 2164 1707 2218 exsti-

138 2252 206 2304 tit.
231 2252 418 2306 Habuit
437 2267 677 2324 quoque
720 2250 1025 2305 duodecim
1057 2268 1123 2304 ex
1179 2267 1394 2322 genere
1455 2249 1706 2304 Winido-

137 2356 241 2394 rum
270 2357 478 2408 uxores,
499 2357 568 2396 ex
582 2339 795 2412 quibus
815 2356 928 2393 xxn
947 2338 1095 2393 ﬁlios
1117 2354 1182 2393 ac
1203 2355 1271 2393 xv
1300 2339 1502 2410 genuit
1540 2339 1706 2406 filias,

735 2444 960 2500 CAPUT
1007 2445 1068 2498 X.

136 2532 494 2589 DcAdalaaldn
517 2533 1007 2602 Langobardorum
1028 2537 1221 2601 regc,et
1249 2533 1365 2602 eius
1393 2549 1708 2600 successore;

502 2605 677 2677 deque
708 2603 1058 2672 G-undeberga
1089 2605 1300 2672 regina.

191 2693 508 2750 Adaloaldus
533 2696 738 2749 autem
767 2691 1019 2762 Agilulfi,
1052 2692 1151 2762 qui
1183 2696 1239 2746 et
1267 2694 1391 2763 Ago
1427 2692 1611 2747 dictus
1629 2695 1714 2747 est

142 2783 619 2855 Langobardorum
647 2781 1133 2854 regisﬁlius,patri
1155 2781 1214 2835 in
1243 2798 1490 2852 regnum
1523 2799 1712 2837 succe-

141 2870 402 2939 dens,dum
431 2874 639 2928 decem
670 2869 835 2925 annis
853 2886 986 2925 cum
1016 2870 1601 2925 matreTheudelinda
1623 2887 1714 2924 re-

140 2964 350 3027 gnasset,
376 2977 408 3015 a
435 2957 966 3033 quodam,Eusebio
999 2957 1260 3025 nomine,
1295 2957 1390 3029 qui
1422 2959 1492 3012 ab
1523 2958 1709 3028 impe-

143 3050 298 3102 ratore
328 3046 970 3117 Constantinopolitano
985 3046 1059 3101 ad
1083 3063 1215 3100 eum
1233 3046 1713 3117 directuslegatus

141 3133 442 3208 fuerat,post
469 3138 756 3192 balneum
783 3135 1020 3205 potione
1033 3138 1286 3206 accepta,
1306 3135 1363 3189 in
1393 3135 1711 3190 amentiam

138 3225 354 3280 vertitur.
375 3227 638 3298 Cumque
660 3224 835 3295 ipsius
864 3225 1040 3295 legati
1063 3225 1546 3294 persuasionibus,
1576 3225 1711 3280 duo.

139 3311 290 3367 decim
306 3313 816 3386 Langobardorum
845 3312 1153 3384 optimates
1170 3313 1424 3384 iussisset
1438 3313 1644 3383 pe‘rimi
1656 3332 1711 3381 ,a

139 3403 325 3457 ceteris
351 3420 527 3476 regno
562 3401 821 3475 pellitur.
854 3402 917 3454 In
943 3401 1103 3471 cujus
1130 3402 1342 3468 locum,
1371 3402 1709 3456 Arioaldum

135 3487 484 3545 Taurinatium
502 3492 739 3557 ducem,
772 3489 862 3544 cui
885 3489 1266 3560 Gundeberga
1291 3490 1588 3545 Adaloaldi
1617 3507 1709 3546 re-

137 3574 206 3644 gis
232 3593 494 3648 germana
515 3581 579 3634 in
614 3577 952 3649 conjugium
1007 3583 1372 3646 convenerat,
1404 3579 1709 3635 substitue-

140 3669 266 3719 runt.
295 3667 423 3731 Qua:
449 3667 721 3722 videlicet
741 3666 966 3737 regina,
981 3682 1112 3720 cum
1141 3669 1199 3720 et
1227 3667 1412 3738 specie
1429 3667 1637 3723 decora
1649 3672 1707 3723 et

135 3750 350 3811 bonitate
373 3755 839 3829 polleretmentis
853 3755 1276 3826 praecipuamec
1307 3755 1582 3811 castitatis
1613 3773 1705 3813 ca-

136 3846 261 3897 reret
295 3846 491 3916 gratia,
525 3844 785 3917 quadam
842 3843 934 3897 die
988 3843 1322 3914 quemdam,
1375 3845 1708 3902 Adalulfum

132 3930 388 4000 vocabulo,
421 3951 538 3989 non
561 3932 768 3986 inﬁmo
801 3930 952 3987 inter
973 3931 1382 4003 Langobardos
1409 3937 1706 3990 ortumlo-

135 4029 204 4083 co,
231 4019 325 4074 sibi
343 4021 783 4094 obsequentem,
818 4019 974 4091 quod
1004 4020 1240 4089 optimae
1271 4025 1417 4076 esset
1477 4023 1703 4092 formae,

135 4112 348 4176 coeperat
378 4111 645 4165 laudare.
685 4109 782 4162 Ille
833 4108 1099 4178 reginam
1149 4107 1207 4162 in
1264 4109 1349 4163 sui
1399 4113 1704 4166 autumans

134 4196 365 4251 exarsisse
420 4213 710 4259 amorem,
751 4195 824 4250 ad
853 4212 1052 4250 aurem
1079 4195 1131 4250 ei
1186 4196 1314 4250 infit
1340 4215 1404 4250 εκ
1441 4198 1584 4262 Quia
1618 4200 1705 4254 di-

131 4297 258 4352 cens,
285 4289 390 4340 tute
405 4286 620 4359 placuit
650 4285 1064 4340 benevolentia:
1086 4301 1282 4340 meum
1299 4289 1513 4340 statum
1533 4288 1700 4342 laude

2438 1955 2660 2011 CAPUT
2699 1959 2784 2020 XI,

1808 2038 1891 2092 De
1918 2038 2206 2110 Dagobertz
2250 2044 2395 2119 regis
2426 2044 2837 2119 Aqustrasiarum
2871 2047 3178 2119 prudentia,
3229 2056 3279 2103 et
3319 2049 3430 2106 Ra-

2359 2115 2540 2168 άοαίάὶ
2575 2116 2872 2173 insolentia.

1881 2222 2065 2295 Regni
2091 2221 2324 2278 Clotarii
2355 2239 2508 2277 anno
2525 2239 2633 2289 xm,
2652 2239 2784 2279 cum
2799 2225 3157 2296 Dagobertus
3174 2226 3434 2284 reisum-

1810 2330 1970 2368 mam
2001 2311 2058 2365 in
2085 2311 2314 2365 Austria
2338 2313 2572 2365 strenue
2603 2312 2976 2382 gubernaret,
3021 2317 3079 2368 et
3109 2315 3425 2387 quemdam

1811 2400 2170 2456 Rodoaldum
2234 2398 2550 2468 majoribus
2598 2400 2752 2469 apud
2800 2401 3121 2457 Austrasios
3173 2404 3418 2470 clarum,

1813 2490 2159 2544 adhortante
2190 2486 2522 2542 beatissimo
2551 2488 2797 2543 Arnulfo
2828 2488 3100 2560 pontiﬁce
3121 2507 3188 2544 ac
3217 2489 3422 2562 Pipino

1814 2578 2033 2648 majore
2057 2576 2283 2642 domus,
2299 2574 2616 2629 honoribus
2637 2575 2944 2642 extulisset,
2960 2576 3129 2648 ccepit
3144 2575 3300 2632 idem
3318 2577 3426 2643 vir,

1815 2668 2038 2720 mutata
2053 2663 2346 2718 insaniens
2361 2665 2578 2730 mente,
2592 2662 2950 2718 iracundiam
2970 2664 3029 2718 in
3052 2681 3110 2720 se
3130 2664 3284 2735 regis
3295 2680 3428 2735 pro-

1813 2770 2035 2809 vocare.
2071 2753 2214 2806 Nam
2246 2751 2557 2822 direptioni
2583 2768 2780 2806 rerum
2811 2752 3047 2806 studens
3077 2753 3424 2820 alienarum,

1814 2840 2094 2914 superbiae
2109 2840 2354 2907 deditus,
2373 2839 2640 2893 elationis
2653 2841 2875 2910 plenus,
2899 2841 3088 2895 locum
3117 2840 3427 2896 detrahen-

1815 2931 1871 2985 di
1887 2929 2272 2984 invidentibus
2300 2927 2406 2981 sibi
2429 2927 2605 2982 dedit.
2627 2927 2750 2992 Qua
2766 2927 2837 2982 de
2864 2945 3035 2982 causa
3053 2931 3423 2999 exasperatus

1814 3017 2173 3088 Dagobertus
2195 3015 2518 3069 interficere
2535 3031 2668 3070 eum
2690 3015 3060 3072 moliebatur.
3079 3017 3241 3071 Unde
3259 3016 3429 3072 terri-

1740 3093 1786 3152 C
1813 3109 1902 3160 tus
1924 3104 2250 3159 Rodoaldus
2281 3102 2353 3156 ad
2383 3103 2697 3158 Clotarium
2727 3120 2786 3158 se
2826 3105 3086 3172 contulit,
3115 3105 3425 3162 obsecrans

1812 3197 1874 3248 ut
1912 3209 2074 3247 suam
2106 3192 2259 3264 apud
2301 3190 2484 3245 filium
2534 3191 2711 3246 vitam
2759 3192 3022 3247 obtinere
3063 3192 3424 3265 dignaretur,

1813 3281 2112 3347 Clotarius,
2129 3279 2243 3333 viso
2267 3279 2405 3345 filio,
2429 3278 2580 3333 inter
2599 3280 2730 3346 alia,
2747 3297 2821 3334 ne
2843 3281 3205 3336 Rodoaldum
3227 3281 3425 3337 interi-

1809 3371 1996 3423 meret
2023 3369 2308 3439 preeatur.
2343 3367 2702 3437 Dagobertus
2726 3367 3016 3437 promittit
3041 3385 3198 3437 eum,
3229 3370 3272 3424 si
3289 3387 3419 3442 quae

1808 3458 1960 3512 male
1989 3457 2244 3527 gesserat
2269 3453 2606 3524 corrigeret,
2629 3470 2793 3525 spem
2823 3454 2949 3509 vitae
2976 3455 3193 3510 habere
3231 3472 3420 3527 posse.

1809 3547 1922 3602 Sed
1954 3561 2086 3600 cum
2114 3541 2369 3598 Treveris
2401 3557 2516 3596 una
2545 3557 2678 3596 cum
2719 3543 3044 3612 Dagoberto
3095 3543 3426 3600 Rodoaldus

1808 3634 2152 3700 accessisset,
2181 3631 2353 3696 nulla'
2377 3633 2634 3685 exstante
2667 3646 2855 3698 mora,
2880 3630 3041 3700 jussu
3066 3631 3219 3702 regis
3244 3631 3420 3703 ipsius

1809 3726 1942 3779 ante
1965 3721 2176 3778 ostium
2197 3718 2442 3775 cubiculi
2462 3718 2718 3791 regalisa
2736 3718 3000 3775 Bertario
3032 3719 3417 3792 Scarponensi

1809 3811 1994 3884 capite
2023 3811 2348 3865 truncatur.

2422 3950 2646 4006 CAPUT
2684 3951 2793 4006 XII.

1803 4041 2357 4118 Dc_l_)agol»erti_qum
2380 4039 2708 4118 Gomatrude
2734 4039 3010 4111 confugio,
3040 4048 3090 4098 et
3117 4058 3237 4104 cum
3257 4056 3413 4118 patre

1877 4114 2114 4168 Clotario
2202 4111 2597 4187 disceptatione,
2675 4129 2738 4166 ac
2793 4129 2971 4168 eorum
3037 4111 3412 4187 paciﬁcdtione

1872 4202 2028 4256 super
2046 4200 2206 4253 regna
2228 4184 2278 4238 A
2290 4185 2546 4237 ustrasiaz.

1871 4292 2038 4345 Anno
2064 4306 2171 4343 xm
2203 4291 2488 4359 regnante
2526 4287 2798 4357 Clotario,
2829 4289 3212 4365 Dagobertus,
3247 4296 3408 4354 omni

134 4371 209 4424 tua
236 4371 445 4441 efferre,
505 4375 754 4446 placeat,
810 4388 1024 4443 quaeso,
1060 4388 1154 4426 me
1201 4373 1461 4428 sodalem
1492 4378 1702 4430 stratus
1725 4375 1778 4435 Ι)
1800 4382 2009 4436 ornatu
2031 4379 2300 4448 cultuque
2333 4376 2492 4447 regio
2523 4376 2718 4445 fultus,
2763 4378 2923 4448 jussu
2949 4384 3127 4452 patris
3162 4385 3415 4457 Clippia-

132 4473 401 4518 assumere.
430 4485 457 4512 »
481 4465 602 4517 Hoc
621 4461 860 4516 verbum
893 4461 1176 4525 illa,haud
1201 4463 1591 4532 perfunctorie
1616 4465 1700 4518 fe-

130 4562 214 4601 ren
233 4549 360 4605 dum
389 4550 755 4618 arbitrata,in
786 4548 995 4604 faciem
1014 4551 1134 4620 ejus
1161 4550 1537 4622 exspuit.Qui,
1562 4553 1704 4608 veri-

131 4636 272 4704 tus,si
298 4640 413 4711 ipse
440 4657 570 4696 rem
597 4655 715 4695 non
734 4638 1031 4711 proderet,
1054 4640 1323 4711 reginam
1337 4645 1542 4697 cuncta
1565 4660 1703 4715 pro-

130 4726 436 4798 palaturam,
468 4729 849 4803 regemadiit,
871 4744 1128 4783 asserens
1142 4746 1224 4793 se,
1257 4729 1301 4783 si
1315 4733 1468 4785 tutus
1511 4732 1584 4786 ad
1597 4751 1699 4788 na-

129 4815 340 4871 randum
369 4819 780 4874 concederetur
819 4818 994 4882 locus,
1051 4833 1175 4871 rem
1231 4818 1616 4876 necessariam
1648 4822 1700 4876 ei

129 4908 501 4962 reseraturum.
563 4908 631 4961 Et
659 4905 962 4961 secedente
992 4921 1131 4976 rege
1161 4922 1421 4961 seorsum
1466 4924 1597 4964 cum
1629 4927 1697 4966 eo

130 5003 241 5046 vera
254 4992 397 5051 falsis
426 4997 534 5051 hoc
555 4995 725 5068 coepit
751 4994 1091 5050 obnubilare
1125 4995 1322 5053 modo.
1351 5018 1379 5046 «
1398 4997 1562 5065 Taso,
1595 4999 1697 5068 ait,

125 5074 400 5139 Thuscanae
427 5089 617 5140 rector
645 5083 1086 5156 provinciae,per
1130 5083 1388 5139 triduum
1416 5085 1543 5155 jam
1567 5103 1698 5143 cum

129 5167 301 5237 regina
319 5188 646 5228 sermonem
687 5175 802 5226 tuae
828 5171 966 5226 serit
1011 5171 1375 5241 perditionis,
1405 5176 1466 5228 ut
1495 5174 1592 5230 illa
1645 5179 1699 5230 te

128 5265 320 5312 Veneno
338 5260 538 5331 perdat
557 5263 614 5316 et
631 5260 822 5331 ipsum
843 5259 951 5314 sibi
972 5259 1246 5314 maritum
1265 5266 1539 5317 assumat.
1568 5264 1700 5318 »His

127 5353 210 5396 rex
237 5347 484 5402 credulus
501 5350 807 5422 conjugem
837 5347 895 5402 in
926 5350 1110 5403 castro
1135 5349 1311 5404 Italia:
1333 5350 1582 5419 reclusit,
1607 5354 1698 5407 cui

131 5443 319 5488 nomen
346 5439 711 5502 Amelio.Quo
745 5433 1350 5506 comperto,Clotarius
1385 5454 1487 5509 per
1518 5439 1695 5494 inter-

133 5522 336 5580 nuntios
351 5527 680 5582 Arioaldum
707 5542 949 5597 arguere
975 5527 1164 5597 coepit,
1197 5543 1315 5582 non
1344 5530 1501 5582 recte
1531 5527 1695 5584 illum

133 5608 289 5681 egisse
315 5613 520 5688 dicens,
568 5615 724 5694 quod
763 5615 1032 5690 reginam
1085 5618 1144 5677 et
1171 5633 1240 5674 ex
1291 5615 1447 5691 tegio
1479 5634 1695 5693 genere

1800 4485 1955 4534 cum,
1973 4466 2128 4520 haud
2145 4466 2340 4536 procul
2360 4465 2625 4532 Parisius,
2639 4467 2813 4520 venit.
2840 4468 3040 4542 Ibique
3066 4488 3411 4544 germanam

1801 4555 2062 4612 Sichildis
2102 4555 2342 4625 reginas,
2374 4553 2789 4609 Gomatrudem
2821 4558 3083 4628 nomine,
3113 4561 3172 4615 in
3212 4563 3414 4635 conju-

1802 4645 1961 4718 gium
1976 4643 2027 4698 ei
2041 4646 2204 4714 pater
2217 4641 2581 4696 tradidit.Die
2593 4658 2727 4698 vero
2743 4644 2911 4701 tertio
2926 4647 3280 4719 nuptiarum,
3287 4668 3418 4724 gra-

1800 4733 2045 4788 visinter
2056 4735 2284 4804 patrem
2297 4747 2361 4785 ac
2385 4729 2568 4784 ﬁlium
2596 4733 2726 4791 orta
2752 4736 2836 4786 est
2865 4733 3416 4797 dissensio.Petebat

1801 4821 1959 4876 enim
1980 4821 2338 4892 Dagobertus
2355 4818 2520 4874 reddi
2546 4819 2654 4873 sibi
2681 4820 2992 4876 solidatum
3023 4826 3178 4894 quod
3203 4827 3276 4882 ad
3296 4830 3416 4884 Au-

1798 4910 2032 4965 strasios
2048 4906 2966 4980 pertinebat,regnum.Clotarius
2979 4915 3174 4967 autem
3189 4920 3416 4973 contra-

1801 4998 2045 5065 dicebat,
2073 4998 2154 5052 nil
2181 4996 2233 5052 ei
2265 4997 2462 5051 volens
2501 5011 2568 5049 ex
2617 4995 2727 5049 hoc
2771 4997 3108 5052 concedere.
3157 5001 3414 5061 Tandem

1800 5087 2090 5157 eliguntur
2116 5083 2428 5140 duodecim
2458 5081 2680 5150 Franci,
2716 5099 2746 5136 e
2780 5082 2989 5154 quibus
3014 5100 3160 5141 unus
3181 5091 3410 5164 exstitit,

1797 5175 1882 5228 vir
1943 5176 2059 5228 Deo
2131 5174 2392 5245 placitus,
2443 5170 2718 5226 Arnulfus
2762 5171 3100 5228 Metensium
3156 5177 3410 5249 antistes,

1799 5278 2048 5334 quorum
2073 5261 2285 5316 salubri
2336 5261 2574 5316 consilio
2631 5263 2818 5332 pater,
2849 5265 3083 5332 pacatus
3115 5280 3246 5320 cum
3271 5265 3412 5337 filio,

1799 5349 2049 5404 reddidit
2103 5348 2154 5403 ei
2197 5363 2326 5418 quae
2380 5350 2728 5417 postulabat.
2773 5351 2888 5404 Hoc
2932 5352 3160 5408 tantum
3206 5353 3412 5411 exinde

1797 5437 1955 5510 quod
2013 5437 2157 5490 citra
2197 5434 2469 5506 Ligerim,
2511 5438 2599 5490 vel
2642 5437 2702 5491 in
2742 5438 3004 5510 regione,
3047 5459 3222 5516 quam
3270 5446 3414 5502 Pro-

1795 5526 2043 5580 vinciam
2087 5522 2528 5595 cognominant,
2572 5524 2747 5581 situm
2781 5530 2868 5584 est
2905 5545 3022 5589 sum
3071 5533 3277 5593 ditioni
3317 5552 3410 5595 re-

1804 5613 1996 5677 tinuit.
