  <div class='ocr_page' id='page_1' title='image "/cluster/home/n/w/nwhite01/storage/ocr_20150623/139/uva.x000829787/395.png"; bbox 0 0 3882 6212; ppageno 0'>
   <div class='ocr_carea' id='block_1_1' title="bbox 439 365 544 452">
    <p class='ocr_par' dir='ltr' id='par_1_1' title="bbox 439 365 544 452">
     <span class='ocr_line' id='line_1_1' title="bbox 439 365 544 452; baseline 0 0"><span class='ocrx_word' id='word_1_1' title='bbox 439 365 544 452; x_wconf 72' lang='lat'><strong>77.5</strong></span> 
     </span>
    </p>
   </div>
   <div class='ocr_carea' id='block_1_2' title="bbox 596 479 1439 538">
    <p class='ocr_par' dir='ltr' id='par_1_2' title="bbox 596 479 1439 538">
     <span class='ocr_line' id='line_1_2' title="bbox 596 479 1439 538; baseline 0.006 -8"><span class='ocrx_word' id='word_1_2' title='bbox 596 527 598 530; x_wconf 77' lang='grc'>,</span> <span class='ocrx_word' id='word_1_3' title='bbox 893 520 896 524; x_wconf 64' lang='grc' dir='ltr'>ι</span> <span class='ocrx_word' id='word_1_4' title='bbox 1046 480 1270 538; x_wconf 81' lang='lat' dir='ltr'><strong>CAPUT</strong></span> <span class='ocrx_word' id='word_1_5' title='bbox 1303 479 1439 536; x_wconf 83' lang='lat' dir='ltr'><strong>XIII.</strong></span> 
     </span>
    </p>
   </div>
   <div class='ocr_carea' id='block_1_3' title="bbox 442 585 2048 658">
    <p class='ocr_par' dir='ltr' id='par_1_3' title="bbox 442 585 2048 658">
     <span class='ocr_line' id='line_1_3' title="bbox 442 585 2048 658; baseline -0.002 -15"><span class='ocrx_word' id='word_1_6' title='bbox 442 590 527 652; x_wconf 79' lang='lat' dir='ltr'><strong>De</strong></span> <span class='ocrx_word' id='word_1_7' title='bbox 553 585 796 644; x_wconf 80' lang='lat' dir='ltr'><strong>Sisebodi</strong></span> <span class='ocrx_word' id='word_1_8' title='bbox 813 587 952 657; x_wconf 80' lang='lat' dir='ltr'><strong>regis</strong></span> <span class='ocrx_word' id='word_1_9' title='bbox 984 585 1266 658; x_wconf 55' lang='lat' dir='ltr'><strong>Hispania</strong></span> <span class='ocrx_word' id='word_1_10' title='bbox 1297 590 1488 641; x_wconf 85' lang='lat' dir='ltr'><strong>virtute</strong></span> <span class='ocrx_word' id='word_1_11' title='bbox 1526 593 1576 641; x_wconf 89' lang='lat' dir='ltr'><strong>et</strong></span> <span class='ocrx_word' id='word_1_12' title='bbox 1605 588 1727 656; x_wconf 80' lang='lat' dir='ltr'><strong>ﬁde,</strong></span> <span class='ocrx_word' id='word_1_13' title='bbox 1759 594 1807 641; x_wconf 87' lang='lat' dir='ltr'><strong>et</strong></span> <span class='ocrx_word' id='word_1_14' title='bbox 1839 586 2048 641; x_wconf 82' lang='lat' dir='ltr'><strong>Canta-</strong></span> 
     </span>
    </p>
   </div>
   <div class='ocr_carea' id='block_1_4' title="bbox 512 657 2055 729">
    <p class='ocr_par' dir='ltr' id='par_1_4' title="bbox 512 657 2055 729">
     <span class='ocr_line' id='line_1_4' title="bbox 512 657 2055 729; baseline -0.001 -16"><span class='ocrx_word' id='word_1_15' title='bbox 512 659 666 729; x_wconf 53' lang='grc' dir='ltr'><strong>ὄνέκ</strong></span> <span class='ocrx_word' id='word_1_16' title='bbox 677 675 776 728; x_wconf 83' lang='lat' dir='ltr'><strong>per</strong></span> <span class='ocrx_word' id='word_1_17' title='bbox 813 674 934 712; x_wconf 85' lang='lat' dir='ltr'><strong>eum</strong></span> <span class='ocrx_word' id='word_1_18' title='bbox 966 658 1286 726; x_wconf 84' lang='lat' dir='ltr'><strong>subactione,</strong></span> <span class='ocrx_word' id='word_1_19' title='bbox 1325 664 1372 713; x_wconf 87' lang='lat' dir='ltr'><strong>et</strong></span> <span class='ocrx_word' id='word_1_20' title='bbox 1421 661 1572 729; x_wconf 82' lang='lat' dir='ltr'><strong>regni</strong></span> <span class='ocrx_word' id='word_1_21' title='bbox 1616 657 1917 713; x_wconf 80' lang='lat' dir='ltr'><strong>Gothorum</strong></span> <span class='ocrx_word' id='word_1_22' title='bbox 1956 675 2055 728; x_wconf 85' lang='lat' dir='ltr'><strong>per</strong></span> 
     </span>
    </p>
   </div>
   <div class='ocr_carea' id='block_1_5' title="bbox 517 728 968 784">
    <p class='ocr_par' dir='ltr' id='par_1_5' title="bbox 517 728 968 784">
     <span class='ocr_line' id='line_1_5' title="bbox 517 728 968 784; baseline -0.004 0"><span class='ocrx_word' id='word_1_23' title='bbox 517 730 612 784; x_wconf 85' lang='lat' dir='ltr'><strong>hoc</strong></span> <span class='ocrx_word' id='word_1_24' title='bbox 635 728 968 784; x_wconf 79' lang='lat' dir='ltr'><strong>dilatatione.</strong></span> 
     </span>
    </p>
   </div>
   <div class='ocr_carea' id='block_1_6' title="bbox 515 834 2050 908">
    <p class='ocr_par' dir='ltr' id='par_1_6' title="bbox 515 834 2050 908">
     <span class='ocr_line' id='line_1_6' title="bbox 515 834 2050 908; baseline 0.001 -19"><span class='ocrx_word' id='word_1_25' title='bbox 515 835 683 906; x_wconf 79' lang='lat' dir='ltr'><strong>Apud</strong></span> <span class='ocrx_word' id='word_1_26' title='bbox 702 834 1046 908; x_wconf 89' lang='lat' dir='ltr'><strong>Hispaniam</strong></span> <span class='ocrx_word' id='word_1_27' title='bbox 1065 852 1134 890; x_wconf 90' lang='lat' dir='ltr'><strong>ea</strong></span> <span class='ocrx_word' id='word_1_28' title='bbox 1152 838 1491 907; x_wconf 90' lang='lat' dir='ltr'><strong>tempestate</strong></span> <span class='ocrx_word' id='word_1_29' title='bbox 1509 835 1779 890; x_wconf 86' lang='lat' dir='ltr'><strong>humanis</strong></span> <span class='ocrx_word' id='word_1_30' title='bbox 1803 835 2050 890; x_wconf 88' lang='lat' dir='ltr'><strong>Bettrico</strong></span> 
     </span>
    </p>
   </div>
   <div class='ocr_carea' id='block_1_7' title="bbox 447 921 2052 994">
    <p class='ocr_par' dir='ltr' id='par_1_7' title="bbox 447 921 2052 994">
     <span class='ocr_line' id='line_1_7' title="bbox 447 921 2052 994; baseline -0.001 -16"><span class='ocrx_word' id='word_1_31' title='bbox 447 927 736 994; x_wconf 83' lang='lat' dir='ltr'><strong>exempto,</strong></span> <span class='ocrx_word' id='word_1_32' title='bbox 757 921 1064 978; x_wconf 91' lang='lat' dir='ltr'><strong>Sisebodus</strong></span> <span class='ocrx_word' id='word_1_33' title='bbox 1086 923 1138 977; x_wconf 90' lang='lat' dir='ltr'><strong>ei</strong></span> <span class='ocrx_word' id='word_1_34' title='bbox 1159 923 1428 978; x_wconf 88' lang='lat' dir='ltr'><strong>successit</strong></span> <span class='ocrx_word' id='word_1_35' title='bbox 1447 923 1506 978; x_wconf 92' lang='lat' dir='ltr'><strong>iu</strong></span> <span class='ocrx_word' id='word_1_36' title='bbox 1525 941 1727 994; x_wconf 91' lang='lat' dir='ltr'><strong>regno.</strong></span> <span class='ocrx_word' id='word_1_37' title='bbox 1759 923 1886 989; x_wconf 86' lang='lat' dir='ltr'><strong>Qui,</strong></span> <span class='ocrx_word' id='word_1_38' title='bbox 1902 923 2052 976; x_wconf 88' lang='lat' dir='ltr'><strong>bello</strong></span> 
     </span>
    </p>
   </div>
   <div class='ocr_carea' id='block_1_8' title="bbox 447 1010 2054 1082">
    <p class='ocr_par' dir='ltr' id='par_1_8' title="bbox 447 1010 2054 1082">
     <span class='ocr_line' id='line_1_8' title="bbox 447 1010 2054 1082; baseline 0.001 -17"><span class='ocrx_word' id='word_1_39' title='bbox 447 1014 732 1079; x_wconf 80' lang='lat' dir='ltr'><strong>strenuus,</strong></span> <span class='ocrx_word' id='word_1_40' title='bbox 761 1010 1000 1066; x_wconf 90' lang='lat' dir='ltr'><strong>consilio</strong></span> <span class='ocrx_word' id='word_1_41' title='bbox 1034 1011 1241 1079; x_wconf 89' lang='lat' dir='ltr'><strong>bonus,</strong></span> <span class='ocrx_word' id='word_1_42' title='bbox 1271 1029 1334 1066; x_wconf 91' lang='lat' dir='ltr'><strong>ac</strong></span> <span class='ocrx_word' id='word_1_43' title='bbox 1359 1028 1478 1082; x_wconf 68' lang='lat' dir='ltr'><strong>prae</strong></span> <span class='ocrx_word' id='word_1_44' title='bbox 1507 1012 1726 1067; x_wconf 63' lang='lat' dir='ltr'><strong>caeteris</strong></span> <span class='ocrx_word' id='word_1_45' title='bbox 1756 1012 2054 1066; x_wconf 87' lang='lat' dir='ltr'><strong>retroactis</strong></span> 
     </span>
    </p>
   </div>
   <div class='ocr_carea' id='block_1_9' title="bbox 447 1097 2051 1172">
    <p class='ocr_par' dir='ltr' id='par_1_9' title="bbox 447 1097 2051 1172">
     <span class='ocr_line' id='line_1_9' title="bbox 447 1097 2051 1172; baseline -0.003 -18"><span class='ocrx_word' id='word_1_46' title='bbox 447 1099 733 1172; x_wconf 60' lang='lat' dir='ltr'><strong>Hispania:</strong></span> <span class='ocrx_word' id='word_1_47' title='bbox 764 1099 996 1170; x_wconf 83' lang='lat' dir='ltr'><strong>regibus</strong></span> <span class='ocrx_word' id='word_1_48' title='bbox 1018 1099 1128 1153; x_wconf 85' lang='lat' dir='ltr'><strong>fide</strong></span> <span class='ocrx_word' id='word_1_49' title='bbox 1159 1104 1483 1171; x_wconf 87' lang='lat' dir='ltr'><strong>promptus,</strong></span> <span class='ocrx_word' id='word_1_50' title='bbox 1513 1097 2051 1164; x_wconf 84' lang='lat' dir='ltr'><strong>Cantabriam,olim</strong></span> 
     </span>
    </p>
   </div>
   <div class='ocr_carea' id='block_1_10' title="bbox 448 1184 2050 1259">
    <p class='ocr_par' dir='ltr' id='par_1_10' title="bbox 448 1184 2050 1259">
     <span class='ocr_line' id='line_1_10' title="bbox 448 1184 2050 1259; baseline -0.004 -16"><span class='ocrx_word' id='word_1_51' title='bbox 448 1187 883 1243; x_wconf 74' lang='lat' dir='ltr'><strong>dominantibus</strong></span> <span class='ocrx_word' id='word_1_52' title='bbox 914 1187 1144 1244; x_wconf 85' lang='lat' dir='ltr'><strong>Francis</strong></span> <span class='ocrx_word' id='word_1_53' title='bbox 1176 1205 1515 1259; x_wconf 84' lang='lat' dir='ltr'><strong>possessam,</strong></span> <span class='ocrx_word' id='word_1_54' title='bbox 1552 1187 1656 1242; x_wconf 83' lang='lat' dir='ltr'><strong>sibi</strong></span> <span class='ocrx_word' id='word_1_55' title='bbox 1711 1184 2050 1256; x_wconf 84' lang='lat' dir='ltr'><strong>subjugavit.</strong></span> 
     </span>
    </p>
   </div>
   <div class='ocr_carea' id='block_1_11' title="bbox 444 1273 2056 1348">
    <p class='ocr_par' dir='ltr' id='par_1_11' title="bbox 444 1273 2056 1348">
     <span class='ocr_line' id='line_1_11' title="bbox 444 1273 2056 1348; baseline -0.002 -18"><span class='ocrx_word' id='word_1_56' title='bbox 444 1275 706 1348; x_wconf 86' lang='lat' dir='ltr'><strong>Denique</strong></span> <span class='ocrx_word' id='word_1_57' title='bbox 738 1275 849 1330; x_wconf 83' lang='lat' dir='ltr'><strong>dux</strong></span> <span class='ocrx_word' id='word_1_58' title='bbox 863 1275 1121 1343; x_wconf 86' lang='lat' dir='ltr'><strong>Fraucio,</strong></span> <span class='ocrx_word' id='word_1_59' title='bbox 1136 1276 1231 1347; x_wconf 89' lang='lat' dir='ltr'><strong>qui</strong></span> <span class='ocrx_word' id='word_1_60' title='bbox 1256 1275 1445 1330; x_wconf 91' lang='lat' dir='ltr'><strong>eidem</strong></span> <span class='ocrx_word' id='word_1_61' title='bbox 1471 1273 1778 1347; x_wconf 67' lang='lat' dir='ltr'><strong>provinciae</strong></span> <span class='ocrx_word' id='word_1_62' title='bbox 1799 1274 2056 1344; x_wconf 88' lang='lat' dir='ltr'><strong>aliquan-</strong></span> 
     </span>
    </p>
   </div>
   <div class='ocr_carea' id='block_1_12' title="bbox 448 1361 2055 1434">
    <p class='ocr_par' dir='ltr' id='par_1_12' title="bbox 448 1361 2055 1434">
     <span class='ocr_line' id='line_1_12' title="bbox 448 1361 2055 1434; baseline -0.003 -15"><span class='ocrx_word' id='word_1_63' title='bbox 448 1364 546 1421; x_wconf 90' lang='lat' dir='ltr'><strong>diu</strong></span> <span class='ocrx_word' id='word_1_64' title='bbox 584 1363 834 1434; x_wconf 69' lang='lat' dir='ltr'><strong>prazfuit,</strong></span> <span class='ocrx_word' id='word_1_65' title='bbox 877 1363 1094 1418; x_wconf 89' lang='lat' dir='ltr'><strong>tributa</strong></span> <span class='ocrx_word' id='word_1_66' title='bbox 1125 1363 1354 1434; x_wconf 84' lang='lat' dir='ltr'><strong>regibus</strong></span> <span class='ocrx_word' id='word_1_67' title='bbox 1385 1364 1737 1418; x_wconf 84' lang='lat' dir='ltr'><strong>Francorum</strong></span> <span class='ocrx_word' id='word_1_68' title='bbox 1773 1361 2055 1433; x_wconf 87' lang='lat' dir='ltr'><strong>persolve—</strong></span> 
     </span>
    </p>
   </div>
   <div class='ocr_carea' id='block_1_13' title="bbox 448 1449 2057 1523">
    <p class='ocr_par' dir='ltr' id='par_1_13' title="bbox 448 1449 2057 1523">
     <span class='ocr_line' id='line_1_13' title="bbox 448 1449 2057 1523; baseline -0.004 -15"><span class='ocrx_word' id='word_1_69' title='bbox 448 1452 568 1508; x_wconf 92' lang='lat' dir='ltr'><strong>bat.</strong></span> <span class='ocrx_word' id='word_1_70' title='bbox 585 1450 708 1516; x_wconf 89' lang='lat' dir='ltr'><strong>Quo</strong></span> <span class='ocrx_word' id='word_1_71' title='bbox 722 1451 1250 1515; x_wconf 89' lang='lat' dir='ltr'><strong>mortuo,eamdem</strong></span> <span class='ocrx_word' id='word_1_72' title='bbox 1262 1451 1566 1523; x_wconf 84' lang='lat' dir='ltr'><strong>regionem</strong></span> <span class='ocrx_word' id='word_1_73' title='bbox 1585 1449 1797 1505; x_wconf 75' lang='lat' dir='ltr'><strong>milites</strong></span> <span class='ocrx_word' id='word_1_74' title='bbox 1811 1449 2057 1520; x_wconf 89' lang='lat' dir='ltr'><strong>impera-</strong></span> 
     </span>
    </p>
   </div>
   <div class='ocr_carea' id='block_1_14' title="bbox 449 1538 2060 1613">
    <p class='ocr_par' dir='ltr' id='par_1_14' title="bbox 449 1538 2060 1613">
     <span class='ocr_line' id='line_1_14' title="bbox 449 1538 2060 1613; baseline -0.004 -18"><span class='ocrx_word' id='word_1_75' title='bbox 449 1539 593 1595; x_wconf 84' lang='lat' dir='ltr'><strong>toris</strong></span> <span class='ocrx_word' id='word_1_76' title='bbox 607 1539 1104 1613; x_wconf 90' lang='lat' dir='ltr'><strong>Constantinopoli</strong></span> <span class='ocrx_word' id='word_1_77' title='bbox 1124 1539 1450 1607; x_wconf 84' lang='lat' dir='ltr'><strong>residentis,</strong></span> <span class='ocrx_word' id='word_1_78' title='bbox 1475 1538 1681 1610; x_wconf 88' lang='lat' dir='ltr'><strong>quibus</strong></span> <span class='ocrx_word' id='word_1_79' title='bbox 1696 1540 1897 1593; x_wconf 89' lang='lat' dir='ltr'><strong>contra</strong></span> <span class='ocrx_word' id='word_1_80' title='bbox 1910 1540 2060 1590; x_wconf 83' lang='lat' dir='ltr'><strong>exte-</strong></span> 
     </span>
    </p>
   </div>
   <div class='ocr_carea' id='block_1_15' title="bbox 452 1624 2060 1700">
    <p class='ocr_par' dir='ltr' id='par_1_15' title="bbox 452 1624 2060 1700">
     <span class='ocr_line' id='line_1_15' title="bbox 452 1624 2060 1700; baseline -0.003 -17"><span class='ocrx_word' id='word_1_81' title='bbox 452 1644 568 1696; x_wconf 87' lang='lat' dir='ltr'><strong>ras,</strong></span> <span class='ocrx_word' id='word_1_82' title='bbox 600 1631 663 1682; x_wconf 94' lang='lat' dir='ltr'><strong>ut</strong></span> <span class='ocrx_word' id='word_1_83' title='bbox 689 1629 1142 1700; x_wconf 73' lang='lat' dir='ltr'><strong>prtelibavimus,</strong></span> <span class='ocrx_word' id='word_1_84' title='bbox 1174 1628 1441 1683; x_wconf 85' lang='lat' dir='ltr'><strong>nationes</strong></span> <span class='ocrx_word' id='word_1_85' title='bbox 1470 1626 1831 1682; x_wconf 86' lang='lat' dir='ltr'><strong>custodiendi</strong></span> <span class='ocrx_word' id='word_1_86' title='bbox 1861 1624 2060 1680; x_wconf 88' lang='lat' dir='ltr'><strong>limitis</strong></span> 
     </span>
    </p>
   </div>
   <div class='ocr_carea' id='block_1_16' title="bbox 454 1715 2055 1788">
    <p class='ocr_par' dir='ltr' id='par_1_16' title="bbox 454 1715 2055 1788">
     <span class='ocr_line' id='line_1_16' title="bbox 454 1715 2055 1788; baseline -0.003 -16"><span class='ocrx_word' id='word_1_87' title='bbox 454 1716 740 1788; x_wconf 67' lang='lat' dir='ltr'><strong>Hispanias</strong></span> <span class='ocrx_word' id='word_1_88' title='bbox 781 1721 906 1772; x_wconf 89' lang='lat' dir='ltr'><strong>erat</strong></span> <span class='ocrx_word' id='word_1_89' title='bbox 952 1718 1228 1772; x_wconf 89' lang='lat' dir='ltr'><strong>mandata</strong></span> <span class='ocrx_word' id='word_1_90' title='bbox 1277 1715 1620 1783; x_wconf 91' lang='lat' dir='ltr'><strong>sollicitudo,</strong></span> <span class='ocrx_word' id='word_1_91' title='bbox 1663 1716 2055 1786; x_wconf 90' lang='lat' dir='ltr'><strong>pervaserunt.</strong></span> 
     </span>
    </p>
   </div>
   <div class='ocr_carea' id='block_1_17' title="bbox 1461 357 2688 443">
    <p class='ocr_par' dir='ltr' id='par_1_17' title="bbox 1461 357 2688 443">
     <span class='ocr_line' id='line_1_17' title="bbox 1461 357 2688 443; baseline 0 -27"><span class='ocrx_word' id='word_1_92' title='bbox 1461 441 1464 443; x_wconf 5' lang='grc' dir='ltr'><em>ἓ</em></span> <span class='ocrx_word' id='word_1_93' title='bbox 1501 359 1764 418; x_wconf 70' lang='grc' dir='ltr'><strong>ΑΙΜΟῙΝΙ</strong></span> <span class='ocrx_word' id='word_1_94' title='bbox 1817 357 2130 416; x_wconf 75' lang='lat' dir='ltr'><strong>MONACIII</strong></span> <span class='ocrx_word' id='word_1_95' title='bbox 2167 357 2688 416; x_wconf 80' lang='lat' dir='ltr'><strong>FLORIACENSIS.</strong></span> 
     </span>
    </p>
   </div>
   <div class='ocr_carea' id='block_1_18' title="bbox 2065 480 3771 554">
    <p class='ocr_par' dir='ltr' id='par_1_18' title="bbox 2065 480 3771 554">
     <span class='ocr_line' id='line_1_18' title="bbox 2065 480 3771 554; baseline 0.003 -21"><span class='ocrx_word' id='word_1_96' title='bbox 2065 487 2119 544; x_wconf 81' lang='grc' dir='ltr'><strong>Α</strong></span> <span class='ocrx_word' id='word_1_97' title='bbox 2144 481 2317 551; x_wconf 88' lang='lat' dir='ltr'><strong>regis,</strong></span> <span class='ocrx_word' id='word_1_98' title='bbox 2348 481 2404 534; x_wconf 92' lang='lat' dir='ltr'><strong>in</strong></span> <span class='ocrx_word' id='word_1_99' title='bbox 2437 480 2671 534; x_wconf 87' lang='lat' dir='ltr'><strong>basilica</strong></span> <span class='ocrx_word' id='word_1_100' title='bbox 2697 480 2889 535; x_wconf 85' lang='lat' dir='ltr'><strong>Sancti</strong></span> <span class='ocrx_word' id='word_1_101' title='bbox 2937 481 3188 537; x_wconf 81' lang='lat' dir='ltr'><strong>Medardi</strong></span> <span class='ocrx_word' id='word_1_102' title='bbox 3216 482 3560 549; x_wconf 87' lang='lat' dir='ltr'><strong>Suessionis,</strong></span> <span class='ocrx_word' id='word_1_103' title='bbox 3594 487 3771 554; x_wconf 88' lang='lat' dir='ltr'><strong>atque</strong></span> 
     </span>
    </p>
   </div>
   <div class='ocr_carea' id='block_1_19' title="bbox 3659 363 3770 417">
    <p class='ocr_par' dir='ltr' id='par_1_19' title="bbox 3659 363 3770 417">
     <span class='ocr_line' id='line_1_19' title="bbox 3659 363 3770 417; baseline -0.018 0"><span class='ocrx_word' id='word_1_104' title='bbox 3659 363 3770 417; x_wconf 77' lang='lat'><strong>776</strong></span> 
     </span>
    </p>
   </div>
   <div class='ocr_carea' id='block_1_20' title="bbox 2154 568 3775 642">
    <p class='ocr_par' dir='ltr' id='par_1_20' title="bbox 2154 568 3775 642">
     <span class='ocr_line' id='line_1_20' title="bbox 2154 568 3775 642; baseline 0.001 -20"><span class='ocrx_word' id='word_1_105' title='bbox 2154 568 2346 623; x_wconf 86' lang='lat' dir='ltr'><strong>Sancti</strong></span> <span class='ocrx_word' id='word_1_106' title='bbox 2377 568 2653 623; x_wconf 88' lang='lat' dir='ltr'><strong>Vincentii</strong></span> <span class='ocrx_word' id='word_1_107' title='bbox 2683 569 2949 637; x_wconf 88' lang='lat' dir='ltr'><strong>Parisius,</strong></span> <span class='ocrx_word' id='word_1_108' title='bbox 2980 570 3392 641; x_wconf 84' lang='lat' dir='ltr'><strong>jusjurandum</strong></span> <span class='ocrx_word' id='word_1_109' title='bbox 3427 571 3775 642; x_wconf 64' lang='lat' dir='ltr'><strong>praebuisset</strong></span> 
     </span>
    </p>
   </div>
   <div class='ocr_carea' id='block_1_21' title="bbox 2155 657 3774 730">
    <p class='ocr_par' dir='ltr' id='par_1_21' title="bbox 2155 657 3774 730">
     <span class='ocr_line' id='line_1_21' title="bbox 2155 657 3774 730; baseline 0.001 -20"><span class='ocrx_word' id='word_1_110' title='bbox 2155 657 2340 710; x_wconf 91' lang='lat' dir='ltr'><strong>nullas</strong></span> <span class='ocrx_word' id='word_1_111' title='bbox 2370 673 2428 710; x_wconf 93' lang='lat' dir='ltr'><strong>se</strong></span> <span class='ocrx_word' id='word_1_112' title='bbox 2460 657 2696 711; x_wconf 86' lang='lat' dir='ltr'><strong>insidias</strong></span> <span class='ocrx_word' id='word_1_113' title='bbox 2743 657 2864 728; x_wconf 90' lang='lat' dir='ltr'><strong>regi</strong></span> <span class='ocrx_word' id='word_1_114' title='bbox 2913 659 3405 726; x_wconf 89' lang='lat' dir='ltr'><strong>machinaturum,</strong></span> <span class='ocrx_word' id='word_1_115' title='bbox 3441 676 3634 730; x_wconf 88' lang='lat' dir='ltr'><strong>neque</strong></span> <span class='ocrx_word' id='word_1_116' title='bbox 3696 659 3774 712; x_wconf 87' lang='lat' dir='ltr'><strong>sic</strong></span> 
     </span>
    </p>
   </div>
   <div class='ocr_carea' id='block_1_22' title="bbox 2155 744 3773 818">
    <p class='ocr_par' dir='ltr' id='par_1_22' title="bbox 2155 744 3773 818">
     <span class='ocr_line' id='line_1_22' title="bbox 2155 744 3773 818; baseline 0.002 -21"><span class='ocrx_word' id='word_1_117' title='bbox 2155 744 2206 798; x_wconf 92' lang='lat' dir='ltr'><strong>ei</strong></span> <span class='ocrx_word' id='word_1_118' title='bbox 2267 744 2410 799; x_wconf 84' lang='lat' dir='ltr'><strong>fides</strong></span> <span class='ocrx_word' id='word_1_119' title='bbox 2469 745 2860 812; x_wconf 86' lang='lat' dir='ltr'><strong>adhiberetur,</strong></span> <span class='ocrx_word' id='word_1_120' title='bbox 2919 747 3286 818; x_wconf 88' lang='lat' dir='ltr'><strong>compellitur</strong></span> <span class='ocrx_word' id='word_1_121' title='bbox 3335 764 3371 802; x_wconf 90' lang='lat' dir='ltr'><strong>a</strong></span> <span class='ocrx_word' id='word_1_122' title='bbox 3428 747 3773 802; x_wconf 89' lang='lat' dir='ltr'><strong>memoratis</strong></span> 
     </span>
    </p>
   </div>
   <div class='ocr_carea' id='block_1_23' title="bbox 2155 832 3776 900">
    <p class='ocr_par' dir='ltr' id='par_1_23' title="bbox 2155 832 3776 900">
     <span class='ocr_line' id='line_1_23' title="bbox 2155 832 3776 900; baseline 0.002 -15"><span class='ocrx_word' id='word_1_123' title='bbox 2155 832 2288 886; x_wconf 81' lang='lat' dir='ltr'><strong>viris</strong></span> <span class='ocrx_word' id='word_1_124' title='bbox 2320 832 2378 885; x_wconf 88' lang='lat' dir='ltr'><strong>in</strong></span> <span class='ocrx_word' id='word_1_125' title='bbox 2438 833 2686 888; x_wconf 88' lang='lat' dir='ltr'><strong>Ecclesia</strong></span> <span class='ocrx_word' id='word_1_126' title='bbox 2730 833 2923 888; x_wconf 88' lang='lat' dir='ltr'><strong>Sancti</strong></span> <span class='ocrx_word' id='word_1_127' title='bbox 2975 835 3184 889; x_wconf 85' lang='lat' dir='ltr'><strong>Aniani</strong></span> <span class='ocrx_word' id='word_1_128' title='bbox 3242 835 3593 900; x_wconf 87' lang='lat' dir='ltr'><strong>Anrelianis,</strong></span> <span class='ocrx_word' id='word_1_129' title='bbox 3647 851 3776 888; x_wconf 88' lang='lat' dir='ltr'><strong>nec-</strong></span> 
     </span>
    </p>
   </div>
   <div class='ocr_carea' id='block_1_24' title="bbox 2154 921 3772 990">
    <p class='ocr_par' dir='ltr' id='par_1_24' title="bbox 2154 921 3772 990">
     <span class='ocr_line' id='line_1_24' title="bbox 2154 921 3772 990; baseline 0.001 -15"><span class='ocrx_word' id='word_1_130' title='bbox 2154 937 2274 976; x_wconf 88' lang='lat' dir='ltr'><strong>non</strong></span> <span class='ocrx_word' id='word_1_131' title='bbox 2336 921 2524 976; x_wconf 89' lang='lat' dir='ltr'><strong>Sancti</strong></span> <span class='ocrx_word' id='word_1_132' title='bbox 2567 923 2792 977; x_wconf 87' lang='lat' dir='ltr'><strong>Martini</strong></span> <span class='ocrx_word' id='word_1_133' title='bbox 2839 925 3102 990; x_wconf 86' lang='lat' dir='ltr'><strong>Turonis,</strong></span> <span class='ocrx_word' id='word_1_134' title='bbox 3144 925 3350 978; x_wconf 90' lang='lat' dir='ltr'><strong>eadem</strong></span> <span class='ocrx_word' id='word_1_135' title='bbox 3409 925 3624 979; x_wconf 86' lang='lat' dir='ltr'><strong>iterare</strong></span> <span class='ocrx_word' id='word_1_136' title='bbox 3682 940 3772 977; x_wconf 89' lang='lat' dir='ltr'><strong>sa-</strong></span> 
     </span>
    </p>
   </div>
   <div class='ocr_carea' id='block_1_25' title="bbox 2157 1011 3778 1082">
    <p class='ocr_par' dir='ltr' id='par_1_25' title="bbox 2157 1011 3778 1082">
     <span class='ocr_line' id='line_1_25' title="bbox 2157 1011 3778 1082; baseline 0.001 -19"><span class='ocrx_word' id='word_1_137' title='bbox 2157 1014 2478 1065; x_wconf 88' lang='lat' dir='ltr'><strong>cramenta.</strong></span> <span class='ocrx_word' id='word_1_138' title='bbox 2527 1011 2786 1082; x_wconf 86' lang='lat' dir='ltr'><strong>Cumque</strong></span> <span class='ocrx_word' id='word_1_139' title='bbox 2830 1013 3110 1067; x_wconf 81' lang='lat' dir='ltr'><strong>voluntati</strong></span> <span class='ocrx_word' id='word_1_140' title='bbox 3172 1012 3344 1082; x_wconf 65' lang='lat' dir='ltr'><strong>regias</strong></span> <span class='ocrx_word' id='word_1_141' title='bbox 3384 1012 3778 1066; x_wconf 68' lang='lat' dir='ltr'><strong>satisfactum</strong></span> 
     </span>
    </p>
   </div>
   <div class='ocr_carea' id='block_1_26' title="bbox 2155 1099 3775 1170">
    <p class='ocr_par' dir='ltr' id='par_1_26' title="bbox 2155 1099 3775 1170">
     <span class='ocr_line' id='line_1_26' title="bbox 2155 1099 3775 1170; baseline 0.001 -18"><span class='ocrx_word' id='word_1_142' title='bbox 2155 1099 2227 1152; x_wconf 91' lang='lat' dir='ltr'><strong>ad</strong></span> <span class='ocrx_word' id='word_1_143' title='bbox 2242 1099 2367 1167; x_wconf 89' lang='lat' dir='ltr'><strong>jam</strong></span> <span class='ocrx_word' id='word_1_144' title='bbox 2385 1099 2539 1152; x_wconf 90' lang='lat' dir='ltr'><strong>dicta</strong></span> <span class='ocrx_word' id='word_1_145' title='bbox 2553 1104 2892 1170; x_wconf 89' lang='lat' dir='ltr'><strong>properaret</strong></span> <span class='ocrx_word' id='word_1_146' title='bbox 2907 1100 3275 1166; x_wconf 88' lang='lat' dir='ltr'><strong>loca,insidiis</strong></span> <span class='ocrx_word' id='word_1_147' title='bbox 3308 1104 3775 1154; x_wconf 85' lang='lat' dir='ltr'><strong>memoratorum</strong></span> 
     </span>
    </p>
   </div>
   <div class='ocr_carea' id='block_1_27' title="bbox 2155 1187 3774 1259">
    <p class='ocr_par' dir='ltr' id='par_1_27' title="bbox 2155 1187 3774 1259">
     <span class='ocr_line' id='line_1_27' title="bbox 2155 1187 3774 1259; baseline -0.001 -19"><span class='ocrx_word' id='word_1_148' title='bbox 2155 1187 2432 1256; x_wconf 90' lang='lat' dir='ltr'><strong>virorum,</strong></span> <span class='ocrx_word' id='word_1_149' title='bbox 2456 1204 2593 1258; x_wconf 90' lang='lat' dir='ltr'><strong>rege</strong></span> <span class='ocrx_word' id='word_1_150' title='bbox 2617 1188 2674 1241; x_wconf 89' lang='lat' dir='ltr'><strong>id</strong></span> <span class='ocrx_word' id='word_1_151' title='bbox 2704 1204 2820 1242; x_wconf 89' lang='lat' dir='ltr'><strong>non</strong></span> <span class='ocrx_word' id='word_1_152' title='bbox 2847 1189 3317 1259; x_wconf 88' lang='lat' dir='ltr'><strong>abnuente,apud</strong></span> <span class='ocrx_word' id='word_1_153' title='bbox 3343 1188 3692 1243; x_wconf 84' lang='lat' dir='ltr'><strong>Carnotinos</strong></span> <span class='ocrx_word' id='word_1_154' title='bbox 3720 1189 3774 1241; x_wconf 90' lang='lat' dir='ltr'><strong>in</strong></span> 
     </span>
    </p>
   </div>
   <div class='ocr_carea' id='block_1_28' title="bbox 2156 1275 3773 1347">
    <p class='ocr_par' dir='ltr' id='par_1_28' title="bbox 2156 1275 3773 1347">
     <span class='ocr_line' id='line_1_28' title="bbox 2156 1275 3773 1347; baseline 0 -19"><span class='ocrx_word' id='word_1_155' title='bbox 2156 1275 2412 1330; x_wconf 90' lang='lat' dir='ltr'><strong>convivio</strong></span> <span class='ocrx_word' id='word_1_156' title='bbox 2437 1291 2568 1330; x_wconf 92' lang='lat' dir='ltr'><strong>cum</strong></span> <span class='ocrx_word' id='word_1_157' title='bbox 2596 1275 2856 1345; x_wconf 87' lang='lat' dir='ltr'><strong>plurimis</strong></span> <span class='ocrx_word' id='word_1_158' title='bbox 2887 1292 3146 1342; x_wconf 91' lang='lat' dir='ltr'><strong>suorum,</strong></span> <span class='ocrx_word' id='word_1_159' title='bbox 3174 1291 3500 1347; x_wconf 89' lang='lat' dir='ltr'><strong>repugnare</strong></span> <span class='ocrx_word' id='word_1_160' title='bbox 3533 1276 3773 1346; x_wconf 86' lang='lat' dir='ltr'><strong>quidem</strong></span> 
     </span>
    </p>
   </div>
   <div class='ocr_carea' id='block_1_29' title="bbox 2156 1363 3779 1434">
    <p class='ocr_par' dir='ltr' id='par_1_29' title="bbox 2156 1363 3779 1434">
     <span class='ocr_line' id='line_1_29' title="bbox 2156 1363 3779 1434; baseline 0.001 -18"><span class='ocrx_word' id='word_1_161' title='bbox 2156 1363 2494 1430; x_wconf 90' lang='lat' dir='ltr'><strong>volentium,</strong></span> <span class='ocrx_word' id='word_1_162' title='bbox 2522 1363 2621 1417; x_wconf 89' lang='lat' dir='ltr'><strong>sed</strong></span> <span class='ocrx_word' id='word_1_163' title='bbox 2641 1363 2884 1418; x_wconf 91' lang='lat' dir='ltr'><strong>minime</strong></span> <span class='ocrx_word' id='word_1_164' title='bbox 2911 1363 3674 1434; x_wconf 89' lang='lat' dir='ltr'><strong>valentium,nefandissime</strong></span> <span class='ocrx_word' id='word_1_165' title='bbox 3690 1364 3779 1434; x_wconf 90' lang='lat' dir='ltr'><strong>ju-</strong></span> 
     </span>
    </p>
   </div>
   <div class='ocr_carea' id='block_1_30' title="bbox 2156 1452 2406 1522">
    <p class='ocr_par' dir='ltr' id='par_1_30' title="bbox 2156 1452 2406 1522">
     <span class='ocr_line' id='line_1_30' title="bbox 2156 1452 2406 1522; baseline -0.004 -17"><span class='ocrx_word' id='word_1_166' title='bbox 2156 1452 2406 1522; x_wconf 87' lang='lat' dir='ltr'><strong>gulatur.</strong></span> 
     </span>
    </p>
   </div>
   <div class='ocr_carea' id='block_1_31' title="bbox 2232 1538 3780 1612">
    <p class='ocr_par' dir='ltr' id='par_1_31' title="bbox 2232 1538 3780 1612">
     <span class='ocr_line' id='line_1_31' title="bbox 2232 1538 3780 1612; baseline 0.001 -20"><span class='ocrx_word' id='word_1_167' title='bbox 2232 1540 2309 1593; x_wconf 89' lang='lat' dir='ltr'><strong>Eo</strong></span> <span class='ocrx_word' id='word_1_168' title='bbox 2343 1555 2497 1594; x_wconf 90' lang='lat' dir='ltr'><strong>anno</strong></span> <span class='ocrx_word' id='word_1_169' title='bbox 2529 1539 2813 1595; x_wconf 91' lang='lat' dir='ltr'><strong>Palladius</strong></span> <span class='ocrx_word' id='word_1_170' title='bbox 2827 1539 3140 1612; x_wconf 87' lang='lat' dir='ltr'><strong>quidam,ej</strong></span> <span class='ocrx_word' id='word_1_171' title='bbox 3152 1557 3329 1612; x_wconf 90' lang='lat' dir='ltr'><strong>usque</strong></span> <span class='ocrx_word' id='word_1_172' title='bbox 3349 1539 3500 1594; x_wconf 79' lang='lat' dir='ltr'><strong>filius</strong></span> <span class='ocrx_word' id='word_1_173' title='bbox 3521 1538 3780 1596; x_wconf 84' lang='lat' dir='ltr'><strong>Sedocus</strong></span> 
     </span>
    </p>
   </div>
   <div class='ocr_carea' id='block_1_32' title="bbox 2157 1627 3781 1700">
    <p class='ocr_par' dir='ltr' id='par_1_32' title="bbox 2157 1627 3781 1700">
     <span class='ocr_line' id='line_1_32' title="bbox 2157 1627 3781 1700; baseline 0.001 -19"><span class='ocrx_word' id='word_1_174' title='bbox 2157 1627 2510 1682; x_wconf 86' lang='lat' dir='ltr'><strong>Tolosatium</strong></span> <span class='ocrx_word' id='word_1_175' title='bbox 2525 1627 2842 1699; x_wconf 89' lang='lat' dir='ltr'><strong>episcopus,</strong></span> <span class='ocrx_word' id='word_1_176' title='bbox 2876 1628 3172 1683; x_wconf 88' lang='lat' dir='ltr'><strong>incusante</strong></span> <span class='ocrx_word' id='word_1_177' title='bbox 3190 1631 3431 1700; x_wconf 82' lang='lat' dir='ltr'><strong>Aynano</strong></span> <span class='ocrx_word' id='word_1_178' title='bbox 3451 1628 3781 1700; x_wconf 90' lang='lat' dir='ltr'><strong>duce,quod</strong></span> 
     </span>
    </p>
   </div>
   <div class='ocr_carea' id='block_1_33' title="bbox 2161 1714 3777 1784">
    <p class='ocr_par' dir='ltr' id='par_1_33' title="bbox 2161 1714 3777 1784">
     <span class='ocr_line' id='line_1_33' title="bbox 2161 1714 3777 1784; baseline 0.002 -16"><span class='ocrx_word' id='word_1_179' title='bbox 2161 1714 2493 1769; x_wconf 89' lang='lat' dir='ltr'><strong>rebellionis</strong></span> <span class='ocrx_word' id='word_1_180' title='bbox 2524 1715 2864 1770; x_wconf 87' lang='lat' dir='ltr'><strong>Wasconum</strong></span> <span class='ocrx_word' id='word_1_181' title='bbox 2897 1716 3141 1772; x_wconf 87' lang='lat' dir='ltr'><strong>fuissent</strong></span> <span class='ocrx_word' id='word_1_182' title='bbox 3167 1716 3470 1784; x_wconf 89' lang='lat' dir='ltr'><strong>conscii,in</strong></span> <span class='ocrx_word' id='word_1_183' title='bbox 3514 1716 3777 1772; x_wconf 80' lang='lat' dir='ltr'><strong>exsilium</strong></span> 
     </span>
    </p>
   </div>
   <div class='ocr_carea' id='block_1_34' title="bbox 456 1799 3783 1876">
    <p class='ocr_par' dir='ltr' id='par_1_34' title="bbox 456 1799 3783 1876">
     <span class='ocr_line' id='line_1_34' title="bbox 456 1799 3783 1876; baseline -0.001 -16"><span class='ocrx_word' id='word_1_184' title='bbox 456 1805 634 1873; x_wconf 82' lang='lat' dir='ltr'><strong>Hanc,</strong></span> <span class='ocrx_word' id='word_1_185' title='bbox 668 1809 730 1860; x_wconf 91' lang='lat' dir='ltr'><strong>ut</strong></span> <span class='ocrx_word' id='word_1_186' title='bbox 755 1823 908 1860; x_wconf 88' lang='lat' dir='ltr'><strong>nunc</strong></span> <span class='ocrx_word' id='word_1_187' title='bbox 940 1806 1334 1873; x_wconf 87' lang='lat' dir='ltr'><strong>meminimus,</strong></span> <span class='ocrx_word' id='word_1_188' title='bbox 1369 1803 1767 1860; x_wconf 88' lang='lat' dir='ltr'><strong>Siseboduseis</strong></span> <span class='ocrx_word' id='word_1_189' title='bbox 1782 1803 1835 1857; x_wconf 89' lang='lat' dir='ltr'><strong>vi</strong></span> <span class='ocrx_word' id='word_1_190' title='bbox 1866 1804 2058 1857; x_wconf 90' lang='lat' dir='ltr'><strong>abslu-</strong></span> <span class='ocrx_word' id='word_1_191' title='bbox 2091 1799 2142 1862; x_wconf 88' lang='grc' dir='ltr'>Β</span> <span class='ocrx_word' id='word_1_192' title='bbox 2164 1805 2497 1857; x_wconf 89' lang='lat' dir='ltr'><strong>truduntur.</strong></span> <span class='ocrx_word' id='word_1_193' title='bbox 2522 1803 2665 1858; x_wconf 89' lang='lat' dir='ltr'><strong>Boso</strong></span> <span class='ocrx_word' id='word_1_194' title='bbox 2682 1803 2856 1857; x_wconf 89' lang='lat' dir='ltr'><strong>etiam</strong></span> <span class='ocrx_word' id='word_1_195' title='bbox 2869 1803 3166 1859; x_wconf 86' lang='lat' dir='ltr'><strong>Audoleno</strong></span> <span class='ocrx_word' id='word_1_196' title='bbox 3181 1808 3346 1876; x_wconf 88' lang='lat' dir='ltr'><strong>patre</strong></span> <span class='ocrx_word' id='word_1_197' title='bbox 3362 1804 3619 1875; x_wconf 90' lang='lat' dir='ltr'><strong>genitus,</strong></span> <span class='ocrx_word' id='word_1_198' title='bbox 3641 1803 3783 1858; x_wconf 85' lang='lat' dir='ltr'><strong>indi-</strong></span> 
     </span>
    </p>
   </div>
   <div class='ocr_carea' id='block_1_35' title="bbox 455 1890 2061 1964">
    <p class='ocr_par' dir='ltr' id='par_1_35' title="bbox 455 1890 2061 1964">
     <span class='ocr_line' id='line_1_35' title="bbox 455 1890 2061 1964; baseline 0 -20"><span class='ocrx_word' id='word_1_199' title='bbox 455 1890 541 1961; x_wconf 89' lang='lat' dir='ltr'><strong>lit,</strong></span> <span class='ocrx_word' id='word_1_200' title='bbox 566 1895 891 1964; x_wconf 89' lang='lat' dir='ltr'><strong>multasque</strong></span> <span class='ocrx_word' id='word_1_201' title='bbox 917 1894 1086 1948; x_wconf 90' lang='lat' dir='ltr'><strong>urbes</strong></span> <span class='ocrx_word' id='word_1_202' title='bbox 1112 1893 1435 1947; x_wconf 90' lang='lat' dir='ltr'><strong>maritimas</strong></span> <span class='ocrx_word' id='word_1_203' title='bbox 1475 1891 1724 1962; x_wconf 88' lang='lat' dir='ltr'><strong>capiens,</strong></span> <span class='ocrx_word' id='word_1_204' title='bbox 1777 1891 1850 1945; x_wconf 92' lang='lat' dir='ltr'><strong>ad</strong></span> <span class='ocrx_word' id='word_1_205' title='bbox 1876 1892 2061 1945; x_wconf 91' lang='lat' dir='ltr'><strong>solum</strong></span> 
     </span>
    </p>
   </div>
   <div class='ocr_carea' id='block_1_36' title="bbox 455 1979 2060 2052">
    <p class='ocr_par' dir='ltr' id='par_1_36' title="bbox 455 1979 2060 2052">
     <span class='ocr_line' id='line_1_36' title="bbox 455 1979 2060 2052; baseline -0.002 -17"><span class='ocrx_word' id='word_1_206' title='bbox 455 1997 636 2052; x_wconf 91' lang='lat' dir='ltr'><strong>usque</strong></span> <span class='ocrx_word' id='word_1_207' title='bbox 665 1980 962 2035; x_wconf 83' lang='lat' dir='ltr'><strong>destruxit.</strong></span> <span class='ocrx_word' id='word_1_208' title='bbox 989 1982 1244 2052; x_wconf 89' lang='lat' dir='ltr'><strong>Cumque</strong></span> <span class='ocrx_word' id='word_1_209' title='bbox 1267 1981 1338 2035; x_wconf 90' lang='lat' dir='ltr'><strong>ab</strong></span> <span class='ocrx_word' id='word_1_210' title='bbox 1363 1981 1486 2052; x_wconf 89' lang='lat' dir='ltr'><strong>ejus</strong></span> <span class='ocrx_word' id='word_1_211' title='bbox 1503 1981 1750 2034; x_wconf 85' lang='lat' dir='ltr'><strong>exercitu</strong></span> <span class='ocrx_word' id='word_1_212' title='bbox 1771 1979 1983 2034; x_wconf 90' lang='lat' dir='ltr'><strong>milites</strong></span> <span class='ocrx_word' id='word_1_213' title='bbox 2001 1980 2060 2033; x_wconf 90' lang='lat' dir='ltr'><strong>in</strong></span> 
     </span>
    </p>
   </div>
   <div class='ocr_carea' id='block_1_37' title="bbox 431 2065 2066 2138">
    <p class='ocr_par' dir='ltr' id='par_1_37' title="bbox 431 2065 2066 2138">
     <span class='ocr_line' id='line_1_37' title="bbox 431 2065 2066 2138; baseline -0.001 -17"><span class='ocrx_word' id='word_1_214' title='bbox 431 2066 935 2138; x_wconf 69' lang='lat' dir='ltr'><strong>prmfatisinventi</strong></span> <span class='ocrx_word' id='word_1_215' title='bbox 952 2067 1274 2122; x_wconf 86' lang='lat' dir='ltr'><strong>civitatibus</strong></span> <span class='ocrx_word' id='word_1_216' title='bbox 1306 2068 1811 2131; x_wconf 87' lang='lat' dir='ltr'><strong>obtruncarentur,</strong></span> <span class='ocrx_word' id='word_1_217' title='bbox 1846 2065 2066 2120; x_wconf 88' lang='lat' dir='ltr'><strong>Sisebo-</strong></span> 
     </span>
    </p>
   </div>
   <div class='ocr_carea' id='block_1_38' title="bbox 457 2155 2064 2227">
    <p class='ocr_par' dir='ltr' id='par_1_38' title="bbox 457 2155 2064 2227">
     <span class='ocr_line' id='line_1_38' title="bbox 457 2155 2064 2227; baseline -0.001 -18"><span class='ocrx_word' id='word_1_218' title='bbox 457 2155 582 2223; x_wconf 89' lang='lat' dir='ltr'><strong>dus,</strong></span> <span class='ocrx_word' id='word_1_219' title='bbox 615 2155 711 2227; x_wconf 89' lang='lat' dir='ltr'><strong>pia</strong></span> <span class='ocrx_word' id='word_1_220' title='bbox 741 2159 1067 2210; x_wconf 91' lang='lat' dir='ltr'><strong>commotus</strong></span> <span class='ocrx_word' id='word_1_221' title='bbox 1113 2155 1505 2220; x_wconf 89' lang='lat' dir='ltr'><strong>miseratione,</strong></span> <span class='ocrx_word' id='word_1_222' title='bbox 1537 2157 1732 2210; x_wconf 90' lang='lat' dir='ltr'><strong>volens</strong></span> <span class='ocrx_word' id='word_1_223' title='bbox 1762 2156 2064 2225; x_wconf 88' lang='lat' dir='ltr'><strong>plerosque</strong></span> 
     </span>
    </p>
   </div>
   <div class='ocr_carea' id='block_1_39' title="bbox 455 2242 2062 2314">
    <p class='ocr_par' dir='ltr' id='par_1_39' title="bbox 455 2242 2062 2314">
     <span class='ocr_line' id='line_1_39' title="bbox 455 2242 2062 2314; baseline 0 -19"><span class='ocrx_word' id='word_1_224' title='bbox 455 2242 679 2314; x_wconf 87' lang='lat' dir='ltr'><strong>eripere</strong></span> <span class='ocrx_word' id='word_1_225' title='bbox 706 2244 852 2311; x_wconf 89' lang='lat' dir='ltr'><strong>neci,</strong></span> <span class='ocrx_word' id='word_1_226' title='bbox 872 2243 946 2297; x_wconf 86' lang='lat' dir='ltr'><strong>ad</strong></span> <span class='ocrx_word' id='word_1_227' title='bbox 964 2260 1022 2298; x_wconf 88' lang='lat' dir='ltr'><strong>se</strong></span> <span class='ocrx_word' id='word_1_228' title='bbox 1044 2243 1420 2314; x_wconf 86' lang='lat' dir='ltr'><strong>confugiendi</strong></span> <span class='ocrx_word' id='word_1_229' title='bbox 1443 2243 1712 2297; x_wconf 86' lang='lat' dir='ltr'><strong>ﬁduciam</strong></span> <span class='ocrx_word' id='word_1_230' title='bbox 1735 2242 1908 2297; x_wconf 89' lang='lat' dir='ltr'><strong>dabat</strong></span> <span class='ocrx_word' id='word_1_231' title='bbox 1938 2260 2062 2297; x_wconf 86' lang='lat' dir='ltr'><strong>eos—</strong></span> 
     </span>
    </p>
   </div>
   <div class='ocr_carea' id='block_1_40' title="bbox 457 2330 2066 2403">
    <p class='ocr_par' dir='ltr' id='par_1_40' title="bbox 457 2330 2066 2403">
     <span class='ocr_line' id='line_1_40' title="bbox 457 2330 2066 2403; baseline -0.001 -18"><span class='ocrx_word' id='word_1_232' title='bbox 457 2330 731 2403; x_wconf 86' lang='lat' dir='ltr'><strong>demque,</strong></span> <span class='ocrx_word' id='word_1_233' title='bbox 762 2330 1019 2402; x_wconf 90' lang='lat' dir='ltr'><strong>pollicita</strong></span> <span class='ocrx_word' id='word_1_234' title='bbox 1047 2330 1412 2402; x_wconf 88' lang='lat' dir='ltr'><strong>impunitate,</strong></span> <span class='ocrx_word' id='word_1_235' title='bbox 1441 2334 1505 2385; x_wconf 93' lang='lat' dir='ltr'><strong>ut</strong></span> <span class='ocrx_word' id='word_1_236' title='bbox 1525 2331 1628 2384; x_wconf 88' lang='lat' dir='ltr'><strong>sibi</strong></span> <span class='ocrx_word' id='word_1_237' title='bbox 1657 2332 1795 2400; x_wconf 85' lang='lat' dir='ltr'><strong>fuga</strong></span> <span class='ocrx_word' id='word_1_238' title='bbox 1811 2332 2066 2384; x_wconf 89' lang='lat' dir='ltr'><strong>consule-</strong></span> 
     </span>
    </p>
   </div>
   <div class='ocr_carea' id='block_1_41' title="bbox 445 2417 2062 2489">
    <p class='ocr_par' dir='ltr' id='par_1_41' title="bbox 445 2417 2062 2489">
     <span class='ocr_line' id='line_1_41' title="bbox 445 2417 2062 2489; baseline -0.001 -16"><span class='ocrx_word' id='word_1_239' title='bbox 445 2423 588 2474; x_wconf 77' lang='lat' dir='ltr'><strong>rent</strong></span> <span class='ocrx_word' id='word_1_240' title='bbox 607 2420 970 2473; x_wconf 88' lang='lat' dir='ltr'><strong>hortabatur.</strong></span> <span class='ocrx_word' id='word_1_241' title='bbox 991 2419 1491 2489; x_wconf 90' lang='lat' dir='ltr'><strong>Ingemiscensque</strong></span> <span class='ocrx_word' id='word_1_242' title='bbox 1523 2419 1741 2472; x_wconf 88' lang='lat' dir='ltr'><strong>aiebat:</strong></span> <span class='ocrx_word' id='word_1_243' title='bbox 1779 2441 1806 2467; x_wconf 88' lang='grc'><em>‹‹</em></span> <span class='ocrx_word' id='word_1_244' title='bbox 1828 2418 1920 2471; x_wconf 62' lang='grc' dir='ltr'><strong>ναξ</strong></span> <span class='ocrx_word' id='word_1_245' title='bbox 1955 2417 2062 2471; x_wconf 91' lang='lat' dir='ltr'><strong>mi-</strong></span> 
     </span>
    </p>
   </div>
   <div class='ocr_carea' id='block_1_42' title="bbox 454 2506 2065 2578">
    <p class='ocr_par' dir='ltr' id='par_1_42' title="bbox 454 2506 2065 2578">
     <span class='ocr_line' id='line_1_42' title="bbox 454 2506 2065 2578; baseline -0.002 -16"><span class='ocrx_word' id='word_1_246' title='bbox 454 2507 515 2562; x_wconf 88' lang='lat' dir='ltr'><strong>hi</strong></span> <span class='ocrx_word' id='word_1_247' title='bbox 528 2506 933 2576; x_wconf 86' lang='lat' dir='ltr'><strong>misero,cujus</strong></span> <span class='ocrx_word' id='word_1_248' title='bbox 947 2507 1111 2578; x_wconf 80' lang='lat' dir='ltr'><strong>regni</strong></span> <span class='ocrx_word' id='word_1_249' title='bbox 1129 2507 1486 2576; x_wconf 83' lang='lat' dir='ltr'><strong>temporibus</strong></span> <span class='ocrx_word' id='word_1_250' title='bbox 1503 2509 1665 2561; x_wconf 89' lang='lat' dir='ltr'><strong>tanta</strong></span> <span class='ocrx_word' id='word_1_251' title='bbox 1684 2507 1921 2560; x_wconf 89' lang='lat' dir='ltr'><strong>humani</strong></span> <span class='ocrx_word' id='word_1_252' title='bbox 1939 2521 2065 2559; x_wconf 90' lang='lat' dir='ltr'><strong>san-</strong></span> 
     </span>
    </p>
   </div>
   <div class='ocr_carea' id='block_1_43' title="bbox 457 2593 2064 2665">
    <p class='ocr_par' dir='ltr' id='par_1_43' title="bbox 457 2593 2064 2665">
     <span class='ocr_line' id='line_1_43' title="bbox 457 2593 2064 2665; baseline -0.001 -17"><span class='ocrx_word' id='word_1_253' title='bbox 457 2595 646 2664; x_wconf 82' lang='lat' dir='ltr'><strong>guinis</strong></span> <span class='ocrx_word' id='word_1_254' title='bbox 662 2594 728 2647; x_wconf 71' lang='grc' dir='ltr'><strong>δι</strong></span> <span class='ocrx_word' id='word_1_255' title='bbox 747 2593 982 2648; x_wconf 68' lang='lat' dir='ltr'><strong>effusio!</strong></span> <span class='ocrx_word' id='word_1_256' title='bbox 1018 2613 1048 2646; x_wconf 89' lang='grc'><strong>›&gt;</strong></span> <span class='ocrx_word' id='word_1_257' title='bbox 1081 2594 1392 2649; x_wconf 90' lang='lat' dir='ltr'><strong>Dilatatum</strong></span> <span class='ocrx_word' id='word_1_258' title='bbox 1415 2594 1607 2665; x_wconf 91' lang='lat' dir='ltr'><strong>itaque</strong></span> <span class='ocrx_word' id='word_1_259' title='bbox 1631 2597 1716 2648; x_wconf 90' lang='lat' dir='ltr'><strong>est</strong></span> <span class='ocrx_word' id='word_1_260' title='bbox 1747 2594 2064 2648; x_wconf 86' lang='lat' dir='ltr'><strong>Gothorum</strong></span> 
     </span>
    </p>
   </div>
   <div class='ocr_carea' id='block_1_44' title="bbox 457 2681 2066 2754">
    <p class='ocr_par' dir='ltr' id='par_1_44' title="bbox 457 2681 2066 2754">
     <span class='ocr_line' id='line_1_44' title="bbox 457 2681 2066 2754; baseline -0.001 -18"><span class='ocrx_word' id='word_1_261' title='bbox 457 2681 790 2754; x_wconf 80' lang='lat' dir='ltr'><strong>Hispaniam</strong></span> <span class='ocrx_word' id='word_1_262' title='bbox 823 2681 1201 2736; x_wconf 90' lang='lat' dir='ltr'><strong>incolentium</strong></span> <span class='ocrx_word' id='word_1_263' title='bbox 1236 2697 1485 2752; x_wconf 84' lang='lat' dir='ltr'><strong>regnum</strong></span> <span class='ocrx_word' id='word_1_264' title='bbox 1532 2697 1636 2752; x_wconf 92' lang='lat' dir='ltr'><strong>per</strong></span> <span class='ocrx_word' id='word_1_265' title='bbox 1667 2681 1858 2737; x_wconf 89' lang='lat' dir='ltr'><strong>littora</strong></span> <span class='ocrx_word' id='word_1_266' title='bbox 1889 2681 2066 2736; x_wconf 89' lang='lat' dir='ltr'><strong>maris</strong></span> 
     </span>
    </p>
   </div>
   <div class='ocr_carea' id='block_1_45' title="bbox 454 2769 1453 2843">
    <p class='ocr_par' dir='ltr' id='par_1_45' title="bbox 454 2769 1453 2843">
     <span class='ocr_line' id='line_1_45' title="bbox 454 2769 1453 2843; baseline 0.001 -18"><span class='ocrx_word' id='word_1_267' title='bbox 454 2785 637 2843; x_wconf 88' lang='lat' dir='ltr'><strong>usque</strong></span> <span class='ocrx_word' id='word_1_268' title='bbox 669 2769 742 2825; x_wconf 91' lang='lat' dir='ltr'><strong>ad</strong></span> <span class='ocrx_word' id='word_1_269' title='bbox 772 2769 1031 2842; x_wconf 56' lang='lat' dir='ltr'><strong>Pyrenaei</strong></span> <span class='ocrx_word' id='word_1_270' title='bbox 1045 2769 1191 2841; x_wconf 90' lang='lat' dir='ltr'><strong>juga</strong></span> <span class='ocrx_word' id='word_1_271' title='bbox 1221 2770 1453 2826; x_wconf 88' lang='lat' dir='ltr'><strong>montis.</strong></span> 
     </span>
    </p>
   </div>
   <div class='ocr_carea' id='block_1_46' title="bbox 1066 2911 1458 2967">
    <p class='ocr_par' dir='ltr' id='par_1_46' title="bbox 1066 2911 1458 2967">
     <span class='ocr_line' id='line_1_46' title="bbox 1066 2911 1458 2967; baseline 0 -1"><span class='ocrx_word' id='word_1_272' title='bbox 1066 2911 1290 2967; x_wconf 82' lang='lat' dir='ltr'><strong>CAPUT</strong></span> <span class='ocrx_word' id='word_1_273' title='bbox 1329 2912 1458 2966; x_wconf 86' lang='lat' dir='ltr'><strong>XIV.</strong></span> 
     </span>
    </p>
   </div>
   <div class='ocr_carea' id='block_1_47' title="bbox 462 3017 2069 3087">
    <p class='ocr_par' dir='ltr' id='par_1_47' title="bbox 462 3017 2069 3087">
     <span class='ocr_line' id='line_1_47' title="bbox 462 3017 2069 3087; baseline -0.004 -10"><span class='ocrx_word' id='word_1_274' title='bbox 462 3017 545 3077; x_wconf 80' lang='lat' dir='ltr'><strong>De</strong></span> <span class='ocrx_word' id='word_1_275' title='bbox 577 3017 867 3074; x_wconf 77' lang='lat' dir='ltr'><strong>Warnarii</strong></span> <span class='ocrx_word' id='word_1_276' title='bbox 898 3023 1068 3072; x_wconf 79' lang='lat' dir='ltr'><strong>morte</strong></span> <span class='ocrx_word' id='word_1_277' title='bbox 1096 3024 1145 3072; x_wconf 84' lang='lat' dir='ltr'><strong>et</strong></span> <span class='ocrx_word' id='word_1_278' title='bbox 1183 3018 1396 3072; x_wconf 79' lang='lat' dir='ltr'><strong>incestis</strong></span> <span class='ocrx_word' id='word_1_279' title='bbox 1427 3017 1627 3073; x_wconf 87' lang='lat' dir='ltr'><strong>Godini</strong></span> <span class='ocrx_word' id='word_1_280' title='bbox 1660 3017 1769 3087; x_wconf 74' lang='lat' dir='ltr'><strong>ﬁlii</strong></span> <span class='ocrx_word' id='word_1_281' title='bbox 1809 3018 1920 3087; x_wconf 84' lang='lat' dir='ltr'><strong>ejus</strong></span> <span class='ocrx_word' id='word_1_282' title='bbox 1949 3031 2069 3071; x_wconf 86' lang='lat' dir='ltr'><strong>cum</strong></span> 
     </span>
    </p>
   </div>
   <div class='ocr_carea' id='block_1_48' title="bbox 535 3082 2145 3160">
    <p class='ocr_par' dir='ltr' id='par_1_48' title="bbox 535 3082 2145 3160">
     <span class='ocr_line' id='line_1_48' title="bbox 535 3082 2145 3160; baseline -0.003 -14"><span class='ocrx_word' id='word_1_283' title='bbox 535 3106 761 3146; x_wconf 84' lang='lat' dir='ltr'><strong>noverca</strong></span> <span class='ocrx_word' id='word_1_284' title='bbox 793 3107 888 3144; x_wconf 82' lang='lat' dir='ltr'><strong>sua</strong></span> <span class='ocrx_word' id='word_1_285' title='bbox 933 3091 1150 3160; x_wconf 79' lang='lat' dir='ltr'><strong>nuptiis,</strong></span> <span class='ocrx_word' id='word_1_286' title='bbox 1172 3096 1234 3160; x_wconf 17' lang='lat' dir='ltr'><strong>iet</strong></span> <span class='ocrx_word' id='word_1_287' title='bbox 1276 3089 1509 3160; x_wconf 70' lang='lat' dir='ltr'><strong>ejusdem</strong></span> <span class='ocrx_word' id='word_1_288' title='bbox 1547 3082 1783 3160; x_wconf 75' lang='lat' dir='ltr'><strong>repudio,</strong></span> <span class='ocrx_word' id='word_1_289' title='bbox 1827 3082 1876 3160; x_wconf 73' lang='lat' dir='ltr'><strong>et</strong></span> <span class='ocrx_word' id='word_1_290' title='bbox 1917 3105 2068 3157; x_wconf 83' lang='lat' dir='ltr'><strong>repu-</strong></span> <span class='ocrx_word' id='word_1_291' title='bbox 2098 3082 2145 3141; x_wconf 88' lang='lat' dir='ltr'><strong>C</strong></span> 
     </span>
    </p>
   </div>
   <div class='ocr_carea' id='block_1_49' title="bbox 536 3159 2071 3231">
    <p class='ocr_par' dir='ltr' id='par_1_49' title="bbox 536 3159 2071 3231">
     <span class='ocr_line' id='line_1_49' title="bbox 536 3159 2071 3231; baseline -0.004 -14"><span class='ocrx_word' id='word_1_292' title='bbox 536 3162 696 3216; x_wconf 61' lang='lat' dir='ltr'><strong>diate</strong></span> <span class='ocrx_word' id='word_1_293' title='bbox 719 3162 905 3230; x_wconf 79' lang='lat' dir='ltr'><strong>furore</strong></span> <span class='ocrx_word' id='word_1_294' title='bbox 935 3159 1209 3230; x_wconf 29' lang='lat' dir='ltr'><strong>ac’fraude</strong></span> <span class='ocrx_word' id='word_1_295' title='bbox 1231 3159 1305 3214; x_wconf 86' lang='lat' dir='ltr'><strong>in</strong></span> <span class='ocrx_word' id='word_1_296' title='bbox 1336 3159 1629 3231; x_wconf 73' lang='lat' dir='ltr'><strong>Gogonem,</strong></span> <span class='ocrx_word' id='word_1_297' title='bbox 1670 3167 1718 3213; x_wconf 91' lang='lat' dir='ltr'><strong>et</strong></span> <span class='ocrx_word' id='word_1_298' title='bbox 1747 3159 1809 3213; x_wconf 89' lang='lat' dir='ltr'><strong>de</strong></span> <span class='ocrx_word' id='word_1_299' title='bbox 1841 3159 2071 3231; x_wconf 75' lang='lat' dir='ltr'><strong>Gogonis</strong></span> 
     </span>
    </p>
   </div>
   <div class='ocr_carea' id='block_1_50' title="bbox 526 3229 2070 3305">
    <p class='ocr_par' dir='ltr' id='par_1_50' title="bbox 526 3229 2070 3305">
     <span class='ocr_line' id='line_1_50' title="bbox 526 3229 2070 3305; baseline -0.004 -18"><span class='ocrx_word' id='word_1_300' title='bbox 526 3229 837 3305; x_wconf 81' lang='lat' dir='ltr'><strong>juramento</strong></span> <span class='ocrx_word' id='word_1_301' title='bbox 867 3229 1136 3305; x_wconf 66' lang='lat' dir='ltr'><strong>ﬁdelitatis</strong></span> <span class='ocrx_word' id='word_1_302' title='bbox 1173 3234 1238 3305; x_wconf 74' lang='lat' dir='ltr'><strong>in</strong></span> <span class='ocrx_word' id='word_1_303' title='bbox 1271 3229 1464 3305; x_wconf 51' lang='lat' dir='ltr'><strong>fritillis</strong></span> <span class='ocrx_word' id='word_1_304' title='bbox 1494 3231 1724 3305; x_wconf 64' lang='lat' dir='ltr'><strong>templis</strong></span> <span class='ocrx_word' id='word_1_305' title='bbox 1743 3229 2070 3305; x_wconf 71' lang='lat' dir='ltr'><strong>praestando,</strong></span> 
     </span>
    </p>
   </div>
   <div class='ocr_carea' id='block_1_51' title="bbox 535 3300 2069 3375">
    <p class='ocr_par' dir='ltr' id='par_1_51' title="bbox 535 3300 2069 3375">
     <span class='ocr_line' id='line_1_51' title="bbox 535 3300 2069 3375; baseline -0.003 -17"><span class='ocrx_word' id='word_1_306' title='bbox 535 3300 750 3375; x_wconf 72' lang='lat' dir='ltr'><strong>ejusque</strong></span> <span class='ocrx_word' id='word_1_307' title='bbox 787 3318 930 3357; x_wconf 79' lang='lat' dir='ltr'><strong>nece.</strong></span> <span class='ocrx_word' id='word_1_308' title='bbox 973 3301 1110 3375; x_wconf 80' lang='lat' dir='ltr'><strong>Item</strong></span> <span class='ocrx_word' id='word_1_309' title='bbox 1150 3302 1214 3358; x_wconf 88' lang='lat' dir='ltr'><strong>de</strong></span> <span class='ocrx_word' id='word_1_310' title='bbox 1259 3302 1503 3360; x_wconf 73' lang='lat' dir='ltr'><strong>Palladii</strong></span> <span class='ocrx_word' id='word_1_311' title='bbox 1538 3301 1822 3372; x_wconf 79' lang='lat' dir='ltr'><strong>Sedccique</strong></span> <span class='ocrx_word' id='word_1_312' title='bbox 1865 3300 2069 3367; x_wconf 72' lang='lat' dir='ltr'><strong>exsilio,</strong></span> 
     </span>
    </p>
   </div>
   <div class='ocr_carea' id='block_1_52' title="bbox 536 3373 1112 3430">
    <p class='ocr_par' dir='ltr' id='par_1_52' title="bbox 536 3373 1112 3430">
     <span class='ocr_line' id='line_1_52' title="bbox 536 3373 1112 3430; baseline -0.003 0"><span class='ocrx_word' id='word_1_313' title='bbox 536 3373 588 3430; x_wconf 80' lang='lat' dir='ltr'><strong>et</strong></span> <span class='ocrx_word' id='word_1_314' title='bbox 611 3373 675 3429; x_wconf 73' lang='lat' dir='ltr'><strong>de</strong></span> <span class='ocrx_word' id='word_1_315' title='bbox 703 3373 929 3428; x_wconf 81' lang='lat' dir='ltr'><strong>Bosoms</strong></span> <span class='ocrx_word' id='word_1_316' title='bbox 955 3373 1112 3428; x_wconf 71' lang='lat' dir='ltr'><strong>caede.</strong></span> 
     </span>
    </p>
   </div>
   <div class='ocr_carea' id='block_1_53' title="bbox 536 3475 2070 3549">
    <p class='ocr_par' dir='ltr' id='par_1_53' title="bbox 536 3475 2070 3549">
     <span class='ocr_line' id='line_1_53' title="bbox 536 3475 2070 3549; baseline -0.002 -17"><span class='ocrx_word' id='word_1_317' title='bbox 536 3479 706 3533; x_wconf 81' lang='lat' dir='ltr'><strong>Anno</strong></span> <span class='ocrx_word' id='word_1_318' title='bbox 737 3493 870 3532; x_wconf 77' lang='lat' dir='ltr'><strong>XLIII</strong></span> <span class='ocrx_word' id='word_1_319' title='bbox 899 3477 1133 3534; x_wconf 88' lang='lat' dir='ltr'><strong>Clotarii</strong></span> <span class='ocrx_word' id='word_1_320' title='bbox 1165 3476 1338 3549; x_wconf 89' lang='lat' dir='ltr'><strong>regis,</strong></span> <span class='ocrx_word' id='word_1_321' title='bbox 1360 3475 1708 3542; x_wconf 86' lang='lat' dir='ltr'><strong>Warnarius,</strong></span> <span class='ocrx_word' id='word_1_322' title='bbox 1735 3475 1949 3546; x_wconf 87' lang='lat' dir='ltr'><strong>palatio</strong></span> <span class='ocrx_word' id='word_1_323' title='bbox 1980 3491 2070 3530; x_wconf 86' lang='lat' dir='ltr'><strong>re-</strong></span> 
     </span>
    </p>
   </div>
   <div class='ocr_carea' id='block_1_54' title="bbox 466 3565 2070 3639">
    <p class='ocr_par' dir='ltr' id='par_1_54' title="bbox 466 3565 2070 3639">
     <span class='ocr_line' id='line_1_54' title="bbox 466 3565 2070 3639; baseline -0.001 -17"><span class='ocrx_word' id='word_1_324' title='bbox 466 3565 927 3639; x_wconf 69' lang='lat' dir='ltr'><strong>gniBurgnndia:</strong></span> <span class='ocrx_word' id='word_1_325' title='bbox 949 3567 1310 3638; x_wconf 68' lang='lat' dir='ltr'><strong>prmpositus,</strong></span> <span class='ocrx_word' id='word_1_326' title='bbox 1331 3566 1485 3620; x_wconf 91' lang='lat' dir='ltr'><strong>diem</strong></span> <span class='ocrx_word' id='word_1_327' title='bbox 1507 3565 1707 3620; x_wconf 88' lang='lat' dir='ltr'><strong>clausit</strong></span> <span class='ocrx_word' id='word_1_328' title='bbox 1721 3568 2070 3620; x_wconf 80' lang='lat' dir='ltr'><strong>extremum.</strong></span> 
     </span>
    </p>
   </div>
   <div class='ocr_carea' id='block_1_55' title="bbox 467 3653 2074 3728">
    <p class='ocr_par' dir='ltr' id='par_1_55' title="bbox 467 3653 2074 3728">
     <span class='ocr_line' id='line_1_55' title="bbox 467 3653 2074 3728; baseline -0.003 -16"><span class='ocrx_word' id='word_1_329' title='bbox 467 3656 637 3728; x_wconf 88' lang='lat' dir='ltr'><strong>Cujus</strong></span> <span class='ocrx_word' id='word_1_330' title='bbox 655 3656 806 3710; x_wconf 78' lang='lat' dir='ltr'><strong>Illius</strong></span> <span class='ocrx_word' id='word_1_331' title='bbox 828 3655 1101 3724; x_wconf 89' lang='lat' dir='ltr'><strong>Godinus,</strong></span> <span class='ocrx_word' id='word_1_332' title='bbox 1126 3655 1306 3710; x_wconf 87' lang='lat' dir='ltr'><strong>animi</strong></span> <span class='ocrx_word' id='word_1_333' title='bbox 1323 3653 1575 3709; x_wconf 85' lang='lat' dir='ltr'><strong>vanitate</strong></span> <span class='ocrx_word' id='word_1_334' title='bbox 1592 3656 1942 3719; x_wconf 86' lang='lat' dir='ltr'><strong>commotus,</strong></span> <span class='ocrx_word' id='word_1_335' title='bbox 1968 3670 2074 3707; x_wconf 91' lang='lat' dir='ltr'><strong>no-</strong></span> 
     </span>
    </p>
   </div>
   <div class='ocr_carea' id='block_1_56' title="bbox 462 3740 2075 3811">
    <p class='ocr_par' dir='ltr' id='par_1_56' title="bbox 462 3740 2075 3811">
     <span class='ocr_line' id='line_1_56' title="bbox 462 3740 2075 3811; baseline -0.003 -10"><span class='ocrx_word' id='word_1_336' title='bbox 462 3761 694 3801; x_wconf 83' lang='lat' dir='ltr'><strong>vercam</strong></span> <span class='ocrx_word' id='word_1_337' title='bbox 707 3761 871 3799; x_wconf 89' lang='lat' dir='ltr'><strong>suam</strong></span> <span class='ocrx_word' id='word_1_338' title='bbox 890 3744 1046 3798; x_wconf 81' lang='lat' dir='ltr'><strong>duxit</strong></span> <span class='ocrx_word' id='word_1_339' title='bbox 1065 3759 1324 3798; x_wconf 83' lang='lat' dir='ltr'><strong>uxorem.</strong></span> <span class='ocrx_word' id='word_1_340' title='bbox 1342 3741 1478 3806; x_wconf 54' lang='lat' dir='ltr'><strong>Quae</strong></span> <span class='ocrx_word' id='word_1_341' title='bbox 1491 3740 1698 3796; x_wconf 80' lang='lat' dir='ltr'><strong>divinae</strong></span> <span class='ocrx_word' id='word_1_342' title='bbox 1710 3741 1852 3811; x_wconf 92' lang='lat' dir='ltr'><strong>legis</strong></span> <span class='ocrx_word' id='word_1_343' title='bbox 1863 3742 1920 3796; x_wconf 92' lang='lat' dir='ltr'><strong>in</strong></span> <span class='ocrx_word' id='word_1_344' title='bbox 1921 3742 1942 3811; x_wconf 91' lang='lat' dir='ltr'><strong>j</strong></span> <span class='ocrx_word' id='word_1_345' title='bbox 1953 3741 2075 3796; x_wconf 90' lang='lat' dir='ltr'><strong>uria</strong></span> 
     </span>
    </p>
   </div>
   <div class='ocr_carea' id='block_1_57' title="bbox 465 3828 2072 3904">
    <p class='ocr_par' dir='ltr' id='par_1_57' title="bbox 465 3828 2072 3904">
     <span class='ocr_line' id='line_1_57' title="bbox 465 3828 2072 3904; baseline -0.002 -16"><span class='ocrx_word' id='word_1_346' title='bbox 465 3849 570 3889; x_wconf 82' lang='lat' dir='ltr'><strong>rex</strong></span> <span class='ocrx_word' id='word_1_347' title='bbox 592 3833 872 3904; x_wconf 89' lang='lat' dir='ltr'><strong>impulsus</strong></span> <span class='ocrx_word' id='word_1_348' title='bbox 903 3831 1186 3886; x_wconf 88' lang='lat' dir='ltr'><strong>Clotarius</strong></span> <span class='ocrx_word' id='word_1_349' title='bbox 1198 3831 1524 3884; x_wconf 80' lang='lat' dir='ltr'><strong>Arnoberto</strong></span> <span class='ocrx_word' id='word_1_350' title='bbox 1547 3828 1676 3883; x_wconf 90' lang='lat' dir='ltr'><strong>duci</strong></span> <span class='ocrx_word' id='word_1_351' title='bbox 1705 3829 1953 3899; x_wconf 89' lang='lat' dir='ltr'><strong>imperat</strong></span> <span class='ocrx_word' id='word_1_352' title='bbox 1966 3828 2072 3884; x_wconf 87' lang='lat' dir='ltr'><strong>Go-</strong></span> 
     </span>
    </p>
   </div>
   <div class='ocr_carea' id='block_1_58' title="bbox 466 3916 2073 3991">
    <p class='ocr_par' dir='ltr' id='par_1_58' title="bbox 466 3916 2073 3991">
     <span class='ocr_line' id='line_1_58' title="bbox 466 3916 2073 3991; baseline -0.003 -14"><span class='ocrx_word' id='word_1_353' title='bbox 466 3922 671 3978; x_wconf 90' lang='lat' dir='ltr'><strong>dinum</strong></span> <span class='ocrx_word' id='word_1_354' title='bbox 689 3924 750 3975; x_wconf 90' lang='lat' dir='ltr'><strong>ut</strong></span> <span class='ocrx_word' id='word_1_355' title='bbox 769 3919 1111 3991; x_wconf 87' lang='lat' dir='ltr'><strong>quantocius</strong></span> <span class='ocrx_word' id='word_1_356' title='bbox 1129 3916 1448 3972; x_wconf 89' lang='lat' dir='ltr'><strong>interimat.</strong></span> <span class='ocrx_word' id='word_1_357' title='bbox 1473 3916 1726 3970; x_wconf 88' lang='lat' dir='ltr'><strong>Godinus</strong></span> <span class='ocrx_word' id='word_1_358' title='bbox 1747 3917 2073 3972; x_wconf 86' lang='lat' dir='ltr'><strong>formidinis</strong></span> 
     </span>
    </p>
   </div>
   <div class='ocr_carea' id='block_1_59' title="bbox 465 4004 2073 4082">
    <p class='ocr_par' dir='ltr' id='par_1_59' title="bbox 465 4004 2073 4082">
     <span class='ocr_line' id='line_1_59' title="bbox 465 4004 2073 4082; baseline -0.002 -17"><span class='ocrx_word' id='word_1_359' title='bbox 465 4009 803 4082; x_wconf 86' lang='lat' dir='ltr'><strong>gravamine</strong></span> <span class='ocrx_word' id='word_1_360' title='bbox 832 4022 1078 4077; x_wconf 90' lang='lat' dir='ltr'><strong>pressus,</strong></span> <span class='ocrx_word' id='word_1_361' title='bbox 1111 4005 1308 4060; x_wconf 85' lang='lat' dir='ltr'><strong>relicta</strong></span> <span class='ocrx_word' id='word_1_362' title='bbox 1338 4004 1670 4075; x_wconf 86' lang='lat' dir='ltr'><strong>Burgundia</strong></span> <span class='ocrx_word' id='word_1_363' title='bbox 1695 4005 1754 4059; x_wconf 93' lang='lat' dir='ltr'><strong>in</strong></span> <span class='ocrx_word' id='word_1_364' title='bbox 1784 4006 2073 4062; x_wconf 80' lang='lat' dir='ltr'><strong>Austriam</strong></span> 
     </span>
    </p>
   </div>
   <div class='ocr_carea' id='block_1_60' title="bbox 467 4091 2072 4165">
    <p class='ocr_par' dir='ltr' id='par_1_60' title="bbox 467 4091 2072 4165">
     <span class='ocr_line' id='line_1_60' title="bbox 467 4091 2072 4165; baseline -0.004 -12"><span class='ocrx_word' id='word_1_365' title='bbox 467 4097 774 4162; x_wconf 87' lang='lat' dir='ltr'><strong>transiens,</strong></span> <span class='ocrx_word' id='word_1_366' title='bbox 806 4109 840 4148; x_wconf 91' lang='lat' dir='ltr'><strong>a</strong></span> <span class='ocrx_word' id='word_1_367' title='bbox 870 4093 1196 4165; x_wconf 87' lang='lat' dir='ltr'><strong>Dagoberto</strong></span> <span class='ocrx_word' id='word_1_368' title='bbox 1225 4091 1699 4148; x_wconf 86' lang='lat' dir='ltr'><strong>intercessionem</strong></span> <span class='ocrx_word' id='word_1_369' title='bbox 1723 4093 2072 4165; x_wconf 88' lang='lat' dir='ltr'><strong>imploravit,</strong></span> 
     </span>
    </p>
   </div>
   <div class='ocr_carea' id='block_1_61' title="bbox 467 4180 2077 4256">
    <p class='ocr_par' dir='ltr' id='par_1_61' title="bbox 467 4180 2077 4256">
     <span class='ocr_line' id='line_1_61' title="bbox 467 4180 2077 4256; baseline -0.001 -17"><span class='ocrx_word' id='word_1_370' title='bbox 467 4187 536 4240; x_wconf 91' lang='lat' dir='ltr'><strong>ut</strong></span> <span class='ocrx_word' id='word_1_371' title='bbox 563 4186 790 4256; x_wconf 88' lang='lat' dir='ltr'><strong>patrem</strong></span> <span class='ocrx_word' id='word_1_372' title='bbox 818 4181 890 4235; x_wconf 89' lang='lat' dir='ltr'><strong>ab</strong></span> <span class='ocrx_word' id='word_1_373' title='bbox 939 4180 1301 4236; x_wconf 84' lang='lat' dir='ltr'><strong>exsecutione</strong></span> <span class='ocrx_word' id='word_1_374' title='bbox 1349 4181 1620 4254; x_wconf 66' lang='lat' dir='ltr'><strong>praecepti</strong></span> <span class='ocrx_word' id='word_1_375' title='bbox 1655 4182 1955 4237; x_wconf 88' lang='lat' dir='ltr'><strong>severioris</strong></span> <span class='ocrx_word' id='word_1_376' title='bbox 2003 4183 2077 4238; x_wconf 92' lang='lat' dir='ltr'><strong>ad</strong></span> 
     </span>
    </p>
   </div>
   <div class='ocr_carea' id='block_1_62' title="bbox 469 4267 2078 4342">
    <p class='ocr_par' dir='ltr' id='par_1_62' title="bbox 469 4267 2078 4342">
     <span class='ocr_line' id='line_1_62' title="bbox 469 4267 2078 4342; baseline 0.001 -18"><span class='ocrx_word' id='word_1_377' title='bbox 469 4267 1208 4324; x_wconf 87' lang='lat' dir='ltr'><strong>mollioraiuﬂecteret.Nec</strong></span> <span class='ocrx_word' id='word_1_378' title='bbox 1222 4270 1579 4342; x_wconf 89' lang='lat' dir='ltr'><strong>Dagobertus</strong></span> <span class='ocrx_word' id='word_1_379' title='bbox 1593 4270 1946 4326; x_wconf 87' lang='lat' dir='ltr'><strong>detrectavit.</strong></span> <span class='ocrx_word' id='word_1_380' title='bbox 1956 4272 2078 4327; x_wconf 90' lang='lat' dir='ltr'><strong>Clo-</strong></span> 
     </span>
    </p>
   </div>
   <div class='ocr_carea' id='block_1_63' title="bbox 2165 1891 3778 1963">
    <p class='ocr_par' dir='ltr' id='par_1_63' title="bbox 2165 1891 3778 1963">
     <span class='ocr_line' id='line_1_63' title="bbox 2165 1891 3778 1963; baseline 0.001 -19"><span class='ocrx_word' id='word_1_381' title='bbox 2165 1906 2317 1961; x_wconf 89' lang='lat' dir='ltr'><strong>gena</strong></span> <span class='ocrx_word' id='word_1_382' title='bbox 2344 1891 2719 1961; x_wconf 89' lang='lat' dir='ltr'><strong>Stampensis,</strong></span> <span class='ocrx_word' id='word_1_383' title='bbox 2749 1908 2814 1945; x_wconf 87' lang='lat' dir='ltr'><strong>ex</strong></span> <span class='ocrx_word' id='word_1_384' title='bbox 2857 1895 3146 1963; x_wconf 59' lang='lat' dir='ltr'><strong>praecepto</strong></span> <span class='ocrx_word' id='word_1_385' title='bbox 3207 1893 3462 1958; x_wconf 91' lang='lat' dir='ltr'><strong>Clotarii,</strong></span> <span class='ocrx_word' id='word_1_386' title='bbox 3513 1896 3778 1963; x_wconf 86' lang='lat' dir='ltr'><strong>stuprum</strong></span> 
     </span>
    </p>
   </div>
   <div class='ocr_carea' id='block_1_64' title="bbox 2165 1978 3780 2052">
    <p class='ocr_par' dir='ltr' id='par_1_64' title="bbox 2165 1978 3780 2052">
     <span class='ocr_line' id='line_1_64' title="bbox 2165 1978 3780 2052; baseline 0 -19"><span class='ocrx_word' id='word_1_387' title='bbox 2165 1994 2296 2033; x_wconf 91' lang='lat' dir='ltr'><strong>cum</strong></span> <span class='ocrx_word' id='word_1_388' title='bbox 2326 1979 2529 2048; x_wconf 88' lang='lat' dir='ltr'><strong>regina</strong></span> <span class='ocrx_word' id='word_1_389' title='bbox 2543 1978 2790 2033; x_wconf 89' lang='lat' dir='ltr'><strong>Sichilde</strong></span> <span class='ocrx_word' id='word_1_390' title='bbox 2821 1980 3194 2034; x_wconf 89' lang='lat' dir='ltr'><strong>commissum</strong></span> <span class='ocrx_word' id='word_1_391' title='bbox 3227 1980 3280 2035; x_wconf 93' lang='lat' dir='ltr'><strong>ei</strong></span> <span class='ocrx_word' id='word_1_392' title='bbox 3330 1980 3683 2052; x_wconf 87' lang='lat' dir='ltr'><strong>reputantis,</strong></span> <span class='ocrx_word' id='word_1_393' title='bbox 3713 1979 3780 2033; x_wconf 85' lang='lat' dir='ltr'><strong>ab</strong></span> 
     </span>
    </p>
   </div>
   <div class='ocr_carea' id='block_1_65' title="bbox 2165 2066 3067 2122">
    <p class='ocr_par' dir='ltr' id='par_1_65' title="bbox 2165 2066 3067 2122">
     <span class='ocr_line' id='line_1_65' title="bbox 2165 2066 3067 2122; baseline 0.003 -3"><span class='ocrx_word' id='word_1_394' title='bbox 2165 2066 2503 2120; x_wconf 83' lang='lat' dir='ltr'><strong>Arneberdo</strong></span> <span class='ocrx_word' id='word_1_395' title='bbox 2535 2066 2875 2122; x_wconf 86' lang='lat' dir='ltr'><strong>interﬁcitur</strong></span> <span class='ocrx_word' id='word_1_396' title='bbox 2905 2067 3067 2122; x_wconf 91' lang='lat' dir='ltr'><strong>duce.</strong></span> 
     </span>
    </p>
   </div>
   <div class='ocr_carea' id='block_1_66' title="bbox 2792 2191 3150 2245">
    <p class='ocr_par' dir='ltr' id='par_1_66' title="bbox 2792 2191 3150 2245">
     <span class='ocr_line' id='line_1_66' title="bbox 2792 2191 3150 2245; baseline -0.003 0"><span class='ocrx_word' id='word_1_397' title='bbox 2792 2191 3014 2245; x_wconf 82' lang='lat' dir='ltr'><strong>CAPUT</strong></span> <span class='ocrx_word' id='word_1_398' title='bbox 3045 2191 3150 2244; x_wconf 88' lang='lat' dir='ltr'><strong>XV.</strong></span> 
     </span>
    </p>
   </div>
   <div class='ocr_carea' id='block_1_67' title="bbox 2163 2276 3784 2349">
    <p class='ocr_par' dir='ltr' id='par_1_67' title="bbox 2163 2276 3784 2349">
     <span class='ocr_line' id='line_1_67' title="bbox 2163 2276 3784 2349; baseline 0.002 -18"><span class='ocrx_word' id='word_1_399' title='bbox 2163 2276 2246 2332; x_wconf 87' lang='lat' dir='ltr'><strong>De</strong></span> <span class='ocrx_word' id='word_1_400' title='bbox 2269 2294 2556 2333; x_wconf 76' lang='lat' dir='ltr'><strong>successore</strong></span> <span class='ocrx_word' id='word_1_401' title='bbox 2618 2277 2898 2332; x_wconf 83' lang='lat' dir='ltr'><strong>Warnarii</strong></span> <span class='ocrx_word' id='word_1_402' title='bbox 2952 2280 3204 2349; x_wconf 58' lang='lat' dir='ltr'><strong>pra/ccli</strong></span> <span class='ocrx_word' id='word_1_403' title='bbox 3249 2279 3387 2334; x_wconf 73' lang='lat' dir='ltr'><strong>aulw</strong></span> <span class='ocrx_word' id='word_1_404' title='bbox 3438 2279 3784 2349; x_wconf 68' lang='lat' dir='ltr'><strong>Burgundia’</strong></span> 
     </span>
    </p>
   </div>
   <div class='ocr_carea' id='block_1_68' title="bbox 2228 2349 3784 2421">
    <p class='ocr_par' dir='ltr' id='par_1_68' title="bbox 2228 2349 3784 2421">
     <span class='ocr_line' id='line_1_68' title="bbox 2228 2349 3784 2421; baseline -0.001 -18"><span class='ocrx_word' id='word_1_405' title='bbox 2228 2366 2327 2418; x_wconf 83' lang='lat' dir='ltr'><strong>per</strong></span> <span class='ocrx_word' id='word_1_406' title='bbox 2357 2349 2655 2421; x_wconf 71' lang='lat' dir='ltr'><strong>Clotariam</strong></span> <span class='ocrx_word' id='word_1_407' title='bbox 2707 2358 2758 2403; x_wconf 88' lang='lat' dir='ltr'><strong>et</strong></span> <span class='ocrx_word' id='word_1_408' title='bbox 2784 2351 2992 2420; x_wconf 82' lang='lat' dir='ltr'><strong>regulos</strong></span> <span class='ocrx_word' id='word_1_409' title='bbox 3021 2367 3084 2404; x_wconf 90' lang='lat' dir='ltr'><strong>ac</strong></span> <span class='ocrx_word' id='word_1_410' title='bbox 3131 2367 3370 2421; x_wconf 77' lang='lat' dir='ltr'><strong>proceres</strong></span> <span class='ocrx_word' id='word_1_411' title='bbox 3403 2355 3562 2420; x_wconf 81' lang='lat' dir='ltr'><strong>regni</strong></span> <span class='ocrx_word' id='word_1_412' title='bbox 3583 2353 3784 2404; x_wconf 70' lang='lat' dir='ltr'><strong>consul-</strong></span> 
     </span>
    </p>
   </div>
   <div class='ocr_carea' id='block_1_69' title="bbox 2240 2420 3778 2481">
    <p class='ocr_par' dir='ltr' id='par_1_69' title="bbox 2240 2420 3778 2481">
     <span class='ocr_line' id='line_1_69' title="bbox 2240 2420 3778 2481; baseline 0.001 -9"><span class='ocrx_word' id='word_1_413' title='bbox 2240 2427 2390 2481; x_wconf 81' lang='lat' dir='ltr'><strong>tutm.</strong></span> <span class='ocrx_word' id='word_1_414' title='bbox 2417 2426 2467 2474; x_wconf 87' lang='lat' dir='ltr'><strong>et</strong></span> <span class='ocrx_word' id='word_1_415' title='bbox 2495 2420 2748 2474; x_wconf 77' lang='lat' dir='ltr'><strong>seditione</strong></span> <span class='ocrx_word' id='word_1_416' title='bbox 2795 2421 2981 2475; x_wconf 84' lang='lat' dir='ltr'><strong>oborta</strong></span> <span class='ocrx_word' id='word_1_417' title='bbox 3028 2421 3092 2475; x_wconf 87' lang='lat' dir='ltr'><strong>ob</strong></span> <span class='ocrx_word' id='word_1_418' title='bbox 3121 2420 3314 2477; x_wconf 55' lang='lat' dir='ltr'><strong>eadem</strong></span> <span class='ocrx_word' id='word_1_419' title='bbox 3369 2421 3663 2476; x_wconf 81' lang='lat' dir='ltr'><strong>Hcrmarii</strong></span> <span class='ocrx_word' id='word_1_420' title='bbox 3719 2423 3778 2475; x_wconf 79' lang='lat' dir='ltr'><strong>ab</strong></span> 
     </span>
    </p>
   </div>
   <div class='ocr_carea' id='block_1_70' title="bbox 2235 2490 2777 2561">
    <p class='ocr_par' dir='ltr' id='par_1_70' title="bbox 2235 2490 2777 2561">
     <span class='ocr_line' id='line_1_70' title="bbox 2235 2490 2777 2561; baseline 0.002 -18"><span class='ocrx_word' id='word_1_421' title='bbox 2235 2490 2531 2561; x_wconf 84' lang='lat' dir='ltr'><strong>Anginano</strong></span> <span class='ocrx_word' id='word_1_422' title='bbox 2553 2492 2777 2560; x_wconf 75' lang='lat' dir='ltr'><strong>factam.</strong></span> 
     </span>
    </p>
   </div>
   <div class='ocr_carea' id='block_1_71' title="bbox 2240 2595 3782 2668">
    <p class='ocr_par' dir='ltr' id='par_1_71' title="bbox 2240 2595 3782 2668">
     <span class='ocr_line' id='line_1_71' title="bbox 2240 2595 3782 2668; baseline 0.003 -20"><span class='ocrx_word' id='word_1_423' title='bbox 2240 2595 2519 2649; x_wconf 90' lang='lat' dir='ltr'><strong>Clotarius</strong></span> <span class='ocrx_word' id='word_1_424' title='bbox 2549 2599 2746 2650; x_wconf 90' lang='lat' dir='ltr'><strong>autem</strong></span> <span class='ocrx_word' id='word_1_425' title='bbox 2794 2596 3149 2668; x_wconf 87' lang='lat' dir='ltr'><strong>potentiores</strong></span> <span class='ocrx_word' id='word_1_426' title='bbox 3175 2613 3377 2652; x_wconf 86' lang='lat' dir='ltr'><strong>omnes</strong></span> <span class='ocrx_word' id='word_1_427' title='bbox 3424 2596 3782 2668; x_wconf 90' lang='lat' dir='ltr'><strong>optimatum</strong></span> 
     </span>
    </p>
   </div>
   <div class='ocr_carea' id='block_1_72' title="bbox 2169 2682 3781 2754">
    <p class='ocr_par' dir='ltr' id='par_1_72' title="bbox 2169 2682 3781 2754">
     <span class='ocr_line' id='line_1_72' title="bbox 2169 2682 3781 2754; baseline 0.002 -19"><span class='ocrx_word' id='word_1_428' title='bbox 2169 2682 2513 2752; x_wconf 71' lang='lat' dir='ltr'><strong>Burgundiaa</strong></span> <span class='ocrx_word' id='word_1_429' title='bbox 2537 2683 2740 2738; x_wconf 90' lang='lat' dir='ltr'><strong>Trecas</strong></span> <span class='ocrx_word' id='word_1_430' title='bbox 2753 2684 3060 2738; x_wconf 91' lang='lat' dir='ltr'><strong>convenire</strong></span> <span class='ocrx_word' id='word_1_431' title='bbox 3071 2685 3304 2754; x_wconf 90' lang='lat' dir='ltr'><strong>jubens,</strong></span> <span class='ocrx_word' id='word_1_432' title='bbox 3349 2684 3422 2738; x_wconf 92' lang='lat' dir='ltr'><strong>de</strong></span> <span class='ocrx_word' id='word_1_433' title='bbox 3455 2701 3781 2740; x_wconf 87' lang='lat' dir='ltr'><strong>successore</strong></span> 
     </span>
    </p>
   </div>
   <div class='ocr_carea' id='block_1_73' title="bbox 2166 2770 3782 2843">
    <p class='ocr_par' dir='ltr' id='par_1_73' title="bbox 2166 2770 3782 2843">
     <span class='ocr_line' id='line_1_73' title="bbox 2166 2770 3782 2843; baseline 0.004 -23"><span class='ocrx_word' id='word_1_434' title='bbox 2166 2770 2448 2825; x_wconf 89' lang='lat' dir='ltr'><strong>Warnarii</strong></span> <span class='ocrx_word' id='word_1_435' title='bbox 2479 2787 2610 2826; x_wconf 90' lang='lat' dir='ltr'><strong>cum</strong></span> <span class='ocrx_word' id='word_1_436' title='bbox 2642 2771 2722 2826; x_wconf 91' lang='lat' dir='ltr'><strong>eis</strong></span> <span class='ocrx_word' id='word_1_437' title='bbox 2755 2771 2984 2843; x_wconf 83' lang='lat' dir='ltr'><strong>agebat,</strong></span> <span class='ocrx_word' id='word_1_438' title='bbox 3015 2773 3284 2827; x_wconf 90' lang='lat' dir='ltr'><strong>sollicitus</strong></span> <span class='ocrx_word' id='word_1_439' title='bbox 3312 2777 3600 2827; x_wconf 87' lang='lat' dir='ltr'><strong>scrutator</strong></span> <span class='ocrx_word' id='word_1_440' title='bbox 3613 2790 3782 2843; x_wconf 88' lang='lat' dir='ltr'><strong>quem</strong></span> 
     </span>
    </p>
   </div>
   <div class='ocr_carea' id='block_1_74' title="bbox 2165 2859 3782 2932">
    <p class='ocr_par' dir='ltr' id='par_1_74' title="bbox 2165 2859 3782 2932">
     <span class='ocr_line' id='line_1_74' title="bbox 2165 2859 3782 2932; baseline 0.001 -20"><span class='ocrx_word' id='word_1_441' title='bbox 2165 2859 2377 2912; x_wconf 91' lang='lat' dir='ltr'><strong>vellent</strong></span> <span class='ocrx_word' id='word_1_442' title='bbox 2395 2862 2678 2914; x_wconf 90' lang='lat' dir='ltr'><strong>rectorem</strong></span> <span class='ocrx_word' id='word_1_443' title='bbox 2698 2860 2894 2930; x_wconf 90' lang='lat' dir='ltr'><strong>palatii</strong></span> <span class='ocrx_word' id='word_1_444' title='bbox 2917 2877 3100 2931; x_wconf 89' lang='lat' dir='ltr'><strong>arege</strong></span> <span class='ocrx_word' id='word_1_445' title='bbox 3128 2860 3234 2915; x_wconf 90' lang='lat' dir='ltr'><strong>sibi</strong></span> <span class='ocrx_word' id='word_1_446' title='bbox 3249 2860 3633 2931; x_wconf 71' lang='lat' dir='ltr'><strong>prtefliciJllis</strong></span> <span class='ocrx_word' id='word_1_447' title='bbox 3647 2877 3782 2932; x_wconf 88' lang='lat' dir='ltr'><strong>por-</strong></span> 
     </span>
    </p>
   </div>
   <div class='ocr_carea' id='block_1_75' title="bbox 2170 2944 3783 3019">
    <p class='ocr_par' dir='ltr' id='par_1_75' title="bbox 2170 2944 3783 3019">
     <span class='ocr_line' id='line_1_75' title="bbox 2170 2944 3783 3019; baseline 0.001 -20"><span class='ocrx_word' id='word_1_448' title='bbox 2170 2961 2233 3000; x_wconf 90' lang='lat' dir='ltr'><strong>ro</strong></span> <span class='ocrx_word' id='word_1_449' title='bbox 2257 2944 2577 3001; x_wconf 87' lang='lat' dir='ltr'><strong>dicentibus</strong></span> <span class='ocrx_word' id='word_1_450' title='bbox 2607 2946 2818 3001; x_wconf 91' lang='lat' dir='ltr'><strong>nullius</strong></span> <span class='ocrx_word' id='word_1_451' title='bbox 2849 2951 3062 3018; x_wconf 69' lang='lat' dir='ltr'><strong>praeter</strong></span> <span class='ocrx_word' id='word_1_452' title='bbox 3090 2947 3190 3003; x_wconf 91' lang='lat' dir='ltr'><strong>Dei</strong></span> <span class='ocrx_word' id='word_1_453' title='bbox 3223 2951 3281 3003; x_wconf 88' lang='lat' dir='ltr'><strong>et</strong></span> <span class='ocrx_word' id='word_1_454' title='bbox 3311 2948 3466 3019; x_wconf 89' lang='lat' dir='ltr'><strong>regis</strong></span> <span class='ocrx_word' id='word_1_455' title='bbox 3527 2965 3589 3003; x_wconf 91' lang='lat' dir='ltr'><strong>se</strong></span> <span class='ocrx_word' id='word_1_456' title='bbox 3643 2950 3783 3003; x_wconf 87' lang='lat' dir='ltr'><strong>velle</strong></span> 
     </span>
    </p>
   </div>
   <div class='ocr_carea' id='block_1_76' title="bbox 2169 3034 3782 3106">
    <p class='ocr_par' dir='ltr' id='par_1_76' title="bbox 2169 3034 3782 3106">
     <span class='ocr_line' id='line_1_76' title="bbox 2169 3034 3782 3106; baseline 0.002 -19"><span class='ocrx_word' id='word_1_457' title='bbox 2169 3034 2288 3104; x_wconf 90' lang='lat' dir='ltr'><strong>pati</strong></span> <span class='ocrx_word' id='word_1_458' title='bbox 2320 3034 2670 3100; x_wconf 90' lang='lat' dir='ltr'><strong>dominium,</strong></span> <span class='ocrx_word' id='word_1_459' title='bbox 2699 3051 2795 3089; x_wconf 85' lang='lat' dir='ltr'><strong>rex</strong></span> <span class='ocrx_word' id='word_1_460' title='bbox 2824 3039 3126 3106; x_wconf 86' lang='lat' dir='ltr'><strong>gratanter</strong></span> <span class='ocrx_word' id='word_1_461' title='bbox 3154 3035 3327 3090; x_wconf 90' lang='lat' dir='ltr'><strong>verba</strong></span> <span class='ocrx_word' id='word_1_462' title='bbox 3355 3051 3565 3091; x_wconf 88' lang='lat' dir='ltr'><strong>eorum</strong></span> <span class='ocrx_word' id='word_1_463' title='bbox 3611 3037 3782 3091; x_wconf 89' lang='lat' dir='ltr'><strong>susci-</strong></span> 
     </span>
    </p>
   </div>
   <div class='ocr_carea' id='block_1_77' title="bbox 2172 3121 3240 3194">
    <p class='ocr_par' dir='ltr' id='par_1_77' title="bbox 2172 3121 3240 3194">
     <span class='ocr_line' id='line_1_77' title="bbox 2172 3121 3240 3194; baseline 0 -18"><span class='ocrx_word' id='word_1_464' title='bbox 2172 3121 2356 3194; x_wconf 90' lang='lat' dir='ltr'><strong>piens,</strong></span> <span class='ocrx_word' id='word_1_465' title='bbox 2387 3122 2670 3177; x_wconf 87' lang='lat' dir='ltr'><strong>desiderio</strong></span> <span class='ocrx_word' id='word_1_466' title='bbox 2703 3139 2932 3194; x_wconf 89' lang='lat' dir='ltr'><strong>quoque</strong></span> <span class='ocrx_word' id='word_1_467' title='bbox 2949 3123 3240 3178; x_wconf 87' lang='lat' dir='ltr'><strong>satisfecit.</strong></span> 
     </span>
    </p>
   </div>
   <div class='ocr_carea' id='block_1_78' title="bbox 2241 3211 3782 3283">
    <p class='ocr_par' dir='ltr' id='par_1_78' title="bbox 2241 3211 3782 3283">
     <span class='ocr_line' id='line_1_78' title="bbox 2241 3211 3782 3283; baseline 0.002 -19"><span class='ocrx_word' id='word_1_468' title='bbox 2241 3212 2410 3265; x_wconf 79' lang='lat' dir='ltr'><strong>Anno</strong></span> <span class='ocrx_word' id='word_1_469' title='bbox 2462 3227 2585 3266; x_wconf 80' lang='lat' dir='ltr'><strong>xmv</strong></span> <span class='ocrx_word' id='word_1_470' title='bbox 2643 3211 2808 3282; x_wconf 87' lang='lat' dir='ltr'><strong>regni</strong></span> <span class='ocrx_word' id='word_1_471' title='bbox 2869 3211 3122 3280; x_wconf 88' lang='lat' dir='ltr'><strong>Clotarii,</strong></span> <span class='ocrx_word' id='word_1_472' title='bbox 3178 3212 3433 3267; x_wconf 85' lang='lat' dir='ltr'><strong>ﬁliorum</strong></span> <span class='ocrx_word' id='word_1_473' title='bbox 3490 3212 3644 3283; x_wconf 84' lang='lat' dir='ltr'><strong>regis</strong></span> <span class='ocrx_word' id='word_1_474' title='bbox 3696 3230 3782 3267; x_wconf 88' lang='lat' dir='ltr'><strong>seu</strong></span> 
     </span>
    </p>
   </div>
   <div class='ocr_carea' id='block_1_79' title="bbox 2172 3299 3782 3374">
    <p class='ocr_par' dir='ltr' id='par_1_79' title="bbox 2172 3299 3782 3374">
     <span class='ocr_line' id='line_1_79' title="bbox 2172 3299 3782 3374; baseline 0.001 -22"><span class='ocrx_word' id='word_1_475' title='bbox 2172 3299 2592 3370; x_wconf 84' lang='lat' dir='ltr'><strong>proximorum,</strong></span> <span class='ocrx_word' id='word_1_476' title='bbox 2644 3300 2956 3370; x_wconf 83' lang='lat' dir='ltr'><strong>praesulum</strong></span> <span class='ocrx_word' id='word_1_477' title='bbox 3005 3317 3234 3374; x_wconf 88' lang='lat' dir='ltr'><strong>quoque</strong></span> <span class='ocrx_word' id='word_1_478' title='bbox 3268 3301 3463 3356; x_wconf 69' lang='lat' dir='ltr'><strong>Galliae</strong></span> <span class='ocrx_word' id='word_1_479' title='bbox 3514 3301 3782 3374; x_wconf 87' lang='lat' dir='ltr'><strong>Clippiaci</strong></span> 
     </span>
    </p>
   </div>
   <div class='ocr_carea' id='block_1_80' title="bbox 2173 3387 3780 3461">
    <p class='ocr_par' dir='ltr' id='par_1_80' title="bbox 2173 3387 3780 3461">
     <span class='ocr_line' id='line_1_80' title="bbox 2173 3387 3780 3461; baseline 0.003 -22"><span class='ocrx_word' id='word_1_480' title='bbox 2173 3387 2484 3441; x_wconf 90' lang='lat' dir='ltr'><strong>concilium</strong></span> <span class='ocrx_word' id='word_1_481' title='bbox 2502 3391 2842 3459; x_wconf 88' lang='lat' dir='ltr'><strong>congregat,</strong></span> <span class='ocrx_word' id='word_1_482' title='bbox 2859 3392 2940 3456; x_wconf 92' lang='lat' dir='ltr'><strong>ut,</strong></span> <span class='ocrx_word' id='word_1_483' title='bbox 2965 3405 3323 3461; x_wconf 78' lang='lat' dir='ltr'><strong>quaecunque</strong></span> <span class='ocrx_word' id='word_1_484' title='bbox 3343 3389 3588 3460; x_wconf 80' lang='lat' dir='ltr'><strong>pacifica</strong></span> <span class='ocrx_word' id='word_1_485' title='bbox 3604 3407 3780 3461; x_wconf 87' lang='lat' dir='ltr'><strong>regno</strong></span> 
     </span>
    </p>
   </div>
   <div class='ocr_carea' id='block_1_81' title="bbox 2173 3475 3780 3547">
    <p class='ocr_par' dir='ltr' id='par_1_81' title="bbox 2173 3475 3780 3547">
     <span class='ocr_line' id='line_1_81' title="bbox 2173 3475 3780 3547; baseline 0.002 -19"><span class='ocrx_word' id='word_1_486' title='bbox 2173 3475 2259 3528; x_wconf 89' lang='lat' dir='ltr'><strong>vel</strong></span> <span class='ocrx_word' id='word_1_487' title='bbox 2289 3475 2520 3528; x_wconf 87' lang='lat' dir='ltr'><strong>utilitati</strong></span> <span class='ocrx_word' id='word_1_488' title='bbox 2545 3476 2806 3530; x_wconf 65' lang='lat' dir='ltr'><strong>Ecclesiae</strong></span> <span class='ocrx_word' id='word_1_489' title='bbox 2823 3480 3667 3547; x_wconf 87' lang='lat' dir='ltr'><strong>congruerent,statuerentur.</strong></span> <span class='ocrx_word' id='word_1_490' title='bbox 3699 3480 3780 3532; x_wconf 91' lang='lat' dir='ltr'><strong>In-</strong></span> 
     </span>
    </p>
   </div>
   <div class='ocr_carea' id='block_1_82' title="bbox 2171 3563 3781 3638">
    <p class='ocr_par' dir='ltr' id='par_1_82' title="bbox 2171 3563 3781 3638">
     <span class='ocr_line' id='line_1_82' title="bbox 2171 3563 3781 3638; baseline 0.001 -22"><span class='ocrx_word' id='word_1_491' title='bbox 2171 3563 2263 3616; x_wconf 85' lang='lat' dir='ltr'><strong>ter</strong></span> <span class='ocrx_word' id='word_1_492' title='bbox 2283 3563 2568 3632; x_wconf 89' lang='lat' dir='ltr'><strong>primores</strong></span> <span class='ocrx_word' id='word_1_493' title='bbox 2598 3563 2792 3635; x_wconf 90' lang='lat' dir='ltr'><strong>itaque</strong></span> <span class='ocrx_word' id='word_1_494' title='bbox 2809 3565 3062 3620; x_wconf 68' lang='lat' dir='ltr'><strong>Francia:</strong></span> <span class='ocrx_word' id='word_1_495' title='bbox 3096 3565 3192 3636; x_wconf 85' lang='lat' dir='ltr'><strong>qui</strong></span> <span class='ocrx_word' id='word_1_496' title='bbox 3220 3570 3640 3633; x_wconf 87' lang='lat' dir='ltr'><strong>convenerant,</strong></span> <span class='ocrx_word' id='word_1_497' title='bbox 3665 3565 3781 3638; x_wconf 83' lang='lat' dir='ltr'><strong>qui-</strong></span> 
     </span>
    </p>
   </div>
   <div class='ocr_carea' id='block_1_83' title="bbox 2174 3649 3781 3725">
    <p class='ocr_par' dir='ltr' id='par_1_83' title="bbox 2174 3649 3781 3725">
     <span class='ocr_line' id='line_1_83' title="bbox 2174 3649 3781 3725; baseline 0.002 -21"><span class='ocrx_word' id='word_1_498' title='bbox 2174 3649 2310 3705; x_wconf 91' lang='lat' dir='ltr'><strong>dam</strong></span> <span class='ocrx_word' id='word_1_499' title='bbox 2323 3651 2653 3706; x_wconf 83' lang='lat' dir='ltr'><strong>Hermarius</strong></span> <span class='ocrx_word' id='word_1_500' title='bbox 2666 3653 3024 3723; x_wconf 85' lang='lat' dir='ltr'><strong>gubernator</strong></span> <span class='ocrx_word' id='word_1_501' title='bbox 3036 3653 3235 3725; x_wconf 88' lang='lat' dir='ltr'><strong>palatii</strong></span> <span class='ocrx_word' id='word_1_502' title='bbox 3246 3653 3499 3709; x_wconf 84' lang='lat' dir='ltr'><strong>Ariberti</strong></span> <span class='ocrx_word' id='word_1_503' title='bbox 3519 3655 3622 3710; x_wconf 80' lang='lat' dir='ltr'><strong>ﬁlii</strong></span> <span class='ocrx_word' id='word_1_504' title='bbox 3640 3654 3781 3724; x_wconf 85' lang='lat' dir='ltr'><strong>regis</strong></span> 
     </span>
    </p>
   </div>
   <div class='ocr_carea' id='block_1_84' title="bbox 2174 3739 3780 3815">
    <p class='ocr_par' dir='ltr' id='par_1_84' title="bbox 2174 3739 3780 3815">
     <span class='ocr_line' id='line_1_84' title="bbox 2174 3739 3780 3815; baseline 0.002 -23"><span class='ocrx_word' id='word_1_505' title='bbox 2174 3739 2459 3811; x_wconf 87' lang='lat' dir='ltr'><strong>simulque</strong></span> <span class='ocrx_word' id='word_1_506' title='bbox 2498 3740 2724 3810; x_wconf 88' lang='lat' dir='ltr'><strong>bajulus</strong></span> <span class='ocrx_word' id='word_1_507' title='bbox 2750 3758 2784 3795; x_wconf 88' lang='lat' dir='ltr'><strong>a</strong></span> <span class='ocrx_word' id='word_1_508' title='bbox 2815 3741 3087 3813; x_wconf 89' lang='lat' dir='ltr'><strong>pueritia,</strong></span> <span class='ocrx_word' id='word_1_509' title='bbox 3135 3742 3405 3813; x_wconf 81' lang='lat' dir='ltr'><strong>Aginano</strong></span> <span class='ocrx_word' id='word_1_510' title='bbox 3432 3760 3609 3815; x_wconf 90' lang='lat' dir='ltr'><strong>super</strong></span> <span class='ocrx_word' id='word_1_511' title='bbox 3632 3760 3691 3797; x_wconf 89' lang='lat' dir='ltr'><strong>se</strong></span> <span class='ocrx_word' id='word_1_512' title='bbox 3716 3744 3780 3796; x_wconf 89' lang='lat' dir='ltr'><strong>ir-</strong></span> 
     </span>
    </p>
   </div>
   <div class='ocr_carea' id='block_1_85' title="bbox 2174 3828 3778 3903">
    <p class='ocr_par' dir='ltr' id='par_1_85' title="bbox 2174 3828 3778 3903">
     <span class='ocr_line' id='line_1_85' title="bbox 2174 3828 3778 3903; baseline 0.001 -20"><span class='ocrx_word' id='word_1_513' title='bbox 2174 3832 2398 3896; x_wconf 89' lang='lat' dir='ltr'><strong>ruente,</strong></span> <span class='ocrx_word' id='word_1_514' title='bbox 2441 3828 2765 3899; x_wconf 91' lang='lat' dir='ltr'><strong>perimitur.</strong></span> <span class='ocrx_word' id='word_1_515' title='bbox 2817 3832 2866 3884; x_wconf 90' lang='lat' dir='ltr'><strong>Is</strong></span> <span class='ocrx_word' id='word_1_516' title='bbox 2896 3833 3020 3886; x_wconf 88' lang='lat' dir='ltr'><strong>erat</strong></span> <span class='ocrx_word' id='word_1_517' title='bbox 3055 3832 3200 3886; x_wconf 87' lang='lat' dir='ltr'><strong>Saxo</strong></span> <span class='ocrx_word' id='word_1_518' title='bbox 3255 3847 3498 3902; x_wconf 88' lang='lat' dir='ltr'><strong>genere,</strong></span> <span class='ocrx_word' id='word_1_519' title='bbox 3530 3846 3778 3903; x_wconf 88' lang='lat' dir='ltr'><strong>unusque</strong></span> 
     </span>
    </p>
   </div>
   <div class='ocr_carea' id='block_1_86' title="bbox 2174 3916 3780 3992">
    <p class='ocr_par' dir='ltr' id='par_1_86' title="bbox 2174 3916 3780 3992">
     <span class='ocr_line' id='line_1_86' title="bbox 2174 3916 3780 3992; baseline 0 -20"><span class='ocrx_word' id='word_1_520' title='bbox 2174 3932 2243 3972; x_wconf 80' lang='lat' dir='ltr'><strong>ex</strong></span> <span class='ocrx_word' id='word_1_521' title='bbox 2271 3916 2646 3988; x_wconf 88' lang='lat' dir='ltr'><strong>optimatibus</strong></span> <span class='ocrx_word' id='word_1_522' title='bbox 2681 3919 2827 3972; x_wconf 67' lang='lat' dir='ltr'><strong>aula:</strong></span> <span class='ocrx_word' id='word_1_523' title='bbox 2867 3919 3066 3989; x_wconf 75' lang='lat' dir='ltr'><strong>regiae.</strong></span> <span class='ocrx_word' id='word_1_524' title='bbox 3103 3919 3229 3983; x_wconf 85' lang='lat' dir='ltr'><strong>Qua</strong></span> <span class='ocrx_word' id='word_1_525' title='bbox 3255 3920 3327 3976; x_wconf 93' lang='lat' dir='ltr'><strong>de</strong></span> <span class='ocrx_word' id='word_1_526' title='bbox 3353 3936 3417 3974; x_wconf 88' lang='lat' dir='ltr'><strong>re</strong></span> <span class='ocrx_word' id='word_1_527' title='bbox 3457 3920 3624 3992; x_wconf 86' lang='lat' dir='ltr'><strong>gravi</strong></span> <span class='ocrx_word' id='word_1_528' title='bbox 3667 3922 3780 3976; x_wconf 83' lang='lat' dir='ltr'><strong>orta</strong></span> 
     </span>
    </p>
   </div>
   <div class='ocr_carea' id='block_1_87' title="bbox 2175 4005 3777 4078">
    <p class='ocr_par' dir='ltr' id='par_1_87' title="bbox 2175 4005 3777 4078">
     <span class='ocr_line' id='line_1_87' title="bbox 2175 4005 3777 4078; baseline 0.002 -20"><span class='ocrx_word' id='word_1_529' title='bbox 2175 4005 2479 4068; x_wconf 89' lang='lat' dir='ltr'><strong>seditione,</strong></span> <span class='ocrx_word' id='word_1_530' title='bbox 2495 4021 2646 4078; x_wconf 89' lang='lat' dir='ltr'><strong>pene</strong></span> <span class='ocrx_word' id='word_1_531' title='bbox 2679 4023 2856 4078; x_wconf 86' lang='lat' dir='ltr'><strong>usque</strong></span> <span class='ocrx_word' id='word_1_532' title='bbox 2885 4007 2961 4062; x_wconf 86' lang='lat' dir='ltr'><strong>ad</strong></span> <span class='ocrx_word' id='word_1_533' title='bbox 3010 4006 3323 4063; x_wconf 43' lang='lat' dir='ltr'><strong>mortes&#39;lis</strong></span> <span class='ocrx_word' id='word_1_534' title='bbox 3383 4007 3777 4072; x_wconf 81' lang='lat' dir='ltr'><strong>insurrexerat,</strong></span> 
     </span>
    </p>
   </div>
   <div class='ocr_carea' id='block_1_88' title="bbox 2174 4092 3781 4169">
    <p class='ocr_par' dir='ltr' id='par_1_88' title="bbox 2174 4092 3781 4169">
     <span class='ocr_line' id='line_1_88' title="bbox 2174 4092 3781 4169; baseline 0.001 -23"><span class='ocrx_word' id='word_1_535' title='bbox 2174 4092 2283 4147; x_wconf 88' lang='lat' dir='ltr'><strong>nisi</strong></span> <span class='ocrx_word' id='word_1_536' title='bbox 2314 4094 2612 4162; x_wconf 90' lang='lat' dir='ltr'><strong>Clotarius,</strong></span> <span class='ocrx_word' id='word_1_537' title='bbox 2642 4095 2840 4166; x_wconf 87' lang='lat' dir='ltr'><strong>agnita</strong></span> <span class='ocrx_word' id='word_1_538' title='bbox 2875 4111 3064 4158; x_wconf 85' lang='lat' dir='ltr'><strong>causa,</strong></span> <span class='ocrx_word' id='word_1_539' title='bbox 3089 4096 3406 4153; x_wconf 87' lang='lat' dir='ltr'><strong>tumultum</strong></span> <span class='ocrx_word' id='word_1_540' title='bbox 3431 4097 3781 4169; x_wconf 84' lang='lat' dir='ltr'><strong>repressisset</strong></span> 
     </span>
    </p>
   </div>
   <div class='ocr_carea' id='block_1_89' title="bbox 2177 4181 3782 4257">
    <p class='ocr_par' dir='ltr' id='par_1_89' title="bbox 2177 4181 3782 4257">
     <span class='ocr_line' id='line_1_89' title="bbox 2177 4181 3782 4257; baseline -0.001 -19"><span class='ocrx_word' id='word_1_541' title='bbox 2177 4181 2516 4238; x_wconf 88' lang='lat' dir='ltr'><strong>auctoritate</strong></span> <span class='ocrx_word' id='word_1_542' title='bbox 2535 4183 2716 4254; x_wconf 87' lang='lat' dir='ltr'><strong>regia.</strong></span> <span class='ocrx_word' id='word_1_543' title='bbox 2751 4184 2893 4238; x_wconf 86' lang='lat' dir='ltr'><strong>Nam</strong></span> <span class='ocrx_word' id='word_1_544' title='bbox 2909 4186 2996 4239; x_wconf 86' lang='lat' dir='ltr'><strong>An</strong></span> <span class='ocrx_word' id='word_1_545' title='bbox 3008 4185 3228 4256; x_wconf 88' lang='lat' dir='ltr'><strong>ginano</strong></span> <span class='ocrx_word' id='word_1_546' title='bbox 3243 4185 3472 4257; x_wconf 88' lang='lat' dir='ltr'><strong>copiam</strong></span> <span class='ocrx_word' id='word_1_547' title='bbox 3492 4183 3782 4242; x_wconf 87' lang='lat' dir='ltr'><strong>secedendi</strong></span> 
     </span>
    </p>
   </div>
   <div class='ocr_carea' id='block_1_90' title="bbox 2175 4270 3780 4345">
    <p class='ocr_par' dir='ltr' id='par_1_90' title="bbox 2175 4270 3780 4345">
     <span class='ocr_line' id='line_1_90' title="bbox 2175 4270 3780 4345; baseline 0.001 -20"><span class='ocrx_word' id='word_1_548' title='bbox 2175 4270 2236 4325; x_wconf 90' lang='lat' dir='ltr'><strong>in</strong></span> <span class='ocrx_word' id='word_1_549' title='bbox 2255 4271 2570 4339; x_wconf 90' lang='lat' dir='ltr'><strong>monte,cui</strong></span> <span class='ocrx_word' id='word_1_550' title='bbox 2582 4272 2952 4328; x_wconf 84' lang='lat' dir='ltr'><strong>Marcomirus</strong></span> <span class='ocrx_word' id='word_1_551' title='bbox 2968 4289 3184 4328; x_wconf 88' lang='lat' dir='ltr'><strong>nomen</strong></span> <span class='ocrx_word' id='word_1_552' title='bbox 3200 4274 3616 4345; x_wconf 81' lang='lat' dir='ltr'><strong>est,attribuit,j</strong></span> <span class='ocrx_word' id='word_1_553' title='bbox 3629 4278 3780 4328; x_wconf 88' lang='lat' dir='ltr'><strong>uncto</strong></span> 
     </span>
    </p>
   </div>
   <div class='ocr_carea' id='block_1_91' title="bbox 467 4345 3780 4439">
    <p class='ocr_par' dir='ltr' id='par_1_91' title="bbox 467 4345 3780 4439">
     <span class='ocr_line' id='line_1_91' title="bbox 467 4345 3780 4439; baseline 0.001 -28"><span class='ocrx_word' id='word_1_554' title='bbox 467 4345 675 4426; x_wconf 84' lang='lat' dir='ltr'><strong>tarius,</strong></span> <span class='ocrx_word' id='word_1_555' title='bbox 691 4373 844 4429; x_wconf 78' lang='lat' dir='ltr'><strong>aegre</strong></span> <span class='ocrx_word' id='word_1_556' title='bbox 861 4356 1208 4425; x_wconf 89' lang='lat' dir='ltr'><strong>licet,orauti</strong></span> <span class='ocrx_word' id='word_1_557' title='bbox 1222 4360 1416 4413; x_wconf 89' lang='lat' dir='ltr'><strong>tamen</strong></span> <span class='ocrx_word' id='word_1_558' title='bbox 1431 4358 1546 4416; x_wconf 85' lang='lat' dir='ltr'><strong>ﬁlio</strong></span> <span class='ocrx_word' id='word_1_559' title='bbox 1563 4359 1842 4416; x_wconf 87' lang='lat' dir='ltr'><strong>concessit</strong></span> <span class='ocrx_word' id='word_1_560' title='bbox 1859 4363 2080 4428; x_wconf 90' lang='lat' dir='ltr'><strong>ut,con-</strong></span> <span class='ocrx_word' id='word_1_561' title='bbox 2103 4378 2155 4439; x_wconf 72' lang='grc' dir='ltr'><strong>ι)</strong></span> <span class='ocrx_word' id='word_1_562' title='bbox 2177 4375 2296 4414; x_wconf 91' lang='lat' dir='ltr'><strong>non</strong></span> <span class='ocrx_word' id='word_1_563' title='bbox 2320 4374 2496 4431; x_wconf 87' lang='lat' dir='ltr'><strong>parvo</strong></span> <span class='ocrx_word' id='word_1_564' title='bbox 2519 4364 2916 4431; x_wconf 89' lang='lat' dir='ltr'><strong>pugnatorum</strong></span> <span class='ocrx_word' id='word_1_565' title='bbox 2951 4378 3221 4429; x_wconf 90' lang='lat' dir='ltr'><strong>numero,</strong></span> <span class='ocrx_word' id='word_1_566' title='bbox 3253 4362 3352 4434; x_wconf 91' lang='lat' dir='ltr'><strong>qui</strong></span> <span class='ocrx_word' id='word_1_567' title='bbox 3396 4362 3470 4430; x_wconf 90' lang='lat' dir='ltr'><strong>ei,</strong></span> <span class='ocrx_word' id='word_1_568' title='bbox 3499 4364 3546 4417; x_wconf 94' lang='lat' dir='ltr'><strong>si</strong></span> <span class='ocrx_word' id='word_1_569' title='bbox 3588 4364 3665 4418; x_wconf 87' lang='lat' dir='ltr'><strong>ita</strong></span> <span class='ocrx_word' id='word_1_570' title='bbox 3704 4379 3780 4417; x_wconf 87' lang='lat' dir='ltr'><strong>res</strong></span> 
     </span>
    </p>
   </div>
   <div class='ocr_carea' id='block_1_92' title="bbox 473 4445 2078 4518">
    <p class='ocr_par' dir='ltr' id='par_1_92' title="bbox 473 4445 2078 4518">
     <span class='ocr_line' id='line_1_92' title="bbox 473 4445 2078 4518; baseline 0.002 -18"><span class='ocrx_word' id='word_1_571' title='bbox 473 4445 624 4501; x_wconf 89' lang='lat' dir='ltr'><strong>tuitu</strong></span> <span class='ocrx_word' id='word_1_572' title='bbox 643 4445 904 4513; x_wconf 85' lang='lat' dir='ltr'><strong>honoris,</strong></span> <span class='ocrx_word' id='word_1_573' title='bbox 919 4461 1094 4518; x_wconf 88' lang='lat' dir='ltr'><strong>quem</strong></span> <span class='ocrx_word' id='word_1_574' title='bbox 1114 4445 1440 4502; x_wconf 88' lang='lat' dir='ltr'><strong>Warnarius</strong></span> <span class='ocrx_word' id='word_1_575' title='bbox 1455 4450 1622 4518; x_wconf 89' lang='lat' dir='ltr'><strong>pater</strong></span> <span class='ocrx_word' id='word_1_576' title='bbox 1655 4447 1859 4503; x_wconf 89' lang='lat' dir='ltr'><strong>Godini</strong></span> <span class='ocrx_word' id='word_1_577' title='bbox 1891 4464 2078 4518; x_wconf 89' lang='lat' dir='ltr'><strong>gesse-</strong></span> 
     </span>
    </p>
   </div>
   <div class='ocr_carea' id='block_1_93' title="bbox 472 4536 2079 4610">
    <p class='ocr_par' dir='ltr' id='par_1_93' title="bbox 472 4536 2079 4610">
     <span class='ocr_line' id='line_1_93' title="bbox 472 4536 2079 4610; baseline 0 -17"><span class='ocrx_word' id='word_1_578' title='bbox 472 4539 586 4605; x_wconf 86' lang='lat' dir='ltr'><strong>rat,</strong></span> <span class='ocrx_word' id='word_1_579' title='bbox 599 4540 657 4593; x_wconf 90' lang='lat' dir='ltr'><strong>et</strong></span> <span class='ocrx_word' id='word_1_580' title='bbox 667 4536 1112 4592; x_wconf 69' lang='lat' dir='ltr'><strong>remunerandte</strong></span> <span class='ocrx_word' id='word_1_581' title='bbox 1128 4537 1444 4593; x_wconf 85' lang='lat' dir='ltr'><strong>sedulitatis</strong></span> <span class='ocrx_word' id='word_1_582' title='bbox 1463 4538 1583 4609; x_wconf 87' lang='lat' dir='ltr'><strong>ejus</strong></span> <span class='ocrx_word' id='word_1_583' title='bbox 1596 4538 1654 4593; x_wconf 91' lang='lat' dir='ltr'><strong>in</strong></span> <span class='ocrx_word' id='word_1_584' title='bbox 1669 4555 1868 4609; x_wconf 90' lang='lat' dir='ltr'><strong>regem</strong></span> <span class='ocrx_word' id='word_1_585' title='bbox 1881 4555 2079 4610; x_wconf 84' lang='lat' dir='ltr'><strong>supre-</strong></span> 
     </span>
    </p>
   </div>
   <div class='ocr_carea' id='block_1_94' title="bbox 457 4625 2084 4698">
    <p class='ocr_par' dir='ltr' id='par_1_94' title="bbox 457 4625 2084 4698">
     <span class='ocr_line' id='line_1_94' title="bbox 457 4625 2084 4698; baseline 0 -15"><span class='ocrx_word' id='word_1_586' title='bbox 457 4640 591 4696; x_wconf 37' lang='lat' dir='ltr'><strong>,mae</strong></span> <span class='ocrx_word' id='word_1_587' title='bbox 615 4625 823 4698; x_wconf 87' lang='lat' dir='ltr'><strong>gratia,</strong></span> <span class='ocrx_word' id='word_1_588' title='bbox 843 4626 995 4681; x_wconf 89' lang='lat' dir='ltr'><strong>necis</strong></span> <span class='ocrx_word' id='word_1_589' title='bbox 1023 4626 1312 4682; x_wconf 87' lang='lat' dir='ltr'><strong>sententia</strong></span> <span class='ocrx_word' id='word_1_590' title='bbox 1327 4627 1712 4698; x_wconf 87' lang='lat' dir='ltr'><strong>mitigaretur.</strong></span> <span class='ocrx_word' id='word_1_591' title='bbox 1730 4628 1808 4681; x_wconf 88' lang='lat' dir='ltr'><strong>Ea</strong></span> <span class='ocrx_word' id='word_1_592' title='bbox 1820 4625 2084 4683; x_wconf 89' lang='lat' dir='ltr'><strong>videlicet</strong></span> 
     </span>
    </p>
   </div>
   <div class='ocr_carea' id='block_1_95' title="bbox 475 4714 2084 4787">
    <p class='ocr_par' dir='ltr' id='par_1_95' title="bbox 475 4714 2084 4787">
     <span class='ocr_line' id='line_1_95' title="bbox 475 4714 2084 4787; baseline 0 -16"><span class='ocrx_word' id='word_1_593' title='bbox 475 4714 1034 4771; x_wconf 86' lang='lat' dir='ltr'><strong>rationeutGodinus</strong></span> <span class='ocrx_word' id='word_1_594' title='bbox 1048 4731 1309 4783; x_wconf 82' lang='lat' dir='ltr'><strong>uxorem,</strong></span> <span class='ocrx_word' id='word_1_595' title='bbox 1345 4731 1521 4787; x_wconf 91' lang='lat' dir='ltr'><strong>quam</strong></span> <span class='ocrx_word' id='word_1_596' title='bbox 1555 4718 1756 4770; x_wconf 90' lang='lat' dir='ltr'><strong>contra</strong></span> <span class='ocrx_word' id='word_1_597' title='bbox 1791 4731 2084 4771; x_wconf 88' lang='lat' dir='ltr'><strong>canonum</strong></span> 
     </span>
    </p>
   </div>
   <div class='ocr_carea' id='block_1_96' title="bbox 477 4803 2085 4876">
    <p class='ocr_par' dir='ltr' id='par_1_96' title="bbox 477 4803 2085 4876">
     <span class='ocr_line' id='line_1_96' title="bbox 477 4803 2085 4876; baseline -0.001 -16"><span class='ocrx_word' id='word_1_598' title='bbox 477 4803 710 4860; x_wconf 88' lang='lat' dir='ltr'><strong>decreta</strong></span> <span class='ocrx_word' id='word_1_599' title='bbox 735 4803 994 4873; x_wconf 88' lang='lat' dir='ltr'><strong>duxerat,</strong></span> <span class='ocrx_word' id='word_1_600' title='bbox 1026 4804 1323 4876; x_wconf 85' lang='lat' dir='ltr'><strong>abjiceret.</strong></span> <span class='ocrx_word' id='word_1_601' title='bbox 1341 4804 1464 4868; x_wconf 89' lang='lat' dir='ltr'><strong>Qua</strong></span> <span class='ocrx_word' id='word_1_602' title='bbox 1495 4804 1798 4875; x_wconf 91' lang='lat' dir='ltr'><strong>repudiata</strong></span> <span class='ocrx_word' id='word_1_603' title='bbox 1825 4807 2085 4874; x_wconf 89' lang='lat' dir='ltr'><strong>accepta-</strong></span> 
     </span>
    </p>
   </div>
   <div class='ocr_carea' id='block_1_97' title="bbox 477 4891 2087 4967">
    <p class='ocr_par' dir='ltr' id='par_1_97' title="bbox 477 4891 2087 4967">
     <span class='ocr_line' id='line_1_97' title="bbox 477 4891 2087 4967; baseline -0.002 -17"><span class='ocrx_word' id='word_1_604' title='bbox 477 4910 590 4967; x_wconf 87' lang='lat' dir='ltr'><strong>que</strong></span> <span class='ocrx_word' id='word_1_605' title='bbox 601 4893 730 4949; x_wconf 63' lang='lat' dir='ltr'><strong>vita:</strong></span> <span class='ocrx_word' id='word_1_606' title='bbox 741 4892 1465 4965; x_wconf 87' lang='lat' dir='ltr'><strong>securitate,Burgundiam</strong></span> <span class='ocrx_word' id='word_1_607' title='bbox 1476 4891 1846 4964; x_wconf 86' lang='lat' dir='ltr'><strong>repetiit.Sed</strong></span> <span class='ocrx_word' id='word_1_608' title='bbox 1864 4893 2087 4959; x_wconf 90' lang='lat' dir='ltr'><strong>mulier,</strong></span> 
     </span>
    </p>
   </div>
   <div class='ocr_carea' id='block_1_98' title="bbox 476 4980 2092 5055">
    <p class='ocr_par' dir='ltr' id='par_1_98' title="bbox 476 4980 2092 5055">
     <span class='ocr_line' id='line_1_98' title="bbox 476 4980 2092 5055; baseline -0.001 -15"><span class='ocrx_word' id='word_1_609' title='bbox 476 4984 662 5040; x_wconf 88' lang='lat' dir='ltr'><strong>multo</strong></span> <span class='ocrx_word' id='word_1_610' title='bbox 675 4983 1028 5055; x_wconf 88' lang='lat' dir='ltr'><strong>aliterquam</strong></span> <span class='ocrx_word' id='word_1_611' title='bbox 1047 4982 1265 5054; x_wconf 90' lang='lat' dir='ltr'><strong>sperari</strong></span> <span class='ocrx_word' id='word_1_612' title='bbox 1293 4983 1507 5053; x_wconf 88' lang='lat' dir='ltr'><strong>posset,</strong></span> <span class='ocrx_word' id='word_1_613' title='bbox 1535 4980 1613 5051; x_wconf 89' lang='lat' dir='ltr'><strong>inj</strong></span> <span class='ocrx_word' id='word_1_614' title='bbox 1625 4980 1811 5036; x_wconf 84' lang='lat' dir='ltr'><strong>uriam</strong></span> <span class='ocrx_word' id='word_1_615' title='bbox 1841 4981 1948 5037; x_wconf 91' lang='lat' dir='ltr'><strong>sibi</strong></span> <span class='ocrx_word' id='word_1_616' title='bbox 1971 4981 2092 5038; x_wconf 79' lang='lat' dir='ltr'><strong>illa-</strong></span> 
     </span>
    </p>
   </div>
   <div class='ocr_carea' id='block_1_99' title="bbox 475 5067 2092 5143">
    <p class='ocr_par' dir='ltr' id='par_1_99' title="bbox 475 5067 2092 5143">
     <span class='ocr_line' id='line_1_99' title="bbox 475 5067 2092 5143; baseline -0.001 -16"><span class='ocrx_word' id='word_1_617' title='bbox 475 5074 600 5127; x_wconf 85' lang='lat' dir='ltr'><strong>tam</strong></span> <span class='ocrx_word' id='word_1_618' title='bbox 612 5070 1080 5143; x_wconf 71' lang='lat' dir='ltr'><strong>intequanimiter</strong></span> <span class='ocrx_word' id='word_1_619' title='bbox 1094 5071 1306 5133; x_wconf 89' lang='lat' dir='ltr'><strong>ferens,</strong></span> <span class='ocrx_word' id='word_1_620' title='bbox 1322 5067 1604 5124; x_wconf 88' lang='lat' dir='ltr'><strong>delatoria</strong></span> <span class='ocrx_word' id='word_1_621' title='bbox 1618 5069 1887 5124; x_wconf 89' lang='lat' dir='ltr'><strong>adversus</strong></span> <span class='ocrx_word' id='word_1_622' title='bbox 1904 5069 2092 5141; x_wconf 89' lang='lat' dir='ltr'><strong>Gogo-</strong></span> 
     </span>
    </p>
   </div>
   <div class='ocr_carea' id='block_1_100' title="bbox 477 5157 2091 5231">
    <p class='ocr_par' dir='ltr' id='par_1_100' title="bbox 477 5157 2091 5231">
     <span class='ocr_line' id='line_1_100' title="bbox 477 5157 2091 5231; baseline -0.003 -14"><span class='ocrx_word' id='word_1_623' title='bbox 477 5177 617 5217; x_wconf 88' lang='lat' dir='ltr'><strong>nem</strong></span> <span class='ocrx_word' id='word_1_624' title='bbox 633 5177 736 5218; x_wconf 89' lang='lat' dir='ltr'><strong>usa</strong></span> <span class='ocrx_word' id='word_1_625' title='bbox 745 5159 970 5227; x_wconf 85' lang='lat' dir='ltr'><strong>fraude,</strong></span> <span class='ocrx_word' id='word_1_626' title='bbox 988 5175 1187 5231; x_wconf 87' lang='lat' dir='ltr'><strong>regem</strong></span> <span class='ocrx_word' id='word_1_627' title='bbox 1201 5158 1362 5222; x_wconf 89' lang='lat' dir='ltr'><strong>adiit,</strong></span> <span class='ocrx_word' id='word_1_628' title='bbox 1376 5160 1432 5213; x_wconf 88' lang='lat' dir='ltr'><strong>et</strong></span> <span class='ocrx_word' id='word_1_629' title='bbox 1446 5157 1506 5212; x_wconf 90' lang='lat' dir='ltr'><strong>in</strong></span> <span class='ocrx_word' id='word_1_630' title='bbox 1521 5157 1782 5213; x_wconf 90' lang='lat' dir='ltr'><strong>medium</strong></span> <span class='ocrx_word' id='word_1_631' title='bbox 1798 5157 2091 5227; x_wconf 88' lang='lat' dir='ltr'><strong>hujusmo-</strong></span> 
     </span>
    </p>
   </div>
   <div class='ocr_carea' id='block_1_101' title="bbox 480 5246 2086 5325">
    <p class='ocr_par' dir='ltr' id='par_1_101' title="bbox 480 5246 2086 5325">
     <span class='ocr_line' id='line_1_101' title="bbox 480 5246 2086 5325; baseline -0.002 -21"><span class='ocrx_word' id='word_1_632' title='bbox 480 5249 539 5304; x_wconf 90' lang='lat' dir='ltr'><strong>di</strong></span> <span class='ocrx_word' id='word_1_633' title='bbox 551 5249 756 5305; x_wconf 89' lang='lat' dir='ltr'><strong>detulit</strong></span> <span class='ocrx_word' id='word_1_634' title='bbox 768 5263 1002 5304; x_wconf 89' lang='lat' dir='ltr'><strong>scenam</strong></span> <span class='ocrx_word' id='word_1_635' title='bbox 1021 5248 1197 5319; x_wconf 88' lang='lat' dir='ltr'><strong>quod,</strong></span> <span class='ocrx_word' id='word_1_636' title='bbox 1217 5248 1262 5302; x_wconf 91' lang='lat' dir='ltr'><strong>si</strong></span> <span class='ocrx_word' id='word_1_637' title='bbox 1278 5247 1337 5302; x_wconf 89' lang='lat' dir='ltr'><strong>in</strong></span> <span class='ocrx_word' id='word_1_638' title='bbox 1369 5247 1523 5325; x_wconf 89' lang='lat' dir='ltr'><strong>regis</strong></span> <span class='ocrx_word' id='word_1_639' title='bbox 1545 5263 1766 5319; x_wconf 75' lang='lat' dir='ltr'><strong>praesen</strong></span> <span class='ocrx_word' id='word_1_640' title='bbox 1776 5246 1915 5301; x_wconf 87' lang='lat' dir='ltr'><strong>tiam</strong></span> <span class='ocrx_word' id='word_1_641' title='bbox 1929 5247 2086 5318; x_wconf 88' lang='lat' dir='ltr'><strong>Gogo</strong></span> 
     </span>
    </p>
   </div>
   <div class='ocr_carea' id='block_1_102' title="bbox 479 5335 2089 5409">
    <p class='ocr_par' dir='ltr' id='par_1_102' title="bbox 479 5335 2089 5409">
     <span class='ocr_line' id='line_1_102' title="bbox 479 5335 2089 5409; baseline -0.002 -15"><span class='ocrx_word' id='word_1_642' title='bbox 479 5338 799 5406; x_wconf 89' lang='lat' dir='ltr'><strong>adveniret,</strong></span> <span class='ocrx_word' id='word_1_643' title='bbox 831 5353 966 5392; x_wconf 90' lang='lat' dir='ltr'><strong>eum</strong></span> <span class='ocrx_word' id='word_1_644' title='bbox 1005 5336 1196 5408; x_wconf 86' lang='lat' dir='ltr'><strong>gladio</strong></span> <span class='ocrx_word' id='word_1_645' title='bbox 1248 5337 1536 5409; x_wconf 88' lang='lat' dir='ltr'><strong>perimere</strong></span> <span class='ocrx_word' id='word_1_646' title='bbox 1568 5335 1963 5391; x_wconf 88' lang='lat' dir='ltr'><strong>deliberasset.</strong></span> <span class='ocrx_word' id='word_1_647' title='bbox 1995 5335 2089 5390; x_wconf 84' lang='lat' dir='ltr'><strong>His</strong></span> 
     </span>
    </p>
   </div>
   <div class='ocr_carea' id='block_1_103' title="bbox 479 5423 2093 5492">
    <p class='ocr_par' dir='ltr' id='par_1_103' title="bbox 479 5423 2093 5492">
     <span class='ocr_line' id='line_1_103' title="bbox 479 5423 2093 5492; baseline -0.002 -10"><span class='ocrx_word' id='word_1_648' title='bbox 479 5441 581 5482; x_wconf 82' lang='lat' dir='ltr'><strong>rex</strong></span> <span class='ocrx_word' id='word_1_649' title='bbox 611 5426 874 5482; x_wconf 91' lang='lat' dir='ltr'><strong>credulus</strong></span> <span class='ocrx_word' id='word_1_650' title='bbox 913 5424 1281 5480; x_wconf 86' lang='lat' dir='ltr'><strong>securitatem</strong></span> <span class='ocrx_word' id='word_1_651' title='bbox 1326 5425 1477 5492; x_wconf 72' lang='lat' dir='ltr'><strong>vitae,</strong></span> <span class='ocrx_word' id='word_1_652' title='bbox 1508 5440 1574 5479; x_wconf 91' lang='lat' dir='ltr'><strong>ac</strong></span> <span class='ocrx_word' id='word_1_653' title='bbox 1595 5424 1792 5479; x_wconf 89' lang='lat' dir='ltr'><strong>salutis</strong></span> <span class='ocrx_word' id='word_1_654' title='bbox 1821 5423 2093 5480; x_wconf 86' lang='lat' dir='ltr'><strong>honoris-</strong></span> 
     </span>
    </p>
   </div>
   <div class='ocr_carea' id='block_1_104' title="bbox 484 5512 2091 5588">
    <p class='ocr_par' dir='ltr' id='par_1_104' title="bbox 484 5512 2091 5588">
     <span class='ocr_line' id='line_1_104' title="bbox 484 5512 2091 5588; baseline 0.001 -21"><span class='ocrx_word' id='word_1_655' title='bbox 484 5529 598 5585; x_wconf 84' lang='lat' dir='ltr'><strong>que</strong></span> <span class='ocrx_word' id='word_1_656' title='bbox 611 5514 696 5569; x_wconf 89' lang='lat' dir='ltr'><strong>sui</strong></span> <span class='ocrx_word' id='word_1_657' title='bbox 727 5532 762 5570; x_wconf 89' lang='lat' dir='ltr'><strong>a</strong></span> <span class='ocrx_word' id='word_1_658' title='bbox 788 5516 1027 5588; x_wconf 81' lang='lat' dir='ltr'><strong>Gogone</strong></span> <span class='ocrx_word' id='word_1_659' title='bbox 1042 5516 1405 5570; x_wconf 89' lang='lat' dir='ltr'><strong>sacramento</strong></span> <span class='ocrx_word' id='word_1_660' title='bbox 1419 5512 1627 5584; x_wconf 84' lang='lat' dir='ltr'><strong>exegit.</strong></span> <span class='ocrx_word' id='word_1_661' title='bbox 1655 5512 1762 5577; x_wconf 89' lang='lat' dir='ltr'><strong>Qui</strong></span> <span class='ocrx_word' id='word_1_662' title='bbox 1785 5512 1924 5577; x_wconf 86' lang='lat' dir='ltr'><strong>dum</strong></span> <span class='ocrx_word' id='word_1_663' title='bbox 1951 5512 2091 5568; x_wconf 88' lang='lat' dir='ltr'><strong>insi-</strong></span> 
     </span>
    </p>
   </div>
   <div class='ocr_carea' id='block_1_105' title="bbox 487 5600 2092 5674">
    <p class='ocr_par' dir='ltr' id='par_1_105' title="bbox 487 5600 2092 5674">
     <span class='ocr_line' id='line_1_105' title="bbox 487 5600 2092 5674; baseline 0.002 -18"><span class='ocrx_word' id='word_1_664' title='bbox 487 5600 768 5658; x_wconf 87' lang='lat' dir='ltr'><strong>stentibus</strong></span> <span class='ocrx_word' id='word_1_665' title='bbox 826 5601 1195 5674; x_wconf 87' lang='lat' dir='ltr'><strong>Crannulpho</strong></span> <span class='ocrx_word' id='word_1_666' title='bbox 1244 5605 1303 5658; x_wconf 92' lang='lat' dir='ltr'><strong>et</strong></span> <span class='ocrx_word' id='word_1_667' title='bbox 1325 5600 1730 5659; x_wconf 85' lang='lat' dir='ltr'><strong>Wandelberto</strong></span> <span class='ocrx_word' id='word_1_668' title='bbox 1763 5601 2092 5659; x_wconf 88' lang='lat' dir='ltr'><strong>domesticis</strong></span> 
     </span>
    </p>
   </div>
   <div class='ocr_carea' id='block_1_106' title="bbox 2178 4448 3780 4520">
    <p class='ocr_par' dir='ltr' id='par_1_106' title="bbox 2178 4448 3780 4520">
     <span class='ocr_line' id='line_1_106' title="bbox 2178 4448 3780 4520; baseline -0.001 -18"><span class='ocrx_word' id='word_1_669' title='bbox 2178 4448 2452 4518; x_wconf 86' lang='lat' dir='ltr'><strong>exigeret,</strong></span> <span class='ocrx_word' id='word_1_670' title='bbox 2485 4448 2754 4520; x_wconf 79' lang='lat' dir='ltr'><strong>praesidio</strong></span> <span class='ocrx_word' id='word_1_671' title='bbox 2773 4450 3301 4504; x_wconf 85' lang='lat' dir='ltr'><strong>forent.Brunulfus</strong></span> <span class='ocrx_word' id='word_1_672' title='bbox 3327 4467 3464 4505; x_wconf 91' lang='lat' dir='ltr'><strong>vero</strong></span> <span class='ocrx_word' id='word_1_673' title='bbox 3489 4451 3780 4506; x_wconf 84' lang='lat' dir='ltr'><strong>avunculus</strong></span> 
     </span>
    </p>
   </div>
   <div class='ocr_carea' id='block_1_107' title="bbox 2177 4537 3781 4610">
    <p class='ocr_par' dir='ltr' id='par_1_107' title="bbox 2177 4537 3781 4610">
     <span class='ocr_line' id='line_1_107' title="bbox 2177 4537 3781 4610; baseline -0.001 -20"><span class='ocrx_word' id='word_1_674' title='bbox 2177 4537 2452 4603; x_wconf 80' lang='lat' dir='ltr'><strong>Ariberti,</strong></span> <span class='ocrx_word' id='word_1_675' title='bbox 2487 4537 2666 4592; x_wconf 89' lang='lat' dir='ltr'><strong>frater</strong></span> <span class='ocrx_word' id='word_1_676' title='bbox 2697 4537 2964 4594; x_wconf 87' lang='lat' dir='ltr'><strong>videlicet</strong></span> <span class='ocrx_word' id='word_1_677' title='bbox 2999 4537 3260 4594; x_wconf 84' lang='lat' dir='ltr'><strong>Sichildis</strong></span> <span class='ocrx_word' id='word_1_678' title='bbox 3288 4538 3535 4610; x_wconf 68' lang='lat' dir='ltr'><strong>reginae,</strong></span> <span class='ocrx_word' id='word_1_679' title='bbox 3559 4541 3781 4596; x_wconf 84' lang='lat' dir='ltr'><strong>collecta</strong></span> 
     </span>
    </p>
   </div>
   <div class='ocr_carea' id='block_1_108' title="bbox 2184 4623 3779 4698">
    <p class='ocr_par' dir='ltr' id='par_1_108' title="bbox 2184 4623 3779 4698">
     <span class='ocr_line' id='line_1_108' title="bbox 2184 4623 3779 4698; baseline -0.002 -19"><span class='ocrx_word' id='word_1_680' title='bbox 2184 4623 2467 4679; x_wconf 90' lang='lat' dir='ltr'><strong>nobilium</strong></span> <span class='ocrx_word' id='word_1_681' title='bbox 2498 4628 2556 4679; x_wconf 93' lang='lat' dir='ltr'><strong>et</strong></span> <span class='ocrx_word' id='word_1_682' title='bbox 2573 4625 2862 4680; x_wconf 89' lang='lat' dir='ltr'><strong>sociorum</strong></span> <span class='ocrx_word' id='word_1_683' title='bbox 2890 4642 3091 4694; x_wconf 90' lang='lat' dir='ltr'><strong>manu,</strong></span> <span class='ocrx_word' id='word_1_684' title='bbox 3141 4627 3476 4698; x_wconf 83' lang='lat' dir='ltr'><strong>Aginanum</strong></span> <span class='ocrx_word' id='word_1_685' title='bbox 3511 4628 3779 4683; x_wconf 83' lang='lat' dir='ltr'><strong>debellare</strong></span> 
     </span>
    </p>
   </div>
   <div class='ocr_carea' id='block_1_109' title="bbox 2185 4713 3778 4786">
    <p class='ocr_par' dir='ltr' id='par_1_109' title="bbox 2185 4713 3778 4786">
     <span class='ocr_line' id='line_1_109' title="bbox 2185 4713 3778 4786; baseline 0.004 -20"><span class='ocrx_word' id='word_1_686' title='bbox 2185 4713 2467 4768; x_wconf 89' lang='lat' dir='ltr'><strong>tentabat.</strong></span> <span class='ocrx_word' id='word_1_687' title='bbox 2501 4714 2667 4778; x_wconf 87' lang='lat' dir='ltr'><strong>Quod</strong></span> <span class='ocrx_word' id='word_1_688' title='bbox 2713 4731 3033 4786; x_wconf 88' lang='lat' dir='ltr'><strong>agnoscens</strong></span> <span class='ocrx_word' id='word_1_689' title='bbox 3080 4716 3382 4783; x_wconf 88' lang='lat' dir='ltr'><strong>Clotarius,</strong></span> <span class='ocrx_word' id='word_1_690' title='bbox 3444 4717 3664 4782; x_wconf 89' lang='lat' dir='ltr'><strong>leudos,</strong></span> <span class='ocrx_word' id='word_1_691' title='bbox 3710 4729 3778 4784; x_wconf 82' lang='lat' dir='ltr'><strong>qu</strong></span> 
     </span>
    </p>
   </div>
   <div class='ocr_carea' id='block_1_110' title="bbox 2191 4800 3781 4874">
    <p class='ocr_par' dir='ltr' id='par_1_110' title="bbox 2191 4800 3781 4874">
     <span class='ocr_line' id='line_1_110' title="bbox 2191 4800 3781 4874; baseline -0.001 -19"><span class='ocrx_word' id='word_1_692' title='bbox 2191 4800 2441 4856; x_wconf 85' lang='lat' dir='ltr'><strong>maxime</strong></span> <span class='ocrx_word' id='word_1_693' title='bbox 2461 4801 2913 4872; x_wconf 87' lang='lat' dir='ltr'><strong>indignabantur</strong></span> <span class='ocrx_word' id='word_1_694' title='bbox 2931 4820 3036 4874; x_wconf 78' lang='lat' dir='ltr'><strong>pm</strong></span> <span class='ocrx_word' id='word_1_695' title='bbox 3054 4803 3251 4874; x_wconf 86' lang='lat' dir='ltr'><strong>iniqua</strong></span> <span class='ocrx_word' id='word_1_696' title='bbox 3267 4804 3415 4858; x_wconf 87' lang='lat' dir='ltr'><strong>tanti</strong></span> <span class='ocrx_word' id='word_1_697' title='bbox 3432 4805 3539 4859; x_wconf 91' lang='lat' dir='ltr'><strong>viri</strong></span> <span class='ocrx_word' id='word_1_698' title='bbox 3565 4800 3781 4868; x_wconf 85' lang='lat' dir='ltr'><strong>nece,ad</strong></span> 
     </span>
    </p>
   </div>
   <div class='ocr_carea' id='block_1_111' title="bbox 2192 4890 3781 4962">
    <p class='ocr_par' dir='ltr' id='par_1_111' title="bbox 2192 4890 3781 4962">
     <span class='ocr_line' id='line_1_111' title="bbox 2192 4890 3781 4962; baseline -0.003 -18"><span class='ocrx_word' id='word_1_699' title='bbox 2192 4906 2251 4945; x_wconf 90' lang='lat' dir='ltr'><strong>se</strong></span> <span class='ocrx_word' id='word_1_700' title='bbox 2282 4892 2480 4945; x_wconf 90' lang='lat' dir='ltr'><strong>evocat</strong></span> <span class='ocrx_word' id='word_1_701' title='bbox 2510 4890 2875 4962; x_wconf 82' lang='lat' dir='ltr'><strong>edicitque,si</strong></span> <span class='ocrx_word' id='word_1_702' title='bbox 2893 4909 2951 4946; x_wconf 88' lang='lat' dir='ltr'><strong>se</strong></span> <span class='ocrx_word' id='word_1_703' title='bbox 2974 4892 3188 4947; x_wconf 89' lang='lat' dir='ltr'><strong>habere</strong></span> <span class='ocrx_word' id='word_1_704' title='bbox 3206 4893 3264 4946; x_wconf 91' lang='lat' dir='ltr'><strong>in</strong></span> <span class='ocrx_word' id='word_1_705' title='bbox 3284 4892 3579 4948; x_wconf 76' lang='lat' dir='ltr'><strong>offensum</strong></span> <span class='ocrx_word' id='word_1_706' title='bbox 3594 4890 3781 4948; x_wconf 86' lang='lat' dir='ltr'><strong>vellent</strong></span> 
     </span>
    </p>
   </div>
   <div class='ocr_carea' id='block_1_112' title="bbox 2192 4979 3779 5051">
    <p class='ocr_par' dir='ltr' id='par_1_112' title="bbox 2192 4979 3779 5051">
     <span class='ocr_line' id='line_1_112' title="bbox 2192 4979 3779 5051; baseline -0.003 -17"><span class='ocrx_word' id='word_1_707' title='bbox 2192 4995 2266 5035; x_wconf 87' lang='lat' dir='ltr'><strong>ne</strong></span> <span class='ocrx_word' id='word_1_708' title='bbox 2282 4979 2341 5033; x_wconf 91' lang='lat' dir='ltr'><strong>in</strong></span> <span class='ocrx_word' id='word_1_709' title='bbox 2359 4980 2576 5034; x_wconf 88' lang='lat' dir='ltr'><strong>bellum</strong></span> <span class='ocrx_word' id='word_1_710' title='bbox 2588 4980 3097 5051; x_wconf 83' lang='lat' dir='ltr'><strong>prodeant.quue</strong></span> <span class='ocrx_word' id='word_1_711' title='bbox 3111 4980 3286 5035; x_wconf 91' lang='lat' dir='ltr'><strong>modo</strong></span> <span class='ocrx_word' id='word_1_712' title='bbox 3301 4980 3586 5038; x_wconf 85' lang='lat' dir='ltr'><strong>revocado</strong></span> <span class='ocrx_word' id='word_1_713' title='bbox 3600 4991 3779 5034; x_wconf 89' lang='lat' dir='ltr'><strong>eorum</strong></span> 
     </span>
    </p>
   </div>
   <div class='ocr_carea' id='block_1_113' title="bbox 2192 5067 3346 5141">
    <p class='ocr_par' dir='ltr' id='par_1_113' title="bbox 2192 5067 3346 5141">
     <span class='ocr_line' id='line_1_113' title="bbox 2192 5067 3346 5141; baseline -0.001 -16"><span class='ocrx_word' id='word_1_714' title='bbox 2192 5069 2436 5140; x_wconf 90' lang='lat' dir='ltr'><strong>impetu,</strong></span> <span class='ocrx_word' id='word_1_715' title='bbox 2459 5067 2728 5140; x_wconf 81' lang='lat' dir='ltr'><strong>praelium</strong></span> <span class='ocrx_word' id='word_1_716' title='bbox 2753 5068 3092 5126; x_wconf 89' lang='lat' dir='ltr'><strong>intestinum</strong></span> <span class='ocrx_word' id='word_1_717' title='bbox 3113 5069 3346 5141; x_wconf 90' lang='lat' dir='ltr'><strong>quievit.</strong></span> 
     </span>
    </p>
   </div>
   <div class='ocr_carea' id='block_1_114' title="bbox 2797 5193 3192 5251">
    <p class='ocr_par' dir='ltr' id='par_1_114' title="bbox 2797 5193 3192 5251">
     <span class='ocr_line' id='line_1_114' title="bbox 2797 5193 3192 5251; baseline 0.008 -3"><span class='ocrx_word' id='word_1_718' title='bbox 2797 5193 3020 5249; x_wconf 87' lang='lat' dir='ltr'><strong>CAPUT</strong></span> <span class='ocrx_word' id='word_1_719' title='bbox 3062 5194 3192 5251; x_wconf 83' lang='lat' dir='ltr'><strong>XVI.</strong></span> 
     </span>
    </p>
   </div>
   <div class='ocr_carea' id='block_1_115' title="bbox 2189 5279 3774 5355">
    <p class='ocr_par' dir='ltr' id='par_1_115' title="bbox 2189 5279 3774 5355">
     <span class='ocr_line' id='line_1_115' title="bbox 2189 5279 3774 5355; baseline 0 -19"><span class='ocrx_word' id='word_1_720' title='bbox 2189 5279 2531 5355; x_wconf 77' lang='lat' dir='ltr'><strong>De__Clotarii</strong></span> <span class='ocrx_word' id='word_1_721' title='bbox 2543 5281 2780 5353; x_wconf 79' lang='lat' dir='ltr'><strong>junioris</strong></span> <span class='ocrx_word' id='word_1_722' title='bbox 2831 5283 2980 5337; x_wconf 86' lang='lat' dir='ltr'><strong>obitu</strong></span> <span class='ocrx_word' id='word_1_723' title='bbox 3031 5284 3460 5355; x_wconf 83' lang='lat' dir='ltr'><strong>miraculosaque</strong></span> <span class='ocrx_word' id='word_1_724' title='bbox 3480 5302 3590 5355; x_wconf 77' lang='lat' dir='ltr'><strong>per</strong></span> <span class='ocrx_word' id='word_1_725' title='bbox 3613 5283 3774 5355; x_wconf 69' lang='lat' dir='ltr'><strong>dirum</strong></span> 
     </span>
    </p>
   </div>
   <div class='ocr_carea' id='block_1_116' title="bbox 2261 5352 3773 5476">
    <p class='ocr_par' dir='ltr' id='par_1_116' title="bbox 2261 5352 3773 5476">
     <span class='ocr_line' id='line_1_116' title="bbox 2261 5352 3773 5476; baseline -0.002 -70"><span class='ocrx_word' id='word_1_726' title='bbox 2261 5352 2562 5476; x_wconf 51' lang='lat' dir='ltr'><strong>Sulpicium</strong></span> <span class='ocrx_word' id='word_1_727' title='bbox 2617 5373 2648 5407; x_wconf 92' lang='lat' dir='ltr'><strong>a</strong></span> <span class='ocrx_word' id='word_1_728' title='bbox 2695 5355 2937 5424; x_wconf 75' lang='lat' dir='ltr'><strong>febribus</strong></span> <span class='ocrx_word' id='word_1_729' title='bbox 2991 5358 3292 5425; x_wconf 80' lang='lat' dir='ltr'><strong>sanatione,</strong></span> <span class='ocrx_word' id='word_1_730' title='bbox 3343 5352 3511 5428; x_wconf 70' lang='lat' dir='ltr'><strong>deque</strong></span> <span class='ocrx_word' id='word_1_731' title='bbox 3562 5353 3773 5430; x_wconf 59' lang='lat' dir='ltr'><strong>ejusdem</strong></span> 
     </span>
     <span class='ocr_line' id='line_1_117' title="bbox 2261 5423 3771 5476; baseline 0 0"><span class='ocrx_word' id='word_1_732' title='bbox 2261 5423 2346 5476; x_wconf 85' lang='lat' dir='ltr'><strong>Su</strong></span> <span class='ocrx_word' id='word_1_733' title='bbox 2367 5426 2495 5476; x_wconf 78' lang='grc' dir='ltr'><strong>υἱεἰί</strong></span> <span class='ocrx_word' id='word_1_734' title='bbox 2521 5427 2638 5476; x_wconf 70' lang='lat' dir='ltr'><strong>vita:</strong></span> <span class='ocrx_word' id='word_1_735' title='bbox 2676 5429 2972 5476; x_wconf 83' lang='lat' dir='ltr'><strong>sanctitate.</strong></span> <span class='ocrx_word' id='word_1_736' title='bbox 3005 5432 3056 5476; x_wconf 78' lang='lat' dir='ltr'><strong>et</strong></span> <span class='ocrx_word' id='word_1_737' title='bbox 3109 5426 3248 5476; x_wconf 73' lang='lat' dir='ltr'><strong>beati</strong></span> <span class='ocrx_word' id='word_1_738' title='bbox 3295 5425 3473 5476; x_wconf 83' lang='lat' dir='ltr'><strong>Eliaii</strong></span> <span class='ocrx_word' id='word_1_739' title='bbox 3523 5424 3771 5476; x_wconf 78' lang='lat' dir='ltr'><strong>aurifabrt</strong></span> 
     </span>
    </p>
   </div>
   <div class='ocr_carea' id='block_1_117' title="bbox 2261 5423 3771 5506">
    <p class='ocr_par' dir='ltr' id='par_1_117' title="bbox 2261 5423 3771 5506">
     <span class='ocr_line' id='line_1_118' title="bbox 2261 5423 3771 5506; baseline 0.001 -29"><span class='ocrx_word' id='word_1_740' title='bbox 2261 5423 2638 5506; x_wconf 45' lang='lat' dir='ltr'><strong>Sulpiciiﬂtd</strong></span> <span class='ocrx_word' id='word_1_741' title='bbox 2676 5429 2972 5494; x_wconf 81' lang='lat' dir='ltr'><strong>sanctitate,</strong></span> <span class='ocrx_word' id='word_1_742' title='bbox 3005 5432 3056 5484; x_wconf 82' lang='lat' dir='ltr'><strong>et</strong></span> <span class='ocrx_word' id='word_1_743' title='bbox 3109 5426 3248 5482; x_wconf 72' lang='lat' dir='ltr'><strong>beati</strong></span> <span class='ocrx_word' id='word_1_744' title='bbox 3280 5423 3473 5498; x_wconf 34' lang='lat' dir='ltr'><strong>&#39;Elig‘ii</strong></span> <span class='ocrx_word' id='word_1_745' title='bbox 3523 5423 3771 5496; x_wconf 69' lang='lat' dir='ltr'><strong>auri/“atri</strong></span> 
     </span>
    </p>
   </div>
   <div class='ocr_carea' id='block_1_118' title="bbox 2261 5503 2809 5568">
    <p class='ocr_par' dir='ltr' id='par_1_118' title="bbox 2261 5503 2809 5568">
     <span class='ocr_line' id='line_1_119' title="bbox 2261 5503 2809 5568; baseline 0.002 -17"><span class='ocrx_word' id='word_1_746' title='bbox 2261 5503 2560 5551; x_wconf 81' lang='lat' dir='ltr'><strong>innocentia</strong></span> <span class='ocrx_word' id='word_1_747' title='bbox 2584 5503 2632 5552; x_wconf 88' lang='lat' dir='ltr'><strong>et</strong></span> <span class='ocrx_word' id='word_1_748' title='bbox 2653 5513 2809 5568; x_wconf 83' lang='lat' dir='ltr'><strong>Opera</strong></span> 
     </span>
    </p>
   </div>
   <div class='ocr_carea' id='block_1_119' title="bbox 2262 5604 3767 5681">
    <p class='ocr_par' dir='ltr' id='par_1_119' title="bbox 2262 5604 3767 5681">
     <span class='ocr_line' id='line_1_120' title="bbox 2262 5604 3767 5681; baseline -0.001 -22"><span class='ocrx_word' id='word_1_749' title='bbox 2262 5604 2432 5660; x_wconf 86' lang='lat' dir='ltr'><strong>Anno</strong></span> <span class='ocrx_word' id='word_1_750' title='bbox 2455 5620 2547 5661; x_wconf 70' lang='lat' dir='ltr'><strong>xvn</strong></span> <span class='ocrx_word' id='word_1_751' title='bbox 2562 5607 2837 5677; x_wconf 66' lang='lat' dir='ltr'><strong>susceptas</strong></span> <span class='ocrx_word' id='word_1_752' title='bbox 2849 5605 3227 5676; x_wconf 79' lang='lat' dir='ltr'><strong>monarchiae,</strong></span> <span class='ocrx_word' id='word_1_753' title='bbox 3241 5606 3473 5681; x_wconf 84' lang='lat' dir='ltr'><strong>paterni</strong></span> <span class='ocrx_word' id='word_1_754' title='bbox 3489 5608 3676 5664; x_wconf 86' lang='lat' dir='ltr'><strong>autem</strong></span> <span class='ocrx_word' id='word_1_755' title='bbox 3692 5618 3767 5659; x_wconf 83' lang='lat' dir='ltr'><strong>re-</strong></span> 
     </span>
    </p>
   </div>
  </div>
