3882 6212
110 478 221 537 7T7
1230 468 1556 532 HISTORIA
1595 468 2040 533 FRANCORUM.
2092 475 2220 533 LIB.
2254 470 2339 532 ιν.
3347 481 3455 536 778

112 598 219 670 gni
247 612 399 664 xmv,
434 594 718 652 (notarius
752 610 851 653 rex
882 594 1151 659 moritur,
1187 599 1359 667 atque
1406 596 1737 651 suburbano
1757 602 1813 662 Α
1838 595 2000 651 nium
2014 595 2451 668 summanepoti
2475 612 2577 652 suo
2612 595 3096 654 committeretur.
3122 596 3335 655 Verum
3351 598 3457 669 ilii,

114 685 400 752 Parisios,
426 684 488 739 in
520 683 757 739 basilica
784 683 962 739 sancti
1004 683 1283 741 Vincentii
1315 684 1605 755 sepelitur.
1642 684 1741 738 Hic
1841 686 2115 757 parandae
2130 684 2238 740 sibi
2261 686 2535 756 potentia:
2558 685 2744 757 magis
2773 685 3060 741 intentum
3086 703 3266 759 quam
3295 704 3460 743 com-

117 772 634 830 ClotariusJunior
655 775 743 827 est
763 773 1101 844 appellatus,
1136 775 1371 843 propter
1393 788 1741 828 avumsuum
1844 774 2005 828 muni
2037 773 2179 839 usui,
2226 773 2509 842 arbitrati,
2541 777 2599 829 et
2628 774 2783 846 quod
2813 778 2962 830 esset
2989 774 3227 848 ingenio
3260 776 3465 832 remis-

116 862 298 917 simili
356 861 625 928 nomine,
682 877 815 915 cum
868 860 1192 931 adjectione
1240 866 1434 916 tamen
1492 860 1743 916 Senioris
1845 861 1981 924 sior,
2013 862 3207 934 declinandumaastimavere.Dagobertus
3229 868 3457 933 tamen,

120 951 381 1018 dictum;
414 950 513 1021 qui
534 949 755 1021 primus
771 949 945 1005 etiam
971 949 1081 1004 dici
1112 953 1321 1020 potest,
1343 951 1449 1005 isto
1467 950 1745 1004 existente
1847 950 2058 1022 optatis
2096 950 2329 1021 potitus,
2360 950 2634 1005 Brunulfo
2656 950 2897 1021 dignam
2918 951 3083 1006 factis
3113 951 3456 1007 vicissitudi-

116 1040 408 1105 secundo,
456 1055 685 1094 necnon
735 1039 1119 1111 subsequente
1162 1040 1364 1106 altero,
1418 1039 1488 1092 de
1542 1055 1654 1109 quo
1687 1038 1745 1092 in
1848 1054 1985 1092 nem
2003 1039 2374 1108 postmodum
2394 1039 3460 1111 restituerecuravit.Compositisvero

120 1128 551 1200 posterioribus
582 1127 995 1183 declarabitur.
1847 1141 1986 1197 erga
2001 1143 2061 1181 se
2074 1127 2264 1194 rebus,
2287 1131 2345 1180 et
2361 1126 2561 1181 studiis
2582 1127 2849 1182 omnium
2871 1127 2969 1198 qui
2994 1143 3120 1183 rem
3143 1127 3461 1184 militarem

193 1218 364 1271 Hunc
396 1232 534 1270 vero
568 1214 883 1270 Clotarium
914 1215 1115 1271 beatus
1136 1215 1404 1287 sulpicius
1427 1215 1580 1285 (tunc
1620 1214 1744 1286 qui-

124 1307 258 1361 dem
283 1303 753 1371 archidiaconus,
794 1305 1167 1378 postmodum
1212 1306 1406 1358 autem
1440 1303 1747 1357 Bituricen-

117 1395 266 1449 sium
292 1392 620 1464 episcopus)
645 1391 919 1446 anteriori
944 1395 1209 1462 tempore
1231 1409 1262 1446 a
1282 1391 1442 1462 gravi
1468 1390 1745 1446 liberave-

121 1486 212 1537 rat
230 1480 496 1536 febrium
526 1479 927 1547 incommodo,
947 1484 1169 1551 septem
1188 1480 1345 1551 prius
1366 1479 1590 1534 dierum
1616 1496 1749 1534 con-

121 1572 425 1625 summato
449 1568 697 1639 jejunio.
748 1567 874 1622 Fuit
902 1572 1098 1623 autem
1126 1569 1373 1640 patiens,
1406 1568 1610 1622 litteris
1625 1584 1749 1622 eru-

123 1658 302 1724 ditus,
336 1656 569 1711 timoris
597 1656 701 1712 Dci
758 1657 983 1726 plenus,
1033 1656 1379 1729 pauperibus
1428 1656 1749 1711 necessaria

120 1746 419 1812 tribuens,
437 1744 809 1799 ecclesiarum
829 1744 1061 1800 Domini
1075 1748 1248 1817 atque
1260 1744 1626 1799 sacerdotum
1643 1743 1751 1798 uti-

118 1834 272 1889 litati
286 1834 600 1889 consulens
619 1833 1027 1888 Verumtamen
1041 1832 1284 1888 subdola
1297 1832 1746 1903 malignantium

1848 1214 1935 1268 vel
1966 1213 2471 1281 administrabant,
2501 1216 2587 1270 vel
2616 1215 2766 1271 circa
2797 1232 2966 1271 suum
2987 1216 3303 1288 imperium
3327 1234 3463 1273 con-

1846 1301 2164 1373 spirabaut,
2214 1305 2399 1357 tactus
2442 1304 2615 1358 corde
2668 1306 2842 1376 atque
2888 1308 3153 1377 respectu
3188 1304 3461 1361 fraterna:

1848 1390 2262 1463 compassionis
2287 1391 2359 1445 ad
2382 1390 2817 1447 miserationem
2842 1392 3105 1453 inflexus.
3135 1392 3460 1448 amicorum

1848 1478 2086 1533 consilio
2117 1480 2356 1536 fratrem
2389 1497 2455 1535 ex
2502 1482 2667 1552 parte
2715 1485 3043 1537 consortem
3094 1481 3262 1554 regni
3302 1481 3459 1539 fecit.

1849 1567 2182 1639 Collataque
2203 1567 2253 1623 ei
2276 1568 2592 1640 provincia,
2614 1586 2743 1641 qua:
2769 1587 2803 1625 a
2829 1568 2956 1641 ripa
2986 1569 3203 1642 Ligeris
3234 1570 3459 1627 Wasco-

1849 1654 2006 1709 niam
2026 1672 2220 1710 versus
2232 1657 2559 1712 extenditur
2573 1675 2754 1731 usque
2771 1658 2844 1714 ad
2857 1659 3269 1731 Pyrenaeijuga
3291 1675 3462 1717 mon-

1848 1743 1939 1806 tis,
1980 1744 2077 1814 qui
2108 1744 2345 1799 Galliam
2371 1746 2444 1800 ab
2491 1746 2761 1818 Hispania
2811 1746 3198 1815 disterminat,
3225 1750 3461 1819 pactum

1848 1830 2023 1885 etiam
2053 1848 2185 1886 cum
2204 1849 2273 1887 eo
2289 1833 2500 1903 scripto
2521 1834 2773 1905 pepigit:
2806 1854 2839 1887 α
2871 1836 2962 1902 Ut,
2990 1836 3210 1907 privato
3225 1840 3463 1893 conten-

118 1923 386 1978 versutia
403 1923 744 1993 subreptum
773 1924 859 1977 est
887 1922 936 1976 ei
961 1926 1023 1977 ut
1052 1922 1287 1976 beatum
1330 1922 1554 1993 Lupum
1601 1936 1748 1991 praa-
1774 1915 1823 1975 Β
1848 1921 1938 1973 tus
1956 1919 2177 1987 habitu,
2200 1920 2281 1976 nil
2304 1922 2550 1992 amplius
2569 1922 2640 1976 de
2661 1925 2905 1993 paterno
2948 1939 3183 1995 sperare
3221 1923 3464 1980 deberet

115 2012 311 2066 sulem
345 2010 648 2065 Senonum
680 2028 714 2065 a
743 2011 876 2065 sede
919 2010 1155 2083 propria
1189 2010 1476 2081 explsnm,
1511 2009 1569 2062 in
1605 2009 1748 2062 exsi-

118 2101 265 2155 lium
291 2098 644 2154 retruderet.
670 2099 775 2163 Qui
800 2099 888 2153 vir
904 2101 1079 2153 tanta;
1101 2098 1422 2153 sanctitatis
1454 2096 1630 2151 fuisse
1650 2113 1750 2169 pa-

116 2191 240 2244 lam
302 2204 376 2242 ex
418 2192 717 2258 gestorum
762 2186 983 2258 scriptis
1021 2202 1258 2241 suorum
1313 2184 1637 2240 ostenditur
1690 2186 1754 2237 ut

117 2277 389 2350 quadam
420 2274 523 2330 Die
546 2274 860 2330 celebranti
878 2274 929 2329 ei
943 2291 1105 2329 sacra
1124 2274 1430 2329 missarum
1444 2272 1752 2339 solemnia,

115 2366 353 2421 caelitus
375 2380 510 2434 gem
521 2380 615 2417 ma
633 2364 690 2417 in
715 2366 976 2417 sanctum
994 2364 1261 2435 prolapsa
1276 2363 1347 2416 sit
1366 2362 1626 2417 calicem.
1647 2360 1754 2414 De-

119 2455 306 2524 nique
325 2469 432 2507 rex
454 2451 739 2523 paenitens
755 2451 911 2517 facti,
954 2451 1028 2505 ab
1060 2450 1256 2505 exsilio
1299 2466 1432 2504 eum
1458 2449 1630 2520 jussit
1667 2464 1755 2503 re-

117 2543 257 2597 duci
282 2546 346 2597 et
364 2558 401 2595 a
418 2558 479 2596 se
501 2541 756 2611 perduci.
787 2543 833 2593 Α
862 2556 976 2611 quo
1003 2539 1444 2595 commissorum
1465 2541 1753 2610 postulata

117 2633 564 2703 impetrataque
576 2630 1140 2695 venia,muneratum
1156 2644 1288 2682 eum
1308 2629 1529 2683 remisit
1542 2629 1613 2683 ad
1629 2645 1750 2683 sua.

113 2722 331 2775 Beatus
359 2734 593 2789 quoque
642 2717 852 2787 Eligius
900 2716 1117 2771 aurifex
1169 2716 1627 2788 probatissimus,
1661 2733 1749 2771 re-

1850 2023 2052 2079 regno.
2088 2027 2119 2060 »
2150 2008 2257 2072 Qui
2285 2009 2379 2063 ubi
2418 2013 2795 2081 protestatem
2852 2010 3094 2081 adeptus
3123 2013 3231 2079 est,
3261 2011 3461 2067 sedem

1850 2095 2016 2166 regni
2044 2095 2310 2151 Tolosam
2338 2097 2576 2169 eligens,
2630 2114 2799 2152 sensu
2851 2114 2991 2165 non,
3031 2102 3096 2152 ut
3120 2098 3459 2170 putabatur,

1850 2182 2069 2251 tardus,
2086 2200 2283 2240 verum
2307 2188 2514 2239 natura
2528 2185 2673 2240 acris
2695 2185 2768 2241 ad
2783 2185 3054 2241 obeunda
3074 2186 3328 2258 negotia,
3353 2191 3461 2243 sta-

1850 2270 1955 2325 tim
1985 2271 2221 2343 ingenio
2272 2289 2373 2327 suo
2405 2274 2714 2329 materiam
2755 2273 2995 2330 invenit.
3029 2274 3371 2347 (Sequentia
3393 2292 3460 2331 ex

1851 2359 2024 2430 gestis
2055 2361 2363 2432 Dagoberti
2388 2362 2714 2434 desumpta,
2738 2381 2865 2435 qua:
2892 2366 3098 2419 tomol
3127 2365 3460 2435 habentur.)

1851 2450 2018 2503 Anno
2052 2450 2211 2504 enim
2242 2466 2303 2504 iu
2331 2454 2641 2522 postquam
2694 2468 2941 2523 regnare
2972 2456 3244 2524 coeperat,
3275 2456 3461 2508 totam

1852 2537 2166 2592 \Vasconiaa
2179 2542 2395 2593 terram
2409 2539 2638 2611 subegit
2655 2543 2826 2611 atque
2843 2557 3091 2612 regnum
3104 2556 3271 2595 suum
3292 2541 3464 2596 latius

1853 2626 2058 2681 effecit.
2094 2627 2367 2682 Universa
2407 2631 2602 2682 autem
2651 2628 2882 2684 Austria
2924 2645 3056 2684 cum
3108 2629 3462 2701 Burgundia,

1850 2716 2111 2770 Neustria
2136 2731 2389 2788 quoque,
2414 2716 2675 2772 dominio
2697 2718 2983 2789 parebant
3003 2716 3337 2789 Dagoberti.
3361 2717 3468 2771 Cu-

112 2809 258 2864 licto
288 2806 486 2877 patrio
514 2805 859 2860 Lemoviciui
889 2804 1167 2859 territorii
1196 2806 1339 2870 solo,
1367 2805 1439 2859 ad
1472 2805 1747 2860 eumdem
1843 2804 1938 2874 jus
1959 2804 2313 2859 actusliceta
2334 2805 2626 2861 nonnullis
2647 2806 2957 2877 separatim
2977 2805 3185 2877 digesti
3203 2804 3460 2860 habean-

115 2912 332 2968 regem
386 2893 692 2959 transiens,
735 2894 935 2947 sellam
979 2908 1217 2947 auream
1263 2892 1438 2963 regias
1480 2892 1751 2963 dignitati
1851 2896 1962 2960 tur,
1982 2896 2179 2947 tamen
2204 2910 2386 2948 necos
2408 2894 2561 2949 facta
2578 2895 2961 2965 ejuslateant,
2982 2894 3137 2967 apud
3154 2910 3298 2967 quos
3314 2908 3464 2965 pra:-

114 2997 455 3053 congruam
480 2980 799 3035 fabricandi
845 2981 917 3033 ab
962 2996 1031 3034 eo
1065 2982 1418 3050 praeceptum
1450 2980 1667 3050 pariter
1692 2984 1751 3033 et
1848 2980 1966 3033 fata
1987 2980 2413 3037 noninvenitur
2432 2982 2732 3054 scriptura,
2760 2998 2830 3037 ea
2853 2999 2962 3038 nos
2986 2982 3150 3038 libuit
3188 2981 3467 3053 perstrin-

115 3069 675 3140 impensasaccepit.
697 3068 763 3123 Et
794 3084 964 3139 puras
994 3068 1248 3122 abomni
1275 3067 1602 3139 cupiditatis
1632 3084 1751 3121 ma-
1848 3084 2006 3137 gere.
2064 3069 2421 3140 Dagobertus
2472 3070 2685 3142 quippe
2765 3088 2799 3126 a
2877 3070 3129 3127 Clotario
3191 3071 3458 3142 genitore

113 3160 251 3213 cula
281 3173 499 3228 gerens
519 3173 883 3227 manus,quze
907 3156 981 3210 ad
1000 3157 1167 3210 unius
1190 3156 1750 3227 opificiisusceperat
1772 3199 1819 3231 Γ,
1851 3155 2162 3211 venerabili
2208 3157 2327 3211 viro
2373 3158 2621 3213 Arnulfo
2664 3159 2898 3215 Metensi
2940 3158 3202 3231 pontifici
3234 3157 3307 3213 ad
3336 3174 3465 3213 eru-

114 3263 318 3313 usum,
336 3247 401 3300 in
428 3245 542 3300 duo
560 3245 769 3312 divisit,
794 3249 854 3299 et
875 3262 1051 3300 unam
1079 3244 1314 3317 quidem
1338 3261 1456 3299 non
1486 3244 1750 3299 miinoris
1774 3242 1820 3259 ν
1849 3242 2128 3297 diendum
2154 3244 2416 3313 traditus,
2453 3245 2716 3317 pueritiae
2760 3262 2945 3301 annos
2994 3245 3053 3301 in
3081 3245 3284 3302 studiis
3311 3262 3468 3302 exer-

112 3332 553 3405 magnitudinis
573 3348 748 3403 quam
764 3334 954 3404 jussus
981 3333 1189 3400 fuerat,
1215 3331 1534 3402 perfectam
1563 3331 1751 3386 reddi-

110 3423 219 3478 dit.
239 3420 420 3485 Quod
438 3437 572 3476 vero
595 3437 663 3475 ex
684 3420 974 3476 attributis
1006 3420 1114 3475 sibi
1148 3420 1273 3476 auri
1313 3420 1636 3491 sumptibus
1662 3437 1749 3475 su-

109 3510 363 3583 perfuit,
376 3527 452 3565 ne
473 3510 777 3582 negligens
793 3510 1081 3583 perderet,
1097 3513 1184 3565 vel
1200 3527 1311 3566 suae
1335 3509 1749 3581 concupiscen-

112 3601 211 3655 tia:
247 3597 665 3654 satisfaciendo
697 3598 947 3654 retinere
975 3598 1287 3667 videretur,
1340 3599 1400 3653 in
1454 3599 1749 3653 minorem

111 3687 424 3744 conﬂavit.
465 3685 591 3750 Qua
641 3704 706 3743 re
751 3687 1020 3759 princeps
1072 3690 1391 3759 perspecta,
1444 3687 1748 3742 laudatum

110 3779 304 3833 allum
334 3792 403 3831 ac
414 3780 876 3839 remuneratum,
890 3776 1086 3847 palatii
1092 3776 1257 3847 jubet
1272 3776 1525 3832 incolere
1554 3776 1747 3832 domi-

111 3869 277 3923 cilia.
314 3865 433 3921 Sed
468 3865 541 3921 de
563 3865 653 3921 bis
683 3866 792 3924 ista
816 3865 1123 3921 sufficiant.

735 3990 958 4045 CAPUT
981 3990 1149 4049 .XVlI.

109 4103 197 4162 De
222 4098 532 4171 Dagoberti'
546 4105 665 4171 post
693 4100 1088 4171 annuntjatam
1114 4097 1221 4171 sibi
1248 4097 1481 4152 Clutorii
1510 4103 1740 4171 mortem

179 4168 415 4239 studiis,
435 4178 487 4224 et
514 4168 759 4224 Ariberti
781 4186 844 4223 ac
874 4168 1127 4237 BrunuI/i
1140 4176 1325 4223 contra
1344 4186 1465 4224 eum
1481 4170 1739 4237 factione,

184 4246 367 4325 deque
414 4257 694 4325 corporum
745 4239 1001 4325 Dz‘ony‘sii.
1048 4248 1098 4294 et
1138 4242 1399 4325 sociorum
1440 4242 1742 4323 inventione

181 4311 548 4380 miraculosa,
581 4328 782 4366 necnon
811 4319 861 4367 et
886 4311 1210 4381 Sadregzsilo
1242 4311 1417 4367 locum
1447 4318 1653 4367 tenente
1684 4314 1740 4366 in

178 4389 239 4443 A
251 4386 525 4459 quitania.

1847 3331 1965 3386 cuit
1987 3334 2331 3387 litterarum.
2350 3333 2813 3389 Adolescentiam
2830 3350 2966 3389 vero
2981 3350 3145 3389 suam
3162 3335 3462 3391 venatibus

1848 3420 2045 3492 (quem
2069 3418 2297 3475 morem
2337 3422 2683 3477 Francorum
2706 3421 3223 3494 principibussaape
3239 3423 3342 3477 fati
3362 3441 3459 3479 su-

1846 3525 1975 3564 mus
2009 3509 2181 3565 fuisse
2199 3509 3003 3579 familiarum)assuefaciens,
3027 3526 3199 3582 agere
3226 3526 3462 3567 cervum

1846 3597 2099 3668 quadam
2131 3596 2222 3651 die
2251 3595 2521 3651 instituit.
2556 3594 2665 3659 Qui
2693 3595 2860 3651 facile
2893 3596 3178 3652 industria
3202 3598 3466 3669 equitum

1847 3701 1913 3741 ac
1924 3685 2234 3758 sagacitate
2255 3685 2524 3739 inventus
2541 3701 2774 3753 canum,
2796 3701 2865 3739 ea
2876 3684 3178 3741 velocitate
3195 3686 3467 3759 quaillud

1845 3775 2063 3830 animal
2092 3773 2173 3829 uti
2201 3773 2517 3841 consuevit,
2560 3772 2754 3828 silvas"
2778 3776 2836 3828 et
2867 3777 3119 3843 montes,
3164 3778 3224 3830 et
3270 3774 3319 3830 si
3350 3793 3467 3849 qua

1845 3863 2026 3917 etiam
2058 3878 2358 3918 occurrere
2384 3861 2631 3917 ﬂumina
2660 3861 2970 3930 transiens,
3020 3861 3081 3917 in
3129 3863 3341 3931 vicum,
3372 3863 3464 3920 cui

1846 3951 2163 4007 Catuliacus
2177 3951 2522 4007 vocabulum
2539 3953 2643 4018 est,
2663 3966 2833 4006 cursu
2849 3950 3198 4007 deferturJn
3210 3952 3319 4008 hoc
3340 3952 3461 4009 vico

1843 4039 2084 4094 radicula
2095 4042 2239 4107 erat,
2263 4056 2390 4111 qua:
2402 4054 2651 4109 corpora
2667 4042 2993 4112 martyrum
3011 4039 3270 4113 Dionysii
3286 4057 3355 4097 ac
3367 4057 3464 4097 so-

1840 4127 2065 4183 ciorum
2094 4128 2216 4199 ejus
2234 4128 2486 4200 tegebat,
2515 4129 2572 4183 in
2601 4145 2777 4201 quam
2791 4145 2849 4184 se
2867 4145 3066 4185 cervus
3086 4132 3209 4186 tuto
3225 4133 3458 4203 reperto

1843 4218 2105 4290 perfugio
2126 4218 2371 4273 confert.
2406 4218 2590 4273 Canes
2618 4234 2650 4274 e
2679 4218 2919 4292 vestigio
2943 4234 3080 4274 eum
3120 4218 3323 4288 secuti,
3351 4235 3460 4276 nec

1841 4306 1898 4361 in
1907 4307 2071 4378 gredi
2082 4307 2295 4377 apertis
2302 4306 2325 4377 j
2335 4307 2499 4361 anuis
2512 4306 3050 4375 valentes,ostiatim
3063 4307 3456 4365 oblatrabant.

1841 4394 2684 4465 AdveniensDagobertus,rem
2702 4396 3028 4468 spectaculo
3046 4394 3462 4452 admiraturdi-

185 4496 379 4550 Fama
425 4492 624 4563 itaque
671 4489 927 4545 defuncti
968 4489 1199 4545 Clotarii
1234 4489 1306 4544 ad
1348 4484 2041 4560 Dagobertungnam.
2082 4483 2383 4539 Finitimos
2425 4483 2635 4538 deinde
2674 4500 2879 4540 rumor
2897 4483 3059 4540 istius
3080 4482 3368 4552 miraculi,
3401 4486 3461 4539 et

114 4583 496 4655 pervenerat,
518 4595 685 4634 more
715 4578 934 4650 ingenii
963 4577 1332 4645 humani,cui
1354 4578 1491 4632 satis
1510 4580 1615 4646 est,
1647 4579 1743 4634 ubi

114 4672 316 4744 capita
346 4667 659 4741 acceperit,
687 4671 896 4722 caetera
918 4683 1033 4722 non
1050 4666 1362 4739 requirere.
1381 4666 1745 4739 Quapropter

116 4760 491 4831 Dagobertus
506 4759 687 4812 lectos
703 4773 734 4810 e
758 4773 939 4829 regno
957 4756 1383 4811 Austrasiorum
1397 4772 1541 4828 quos
1557 4756 1742 4812 ﬁden-

117 4851 299 4906 tiores
317 4846 564 4919 reperit,
589 4846 649 4900 in
682 4845 1003 4899 Neustriam
1029 4850 1087 4900 et
1110 4844 1502 4917 Burgundiam
1525 4845 1742 4917 dirigit,

116 4943 179 4993 ut
193 4939 414 4993 ducum
431 4935 548 4990 sive
570 4934 913 5006 pontificum
928 4934 1185 5005 ipsarum
1206 4933 1467 5005 gentium
1483 4933 1590 4989 sibi
1611 4950 1745 5005 gra-

114 5029 266 5083 tiam
281 5026 596 5082 sociarent.
621 5024 683 5079 Id
696 5024 770 5078 ab
783 5025 1050 5079 omnibus
1062 5040 1193 5078 cum
1207 5023 1406 5079 laetitia
1419 5027 1744 5095 susceptum

115 5135 185 5173 eo
220 5116 384 5190 quod
415 5116 843 5187 cognoscerent
862 5131 1107 5186 regnum
1128 5114 1179 5168 ei
1199 5113 1417 5169 deberi.
1437 5115 1744 5168 Remenscs

114 5207 523 5279 Dagobertum
548 5202 980 5269 advenientem,
1021 5202 1196 5274 primi
1231 5202 1563 5273 suscipiunt,
1603 5202 1743 5257 inibi

114 5294 487 5367 principibus
514 5293 977 5346 memoratarum
1011 5292 1321 5345 nationum
1352 5307 1483 5345 cum
1515 5307 1742 5344 summo

115 5385 335 5455 gaudio
353 5381 809 5438 conﬂuentibus.
835 5379 1085 5434 Ardebat
1099 5381 1413 5448 Aribertus,
1428 5381 1606 5434 frater
1623 5379 1671 5449 ej
1682 5395 1744 5432 us

115 5473 343 5544 aliquid
373 5471 485 5525 sibi
512 5469 881 5541 publicorum
923 5469 1207 5523 committi
1237 5486 1566 5524 munerum.
1615 5466 1744 5521 Pari

115 5562 300 5616 modo
330 5559 646 5615 Brunulfus
680 5557 861 5611 frater
889 5556 1151 5613 Sichildis
1201 5559 1440 5629 regium,
1499 5557 1746 5611 Ariberti

115 5647 752 5722 avunculus,paulatim
765 5644 1078 5700 ambiendo
1093 5663 1348 5719 quosque
1363 5647 1738 5718 potentiores,

116 5738 358 5796 efﬁcere
374 5736 749 5801 moliebatur,
767 5736 1032 5803 utspreto
1049 5735 1601 5809 Dagoberto,rerum
1617 5752 1746 5793 om-

563 5835 803 5892 Paraon.
836 5830 1089 5891 CXXXIX.

1841 4572 2128 4645 praecipue
2156 4571 2572 4643 Dagobertum,
2621 4571 2698 4627 ad
2754 4572 3144 4628 reverentiam
3188 4571 3459 4628 sollicitat

1840 4664 2194 4716 sanctorum.
2225 4662 2512 4715 Praeterea
2541 4661 2822 4717 Clotarius
2838 4660 3156 4733 quemdam
3186 4660 3461 4733 Sadregi-

1842 4750 2011 4804 silum
2043 4749 2300 4817 nomine,
2332 4750 2505 4805 rebus
2528 4749 2631 4805 sub
2646 4766 2706 4804 se
2737 4749 3057 4804 tractandis
3091 4749 3454 4819 praefecerat,

1841 4839 2164 4911 Aquitaniae
2180 4840 2389 4895 ducatu
2403 4839 2701 4912 specialius
2714 4836 2766 4892 ei
2784 4836 3116 4893 commisso.
3141 4836 3241 4890 Hic
3256 4838 3455 4910 itaque

1843 4929 1997 5000 regis
2010 4929 2191 4983 [ilium
2202 4930 2473 5000 superbia
2484 4926 2891 5002 quatumebat,
2907 4923 3201 4995 despicere
3212 4929 3453 4982 conten-

1844 5019 2007 5083 dens,
2028 5033 2299 5088 prospere
2322 5033 2457 5071 eum
2478 5034 2652 5089 agere
2671 5032 2787 5071 non
2803 5029 2969 5086 aequo
2990 5011 3218 5067 ferebat
3232 5012 3450 5071 animo.

1844 5106 2137 5161 Excusatio
2155 5122 2292 5161 sane
2314 5108 2439 5158 erat
2446 5105 2714 5176 juvenilis
2728 5102 2934 5170 etatis,
2971 5118 3045 5157 ne
3062 5103 3355 5155 tumorem
3386 5116 3453 5156 ex

1842 5196 2196 5266 subjectione
2215 5194 2541 5266 principum
2558 5194 2944 5248 contraheret.
2972 5191 3140 5246 Forte
3171 5188 3454 5244 Clotarius

1842 5287 2115 5340 venatum
2145 5284 2347 5350 ivit,ac
2378 5298 2495 5337 non
2525 5298 2700 5352 parvo
2733 5284 3022 5336 terrarum
3056 5280 3243 5352 spatio
3273 5295 3308 5334 a
3332 5278 3452 5333 filio

1842 5369 2650 5443 sejunctus,opportunitatem
2668 5370 2914 5439 prasbuit
2927 5373 2989 5424 ut
3000 5368 3456 5437 ducem,adcon-

1842 5460 2052 5515 vivium
2073 5459 2411 5515 accersitum
2432 5461 2491 5511 et
2521 5457 2901 5512 contumacia:
2921 5458 3322 5530 redargutum,
3344 5460 3457 5515 Da-

1846 5549 2120 5621 gobertus
2149 5546 2393 5619 ﬂagellis
2424 5545 2909 5616 cmdi,barba3que
2937 5549 3341 5617 amputatione
3362 5549 3459 5605 de.

1847 5636 2066 5708 turpari
2083 5634 2688 5710 praeciperetAudacis
2710 5633 2904 5705 itaque
2921 5632 3055 5687 facti
3079 5637 3457 5706 conscius,la-

1850 5729 2016 5788 tebra
2035 5745 2169 5806 qua,
2188 5742 2249 5784 se
2259 5725 2866 5803 insequente,cervum
2885 5721 3212 5797 confugisse
3232 5726 3460 5812 viderat

3139 5826 3210 5887 25
