  <div class='ocr_page' id='page_1' title='image "/cluster/home/n/w/nwhite01/storage/ocr_20150623/139/uva.x000829787/399.png"; bbox 0 0 3882 6212; ppageno 0'>
   <div class='ocr_carea' id='block_1_1' title="bbox 409 399 518 465">
    <p class='ocr_par' dir='ltr' id='par_1_1' title="bbox 409 399 518 465">
     <span class='ocr_line' id='line_1_1' title="bbox 409 399 518 465; baseline 0 -1"><span class='ocrx_word' id='word_1_1' title='bbox 409 399 518 465; x_wconf 64' lang='lat'><strong>&#39;783</strong></span> 
     </span>
    </p>
   </div>
   <div class='ocr_carea' id='block_1_2' title="bbox 1492 394 2642 468">
    <p class='ocr_par' dir='ltr' id='par_1_2' title="bbox 1492 394 2642 468">
     <span class='ocr_line' id='line_1_2' title="bbox 1492 394 2642 468; baseline -0.003 -2"><span class='ocrx_word' id='word_1_2' title='bbox 1492 404 1756 468; x_wconf 74' lang='lat' dir='ltr'><strong>AlMOlNl</strong></span> <span class='ocrx_word' id='word_1_3' title='bbox 1791 404 2099 464; x_wconf 78' lang='lat' dir='ltr'><strong>MONACHI</strong></span> <span class='ocrx_word' id='word_1_4' title='bbox 2138 394 2642 464; x_wconf 84' lang='lat' dir='ltr'><strong>FLORIACENSIS</strong></span> 
     </span>
    </p>
   </div>
   <div class='ocr_carea' id='block_1_3' title="bbox 3625 405 3731 468">
    <p class='ocr_par' dir='ltr' id='par_1_3' title="bbox 3625 405 3731 468">
     <span class='ocr_line' id='line_1_3' title="bbox 3625 405 3731 468; baseline -0.019 0"><span class='ocrx_word' id='word_1_5' title='bbox 3625 405 3731 468; x_wconf 63' lang='grc' dir='ltr'><strong>’πει</strong></span> 
     </span>
    </p>
   </div>
   <div class='ocr_carea' id='block_1_4' title="bbox 415 525 3750 604">
    <p class='ocr_par' dir='ltr' id='par_1_4' title="bbox 415 525 3750 604">
     <span class='ocr_line' id='line_1_4' title="bbox 415 525 3750 604; baseline 0.001 -20"><span class='ocrx_word' id='word_1_6' title='bbox 415 527 581 600; x_wconf 89' lang='lat' dir='ltr'><strong>dum)</strong></span> <span class='ocrx_word' id='word_1_7' title='bbox 597 529 768 584; x_wconf 81' lang='lat' dir='ltr'><strong>vellet</strong></span> <span class='ocrx_word' id='word_1_8' title='bbox 787 525 1028 586; x_wconf 86' lang='lat' dir='ltr'><strong>adorare</strong></span> <span class='ocrx_word' id='word_1_9' title='bbox 1053 525 1294 604; x_wconf 89' lang='lat' dir='ltr'><strong>;illeque</strong></span> <span class='ocrx_word' id='word_1_10' title='bbox 1314 531 1701 604; x_wconf 84' lang='lat' dir='ltr'><strong>responderet</strong></span> <span class='ocrx_word' id='word_1_11' title='bbox 1714 531 2038 586; x_wconf 82' lang='lat' dir='ltr'><strong>nullatenus</strong></span> <span class='ocrx_word' id='word_1_12' title='bbox 2059 535 2112 594; x_wconf 82' lang='grc' dir='ltr'><strong>Α</strong></span> <span class='ocrx_word' id='word_1_13' title='bbox 2135 527 2235 583; x_wconf 86' lang='lat' dir='ltr'><strong>Cui</strong></span> <span class='ocrx_word' id='word_1_14' title='bbox 2261 527 2527 582; x_wconf 79' lang='lat' dir='ltr'><strong>successit</strong></span> <span class='ocrx_word' id='word_1_15' title='bbox 2556 527 2877 582; x_wconf 88' lang='lat' dir='ltr'><strong>Heraclona</strong></span> <span class='ocrx_word' id='word_1_16' title='bbox 2906 527 3054 584; x_wconf 88' lang='lat' dir='ltr'><strong>ﬁlius</strong></span> <span class='ocrx_word' id='word_1_17' title='bbox 3086 541 3218 584; x_wconf 90' lang='lat' dir='ltr'><strong>cum</strong></span> <span class='ocrx_word' id='word_1_18' title='bbox 3265 533 3456 586; x_wconf 91' lang='lat' dir='ltr'><strong>matre</strong></span> <span class='ocrx_word' id='word_1_19' title='bbox 3484 530 3750 594; x_wconf 80' lang='lat' dir='ltr'><strong>Martiua.</strong></span> 
     </span>
    </p>
   </div>
   <div class='ocr_carea' id='block_1_5' title="bbox 415 616 2032 687">
    <p class='ocr_par' dir='ltr' id='par_1_5' title="bbox 415 616 2032 687">
     <span class='ocr_line' id='line_1_5' title="bbox 415 616 2032 687; baseline 0 -14"><span class='ocrx_word' id='word_1_20' title='bbox 415 617 477 673; x_wconf 92' lang='lat' dir='ltr'><strong>id</strong></span> <span class='ocrx_word' id='word_1_21' title='bbox 491 633 552 672; x_wconf 91' lang='lat' dir='ltr'><strong>se</strong></span> <span class='ocrx_word' id='word_1_22' title='bbox 574 616 886 687; x_wconf 86' lang='lat' dir='ltr'><strong>facturum,</strong></span> <span class='ocrx_word' id='word_1_23' title='bbox 915 620 1208 676; x_wconf 88' lang='lat' dir='ltr'><strong>Heraclius</strong></span> <span class='ocrx_word' id='word_1_24' title='bbox 1231 638 1364 676; x_wconf 89' lang='lat' dir='ltr'><strong>eum</strong></span> <span class='ocrx_word' id='word_1_25' title='bbox 1382 621 1534 676; x_wconf 84' lang='lat' dir='ltr'>illico</span> <span class='ocrx_word' id='word_1_26' title='bbox 1559 621 1865 675; x_wconf 87' lang='lat' dir='ltr'><strong>interfecit.</strong></span> <span class='ocrx_word' id='word_1_27' title='bbox 1899 621 2032 674; x_wconf 88' lang='lat' dir='ltr'><strong>Per-</strong></span> 
     </span>
    </p>
   </div>
   <div class='ocr_carea' id='block_1_6' title="bbox 420 707 2034 778">
    <p class='ocr_par' dir='ltr' id='par_1_6' title="bbox 420 707 2034 778">
     <span class='ocr_line' id='line_1_6' title="bbox 420 707 2034 778; baseline 0 -18"><span class='ocrx_word' id='word_1_28' title='bbox 420 708 776 778; x_wconf 88' lang='lat' dir='ltr'><strong>vagatusque</strong></span> <span class='ocrx_word' id='word_1_29' title='bbox 805 707 1132 764; x_wconf 80' lang='lat' dir='ltr'><strong>universam</strong></span> <span class='ocrx_word' id='word_1_30' title='bbox 1179 711 1501 776; x_wconf 82' lang='lat' dir='ltr'><strong>Persidem,</strong></span> <span class='ocrx_word' id='word_1_31' title='bbox 1535 709 1718 763; x_wconf 89' lang='lat' dir='ltr'><strong>ﬁlium</strong></span> <span class='ocrx_word' id='word_1_32' title='bbox 1745 708 2034 764; x_wconf 89' lang='lat' dir='ltr'><strong>Chosdroe</strong></span> 
     </span>
    </p>
   </div>
   <div class='ocr_carea' id='block_1_7' title="bbox 417 795 2030 871">
    <p class='ocr_par' dir='ltr' id='par_1_7' title="bbox 417 795 2030 871">
     <span class='ocr_line' id='line_1_7' title="bbox 417 795 2030 871; baseline 0.001 -24"><span class='ocrx_word' id='word_1_33' title='bbox 417 795 724 866; x_wconf 88' lang='lat' dir='ltr'><strong>parvulum</strong></span> <span class='ocrx_word' id='word_1_34' title='bbox 751 795 954 868; x_wconf 85' lang='lat' dir='ltr'><strong>(quem</strong></span> <span class='ocrx_word' id='word_1_35' title='bbox 990 814 1120 853; x_wconf 88' lang='lat' dir='ltr'><strong>cum</strong></span> <span class='ocrx_word' id='word_1_36' title='bbox 1149 816 1218 855; x_wconf 91' lang='lat' dir='ltr'><strong>eo</strong></span> <span class='ocrx_word' id='word_1_37' title='bbox 1243 798 1563 871; x_wconf 81' lang='lat' dir='ltr'><strong>invenerat)</strong></span> <span class='ocrx_word' id='word_1_38' title='bbox 1586 797 1862 870; x_wconf 89' lang='lat' dir='ltr'><strong>baptizari</strong></span> <span class='ocrx_word' id='word_1_39' title='bbox 1885 812 2030 868; x_wconf 62' lang='lat' dir='ltr'><strong>prae-</strong></span> 
     </span>
    </p>
   </div>
   <div class='ocr_carea' id='block_1_8' title="bbox 417 882 2033 960">
    <p class='ocr_par' dir='ltr' id='par_1_8' title="bbox 417 882 2033 960">
     <span class='ocr_line' id='line_1_8' title="bbox 417 882 2033 960; baseline 0.001 -22"><span class='ocrx_word' id='word_1_40' title='bbox 417 882 656 954; x_wconf 90' lang='lat' dir='ltr'><strong>cipiens,</strong></span> <span class='ocrx_word' id='word_1_41' title='bbox 684 883 875 940; x_wconf 88' lang='lat' dir='ltr'><strong>eidem</strong></span> <span class='ocrx_word' id='word_1_42' title='bbox 898 889 1284 959; x_wconf 73' lang='lat' dir='ltr'><strong>praeponitEt</strong></span> <span class='ocrx_word' id='word_1_43' title='bbox 1330 891 1638 960; x_wconf 80' lang='lat' dir='ltr'><strong>argentum</strong></span> <span class='ocrx_word' id='word_1_44' title='bbox 1665 887 1902 960; x_wconf 87' lang='lat' dir='ltr'><strong>quidem</strong></span> <span class='ocrx_word' id='word_1_45' title='bbox 1916 887 2033 939; x_wconf 90' lang='lat' dir='ltr'><strong>tur-</strong></span> 
     </span>
    </p>
   </div>
   <div class='ocr_carea' id='block_1_9' title="bbox 417 971 2032 1047">
    <p class='ocr_par' dir='ltr' id='par_1_9' title="bbox 417 971 2032 1047">
     <span class='ocr_line' id='line_1_9' title="bbox 417 971 2032 1047; baseline 0.002 -22"><span class='ocrx_word' id='word_1_46' title='bbox 417 971 496 1026; x_wconf 90' lang='lat' dir='ltr'><strong>ris</strong></span> <span class='ocrx_word' id='word_1_47' title='bbox 525 973 820 1042; x_wconf 81' lang='lat' dir='ltr'><strong>exercitui,</strong></span> <span class='ocrx_word' id='word_1_48' title='bbox 840 989 1046 1030; x_wconf 87' lang='lat' dir='ltr'><strong>aurum</strong></span> <span class='ocrx_word' id='word_1_49' title='bbox 1067 993 1202 1033; x_wconf 90' lang='lat' dir='ltr'><strong>vero</strong></span> <span class='ocrx_word' id='word_1_50' title='bbox 1227 977 1629 1032; x_wconf 88' lang='lat' dir='ltr'><strong>restaurationi</strong></span> <span class='ocrx_word' id='word_1_51' title='bbox 1643 977 1926 1047; x_wconf 83' lang='lat' dir='ltr'><strong>deputans</strong></span> <span class='ocrx_word' id='word_1_52' title='bbox 1945 989 2032 1028; x_wconf 86' lang='lat' dir='ltr'><strong>ec-</strong></span> 
     </span>
    </p>
   </div>
   <div class='ocr_carea' id='block_1_10' title="bbox 415 1059 2026 1138">
    <p class='ocr_par' dir='ltr' id='par_1_10' title="bbox 415 1059 2026 1138">
     <span class='ocr_line' id='line_1_10' title="bbox 415 1059 2026 1138; baseline 0.001 -24"><span class='ocrx_word' id='word_1_53' title='bbox 415 1059 744 1128; x_wconf 89' lang='lat' dir='ltr'><strong>clesiarum,</strong></span> <span class='ocrx_word' id='word_1_54' title='bbox 779 1077 910 1118; x_wconf 89' lang='lat' dir='ltr'><strong>cum</strong></span> <span class='ocrx_word' id='word_1_55' title='bbox 944 1065 1296 1121; x_wconf 90' lang='lat' dir='ltr'><strong>multimoda</strong></span> <span class='ocrx_word' id='word_1_56' title='bbox 1324 1065 1522 1138; x_wconf 67' lang='lat' dir='ltr'><strong>praeda</strong></span> <span class='ocrx_word' id='word_1_57' title='bbox 1548 1082 1614 1120; x_wconf 87' lang='lat' dir='ltr'><strong>ac</strong></span> <span class='ocrx_word' id='word_1_58' title='bbox 1649 1067 1871 1134; x_wconf 78' lang='lat' dir='ltr'><strong>septem</strong></span> <span class='ocrx_word' id='word_1_59' title='bbox 1911 1063 2026 1116; x_wconf 82' lang='lat' dir='ltr'><strong>ele-</strong></span> 
     </span>
    </p>
   </div>
   <div class='ocr_carea' id='block_1_11' title="bbox 416 1149 2030 1224">
    <p class='ocr_par' dir='ltr' id='par_1_11' title="bbox 416 1149 2030 1224">
     <span class='ocr_line' id='line_1_11' title="bbox 416 1149 2030 1224; baseline -0.001 -19"><span class='ocrx_word' id='word_1_60' title='bbox 416 1149 671 1222; x_wconf 87' lang='lat' dir='ltr'><strong>phantis,</strong></span> <span class='ocrx_word' id='word_1_61' title='bbox 691 1155 988 1224; x_wconf 88' lang='lat' dir='ltr'><strong>assumpta</strong></span> <span class='ocrx_word' id='word_1_62' title='bbox 999 1154 1175 1210; x_wconf 88' lang='lat' dir='ltr'><strong>etiam</strong></span> <span class='ocrx_word' id='word_1_63' title='bbox 1195 1154 1502 1210; x_wconf 83' lang='lat' dir='ltr'><strong>Salvatoris</strong></span> <span class='ocrx_word' id='word_1_64' title='bbox 1520 1153 2030 1222; x_wconf 79' lang='lat' dir='ltr'><strong>cruce,llierosoly-</strong></span> 
     </span>
    </p>
   </div>
   <div class='ocr_carea' id='block_1_12' title="bbox 416 1238 1781 1315">
    <p class='ocr_par' dir='ltr' id='par_1_12' title="bbox 416 1238 1781 1315">
     <span class='ocr_line' id='line_1_12' title="bbox 416 1238 1781 1315; baseline 0.003 -23"><span class='ocrx_word' id='word_1_65' title='bbox 416 1253 600 1302; x_wconf 88' lang='lat' dir='ltr'><strong>mam,</strong></span> <span class='ocrx_word' id='word_1_66' title='bbox 629 1238 878 1312; x_wconf 85' lang='lat' dir='ltr'><strong>indeque</strong></span> <span class='ocrx_word' id='word_1_67' title='bbox 897 1240 1464 1315; x_wconf 87' lang='lat' dir='ltr'><strong>Constantinopolim</strong></span> <span class='ocrx_word' id='word_1_68' title='bbox 1481 1242 1781 1298; x_wconf 84' lang='lat' dir='ltr'><strong>remeavit.</strong></span> 
     </span>
    </p>
   </div>
   <div class='ocr_carea' id='block_1_13' title="bbox 414 1397 2014 1472">
    <p class='ocr_par' dir='ltr' id='par_1_13' title="bbox 414 1397 2014 1472">
     <span class='ocr_line' id='line_1_13' title="bbox 414 1397 2014 1472; baseline -0.001 -20"><span class='ocrx_word' id='word_1_69' title='bbox 414 1397 497 1452; x_wconf 86' lang='lat' dir='ltr'><strong>De</strong></span> <span class='ocrx_word' id='word_1_70' title='bbox 524 1397 772 1472; x_wconf 62' lang='grc' dir='ltr'><strong>Ιεζθναςιίί</strong></span> <span class='ocrx_word' id='word_1_71' title='bbox 797 1401 1000 1470; x_wconf 81' lang='lat' dir='ltr'><strong>forma,</strong></span> <span class='ocrx_word' id='word_1_72' title='bbox 1027 1411 1074 1455; x_wconf 79' lang='lat' dir='ltr'><strong>et</strong></span> <span class='ocrx_word' id='word_1_73' title='bbox 1111 1405 1366 1472; x_wconf 65' lang='lat' dir='ltr'><strong>pra’sagii</strong></span> <span class='ocrx_word' id='word_1_74' title='bbox 1403 1421 1505 1472; x_wconf 67' lang='lat' dir='ltr'><strong>quo</strong></span> <span class='ocrx_word' id='word_1_75' title='bbox 1548 1420 1600 1454; x_wconf 77' lang='lat' dir='ltr'><strong>se</strong></span> <span class='ocrx_word' id='word_1_76' title='bbox 1629 1420 1660 1454; x_wconf 77' lang='grc' dir='ltr'><strong>ιι</strong></span> <span class='ocrx_word' id='word_1_77' title='bbox 1689 1401 2014 1456; x_wconf 73' lang='lat' dir='ltr'><strong>circumcisis</strong></span> 
     </span>
    </p>
   </div>
   <div class='ocr_carea' id='block_1_14' title="bbox 479 1469 2022 1541">
    <p class='ocr_par' dir='ltr' id='par_1_14' title="bbox 479 1469 2022 1541">
     <span class='ocr_line' id='line_1_14' title="bbox 479 1469 2022 1541; baseline 0.001 -20"><span class='ocrx_word' id='word_1_78' title='bbox 479 1469 801 1539; x_wconf 74' lang='lat' dir='ltr'><strong>pellendum</strong></span> <span class='ocrx_word' id='word_1_79' title='bbox 821 1473 1022 1525; x_wconf 67' lang='lat' dir='ltr'><strong>viderat</strong></span> <span class='ocrx_word' id='word_1_80' title='bbox 1061 1469 1256 1527; x_wconf 62' lang='lat' dir='ltr'><strong>errore.</strong></span> <span class='ocrx_word' id='word_1_81' title='bbox 1288 1469 1451 1526; x_wconf 36' lang='lat' dir='ltr'><strong>&#39;Nafn</strong></span> <span class='ocrx_word' id='word_1_82' title='bbox 1501 1473 1717 1526; x_wconf 67' lang='lat' dir='ltr'><strong>Jmla’os</strong></span> <span class='ocrx_word' id='word_1_83' title='bbox 1749 1480 2022 1541; x_wconf 67' lang='lat' dir='ltr'><strong>propterea</strong></span> 
     </span>
    </p>
   </div>
   <div class='ocr_carea' id='block_1_15' title="bbox 477 1543 2020 1616">
    <p class='ocr_par' dir='ltr' id='par_1_15' title="bbox 477 1543 2020 1616">
     <span class='ocr_line' id='line_1_15' title="bbox 477 1543 2020 1616; baseline 0 -23"><span class='ocrx_word' id='word_1_84' title='bbox 477 1543 910 1616; x_wconf 41' lang='lat' dir='ltr'><strong>persequebatur,</strong></span> <span class='ocrx_word' id='word_1_85' title='bbox 963 1563 990 1596; x_wconf 82' lang='lat' dir='ltr'><strong>e</strong></span> <span class='ocrx_word' id='word_1_86' title='bbox 1045 1543 1386 1616; x_wconf 78' lang='lat' dir='ltr'><strong>Frauciaque</strong></span> <span class='ocrx_word' id='word_1_87' title='bbox 1430 1544 1698 1616; x_wconf 67' lang='grc' dir='ltr'><strong>Ρρίίεηίζω</strong></span> <span class='ocrx_word' id='word_1_88' title='bbox 1759 1545 1965 1596; x_wconf 65' lang='grc' dir='ltr'><strong>σιω-(ινα</strong></span> <span class='ocrx_word' id='word_1_89' title='bbox 2004 1569 2020 1605; x_wconf 83' lang='lat'><strong>,-</strong></span> 
     </span>
    </p>
   </div>
   <div class='ocr_carea' id='block_1_16' title="bbox 486 1612 2027 1686">
    <p class='ocr_par' dir='ltr' id='par_1_16' title="bbox 486 1612 2027 1686">
     <span class='ocr_line' id='line_1_16' title="bbox 486 1612 2027 1686; baseline 0 -22"><span class='ocrx_word' id='word_1_90' title='bbox 486 1627 608 1664; x_wconf 89' lang='lat' dir='ltr'><strong>cum</strong></span> <span class='ocrx_word' id='word_1_91' title='bbox 637 1631 669 1665; x_wconf 87' lang='lat' dir='ltr'><strong>a</strong></span> <span class='ocrx_word' id='word_1_92' title='bbox 698 1612 1026 1686; x_wconf 12' lang='lat' dir='ltr'><strong>iSarracenis</strong></span> <span class='ocrx_word' id='word_1_93' title='bbox 1055 1617 1222 1685; x_wconf 75' lang='lat' dir='ltr'><strong>fuerit</strong></span> <span class='ocrx_word' id='word_1_94' title='bbox 1270 1612 1562 1686; x_wconf 59' lang='lat' dir='ltr'><strong>pelleliclus.</strong></span> <span class='ocrx_word' id='word_1_95' title='bbox 1607 1614 1688 1667; x_wconf 85' lang='lat' dir='ltr'><strong>De</strong></span> <span class='ocrx_word' id='word_1_96' title='bbox 1714 1631 1891 1666; x_wconf 78' lang='lat' dir='ltr'><strong>eorum</strong></span> <span class='ocrx_word' id='word_1_97' title='bbox 1923 1620 2027 1666; x_wconf 80' lang='lat' dir='ltr'><strong>ua-</strong></span> 
     </span>
    </p>
   </div>
   <div class='ocr_carea' id='block_1_17' title="bbox 483 1685 1581 1754">
    <p class='ocr_par' dir='ltr' id='par_1_17' title="bbox 483 1685 1581 1754">
     <span class='ocr_line' id='line_1_17' title="bbox 483 1685 1581 1754; baseline 0.003 -19"><span class='ocrx_word' id='word_1_98' title='bbox 483 1699 585 1753; x_wconf 84' lang='lat' dir='ltr'><strong>que</strong></span> <span class='ocrx_word' id='word_1_99' title='bbox 611 1685 800 1752; x_wconf 67' lang='lat' dir='ltr'><strong>(igitur</strong></span> <span class='ocrx_word' id='word_1_100' title='bbox 823 1686 1007 1754; x_wconf 69' lang='lat' dir='ltr'><strong>pravlio</strong></span> <span class='ocrx_word' id='word_1_101' title='bbox 1033 1693 1082 1740; x_wconf 84' lang='lat' dir='ltr'><strong>et</strong></span> <span class='ocrx_word' id='word_1_102' title='bbox 1119 1685 1365 1740; x_wconf 79' lang='lat' dir='ltr'><strong>Heraclz&#39;i</strong></span> <span class='ocrx_word' id='word_1_103' title='bbox 1397 1691 1581 1738; x_wconf 82' lang='lat' dir='ltr'><strong>morte.</strong></span> 
     </span>
    </p>
   </div>
   <div class='ocr_carea' id='block_1_18' title="bbox 484 1769 2022 1842">
    <p class='ocr_par' dir='ltr' id='par_1_18' title="bbox 484 1769 2022 1842">
     <span class='ocr_line' id='line_1_18' title="bbox 484 1769 2022 1842; baseline 0.001 -18"><span class='ocrx_word' id='word_1_104' title='bbox 484 1769 615 1825; x_wconf 87' lang='lat' dir='ltr'><strong>Fuit</strong></span> <span class='ocrx_word' id='word_1_105' title='bbox 643 1775 839 1831; x_wconf 78' lang='lat' dir='ltr'><strong>autem</strong></span> <span class='ocrx_word' id='word_1_106' title='bbox 871 1775 1028 1828; x_wconf 89' lang='lat' dir='ltr'><strong>vultu</strong></span> <span class='ocrx_word' id='word_1_107' title='bbox 1044 1774 1306 1842; x_wconf 89' lang='lat' dir='ltr'><strong>decorus,</strong></span> <span class='ocrx_word' id='word_1_108' title='bbox 1325 1773 1444 1828; x_wconf 90' lang='lat' dir='ltr'><strong>visu</strong></span> <span class='ocrx_word' id='word_1_109' title='bbox 1459 1772 1676 1839; x_wconf 85' lang='lat' dir='ltr'><strong>hilaris,</strong></span> <span class='ocrx_word' id='word_1_110' title='bbox 1713 1771 2022 1826; x_wconf 88' lang='lat' dir='ltr'><strong>mediocris</strong></span> 
     </span>
    </p>
   </div>
   <div class='ocr_carea' id='block_1_19' title="bbox 2137 615 3750 692">
    <p class='ocr_par' dir='ltr' id='par_1_19' title="bbox 2137 615 3750 692">
     <span class='ocr_line' id='line_1_19' title="bbox 2137 615 3750 692; baseline 0.004 -22"><span class='ocrx_word' id='word_1_111' title='bbox 2137 617 2233 671; x_wconf 85' lang='lat' dir='ltr'><strong>Hic</strong></span> <span class='ocrx_word' id='word_1_112' title='bbox 2265 617 2468 687; x_wconf 88' lang='lat' dir='ltr'><strong>etiam,</strong></span> <span class='ocrx_word' id='word_1_113' title='bbox 2509 617 2732 672; x_wconf 84' lang='lat' dir='ltr'><strong>duobus</strong></span> <span class='ocrx_word' id='word_1_114' title='bbox 2761 615 2928 670; x_wconf 89' lang='lat' dir='ltr'><strong>annis</strong></span> <span class='ocrx_word' id='word_1_115' title='bbox 2980 633 3178 672; x_wconf 91' lang='lat' dir='ltr'><strong>rerum</strong></span> <span class='ocrx_word' id='word_1_116' title='bbox 3237 634 3471 676; x_wconf 87' lang='lat' dir='ltr'><strong>summa</strong></span> <span class='ocrx_word' id='word_1_117' title='bbox 3518 621 3750 692; x_wconf 87' lang='lat' dir='ltr'><strong>potitus,</strong></span> 
     </span>
    </p>
   </div>
   <div class='ocr_carea' id='block_1_20' title="bbox 2133 705 3413 780">
    <p class='ocr_par' dir='ltr' id='par_1_20' title="bbox 2133 705 3413 780">
     <span class='ocr_line' id='line_1_20' title="bbox 2133 705 3413 780; baseline 0.002 -20"><span class='ocrx_word' id='word_1_118' title='bbox 2133 708 2294 762; x_wconf 84' lang='lat' dir='ltr'><strong>fratri</strong></span> <span class='ocrx_word' id='word_1_119' title='bbox 2326 707 2705 762; x_wconf 85' lang='lat' dir='ltr'><strong>Constantino</strong></span> <span class='ocrx_word' id='word_1_120' title='bbox 2729 705 2862 777; x_wconf 84' lang='lat' dir='ltr'><strong>jura</strong></span> <span class='ocrx_word' id='word_1_121' title='bbox 2894 707 3132 778; x_wconf 86' lang='lat' dir='ltr'><strong>reliquit</strong></span> <span class='ocrx_word' id='word_1_122' title='bbox 3161 707 3413 780; x_wconf 89' lang='lat' dir='ltr'><strong>imperii.</strong></span> 
     </span>
    </p>
   </div>
   <div class='ocr_carea' id='block_1_21' title="bbox 2718 794 3151 850">
    <p class='ocr_par' dir='ltr' id='par_1_21' title="bbox 2718 794 3151 850">
     <span class='ocr_line' id='line_1_21' title="bbox 2718 794 3151 850; baseline 0 -2"><span class='ocrx_word' id='word_1_123' title='bbox 2718 794 2940 848; x_wconf 83' lang='lat' dir='ltr'><strong>CAPUT</strong></span> <span class='ocrx_word' id='word_1_124' title='bbox 2972 794 3130 850; x_wconf 79' lang='lat' dir='ltr'>XXIII</span> <span class='ocrx_word' id='word_1_125' title='bbox 3138 836 3151 848; x_wconf 94' lang='lat'><strong>.</strong></span> 
     </span>
    </p>
   </div>
   <div class='ocr_carea' id='block_1_22' title="bbox 2131 863 3752 938">
    <p class='ocr_par' dir='ltr' id='par_1_22' title="bbox 2131 863 3752 938">
     <span class='ocr_line' id='line_1_22' title="bbox 2131 863 3752 938; baseline 0.004 -21"><span class='ocrx_word' id='word_1_126' title='bbox 2131 863 2215 918; x_wconf 89' lang='lat' dir='ltr'><strong>De</strong></span> <span class='ocrx_word' id='word_1_127' title='bbox 2240 875 2411 920; x_wconf 72' lang='lat' dir='ltr'><strong>morte</strong></span> <span class='ocrx_word' id='word_1_128' title='bbox 2432 866 2694 938; x_wconf 16' lang='lat' dir='ltr'><strong>,Arz&#39;berti</strong></span> <span class='ocrx_word' id='word_1_129' title='bbox 2727 867 2863 936; x_wconf 79' lang='lat' dir='ltr'><strong>regis</strong></span> <span class='ocrx_word' id='word_1_130' title='bbox 2899 865 3235 938; x_wconf 15' lang='lat' dir='ltr'><strong>Aiquz&#39;tgnia’,</strong></span> <span class='ocrx_word' id='word_1_131' title='bbox 3262 875 3312 921; x_wconf 76' lang='lat' dir='ltr'><strong>et</strong></span> <span class='ocrx_word' id='word_1_132' title='bbox 3335 867 3448 938; x_wconf 84' lang='lat' dir='ltr'><strong>ejus</strong></span> <span class='ocrx_word' id='word_1_133' title='bbox 3473 869 3584 938; x_wconf 73' lang='lat' dir='ltr'><strong>ﬁlii</strong></span> <span class='ocrx_word' id='word_1_134' title='bbox 3601 867 3752 924; x_wconf 76' lang='lat' dir='ltr'><strong>Chil-</strong></span> 
     </span>
    </p>
   </div>
   <div class='ocr_carea' id='block_1_23' title="bbox 2194 935 3745 1009">
    <p class='ocr_par' dir='ltr' id='par_1_23' title="bbox 2194 935 3745 1009">
     <span class='ocr_line' id='line_1_23' title="bbox 2194 935 3745 1009; baseline 0.003 -21"><span class='ocrx_word' id='word_1_135' title='bbox 2194 938 2378 1006; x_wconf 81' lang='lat' dir='ltr'><strong>perici</strong></span> <span class='ocrx_word' id='word_1_136' title='bbox 2407 937 2577 1009; x_wconf 77' lang='lat' dir='ltr'><strong>deque</strong></span> <span class='ocrx_word' id='word_1_137' title='bbox 2605 935 3032 1009; x_wconf 67' lang='lat' dir='ltr'><strong>negocialoribus</strong></span> <span class='ocrx_word' id='word_1_138' title='bbox 3064 935 3294 1009; x_wconf 58' lang='lat' dir='ltr'><strong>Francis</strong></span> <span class='ocrx_word' id='word_1_139' title='bbox 3313 935 3513 1009; x_wconf 66' lang='lat' dir='ltr'><strong>malea</strong></span> <span class='ocrx_word' id='word_1_140' title='bbox 3537 939 3745 994; x_wconf 72' lang='lat' dir='ltr'><strong>Sclavis</strong></span> 
     </span>
    </p>
   </div>
   <div class='ocr_carea' id='block_1_24' title="bbox 2200 1007 3748 1077">
    <p class='ocr_par' dir='ltr' id='par_1_24' title="bbox 2200 1007 3748 1077">
     <span class='ocr_line' id='line_1_24' title="bbox 2200 1007 3748 1077; baseline 0.005 -16"><span class='ocrx_word' id='word_1_141' title='bbox 2200 1010 2450 1077; x_wconf 81' lang='lat' dir='ltr'><strong>acceptis,</strong></span> <span class='ocrx_word' id='word_1_142' title='bbox 2482 1007 2544 1061; x_wconf 15' lang='lat' dir='ltr'><strong>ﬁet</strong></span> <span class='ocrx_word' id='word_1_143' title='bbox 2599 1008 2662 1062; x_wconf 72' lang='lat' dir='ltr'><strong>(Ie</strong></span> <span class='ocrx_word' id='word_1_144' title='bbox 2713 1008 2976 1077; x_wconf 78' lang='lat' dir='ltr'><strong>legatione</strong></span> <span class='ocrx_word' id='word_1_145' title='bbox 3005 1007 3076 1060; x_wconf 82' lang='lat' dir='ltr'><strong>ad</strong></span> <span class='ocrx_word' id='word_1_146' title='bbox 3102 1007 3393 1064; x_wconf 85' lang='lat' dir='ltr'><strong>Samonem</strong></span> <span class='ocrx_word' id='word_1_147' title='bbox 3427 1008 3748 1068; x_wconf 77' lang='lat' dir='ltr'><strong>Sclavorum</strong></span> 
     </span>
    </p>
   </div>
   <div class='ocr_carea' id='block_1_25' title="bbox 2202 1078 3745 1154">
    <p class='ocr_par' dir='ltr' id='par_1_25' title="bbox 2202 1078 3745 1154">
     <span class='ocr_line' id='line_1_25' title="bbox 2202 1078 3745 1154; baseline 0.005 -25"><span class='ocrx_word' id='word_1_148' title='bbox 2202 1095 2408 1154; x_wconf 57' lang='lat' dir='ltr'><strong>regem,</strong></span> <span class='ocrx_word' id='word_1_149' title='bbox 2445 1087 2495 1154; x_wconf 80' lang='lat' dir='ltr'><strong>et</strong></span> <span class='ocrx_word' id='word_1_150' title='bbox 2534 1078 2730 1154; x_wconf 58' lang='lat' dir='ltr'><strong>pra’iio</strong></span> <span class='ocrx_word' id='word_1_151' title='bbox 2759 1092 2884 1134; x_wconf 80' lang='lat' dir='ltr'><strong>cum</strong></span> <span class='ocrx_word' id='word_1_152' title='bbox 2911 1080 2982 1132; x_wconf 84' lang='lat' dir='ltr'><strong>eis</strong></span> <span class='ocrx_word' id='word_1_153' title='bbox 3033 1082 3306 1134; x_wconf 78' lang='lat' dir='ltr'><strong>commislo</strong></span> <span class='ocrx_word' id='word_1_154' title='bbox 3343 1084 3564 1154; x_wconf 73' lang='lat' dir='ltr'><strong>ejusque</strong></span> <span class='ocrx_word' id='word_1_155' title='bbox 3595 1085 3745 1138; x_wconf 63' lang='lat' dir='ltr'><strong>exitu</strong></span> 
     </span>
    </p>
   </div>
   <div class='ocr_carea' id='block_1_26' title="bbox 2199 1147 2686 1218">
    <p class='ocr_par' dir='ltr' id='par_1_26' title="bbox 2199 1147 2686 1218">
     <span class='ocr_line' id='line_1_26' title="bbox 2199 1147 2686 1218; baseline 0.006 -18"><span class='ocrx_word' id='word_1_156' title='bbox 2199 1147 2432 1204; x_wconf 80' lang='lat' dir='ltr'><strong>Francis</strong></span> <span class='ocrx_word' id='word_1_157' title='bbox 2461 1147 2686 1218; x_wconf 72' lang='lat' dir='ltr'><strong>infelici.</strong></span> 
     </span>
    </p>
   </div>
   <div class='ocr_carea' id='block_1_27' title="bbox 2198 1239 3746 1312">
    <p class='ocr_par' dir='ltr' id='par_1_27' title="bbox 2198 1239 3746 1312">
     <span class='ocr_line' id='line_1_27' title="bbox 2198 1239 3746 1312; baseline 0.003 -20"><span class='ocrx_word' id='word_1_158' title='bbox 2198 1241 2365 1292; x_wconf 87' lang='lat' dir='ltr'><strong>Anno</strong></span> <span class='ocrx_word' id='word_1_159' title='bbox 2395 1256 2449 1292; x_wconf 83' lang='lat' dir='ltr'><strong>1x</strong></span> <span class='ocrx_word' id='word_1_160' title='bbox 2489 1239 2802 1309; x_wconf 88' lang='lat' dir='ltr'><strong>Dagoberti</strong></span> <span class='ocrx_word' id='word_1_161' title='bbox 2829 1239 3003 1310; x_wconf 88' lang='lat' dir='ltr'><strong>regis,</strong></span> <span class='ocrx_word' id='word_1_162' title='bbox 3050 1239 3350 1295; x_wconf 83' lang='lat' dir='ltr'><strong>Aribertus</strong></span> <span class='ocrx_word' id='word_1_163' title='bbox 3399 1241 3584 1296; x_wconf 85' lang='lat' dir='ltr'><strong>frater</strong></span> <span class='ocrx_word' id='word_1_164' title='bbox 3627 1241 3746 1312; x_wconf 87' lang='lat' dir='ltr'><strong>ejus</strong></span> 
     </span>
    </p>
   </div>
   <div class='ocr_carea' id='block_1_28' title="bbox 2126 1325 3745 1399">
    <p class='ocr_par' dir='ltr' id='par_1_28' title="bbox 2126 1325 3745 1399">
     <span class='ocr_line' id='line_1_28' title="bbox 2126 1325 3745 1399; baseline 0.002 -21"><span class='ocrx_word' id='word_1_165' title='bbox 2126 1325 2451 1396; x_wconf 77' lang='lat' dir='ltr'><strong>Aquitaniae</strong></span> <span class='ocrx_word' id='word_1_166' title='bbox 2469 1343 2564 1380; x_wconf 84' lang='lat' dir='ltr'><strong>rex</strong></span> <span class='ocrx_word' id='word_1_167' title='bbox 2583 1325 2848 1392; x_wconf 88' lang='lat' dir='ltr'><strong>moritur,</strong></span> <span class='ocrx_word' id='word_1_168' title='bbox 2864 1327 3198 1398; x_wconf 89' lang='lat' dir='ltr'><strong>relinquens</strong></span> <span class='ocrx_word' id='word_1_169' title='bbox 3218 1327 3522 1399; x_wconf 88' lang='lat' dir='ltr'><strong>parvulum</strong></span> <span class='ocrx_word' id='word_1_170' title='bbox 3540 1328 3745 1396; x_wconf 92' lang='lat' dir='ltr'><strong>ﬁlium,</strong></span> 
     </span>
    </p>
   </div>
   <div class='ocr_carea' id='block_1_29' title="bbox 2128 1413 3744 1486">
    <p class='ocr_par' dir='ltr' id='par_1_29' title="bbox 2128 1413 3744 1486">
     <span class='ocr_line' id='line_1_29' title="bbox 2128 1413 3744 1486; baseline 0.003 -20"><span class='ocrx_word' id='word_1_171' title='bbox 2128 1413 2366 1467; x_wconf 88' lang='lat' dir='ltr'><strong>nomine</strong></span> <span class='ocrx_word' id='word_1_172' title='bbox 2400 1415 2809 1486; x_wconf 87' lang='lat' dir='ltr'><strong>Chilpericum.</strong></span> <span class='ocrx_word' id='word_1_173' title='bbox 2846 1414 2952 1478; x_wconf 87' lang='lat' dir='ltr'><strong>Qui</strong></span> <span class='ocrx_word' id='word_1_174' title='bbox 2987 1431 3102 1468; x_wconf 90' lang='lat' dir='ltr'><strong>non</strong></span> <span class='ocrx_word' id='word_1_175' title='bbox 3135 1415 3234 1468; x_wconf 91' lang='lat' dir='ltr'><strong>diu</strong></span> <span class='ocrx_word' id='word_1_176' title='bbox 3265 1417 3437 1470; x_wconf 86' lang='lat' dir='ltr'><strong>rebus</strong></span> <span class='ocrx_word' id='word_1_177' title='bbox 3477 1416 3744 1471; x_wconf 85' lang='lat' dir='ltr'><strong>humanis</strong></span> 
     </span>
    </p>
   </div>
   <div class='ocr_carea' id='block_1_30' title="bbox 2127 1503 3736 1574">
    <p class='ocr_par' dir='ltr' id='par_1_30' title="bbox 2127 1503 3736 1574">
     <span class='ocr_line' id='line_1_30' title="bbox 2127 1503 3736 1574; baseline 0.004 -20"><span class='ocrx_word' id='word_1_178' title='bbox 2127 1503 2428 1572; x_wconf 77' lang='lat' dir='ltr'><strong>superfuit.</strong></span> <span class='ocrx_word' id='word_1_179' title='bbox 2458 1503 2669 1574; x_wconf 89' lang='lat' dir='ltr'><strong>Opinio</strong></span> <span class='ocrx_word' id='word_1_180' title='bbox 2690 1503 2896 1558; x_wconf 88' lang='lat' dir='ltr'><strong>mortis</strong></span> <span class='ocrx_word' id='word_1_181' title='bbox 2922 1503 3044 1572; x_wconf 78' lang='lat' dir='ltr'><strong>eius</strong></span> <span class='ocrx_word' id='word_1_182' title='bbox 3065 1505 3393 1573; x_wconf 88' lang='lat' dir='ltr'><strong>Dagoberto</strong></span> <span class='ocrx_word' id='word_1_183' title='bbox 3414 1505 3736 1560; x_wconf 82' lang='lat' dir='ltr'><strong>ascribeba-</strong></span> 
     </span>
    </p>
   </div>
   <div class='ocr_carea' id='block_1_31' title="bbox 2125 1590 3737 1662">
    <p class='ocr_par' dir='ltr' id='par_1_31' title="bbox 2125 1590 3737 1662">
     <span class='ocr_line' id='line_1_31' title="bbox 2125 1590 3737 1662; baseline 0.002 -18"><span class='ocrx_word' id='word_1_184' title='bbox 2125 1594 2236 1644; x_wconf 91' lang='lat' dir='ltr'><strong>tur.</strong></span> <span class='ocrx_word' id='word_1_185' title='bbox 2257 1590 2363 1654; x_wconf 85' lang='lat' dir='ltr'><strong>Qui</strong></span> <span class='ocrx_word' id='word_1_186' title='bbox 2392 1592 2514 1661; x_wconf 88' lang='lat' dir='ltr'><strong>ejus</strong></span> <span class='ocrx_word' id='word_1_187' title='bbox 2535 1596 2838 1662; x_wconf 87' lang='lat' dir='ltr'><strong>comperta</strong></span> <span class='ocrx_word' id='word_1_188' title='bbox 2860 1596 3070 1658; x_wconf 89' lang='lat' dir='ltr'><strong>morte,</strong></span> <span class='ocrx_word' id='word_1_189' title='bbox 3093 1592 3413 1646; x_wconf 89' lang='lat' dir='ltr'><strong>Barontum</strong></span> <span class='ocrx_word' id='word_1_190' title='bbox 3427 1592 3642 1648; x_wconf 89' lang='lat' dir='ltr'><strong>ducem</strong></span> <span class='ocrx_word' id='word_1_191' title='bbox 3666 1593 3737 1647; x_wconf 91' lang='lat' dir='ltr'><strong>ad</strong></span> 
     </span>
    </p>
   </div>
   <div class='ocr_carea' id='block_1_32' title="bbox 2125 1679 3739 1751">
    <p class='ocr_par' dir='ltr' id='par_1_32' title="bbox 2125 1679 3739 1751">
     <span class='ocr_line' id='line_1_32' title="bbox 2125 1679 3739 1751; baseline 0.002 -20"><span class='ocrx_word' id='word_1_192' title='bbox 2125 1679 2560 1749; x_wconf 87' lang='lat' dir='ltr'><strong>pervadendum</strong></span> <span class='ocrx_word' id='word_1_193' title='bbox 2617 1681 2739 1751; x_wconf 88' lang='lat' dir='ltr'><strong>ejus</strong></span> <span class='ocrx_word' id='word_1_194' title='bbox 2766 1697 3036 1751; x_wconf 83' lang='lat' dir='ltr'><strong>regnum,</strong></span> <span class='ocrx_word' id='word_1_195' title='bbox 3081 1681 3166 1734; x_wconf 92' lang='lat' dir='ltr'><strong>vel</strong></span> <span class='ocrx_word' id='word_1_196' title='bbox 3199 1681 3272 1734; x_wconf 86' lang='lat' dir='ltr'><strong>ad</strong></span> <span class='ocrx_word' id='word_1_197' title='bbox 3305 1681 3608 1736; x_wconf 85' lang='lat' dir='ltr'><strong>thesauros</strong></span> <span class='ocrx_word' id='word_1_198' title='bbox 3637 1681 3739 1736; x_wconf 84' lang='lat' dir='ltr'><strong>sibi</strong></span> 
     </span>
    </p>
   </div>
   <div class='ocr_carea' id='block_1_33' title="bbox 2125 1765 3741 1839">
    <p class='ocr_par' dir='ltr' id='par_1_33' title="bbox 2125 1765 3741 1839">
     <span class='ocr_line' id='line_1_33' title="bbox 2125 1765 3741 1839; baseline 0.002 -19"><span class='ocrx_word' id='word_1_199' title='bbox 2125 1765 2521 1835; x_wconf 85' lang='lat' dir='ltr'><strong>adducendus,</strong></span> <span class='ocrx_word' id='word_1_200' title='bbox 2549 1767 2775 1826; x_wconf 85' lang='lat' dir='ltr'><strong>direxit.</strong></span> <span class='ocrx_word' id='word_1_201' title='bbox 2809 1770 3092 1822; x_wconf 90' lang='lat' dir='ltr'><strong>Barontus</strong></span> <span class='ocrx_word' id='word_1_202' title='bbox 3122 1785 3256 1822; x_wconf 86' lang='lat' dir='ltr'><strong>vero</strong></span> <span class='ocrx_word' id='word_1_203' title='bbox 3288 1785 3466 1839; x_wconf 90' lang='lat' dir='ltr'><strong>grave</strong></span> <span class='ocrx_word' id='word_1_204' title='bbox 3510 1768 3741 1839; x_wconf 88' lang='lat' dir='ltr'><strong>dispen-</strong></span> 
     </span>
    </p>
   </div>
   <div class='ocr_carea' id='block_1_34' title="bbox 411 1847 3737 1934">
    <p class='ocr_par' dir='ltr' id='par_1_34' title="bbox 411 1847 3737 1934">
     <span class='ocr_line' id='line_1_34' title="bbox 411 1847 3737 1934; baseline -0.002 -17"><span class='ocrx_word' id='word_1_205' title='bbox 411 1860 1030 1934; x_wconf 69' lang='lat' dir='ltr'><strong>stalura,egregiteque</strong></span> <span class='ocrx_word' id='word_1_206' title='bbox 1047 1861 1424 1931; x_wconf 86' lang='lat' dir='ltr'><strong>fortitudinis;</strong></span> <span class='ocrx_word' id='word_1_207' title='bbox 1443 1861 1538 1934; x_wconf 87' lang='lat' dir='ltr'><strong>qui</strong></span> <span class='ocrx_word' id='word_1_208' title='bbox 1565 1866 1624 1916; x_wconf 91' lang='lat' dir='ltr'><strong>et</strong></span> <span class='ocrx_word' id='word_1_209' title='bbox 1644 1861 1840 1916; x_wconf 88' lang='lat' dir='ltr'><strong>leones</strong></span> <span class='ocrx_word' id='word_1_210' title='bbox 1869 1875 2020 1930; x_wconf 70' lang='lat' dir='ltr'><strong>Step3</strong></span> <span class='ocrx_word' id='word_1_211' title='bbox 2045 1847 2097 1908; x_wconf 89' lang='lat' dir='ltr'><strong>B</strong></span> <span class='ocrx_word' id='word_1_212' title='bbox 2125 1853 2284 1908; x_wconf 89' lang='lat' dir='ltr'><strong>dium</strong></span> <span class='ocrx_word' id='word_1_213' title='bbox 2317 1855 2520 1910; x_wconf 87' lang='lat' dir='ltr'><strong>exinde</strong></span> <span class='ocrx_word' id='word_1_214' title='bbox 2551 1856 2748 1910; x_wconf 85' lang='lat' dir='ltr'><strong>fecisse</strong></span> <span class='ocrx_word' id='word_1_215' title='bbox 2776 1859 3156 1911; x_wconf 85' lang='lat' dir='ltr'><strong>memoratur.</strong></span> <span class='ocrx_word' id='word_1_216' title='bbox 3174 1856 3252 1910; x_wconf 90' lang='lat' dir='ltr'><strong>Eo</strong></span> <span class='ocrx_word' id='word_1_217' title='bbox 3270 1859 3737 1928; x_wconf 88' lang='lat' dir='ltr'><strong>tempore,com-</strong></span> 
     </span>
    </p>
   </div>
   <div class='ocr_carea' id='block_1_35' title="bbox 407 1945 2017 2022">
    <p class='ocr_par' dir='ltr' id='par_1_35' title="bbox 407 1945 2017 2022">
     <span class='ocr_line' id='line_1_35' title="bbox 407 1945 2017 2022; baseline 0.001 -21"><span class='ocrx_word' id='word_1_218' title='bbox 407 1945 468 2002; x_wconf 89' lang='lat' dir='ltr'><strong>in</strong></span> <span class='ocrx_word' id='word_1_219' title='bbox 497 1963 697 2016; x_wconf 81' lang='lat' dir='ltr'><strong>arena,</strong></span> <span class='ocrx_word' id='word_1_220' title='bbox 733 1952 790 2004; x_wconf 90' lang='lat' dir='ltr'><strong>et</strong></span> <span class='ocrx_word' id='word_1_221' title='bbox 804 1950 1020 2022; x_wconf 88' lang='lat' dir='ltr'><strong>plures,</strong></span> <span class='ocrx_word' id='word_1_222' title='bbox 1041 1949 1849 2020; x_wconf 88' lang='lat' dir='ltr'><strong>solusinterfecerit.Cumque</strong></span> <span class='ocrx_word' id='word_1_223' title='bbox 1867 1949 2017 2003; x_wconf 90' lang='lat' dir='ltr'><strong>litte-</strong></span> 
     </span>
    </p>
   </div>
   <div class='ocr_carea' id='block_1_36' title="bbox 404 2033 2016 2109">
    <p class='ocr_par' dir='ltr' id='par_1_36' title="bbox 404 2033 2016 2109">
     <span class='ocr_line' id='line_1_36' title="bbox 404 2033 2016 2109; baseline 0.001 -21"><span class='ocrx_word' id='word_1_224' title='bbox 404 2033 482 2089; x_wconf 85' lang='lat' dir='ltr'><strong>ris</strong></span> <span class='ocrx_word' id='word_1_225' title='bbox 511 2035 742 2092; x_wconf 86' lang='lat' dir='ltr'><strong>abunde</strong></span> <span class='ocrx_word' id='word_1_226' title='bbox 772 2040 920 2093; x_wconf 88' lang='lat' dir='ltr'><strong>esset</strong></span> <span class='ocrx_word' id='word_1_227' title='bbox 939 2037 1272 2109; x_wconf 89' lang='lat' dir='ltr'><strong>instructus,</strong></span> <span class='ocrx_word' id='word_1_228' title='bbox 1304 2039 1378 2095; x_wconf 84' lang='lat' dir='ltr'><strong>ad</strong></span> <span class='ocrx_word' id='word_1_229' title='bbox 1403 2037 1676 2092; x_wconf 87' lang='lat' dir='ltr'><strong>ultimum</strong></span> <span class='ocrx_word' id='word_1_230' title='bbox 1694 2038 2016 2107; x_wconf 80' lang='lat' dir='ltr'><strong>astrologus</strong></span> 
     </span>
    </p>
   </div>
   <div class='ocr_carea' id='block_1_37' title="bbox 404 2122 2012 2200">
    <p class='ocr_par' dir='ltr' id='par_1_37' title="bbox 404 2122 2012 2200">
     <span class='ocr_line' id='line_1_37' title="bbox 404 2122 2012 2200; baseline 0.001 -23"><span class='ocrx_word' id='word_1_231' title='bbox 404 2122 672 2179; x_wconf 83' lang='lat' dir='ltr'><strong>efﬁcitur.</strong></span> <span class='ocrx_word' id='word_1_232' title='bbox 699 2127 1030 2197; x_wconf 84' lang='lat' dir='ltr'><strong>Agnoscens</strong></span> <span class='ocrx_word' id='word_1_233' title='bbox 1050 2127 1315 2200; x_wconf 90' lang='lat' dir='ltr'><strong>itaquein</strong></span> <span class='ocrx_word' id='word_1_234' title='bbox 1343 2126 1520 2199; x_wconf 85' lang='lat' dir='ltr'><strong>signis</strong></span> <span class='ocrx_word' id='word_1_235' title='bbox 1546 2124 2012 2195; x_wconf 88' lang='lat' dir='ltr'><strong>siderum,impe-</strong></span> 
     </span>
    </p>
   </div>
   <div class='ocr_carea' id='block_1_38' title="bbox 410 2211 2010 2287">
    <p class='ocr_par' dir='ltr' id='par_1_38' title="bbox 410 2211 2010 2287">
     <span class='ocr_line' id='line_1_38' title="bbox 410 2211 2010 2287; baseline -0.002 -20"><span class='ocrx_word' id='word_1_236' title='bbox 410 2211 565 2267; x_wconf 88' lang='lat' dir='ltr'><strong>rium</strong></span> <span class='ocrx_word' id='word_1_237' title='bbox 588 2229 755 2268; x_wconf 89' lang='lat' dir='ltr'><strong>suum</strong></span> <span class='ocrx_word' id='word_1_238' title='bbox 789 2230 823 2268; x_wconf 91' lang='lat' dir='ltr'><strong>a</strong></span> <span class='ocrx_word' id='word_1_239' title='bbox 846 2214 1182 2270; x_wconf 88' lang='lat' dir='ltr'><strong>circumcisa</strong></span> <span class='ocrx_word' id='word_1_240' title='bbox 1203 2217 1376 2287; x_wconf 86' lang='lat' dir='ltr'><strong>gente</strong></span> <span class='ocrx_word' id='word_1_241' title='bbox 1395 2213 1822 2281; x_wconf 87' lang='lat' dir='ltr'><strong>vastandum,et</strong></span> <span class='ocrx_word' id='word_1_242' title='bbox 1845 2213 2010 2265; x_wconf 90' lang='lat' dir='ltr'><strong>autu-</strong></span> 
     </span>
    </p>
   </div>
   <div class='ocr_carea' id='block_1_39' title="bbox 400 2299 2012 2376">
    <p class='ocr_par' dir='ltr' id='par_1_39' title="bbox 400 2299 2012 2376">
     <span class='ocr_line' id='line_1_39' title="bbox 400 2299 2012 2376; baseline -0.001 -22"><span class='ocrx_word' id='word_1_243' title='bbox 400 2315 570 2355; x_wconf 88' lang='lat' dir='ltr'><strong>mans</strong></span> <span class='ocrx_word' id='word_1_244' title='bbox 603 2301 663 2356; x_wconf 91' lang='lat' dir='ltr'><strong>id</strong></span> <span class='ocrx_word' id='word_1_245' title='bbox 689 2301 760 2356; x_wconf 90' lang='lat' dir='ltr'><strong>de</strong></span> <span class='ocrx_word' id='word_1_246' title='bbox 785 2303 996 2357; x_wconf 69' lang='lat' dir='ltr'><strong>Judaeis</strong></span> <span class='ocrx_word' id='word_1_247' title='bbox 1022 2303 1191 2358; x_wconf 88' lang='lat' dir='ltr'><strong>fuisse</strong></span> <span class='ocrx_word' id='word_1_248' title='bbox 1237 2305 1782 2376; x_wconf 65' lang='lat' dir='ltr'><strong>prmmonstratum,</strong></span> <span class='ocrx_word' id='word_1_249' title='bbox 1802 2317 1909 2372; x_wconf 91' lang='lat' dir='ltr'><strong>per</strong></span> <span class='ocrx_word' id='word_1_250' title='bbox 1929 2299 2012 2353; x_wconf 88' lang='lat' dir='ltr'><strong>in-</strong></span> 
     </span>
    </p>
   </div>
   <div class='ocr_carea' id='block_1_40' title="bbox 393 2389 2006 2462">
    <p class='ocr_par' dir='ltr' id='par_1_40' title="bbox 393 2389 2006 2462">
     <span class='ocr_line' id='line_1_40' title="bbox 393 2389 2006 2462; baseline -0.001 -19"><span class='ocrx_word' id='word_1_251' title='bbox 393 2390 723 2444; x_wconf 83' lang='lat' dir='ltr'><strong>ternuntios</strong></span> <span class='ocrx_word' id='word_1_252' title='bbox 754 2391 1150 2461; x_wconf 88' lang='lat' dir='ltr'><strong>Dagobertum</strong></span> <span class='ocrx_word' id='word_1_253' title='bbox 1165 2391 1391 2462; x_wconf 83' lang='lat' dir='ltr'><strong>rogavit</strong></span> <span class='ocrx_word' id='word_1_254' title='bbox 1407 2407 1605 2462; x_wconf 83' lang='lat' dir='ltr'><strong>regem</strong></span> <span class='ocrx_word' id='word_1_255' title='bbox 1633 2389 2006 2454; x_wconf 87' lang='lat' dir='ltr'><strong>Francorum,</strong></span> 
     </span>
    </p>
   </div>
   <div class='ocr_carea' id='block_1_41' title="bbox 391 2475 2004 2550">
    <p class='ocr_par' dir='ltr' id='par_1_41' title="bbox 391 2475 2004 2550">
     <span class='ocr_line' id='line_1_41' title="bbox 391 2475 2004 2550; baseline 0 -20"><span class='ocrx_word' id='word_1_256' title='bbox 391 2479 458 2530; x_wconf 91' lang='lat' dir='ltr'><strong>ut</strong></span> <span class='ocrx_word' id='word_1_257' title='bbox 473 2481 712 2532; x_wconf 88' lang='lat' dir='ltr'><strong>cunctos</strong></span> <span class='ocrx_word' id='word_1_258' title='bbox 729 2477 980 2533; x_wconf 65' lang='lat' dir='ltr'><strong>Iudaica:</strong></span> <span class='ocrx_word' id='word_1_259' title='bbox 1003 2479 1216 2550; x_wconf 88' lang='lat' dir='ltr'><strong>stirpis,</strong></span> <span class='ocrx_word' id='word_1_260' title='bbox 1246 2479 1342 2550; x_wconf 92' lang='lat' dir='ltr'><strong>qui</strong></span> <span class='ocrx_word' id='word_1_261' title='bbox 1373 2478 1434 2532; x_wconf 90' lang='lat' dir='ltr'><strong>in</strong></span> <span class='ocrx_word' id='word_1_262' title='bbox 1458 2476 1762 2550; x_wconf 88' lang='lat' dir='ltr'><strong>provinciis</strong></span> <span class='ocrx_word' id='word_1_263' title='bbox 1779 2475 2004 2530; x_wconf 88' lang='lat' dir='ltr'><strong>illisub-</strong></span> 
     </span>
    </p>
   </div>
   <div class='ocr_carea' id='block_1_42' title="bbox 385 2563 2005 2637">
    <p class='ocr_par' dir='ltr' id='par_1_42' title="bbox 385 2563 2005 2637">
     <span class='ocr_line' id='line_1_42' title="bbox 385 2563 2005 2637; baseline -0.001 -19"><span class='ocrx_word' id='word_1_264' title='bbox 385 2563 550 2634; x_wconf 86' lang='lat' dir='ltr'><strong>jectis</strong></span> <span class='ocrx_word' id='word_1_265' title='bbox 577 2565 915 2632; x_wconf 90' lang='lat' dir='ltr'><strong>manebant,</strong></span> <span class='ocrx_word' id='word_1_266' title='bbox 941 2565 1294 2620; x_wconf 88' lang='lat' dir='ltr'><strong>Christianos</strong></span> <span class='ocrx_word' id='word_1_267' title='bbox 1323 2565 1450 2620; x_wconf 86' lang='lat' dir='ltr'><strong>ﬁeri</strong></span> <span class='ocrx_word' id='word_1_268' title='bbox 1480 2564 1825 2637; x_wconf 68' lang='lat' dir='ltr'><strong>praeciperet</strong></span> <span class='ocrx_word' id='word_1_269' title='bbox 1859 2581 1873 2632; x_wconf 90' lang='lat'><strong>;</strong></span> <span class='ocrx_word' id='word_1_270' title='bbox 1908 2580 2005 2618; x_wconf 91' lang='lat' dir='ltr'><strong>eos</strong></span> 
     </span>
    </p>
   </div>
   <div class='ocr_carea' id='block_1_43' title="bbox 388 2652 1998 2724">
    <p class='ocr_par' dir='ltr' id='par_1_43' title="bbox 388 2652 1998 2724">
     <span class='ocr_line' id='line_1_43' title="bbox 388 2652 1998 2724; baseline 0 -18"><span class='ocrx_word' id='word_1_271' title='bbox 388 2656 524 2707; x_wconf 83' lang='lat' dir='ltr'><strong>vero</strong></span> <span class='ocrx_word' id='word_1_272' title='bbox 579 2653 678 2724; x_wconf 90' lang='lat' dir='ltr'><strong>qui</strong></span> <span class='ocrx_word' id='word_1_273' title='bbox 712 2653 935 2708; x_wconf 90' lang='lat' dir='ltr'><strong>nollent</strong></span> <span class='ocrx_word' id='word_1_274' title='bbox 964 2658 1063 2708; x_wconf 89' lang='lat' dir='ltr'><strong>aut</strong></span> <span class='ocrx_word' id='word_1_275' title='bbox 1090 2654 1284 2709; x_wconf 85' lang='lat' dir='ltr'><strong>exsilio</strong></span> <span class='ocrx_word' id='word_1_276' title='bbox 1335 2657 1435 2709; x_wconf 89' lang='lat' dir='ltr'><strong>aut</strong></span> <span class='ocrx_word' id='word_1_277' title='bbox 1491 2656 1678 2708; x_wconf 89' lang='lat' dir='ltr'><strong>morte</strong></span> <span class='ocrx_word' id='word_1_278' title='bbox 1712 2652 1998 2708; x_wconf 89' lang='lat' dir='ltr'><strong>damnari.</strong></span> 
     </span>
    </p>
   </div>
   <div class='ocr_carea' id='block_1_44' title="bbox 388 2740 2003 2814">
    <p class='ocr_par' dir='ltr' id='par_1_44' title="bbox 388 2740 2003 2814">
     <span class='ocr_line' id='line_1_44' title="bbox 388 2740 2003 2814; baseline -0.001 -18"><span class='ocrx_word' id='word_1_279' title='bbox 388 2740 555 2806; x_wconf 82' lang='lat' dir='ltr'><strong>Quod</strong></span> <span class='ocrx_word' id='word_1_280' title='bbox 588 2741 948 2814; x_wconf 87' lang='lat' dir='ltr'><strong>Dagohertus</strong></span> <span class='ocrx_word' id='word_1_281' title='bbox 977 2744 1174 2798; x_wconf 89' lang='lat' dir='ltr'><strong>volens</strong></span> <span class='ocrx_word' id='word_1_282' title='bbox 1201 2742 1410 2810; x_wconf 77' lang='lat' dir='ltr'><strong>effecit,</strong></span> <span class='ocrx_word' id='word_1_283' title='bbox 1451 2759 1654 2798; x_wconf 88' lang='lat' dir='ltr'><strong>omnes</strong></span> <span class='ocrx_word' id='word_1_284' title='bbox 1683 2741 1778 2814; x_wconf 90' lang='lat' dir='ltr'><strong>qui</strong></span> <span class='ocrx_word' id='word_1_285' title='bbox 1801 2741 2003 2796; x_wconf 91' lang='lat' dir='ltr'><strong>nolue-</strong></span> 
     </span>
    </p>
   </div>
   <div class='ocr_carea' id='block_1_45' title="bbox 390 2829 2002 2904">
    <p class='ocr_par' dir='ltr' id='par_1_45' title="bbox 390 2829 2002 2904">
     <span class='ocr_line' id='line_1_45' title="bbox 390 2829 2002 2904; baseline 0 -20"><span class='ocrx_word' id='word_1_286' title='bbox 390 2833 532 2885; x_wconf 89' lang='lat' dir='ltr'><strong>runt</strong></span> <span class='ocrx_word' id='word_1_287' title='bbox 556 2829 848 2902; x_wconf 87' lang='lat' dir='ltr'><strong>baptisma</strong></span> <span class='ocrx_word' id='word_1_288' title='bbox 871 2831 1159 2904; x_wconf 89' lang='lat' dir='ltr'><strong>suscipere</strong></span> <span class='ocrx_word' id='word_1_289' title='bbox 1185 2832 1436 2902; x_wconf 89' lang='lat' dir='ltr'><strong>procula</strong></span> <span class='ocrx_word' id='word_1_290' title='bbox 1456 2831 1668 2886; x_wconf 88' lang='lat' dir='ltr'><strong>ﬁnibus</strong></span> <span class='ocrx_word' id='word_1_291' title='bbox 1695 2829 2002 2885; x_wconf 87' lang='lat' dir='ltr'><strong>eliminans</strong></span> 
     </span>
    </p>
   </div>
   <div class='ocr_carea' id='block_1_46' title="bbox 390 2917 1998 2986">
    <p class='ocr_par' dir='ltr' id='par_1_46' title="bbox 390 2917 1998 2986">
     <span class='ocr_line' id='line_1_46' title="bbox 390 2917 1998 2986; baseline -0.002 -12"><span class='ocrx_word' id='word_1_292' title='bbox 390 2919 669 2974; x_wconf 67' lang='lat' dir='ltr'><strong>Francius.</strong></span> <span class='ocrx_word' id='word_1_293' title='bbox 701 2921 883 2974; x_wconf 88' lang='lat' dir='ltr'><strong>Porro</strong></span> <span class='ocrx_word' id='word_1_294' title='bbox 915 2920 1174 2976; x_wconf 82' lang='lat' dir='ltr'><strong>Heraclio</strong></span> <span class='ocrx_word' id='word_1_295' title='bbox 1225 2937 1342 2974; x_wconf 90' lang='lat' dir='ltr'><strong>non</strong></span> <span class='ocrx_word' id='word_1_296' title='bbox 1399 2920 1470 2975; x_wconf 92' lang='lat' dir='ltr'><strong>de</strong></span> <span class='ocrx_word' id='word_1_297' title='bbox 1511 2919 1740 2986; x_wconf 64' lang='lat' dir='ltr'><strong>Iudaeis,</strong></span> <span class='ocrx_word' id='word_1_298' title='bbox 1787 2918 1886 2973; x_wconf 91' lang='lat' dir='ltr'><strong>sed</strong></span> <span class='ocrx_word' id='word_1_299' title='bbox 1928 2917 1998 2972; x_wconf 91' lang='lat' dir='ltr'><strong>de</strong></span> 
     </span>
    </p>
   </div>
   <div class='ocr_carea' id='block_1_47' title="bbox 394 3006 1999 3082">
    <p class='ocr_par' dir='ltr' id='par_1_47' title="bbox 394 3006 1999 3082">
     <span class='ocr_line' id='line_1_47' title="bbox 394 3006 1999 3082; baseline -0.001 -20"><span class='ocrx_word' id='word_1_300' title='bbox 394 3007 729 3064; x_wconf 81' lang='lat' dir='ltr'><strong>Sarracenis</strong></span> <span class='ocrx_word' id='word_1_301' title='bbox 759 3007 951 3063; x_wconf 87' lang='lat' dir='ltr'><strong>fuerat</strong></span> <span class='ocrx_word' id='word_1_302' title='bbox 969 3011 1406 3082; x_wconf 74' lang='lat' dir='ltr'><strong>praeostensum.</strong></span> <span class='ocrx_word' id='word_1_303' title='bbox 1433 3007 1686 3082; x_wconf 88' lang='lat' dir='ltr'><strong>Agareni</strong></span> <span class='ocrx_word' id='word_1_304' title='bbox 1710 3006 1999 3079; x_wconf 88' lang='lat' dir='ltr'><strong>siquidem</strong></span> 
     </span>
    </p>
   </div>
   <div class='ocr_carea' id='block_1_48' title="bbox 2120 1943 3742 2016">
    <p class='ocr_par' dir='ltr' id='par_1_48' title="bbox 2120 1943 3742 2016">
     <span class='ocr_line' id='line_1_48' title="bbox 2120 1943 3742 2016; baseline 0.001 -20"><span class='ocrx_word' id='word_1_305' title='bbox 2120 1946 2440 1998; x_wconf 90' lang='lat' dir='ltr'><strong>mutatores</strong></span> <span class='ocrx_word' id='word_1_306' title='bbox 2471 1945 2752 1999; x_wconf 91' lang='lat' dir='ltr'><strong>mercium</strong></span> <span class='ocrx_word' id='word_1_307' title='bbox 2777 1961 2846 1999; x_wconf 81' lang='lat' dir='ltr'><strong>ex</strong></span> <span class='ocrx_word' id='word_1_308' title='bbox 2873 1944 3111 1999; x_wconf 83' lang='lat' dir='ltr'><strong>Francia</strong></span> <span class='ocrx_word' id='word_1_309' title='bbox 3139 1943 3474 1998; x_wconf 89' lang='lat' dir='ltr'><strong>Sclavorum</strong></span> <span class='ocrx_word' id='word_1_310' title='bbox 3496 1943 3742 2016; x_wconf 82' lang='lat' dir='ltr'><strong>ingressi</strong></span> 
     </span>
    </p>
   </div>
   <div class='ocr_carea' id='block_1_49' title="bbox 2127 2031 3736 2105">
    <p class='ocr_par' dir='ltr' id='par_1_49' title="bbox 2127 2031 3736 2105">
     <span class='ocr_line' id='line_1_49' title="bbox 2127 2031 3736 2105; baseline 0.002 -21"><span class='ocrx_word' id='word_1_311' title='bbox 2127 2031 2400 2102; x_wconf 87' lang='lat' dir='ltr'><strong>patriam,</strong></span> <span class='ocrx_word' id='word_1_312' title='bbox 2425 2048 2459 2086; x_wconf 92' lang='lat' dir='ltr'><strong>a</strong></span> <span class='ocrx_word' id='word_1_313' title='bbox 2485 2032 2698 2086; x_wconf 88' lang='lat' dir='ltr'><strong>Sclavis</strong></span> <span class='ocrx_word' id='word_1_314' title='bbox 2725 2033 2896 2087; x_wconf 87' lang='lat' dir='ltr'><strong>rebus</strong></span> <span class='ocrx_word' id='word_1_315' title='bbox 2945 2032 3242 2104; x_wconf 82' lang='lat' dir='ltr'><strong>exspoliali</strong></span> <span class='ocrx_word' id='word_1_316' title='bbox 3275 2032 3410 2100; x_wconf 88' lang='lat' dir='ltr'><strong>suis,</strong></span> <span class='ocrx_word' id='word_1_317' title='bbox 3433 2034 3494 2086; x_wconf 88' lang='lat' dir='ltr'><strong>et</strong></span> <span class='ocrx_word' id='word_1_318' title='bbox 3523 2033 3626 2105; x_wconf 90' lang='lat' dir='ltr'><strong>qui</strong></span> <span class='ocrx_word' id='word_1_319' title='bbox 3653 2049 3736 2087; x_wconf 87' lang='lat' dir='ltr'><strong>re-</strong></span> 
     </span>
    </p>
   </div>
   <div class='ocr_carea' id='block_1_50' title="bbox 2115 2119 3737 2194">
    <p class='ocr_par' dir='ltr' id='par_1_50' title="bbox 2115 2119 3737 2194">
     <span class='ocr_line' id='line_1_50' title="bbox 2115 2119 3737 2194; baseline 0.001 -20"><span class='ocrx_word' id='word_1_320' title='bbox 2115 2119 2315 2175; x_wconf 87' lang='lat' dir='ltr'><strong>sistere</strong></span> <span class='ocrx_word' id='word_1_321' title='bbox 2340 2125 2704 2176; x_wconf 86' lang='lat' dir='ltr'><strong>tentaverant</strong></span> <span class='ocrx_word' id='word_1_322' title='bbox 2725 2122 3012 2176; x_wconf 84' lang='lat' dir='ltr'><strong>interfecti</strong></span> <span class='ocrx_word' id='word_1_323' title='bbox 3039 2125 3193 2176; x_wconf 87' lang='lat' dir='ltr'><strong>sunt.</strong></span> <span class='ocrx_word' id='word_1_324' title='bbox 3220 2121 3594 2194; x_wconf 87' lang='lat' dir='ltr'><strong>Quapropter</strong></span> <span class='ocrx_word' id='word_1_325' title='bbox 3615 2124 3737 2194; x_wconf 91' lang='lat' dir='ltr'><strong>qui-</strong></span> 
     </span>
    </p>
   </div>
   <div class='ocr_carea' id='block_1_51' title="bbox 2114 2207 3732 2282">
    <p class='ocr_par' dir='ltr' id='par_1_51' title="bbox 2114 2207 3732 2282">
     <span class='ocr_line' id='line_1_51' title="bbox 2114 2207 3732 2282; baseline 0.001 -20"><span class='ocrx_word' id='word_1_326' title='bbox 2114 2207 2275 2276; x_wconf 90' lang='lat' dir='ltr'><strong>dam,</strong></span> <span class='ocrx_word' id='word_1_327' title='bbox 2307 2208 2596 2264; x_wconf 91' lang='lat' dir='ltr'><strong>Sicharius</strong></span> <span class='ocrx_word' id='word_1_328' title='bbox 2625 2211 2922 2277; x_wconf 87' lang='lat' dir='ltr'><strong>vocabulo,</strong></span> <span class='ocrx_word' id='word_1_329' title='bbox 2961 2210 3168 2264; x_wconf 90' lang='lat' dir='ltr'><strong>missus</strong></span> <span class='ocrx_word' id='word_1_330' title='bbox 3211 2227 3248 2264; x_wconf 87' lang='lat' dir='ltr'><strong>a</strong></span> <span class='ocrx_word' id='word_1_331' title='bbox 3299 2210 3632 2282; x_wconf 88' lang='lat' dir='ltr'><strong>Dagoberto</strong></span> <span class='ocrx_word' id='word_1_332' title='bbox 3663 2211 3732 2266; x_wconf 86' lang='lat' dir='ltr'><strong>ad</strong></span> 
     </span>
    </p>
   </div>
   <div class='ocr_carea' id='block_1_52' title="bbox 2111 2296 3734 2370">
    <p class='ocr_par' dir='ltr' id='par_1_52' title="bbox 2111 2296 3734 2370">
     <span class='ocr_line' id='line_1_52' title="bbox 2111 2296 3734 2370; baseline 0.001 -19"><span class='ocrx_word' id='word_1_333' title='bbox 2111 2296 2420 2353; x_wconf 90' lang='lat' dir='ltr'><strong>Samonem</strong></span> <span class='ocrx_word' id='word_1_334' title='bbox 2437 2302 2773 2353; x_wconf 81' lang='lat' dir='ltr'><strong>memoratae</strong></span> <span class='ocrx_word' id='word_1_335' title='bbox 2783 2299 2970 2370; x_wconf 88' lang='lat' dir='ltr'><strong>gentis</strong></span> <span class='ocrx_word' id='word_1_336' title='bbox 2981 2299 3734 2370; x_wconf 85' lang='lat' dir='ltr'><strong>principem,postulaturns</strong></span> 
     </span>
    </p>
   </div>
   <div class='ocr_carea' id='block_1_53' title="bbox 2115 2384 3732 2458">
    <p class='ocr_par' dir='ltr' id='par_1_53' title="bbox 2115 2384 3732 2458">
     <span class='ocr_line' id='line_1_53' title="bbox 2115 2384 3732 2458; baseline 0.002 -19"><span class='ocrx_word' id='word_1_337' title='bbox 2115 2384 2186 2439; x_wconf 91' lang='lat' dir='ltr'><strong>de</strong></span> <span class='ocrx_word' id='word_1_338' title='bbox 2215 2387 2534 2441; x_wconf 82' lang='lat' dir='ltr'><strong>commissis</strong></span> <span class='ocrx_word' id='word_1_339' title='bbox 2579 2387 2886 2458; x_wconf 85' lang='lat' dir='ltr'><strong>justitiam,</strong></span> <span class='ocrx_word' id='word_1_340' title='bbox 2917 2388 3054 2442; x_wconf 91' lang='lat' dir='ltr'><strong>dum</strong></span> <span class='ocrx_word' id='word_1_341' title='bbox 3087 2387 3276 2454; x_wconf 84' lang='lat' dir='ltr'><strong>sciret,</strong></span> <span class='ocrx_word' id='word_1_342' title='bbox 3325 2403 3385 2441; x_wconf 88' lang='lat' dir='ltr'><strong>se</strong></span> <span class='ocrx_word' id='word_1_343' title='bbox 3416 2404 3452 2441; x_wconf 93' lang='lat' dir='ltr'><strong>a</strong></span> <span class='ocrx_word' id='word_1_344' title='bbox 3478 2387 3732 2443; x_wconf 90' lang='lat' dir='ltr'><strong>Samone</strong></span> 
     </span>
    </p>
   </div>
   <div class='ocr_carea' id='block_1_54' title="bbox 2115 2475 3730 2548">
    <p class='ocr_par' dir='ltr' id='par_1_54' title="bbox 2115 2475 3730 2548">
     <span class='ocr_line' id='line_1_54' title="bbox 2115 2475 3730 2548; baseline 0.002 -21"><span class='ocrx_word' id='word_1_345' title='bbox 2115 2475 2270 2528; x_wconf 90' lang='lat' dir='ltr'><strong>nolle</strong></span> <span class='ocrx_word' id='word_1_346' title='bbox 2299 2475 2503 2544; x_wconf 81' lang='lat' dir='ltr'><strong>videri,</strong></span> <span class='ocrx_word' id='word_1_347' title='bbox 2537 2477 2787 2531; x_wconf 88' lang='lat' dir='ltr'><strong>vestibus</strong></span> <span class='ocrx_word' id='word_1_348' title='bbox 2817 2476 3024 2548; x_wconf 90' lang='lat' dir='ltr'><strong>quibus</strong></span> <span class='ocrx_word' id='word_1_349' title='bbox 3076 2475 3258 2530; x_wconf 89' lang='lat' dir='ltr'><strong>Sclavi</strong></span> <span class='ocrx_word' id='word_1_350' title='bbox 3289 2475 3631 2544; x_wconf 86' lang='lat' dir='ltr'><strong>utebantur,</strong></span> <span class='ocrx_word' id='word_1_351' title='bbox 3662 2493 3730 2531; x_wconf 89' lang='lat' dir='ltr'><strong>ne</strong></span> 
     </span>
    </p>
   </div>
   <div class='ocr_carea' id='block_1_55' title="bbox 2109 2563 3733 2638">
    <p class='ocr_par' dir='ltr' id='par_1_55' title="bbox 2109 2563 3733 2638">
     <span class='ocr_line' id='line_1_55' title="bbox 2109 2563 3733 2638; baseline 0.001 -22"><span class='ocrx_word' id='word_1_352' title='bbox 2109 2569 2528 2635; x_wconf 84' lang='lat' dir='ltr'><strong>agnosceretur</strong></span> <span class='ocrx_word' id='word_1_353' title='bbox 2557 2564 2811 2632; x_wconf 91' lang='lat' dir='ltr'><strong>indutus,</strong></span> <span class='ocrx_word' id='word_1_354' title='bbox 2841 2563 3243 2636; x_wconf 87' lang='lat' dir='ltr'><strong>conspectibus</strong></span> <span class='ocrx_word' id='word_1_355' title='bbox 3291 2581 3346 2618; x_wconf 90' lang='lat' dir='ltr'><strong>se</strong></span> <span class='ocrx_word' id='word_1_356' title='bbox 3383 2564 3558 2620; x_wconf 79' lang='lat' dir='ltr'><strong>offert</strong></span> <span class='ocrx_word' id='word_1_357' title='bbox 3588 2567 3733 2638; x_wconf 87' lang='lat' dir='ltr'><strong>regis</strong></span> 
     </span>
    </p>
   </div>
   <div class='ocr_carea' id='block_1_56' title="bbox 2113 2653 3735 2724">
    <p class='ocr_par' dir='ltr' id='par_1_56' title="bbox 2113 2653 3735 2724">
     <span class='ocr_line' id='line_1_56' title="bbox 2113 2653 3735 2724; baseline 0.002 -20"><span class='ocrx_word' id='word_1_358' title='bbox 2113 2653 2490 2720; x_wconf 68' lang='lat' dir='ltr'><strong>prmsentiam</strong></span> <span class='ocrx_word' id='word_1_359' title='bbox 2521 2671 2681 2709; x_wconf 89' lang='lat' dir='ltr'><strong>suam</strong></span> <span class='ocrx_word' id='word_1_360' title='bbox 2701 2654 3059 2724; x_wconf 88' lang='lat' dir='ltr'><strong>refugientis.</strong></span> <span class='ocrx_word' id='word_1_361' title='bbox 3093 2655 3161 2708; x_wconf 87' lang='lat' dir='ltr'><strong>Et</strong></span> <span class='ocrx_word' id='word_1_362' title='bbox 3191 2669 3320 2724; x_wconf 62' lang='lat' dir='ltr'><strong>quae</strong></span> <span class='ocrx_word' id='word_1_363' title='bbox 3361 2653 3474 2708; x_wconf 90' lang='lat' dir='ltr'><strong>sibi</strong></span> <span class='ocrx_word' id='word_1_364' title='bbox 3494 2654 3556 2708; x_wconf 91' lang='lat' dir='ltr'><strong>in</strong></span> <span class='ocrx_word' id='word_1_365' title='bbox 3577 2671 3735 2708; x_wconf 84' lang='lat' dir='ltr'><strong>man-</strong></span> 
     </span>
    </p>
   </div>
   <div class='ocr_carea' id='block_1_57' title="bbox 2105 2739 3726 2814">
    <p class='ocr_par' dir='ltr' id='par_1_57' title="bbox 2105 2739 3726 2814">
     <span class='ocr_line' id='line_1_57' title="bbox 2105 2739 3726 2814; baseline 0.002 -21"><span class='ocrx_word' id='word_1_366' title='bbox 2105 2739 2254 2795; x_wconf 90' lang='lat' dir='ltr'><strong>datis</strong></span> <span class='ocrx_word' id='word_1_367' title='bbox 2269 2743 2482 2796; x_wconf 88' lang='lat' dir='ltr'><strong>tradita</strong></span> <span class='ocrx_word' id='word_1_368' title='bbox 2507 2744 2740 2798; x_wconf 83' lang='lat' dir='ltr'><strong>fuerant</strong></span> <span class='ocrx_word' id='word_1_369' title='bbox 2765 2741 3202 2814; x_wconf 88' lang='lat' dir='ltr'><strong>prolocutus,ait</strong></span> <span class='ocrx_word' id='word_1_370' title='bbox 3224 2757 3343 2797; x_wconf 88' lang='lat' dir='ltr'><strong>non</strong></span> <span class='ocrx_word' id='word_1_371' title='bbox 3358 2741 3578 2796; x_wconf 86' lang='lat' dir='ltr'><strong>debere</strong></span> <span class='ocrx_word' id='word_1_372' title='bbox 3600 2759 3726 2798; x_wconf 87' lang='lat' dir='ltr'><strong>eum</strong></span> 
     </span>
    </p>
   </div>
   <div class='ocr_carea' id='block_1_58' title="bbox 2105 2831 3715 2902">
    <p class='ocr_par' dir='ltr' id='par_1_58' title="bbox 2105 2831 3715 2902">
     <span class='ocr_line' id='line_1_58' title="bbox 2105 2831 3715 2902; baseline 0.002 -20"><span class='ocrx_word' id='word_1_373' title='bbox 2105 2831 2467 2901; x_wconf 88' lang='lat' dir='ltr'><strong>contemptui</strong></span> <span class='ocrx_word' id='word_1_374' title='bbox 2487 2832 2702 2886; x_wconf 87' lang='lat' dir='ltr'><strong>habere</strong></span> <span class='ocrx_word' id='word_1_375' title='bbox 2717 2832 3405 2902; x_wconf 83' lang='lat' dir='ltr'><strong>gentemFrancorum,eo</strong></span> <span class='ocrx_word' id='word_1_376' title='bbox 3425 2831 3588 2902; x_wconf 90' lang='lat' dir='ltr'><strong>quod</strong></span> <span class='ocrx_word' id='word_1_377' title='bbox 3602 2831 3715 2902; x_wconf 86' lang='lat' dir='ltr'><strong>ipse</strong></span> 
     </span>
    </p>
   </div>
   <div class='ocr_carea' id='block_1_59' title="bbox 2105 2917 3716 2990">
    <p class='ocr_par' dir='ltr' id='par_1_59' title="bbox 2105 2917 3716 2990">
     <span class='ocr_line' id='line_1_59' title="bbox 2105 2917 3716 2990; baseline 0.001 -19"><span class='ocrx_word' id='word_1_378' title='bbox 2105 2933 2172 2971; x_wconf 87' lang='lat' dir='ltr'><strong>ac</strong></span> <span class='ocrx_word' id='word_1_379' title='bbox 2196 2919 2441 2990; x_wconf 89' lang='lat' dir='ltr'><strong>populus</strong></span> <span class='ocrx_word' id='word_1_380' title='bbox 2455 2919 2505 2973; x_wconf 93' lang='lat' dir='ltr'><strong>ei</strong></span> <span class='ocrx_word' id='word_1_381' title='bbox 2522 2920 2810 2990; x_wconf 88' lang='lat' dir='ltr'><strong>subjectus</strong></span> <span class='ocrx_word' id='word_1_382' title='bbox 2829 2919 3061 2974; x_wconf 82' lang='lat' dir='ltr'><strong>obnoxii</strong></span> <span class='ocrx_word' id='word_1_383' title='bbox 3081 2919 3276 2973; x_wconf 89' lang='lat' dir='ltr'><strong>forent</strong></span> <span class='ocrx_word' id='word_1_384' title='bbox 3298 2917 3592 2973; x_wconf 86' lang='lat' dir='ltr'><strong>servitutis</strong></span> <span class='ocrx_word' id='word_1_385' title='bbox 3609 2919 3716 2973; x_wconf 87' lang='lat' dir='ltr'><strong>Da-</strong></span> 
     </span>
    </p>
   </div>
   <div class='ocr_carea' id='block_1_60' title="bbox 2105 3006 3718 3080">
    <p class='ocr_par' dir='ltr' id='par_1_60' title="bbox 2105 3006 3718 3080">
     <span class='ocr_line' id='line_1_60' title="bbox 2105 3006 3718 3080; baseline 0.001 -20"><span class='ocrx_word' id='word_1_386' title='bbox 2105 3006 2349 3077; x_wconf 87' lang='lat' dir='ltr'><strong>goberto</strong></span> <span class='ocrx_word' id='word_1_387' title='bbox 2377 3024 2580 3063; x_wconf 90' lang='lat' dir='ltr'><strong>eorum</strong></span> <span class='ocrx_word' id='word_1_388' title='bbox 2609 3008 2752 3080; x_wconf 88' lang='lat' dir='ltr'><strong>regi.</strong></span> <span class='ocrx_word' id='word_1_389' title='bbox 2786 3009 2880 3063; x_wconf 80' lang='lat' dir='ltr'><strong>llis</strong></span> <span class='ocrx_word' id='word_1_390' title='bbox 2903 3007 3088 3064; x_wconf 89' lang='lat' dir='ltr'><strong>verbis</strong></span> <span class='ocrx_word' id='word_1_391' title='bbox 3137 3007 3334 3074; x_wconf 87' lang='lat' dir='ltr'><strong>Samo,</strong></span> <span class='ocrx_word' id='word_1_392' title='bbox 3376 3009 3718 3078; x_wconf 87' lang='lat' dir='ltr'><strong>provocatus</strong></span> 
     </span>
    </p>
   </div>
   <div class='ocr_carea' id='block_1_61' title="bbox 387 3095 3713 3190">
    <p class='ocr_par' dir='ltr' id='par_1_61' title="bbox 387 3095 3713 3190">
     <span class='ocr_line' id='line_1_61' title="bbox 387 3095 3713 3190; baseline -0.001 -39"><span class='ocrx_word' id='word_1_393' title='bbox 387 3095 513 3169; x_wconf 87' lang='lat' dir='ltr'><strong>(qui</strong></span> <span class='ocrx_word' id='word_1_394' title='bbox 543 3099 603 3151; x_wconf 93' lang='lat' dir='ltr'><strong>et</strong></span> <span class='ocrx_word' id='word_1_395' title='bbox 623 3096 948 3168; x_wconf 88' lang='lat' dir='ltr'><strong>Sarraceni)</strong></span> <span class='ocrx_word' id='word_1_396' title='bbox 979 3114 1121 3169; x_wconf 91' lang='lat' dir='ltr'><strong>gens</strong></span> <span class='ocrx_word' id='word_1_397' title='bbox 1165 3097 1408 3170; x_wconf 85' lang='lat' dir='ltr'><strong>perﬁda,</strong></span> <span class='ocrx_word' id='word_1_398' title='bbox 1441 3098 1513 3152; x_wconf 84' lang='lat' dir='ltr'><strong>ab</strong></span> <span class='ocrx_word' id='word_1_399' title='bbox 1542 3097 1835 3151; x_wconf 85' lang='lat' dir='ltr'><strong>Abraham</strong></span> <span class='ocrx_word' id='word_1_400' title='bbox 1867 3111 1998 3150; x_wconf 91' lang='lat' dir='ltr'><strong>cum</strong></span> <span class='ocrx_word' id='word_1_401' title='bbox 2024 3129 2072 3190; x_wconf 68' lang='grc' dir='ltr'>Ο</span> <span class='ocrx_word' id='word_1_402' title='bbox 2107 3095 2181 3149; x_wconf 89' lang='lat' dir='ltr'><strong>ad</strong></span> <span class='ocrx_word' id='word_1_403' title='bbox 2211 3095 2383 3164; x_wconf 90' lang='lat' dir='ltr'><strong>iram,</strong></span> <span class='ocrx_word' id='word_1_404' title='bbox 2437 3097 2754 3168; x_wconf 89' lang='lat' dir='ltr'><strong>respondit,</strong></span> <span class='ocrx_word' id='word_1_405' title='bbox 2785 3115 2844 3153; x_wconf 90' lang='lat' dir='ltr'><strong>se</strong></span> <span class='ocrx_word' id='word_1_406' title='bbox 2875 3113 3005 3151; x_wconf 88' lang='lat' dir='ltr'><strong>cum</strong></span> <span class='ocrx_word' id='word_1_407' title='bbox 3037 3097 3252 3168; x_wconf 91' lang='lat' dir='ltr'><strong>populo</strong></span> <span class='ocrx_word' id='word_1_408' title='bbox 3279 3112 3406 3162; x_wconf 88' lang='lat' dir='ltr'><strong>suo,</strong></span> <span class='ocrx_word' id='word_1_409' title='bbox 3453 3095 3632 3150; x_wconf 86' lang='lat' dir='ltr'><strong>simul</strong></span> <span class='ocrx_word' id='word_1_410' title='bbox 3659 3099 3713 3150; x_wconf 86' lang='lat' dir='ltr'><strong>et</strong></span> 
     </span>
    </p>
   </div>
   <div class='ocr_carea' id='block_1_62' title="bbox 391 3183 3718 3258">
    <p class='ocr_par' dir='ltr' id='par_1_62' title="bbox 391 3183 3718 3258">
     <span class='ocr_line' id='line_1_62' title="bbox 391 3183 3718 3258; baseline -0.001 -18"><span class='ocrx_word' id='word_1_411' title='bbox 391 3183 620 3256; x_wconf 78' lang='lat' dir='ltr'><strong>origine</strong></span> <span class='ocrx_word' id='word_1_412' title='bbox 666 3183 845 3240; x_wconf 88' lang='lat' dir='ltr'><strong>ritum</strong></span> <span class='ocrx_word' id='word_1_413' title='bbox 899 3185 1138 3241; x_wconf 90' lang='lat' dir='ltr'><strong>trahens</strong></span> <span class='ocrx_word' id='word_1_414' title='bbox 1191 3185 1661 3252; x_wconf 89' lang='lat' dir='ltr'><strong>circumcisionis,</strong></span> <span class='ocrx_word' id='word_1_415' title='bbox 1713 3201 1748 3240; x_wconf 93' lang='lat' dir='ltr'><strong>a</strong></span> <span class='ocrx_word' id='word_1_416' title='bbox 1805 3183 1998 3239; x_wconf 87' lang='lat' dir='ltr'><strong>radice</strong></span> <span class='ocrx_word' id='word_1_417' title='bbox 2032 3183 2072 3190; x_wconf 75' lang='grc'><strong><em>“</em></strong></span> <span class='ocrx_word' id='word_1_418' title='bbox 2103 3187 2279 3252; x_wconf 87' lang='lat' dir='ltr'><strong>terra,</strong></span> <span class='ocrx_word' id='word_1_419' title='bbox 2309 3185 2640 3258; x_wconf 90' lang='lat' dir='ltr'><strong>Dagoberto</strong></span> <span class='ocrx_word' id='word_1_420' title='bbox 2667 3185 3042 3242; x_wconf 87' lang='lat' dir='ltr'><strong>libentissime</strong></span> <span class='ocrx_word' id='word_1_421' title='bbox 3070 3185 3418 3258; x_wconf 81' lang='lat' dir='ltr'><strong>periturum,</strong></span> <span class='ocrx_word' id='word_1_422' title='bbox 3469 3207 3501 3236; x_wconf 75' lang='grc' dir='ltr'><strong>(ι</strong></span> <span class='ocrx_word' id='word_1_423' title='bbox 3551 3184 3610 3240; x_wconf 92' lang='lat' dir='ltr'><strong>Si</strong></span> <span class='ocrx_word' id='word_1_424' title='bbox 3641 3187 3718 3238; x_wconf 84' lang='lat' dir='ltr'><strong>ta-</strong></span> 
     </span>
    </p>
   </div>
   <div class='ocr_carea' id='block_1_63' title="bbox 389 3271 3716 3346">
    <p class='ocr_par' dir='ltr' id='par_1_63' title="bbox 389 3271 3716 3346">
     <span class='ocr_line' id='line_1_63' title="bbox 389 3271 3716 3346; baseline 0 -18"><span class='ocrx_word' id='word_1_425' title='bbox 389 3271 625 3328; x_wconf 87' lang='lat' dir='ltr'><strong>Caucasi</strong></span> <span class='ocrx_word' id='word_1_426' title='bbox 657 3274 874 3329; x_wconf 90' lang='lat' dir='ltr'><strong>montis</strong></span> <span class='ocrx_word' id='word_1_427' title='bbox 895 3289 1223 3346; x_wconf 88' lang='lat' dir='ltr'><strong>progressa,</strong></span> <span class='ocrx_word' id='word_1_428' title='bbox 1253 3277 1438 3330; x_wconf 89' lang='lat' dir='ltr'><strong>terras</strong></span> <span class='ocrx_word' id='word_1_429' title='bbox 1463 3272 1710 3328; x_wconf 88' lang='lat' dir='ltr'><strong>Heraclii</strong></span> <span class='ocrx_word' id='word_1_430' title='bbox 1756 3273 1996 3344; x_wconf 89' lang='lat' dir='ltr'><strong>popula—</strong></span> <span class='ocrx_word' id='word_1_431' title='bbox 2103 3273 2478 3346; x_wconf 89' lang='lat' dir='ltr'><strong>men,inquit,</strong></span> <span class='ocrx_word' id='word_1_432' title='bbox 2503 3273 2848 3346; x_wconf 89' lang='lat' dir='ltr'><strong>disposuerit</strong></span> <span class='ocrx_word' id='word_1_433' title='bbox 2865 3273 3168 3330; x_wconf 88' lang='lat' dir='ltr'><strong>nobiscum</strong></span> <span class='ocrx_word' id='word_1_434' title='bbox 3190 3273 3476 3328; x_wconf 89' lang='lat' dir='ltr'><strong>amicitias</strong></span> <span class='ocrx_word' id='word_1_435' title='bbox 3492 3289 3716 3328; x_wconf 87' lang='lat' dir='ltr'><strong>conser-</strong></span> 
     </span>
    </p>
   </div>
   <div class='ocr_carea' id='block_1_64' title="bbox 387 3361 3714 3434">
    <p class='ocr_par' dir='ltr' id='par_1_64' title="bbox 387 3361 3714 3434">
     <span class='ocr_line' id='line_1_64' title="bbox 387 3361 3714 3434; baseline 0 -19"><span class='ocrx_word' id='word_1_436' title='bbox 387 3363 514 3416; x_wconf 86' lang='lat' dir='ltr'><strong>tum</strong></span> <span class='ocrx_word' id='word_1_437' title='bbox 544 3365 843 3418; x_wconf 85' lang='lat' dir='ltr'><strong>venerunt.</strong></span> <span class='ocrx_word' id='word_1_438' title='bbox 877 3362 1094 3418; x_wconf 84' lang='lat' dir='ltr'><strong>Contra</strong></span> <span class='ocrx_word' id='word_1_439' title='bbox 1117 3378 1262 3434; x_wconf 89' lang='lat' dir='ltr'><strong>quos</strong></span> <span class='ocrx_word' id='word_1_440' title='bbox 1290 3364 1440 3418; x_wconf 90' lang='lat' dir='ltr'><strong>lecta</strong></span> <span class='ocrx_word' id='word_1_441' title='bbox 1464 3362 1718 3417; x_wconf 90' lang='lat' dir='ltr'><strong>militum</strong></span> <span class='ocrx_word' id='word_1_442' title='bbox 1731 3377 1998 3430; x_wconf 89' lang='lat' dir='ltr'><strong>manus,a</strong></span> <span class='ocrx_word' id='word_1_443' title='bbox 2099 3379 2256 3419; x_wconf 89' lang='lat' dir='ltr'><strong>vare.</strong></span> <span class='ocrx_word' id='word_1_444' title='bbox 2290 3383 2318 3411; x_wconf 85' lang='lat'><strong>»</strong></span> <span class='ocrx_word' id='word_1_445' title='bbox 2347 3362 2436 3418; x_wconf 87' lang='lat' dir='ltr'><strong>Ad</strong></span> <span class='ocrx_word' id='word_1_446' title='bbox 2456 3363 2578 3417; x_wconf 60' lang='lat' dir='ltr'><strong>haec</strong></span> <span class='ocrx_word' id='word_1_447' title='bbox 2598 3361 2884 3417; x_wconf 89' lang='lat' dir='ltr'><strong>Sicharius</strong></span> <span class='ocrx_word' id='word_1_448' title='bbox 2919 3377 2932 3416; x_wconf 91' lang='lat'><strong>:</strong></span> <span class='ocrx_word' id='word_1_449' title='bbox 2971 3383 2998 3412; x_wconf 76' lang='grc' dir='ltr'>α</span> <span class='ocrx_word' id='word_1_450' title='bbox 3021 3361 3146 3416; x_wconf 78' lang='lat' dir='ltr'><strong>Non</strong></span> <span class='ocrx_word' id='word_1_451' title='bbox 3163 3365 3269 3429; x_wconf 89' lang='lat' dir='ltr'><strong>est,</strong></span> <span class='ocrx_word' id='word_1_452' title='bbox 3291 3361 3393 3428; x_wconf 88' lang='lat' dir='ltr'><strong>ait,</strong></span> <span class='ocrx_word' id='word_1_453' title='bbox 3420 3361 3714 3433; x_wconf 85' lang='lat' dir='ltr'><strong>possibile,</strong></span> 
     </span>
    </p>
   </div>
   <div class='ocr_carea' id='block_1_65' title="bbox 385 3449 3712 3523">
    <p class='ocr_par' dir='ltr' id='par_1_65' title="bbox 385 3449 3712 3523">
     <span class='ocr_line' id='line_1_65' title="bbox 385 3449 3712 3523; baseline -0 -19"><span class='ocrx_word' id='word_1_454' title='bbox 385 3449 609 3506; x_wconf 64' lang='lat' dir='ltr'><strong>Caesare</strong></span> <span class='ocrx_word' id='word_1_455' title='bbox 639 3451 877 3518; x_wconf 89' lang='lat' dir='ltr'><strong>directa,</strong></span> <span class='ocrx_word' id='word_1_456' title='bbox 899 3451 1155 3523; x_wconf 79' lang='lat' dir='ltr'><strong>graviter</strong></span> <span class='ocrx_word' id='word_1_457' title='bbox 1176 3455 1262 3506; x_wconf 90' lang='lat' dir='ltr'><strong>est</strong></span> <span class='ocrx_word' id='word_1_458' title='bbox 1277 3451 1349 3506; x_wconf 90' lang='lat' dir='ltr'><strong>ab</strong></span> <span class='ocrx_word' id='word_1_459' title='bbox 1368 3451 1629 3506; x_wconf 89' lang='lat' dir='ltr'><strong>hostibus</strong></span> <span class='ocrx_word' id='word_1_460' title='bbox 1650 3465 1818 3504; x_wconf 57' lang='lat' dir='ltr'><strong>exesa.</strong></span> <span class='ocrx_word' id='word_1_461' title='bbox 1849 3449 1996 3504; x_wconf 87' lang='lat' dir='ltr'><strong>Nam</strong></span> <span class='ocrx_word' id='word_1_462' title='bbox 2099 3454 2163 3505; x_wconf 92' lang='lat' dir='ltr'><strong>ut</strong></span> <span class='ocrx_word' id='word_1_463' title='bbox 2187 3450 2335 3506; x_wconf 88' lang='lat' dir='ltr'><strong>servi</strong></span> <span class='ocrx_word' id='word_1_464' title='bbox 2367 3449 2572 3505; x_wconf 81' lang='lat' dir='ltr'><strong>Christi</strong></span> <span class='ocrx_word' id='word_1_465' title='bbox 2603 3467 2735 3506; x_wconf 92' lang='lat' dir='ltr'><strong>cum</strong></span> <span class='ocrx_word' id='word_1_466' title='bbox 2762 3450 3002 3506; x_wconf 85' lang='lat' dir='ltr'><strong>canibus</strong></span> <span class='ocrx_word' id='word_1_467' title='bbox 3043 3449 3264 3506; x_wconf 69' lang='lat' dir='ltr'><strong>ftedera</strong></span> <span class='ocrx_word' id='word_1_468' title='bbox 3276 3449 3562 3522; x_wconf 88' lang='lat' dir='ltr'><strong>jungant.</strong></span> <span class='ocrx_word' id='word_1_469' title='bbox 3593 3471 3622 3499; x_wconf 70' lang='grc' dir='ltr'><strong>ι»</strong></span> <span class='ocrx_word' id='word_1_470' title='bbox 3650 3450 3712 3504; x_wconf 85' lang='lat' dir='ltr'><strong>Et</strong></span> 
     </span>
    </p>
   </div>
   <div class='ocr_carea' id='block_1_66' title="bbox 379 3536 1993 3613">
    <p class='ocr_par' dir='ltr' id='par_1_66' title="bbox 379 3536 1993 3613">
     <span class='ocr_line' id='line_1_66' title="bbox 379 3536 1993 3613; baseline -0.001 -19"><span class='ocrx_word' id='word_1_471' title='bbox 379 3541 616 3594; x_wconf 90' lang='lat' dir='ltr'><strong>centum</strong></span> <span class='ocrx_word' id='word_1_472' title='bbox 638 3539 1063 3613; x_wconf 84' lang='lat' dir='ltr'><strong>quinquaginta</strong></span> <span class='ocrx_word' id='word_1_473' title='bbox 1088 3539 1272 3596; x_wconf 90' lang='lat' dir='ltr'><strong>millia</strong></span> <span class='ocrx_word' id='word_1_474' title='bbox 1305 3556 1372 3594; x_wconf 84' lang='lat' dir='ltr'><strong>ex</strong></span> <span class='ocrx_word' id='word_1_475' title='bbox 1402 3538 1686 3594; x_wconf 90' lang='lat' dir='ltr'><strong>militibus</strong></span> <span class='ocrx_word' id='word_1_476' title='bbox 1707 3536 1993 3592; x_wconf 88' lang='lat' dir='ltr'><strong>interiisse</strong></span> 
     </span>
    </p>
   </div>
   <div class='ocr_carea' id='block_1_67' title="bbox 381 3627 1990 3702">
    <p class='ocr_par' dir='ltr' id='par_1_67' title="bbox 381 3627 1990 3702">
     <span class='ocr_line' id='line_1_67' title="bbox 381 3627 1990 3702; baseline -0.002 -18"><span class='ocrx_word' id='word_1_477' title='bbox 381 3627 938 3702; x_wconf 84' lang='lat' dir='ltr'><strong>referuntur.Spolia</strong></span> <span class='ocrx_word' id='word_1_478' title='bbox 960 3645 1241 3684; x_wconf 61' lang='lat' dir='ltr'><strong>caesorum</strong></span> <span class='ocrx_word' id='word_1_479' title='bbox 1263 3629 1506 3684; x_wconf 89' lang='lat' dir='ltr'><strong>victores</strong></span> <span class='ocrx_word' id='word_1_480' title='bbox 1521 3630 1690 3700; x_wconf 91' lang='lat' dir='ltr'><strong>rapta</strong></span> <span class='ocrx_word' id='word_1_481' title='bbox 1710 3629 1990 3698; x_wconf 85' lang='lat' dir='ltr'><strong>Augusto,</strong></span> 
     </span>
    </p>
   </div>
   <div class='ocr_carea' id='block_1_68' title="bbox 381 3715 1990 3790">
    <p class='ocr_par' dir='ltr' id='par_1_68' title="bbox 381 3715 1990 3790">
     <span class='ocr_line' id='line_1_68' title="bbox 381 3715 1990 3790; baseline -0.002 -18"><span class='ocrx_word' id='word_1_482' title='bbox 381 3733 489 3790; x_wconf 87' lang='lat' dir='ltr'><strong>per</strong></span> <span class='ocrx_word' id='word_1_483' title='bbox 509 3717 731 3788; x_wconf 86' lang='lat' dir='ltr'><strong>legatos</strong></span> <span class='ocrx_word' id='word_1_484' title='bbox 754 3717 1111 3789; x_wconf 90' lang='lat' dir='ltr'><strong>recipienda,</strong></span> <span class='ocrx_word' id='word_1_485' title='bbox 1143 3717 1528 3772; x_wconf 88' lang='lat' dir='ltr'><strong>miserunt.At</strong></span> <span class='ocrx_word' id='word_1_486' title='bbox 1551 3716 1648 3770; x_wconf 90' lang='lat' dir='ltr'><strong>ille</strong></span> <span class='ocrx_word' id='word_1_487' title='bbox 1687 3715 1784 3787; x_wconf 90' lang='lat' dir='ltr'><strong>qui</strong></span> <span class='ocrx_word' id='word_1_488' title='bbox 1819 3715 1990 3769; x_wconf 89' lang='lat' dir='ltr'><strong>ultio-</strong></span> 
     </span>
    </p>
   </div>
   <div class='ocr_carea' id='block_1_69' title="bbox 381 3803 1988 3877">
    <p class='ocr_par' dir='ltr' id='par_1_69' title="bbox 381 3803 1988 3877">
     <span class='ocr_line' id='line_1_69' title="bbox 381 3803 1988 3877; baseline -0.002 -17"><span class='ocrx_word' id='word_1_489' title='bbox 381 3821 520 3860; x_wconf 85' lang='lat' dir='ltr'><strong>nem</strong></span> <span class='ocrx_word' id='word_1_490' title='bbox 549 3805 742 3877; x_wconf 89' lang='lat' dir='ltr'><strong>potius</strong></span> <span class='ocrx_word' id='word_1_491' title='bbox 758 3805 1161 3872; x_wconf 90' lang='lat' dir='ltr'><strong>meditaretur,</strong></span> <span class='ocrx_word' id='word_1_492' title='bbox 1190 3821 1312 3860; x_wconf 90' lang='lat' dir='ltr'><strong>non</strong></span> <span class='ocrx_word' id='word_1_493' title='bbox 1333 3805 1519 3860; x_wconf 90' lang='lat' dir='ltr'><strong>solum</strong></span> <span class='ocrx_word' id='word_1_494' title='bbox 1538 3804 1733 3858; x_wconf 88' lang='lat' dir='ltr'><strong>oblata</strong></span> <span class='ocrx_word' id='word_1_495' title='bbox 1750 3803 1988 3875; x_wconf 88' lang='lat' dir='ltr'><strong>respuit,</strong></span> 
     </span>
    </p>
   </div>
   <div class='ocr_carea' id='block_1_70' title="bbox 379 3891 1994 3966">
    <p class='ocr_par' dir='ltr' id='par_1_70' title="bbox 379 3891 1994 3966">
     <span class='ocr_line' id='line_1_70' title="bbox 379 3891 1994 3966; baseline -0.001 -18"><span class='ocrx_word' id='word_1_496' title='bbox 379 3909 584 3949; x_wconf 83' lang='lat' dir='ltr'><strong>verum</strong></span> <span class='ocrx_word' id='word_1_497' title='bbox 601 3893 727 3965; x_wconf 86' lang='lat' dir='ltr'><strong>ipsa</strong></span> <span class='ocrx_word' id='word_1_498' title='bbox 746 3894 1040 3966; x_wconf 86' lang='lat' dir='ltr'><strong>legatione</strong></span> <span class='ocrx_word' id='word_1_499' title='bbox 1056 3894 1270 3947; x_wconf 84' lang='lat' dir='ltr'><strong>Alanos</strong></span> <span class='ocrx_word' id='word_1_500' title='bbox 1285 3893 1344 3946; x_wconf 91' lang='lat' dir='ltr'><strong>in</strong></span> <span class='ocrx_word' id='word_1_501' title='bbox 1363 3891 1715 3963; x_wconf 89' lang='lat' dir='ltr'><strong>adjutorium</strong></span> <span class='ocrx_word' id='word_1_502' title='bbox 1731 3891 1994 3959; x_wconf 83' lang='lat' dir='ltr'><strong>sui,resc-</strong></span> 
     </span>
    </p>
   </div>
   <div class='ocr_carea' id='block_1_71' title="bbox 381 3979 1990 4054">
    <p class='ocr_par' dir='ltr' id='par_1_71' title="bbox 381 3979 1990 4054">
     <span class='ocr_line' id='line_1_71' title="bbox 381 3979 1990 4054; baseline -0.001 -18"><span class='ocrx_word' id='word_1_503' title='bbox 381 3981 526 4036; x_wconf 90' lang='lat' dir='ltr'><strong>ratis</strong></span> <span class='ocrx_word' id='word_1_504' title='bbox 549 3981 734 4054; x_wconf 88' lang='lat' dir='ltr'><strong>portis</strong></span> <span class='ocrx_word' id='word_1_505' title='bbox 758 3997 900 4054; x_wconf 88' lang='lat' dir='ltr'><strong>quas</strong></span> <span class='ocrx_word' id='word_1_506' title='bbox 923 3981 1248 4036; x_wconf 78' lang='lat' dir='ltr'><strong>Alexander</strong></span> <span class='ocrx_word' id='word_1_507' title='bbox 1288 3981 1526 4052; x_wconf 83' lang='lat' dir='ltr'><strong>Magnus</strong></span> <span class='ocrx_word' id='word_1_508' title='bbox 1572 3979 1774 4052; x_wconf 89' lang='lat' dir='ltr'><strong>Caspio</strong></span> <span class='ocrx_word' id='word_1_509' title='bbox 1802 3982 1990 4036; x_wconf 91' lang='lat' dir='ltr'><strong>monti</strong></span> 
     </span>
    </p>
   </div>
   <div class='ocr_carea' id='block_1_72' title="bbox 384 4067 1989 4141">
    <p class='ocr_par' dir='ltr' id='par_1_72' title="bbox 384 4067 1989 4141">
     <span class='ocr_line' id='line_1_72' title="bbox 384 4067 1989 4141; baseline 0 -17"><span class='ocrx_word' id='word_1_510' title='bbox 384 4068 763 4140; x_wconf 89' lang='lat' dir='ltr'><strong>imposuerat,</strong></span> <span class='ocrx_word' id='word_1_511' title='bbox 794 4069 868 4123; x_wconf 88' lang='lat' dir='ltr'><strong>ad</strong></span> <span class='ocrx_word' id='word_1_512' title='bbox 897 4071 1133 4122; x_wconf 90' lang='lat' dir='ltr'><strong>centum</strong></span> <span class='ocrx_word' id='word_1_513' title='bbox 1160 4067 1582 4141; x_wconf 85' lang='lat' dir='ltr'><strong>quinquaginta</strong></span> <span class='ocrx_word' id='word_1_514' title='bbox 1597 4069 1780 4125; x_wconf 89' lang='lat' dir='ltr'><strong>ferme</strong></span> <span class='ocrx_word' id='word_1_515' title='bbox 1797 4085 1989 4124; x_wconf 90' lang='lat' dir='ltr'><strong>arma-</strong></span> 
     </span>
    </p>
   </div>
   <div class='ocr_carea' id='block_1_73' title="bbox 377 4156 1994 4229">
    <p class='ocr_par' dir='ltr' id='par_1_73' title="bbox 377 4156 1994 4229">
     <span class='ocr_line' id='line_1_73' title="bbox 377 4156 1994 4229; baseline 0 -17"><span class='ocrx_word' id='word_1_516' title='bbox 377 4162 576 4213; x_wconf 89' lang='lat' dir='ltr'><strong>torum</strong></span> <span class='ocrx_word' id='word_1_517' title='bbox 609 4157 795 4212; x_wconf 88' lang='lat' dir='ltr'><strong>millia</strong></span> <span class='ocrx_word' id='word_1_518' title='bbox 823 4156 1010 4229; x_wconf 91' lang='lat' dir='ltr'><strong>pretio</strong></span> <span class='ocrx_word' id='word_1_519' title='bbox 1042 4157 1256 4213; x_wconf 88' lang='lat' dir='ltr'><strong>eduxit.</strong></span> <span class='ocrx_word' id='word_1_520' title='bbox 1287 4158 1744 4214; x_wconf 89' lang='lat' dir='ltr'><strong>Sarracenorum</strong></span> <span class='ocrx_word' id='word_1_521' title='bbox 1764 4159 1876 4213; x_wconf 90' lang='lat' dir='ltr'><strong>duo</strong></span> <span class='ocrx_word' id='word_1_522' title='bbox 1893 4159 1994 4214; x_wconf 91' lang='lat' dir='ltr'><strong>du-</strong></span> 
     </span>
    </p>
   </div>
   <div class='ocr_carea' id='block_1_74' title="bbox 378 4245 1989 4316">
    <p class='ocr_par' dir='ltr' id='par_1_74' title="bbox 378 4245 1989 4316">
     <span class='ocr_line' id='line_1_74' title="bbox 378 4245 1989 4316; baseline 0.001 -16"><span class='ocrx_word' id='word_1_523' title='bbox 378 4261 474 4300; x_wconf 89' lang='lat' dir='ltr'><strong>ces</strong></span> <span class='ocrx_word' id='word_1_524' title='bbox 495 4247 683 4314; x_wconf 89' lang='lat' dir='ltr'><strong>erant,</strong></span> <span class='ocrx_word' id='word_1_525' title='bbox 715 4245 814 4316; x_wconf 89' lang='lat' dir='ltr'><strong>qui</strong></span> <span class='ocrx_word' id='word_1_526' title='bbox 866 4245 1112 4300; x_wconf 88' lang='lat' dir='ltr'><strong>ducenta</strong></span> <span class='ocrx_word' id='word_1_527' title='bbox 1165 4246 1349 4302; x_wconf 90' lang='lat' dir='ltr'><strong>millia</strong></span> <span class='ocrx_word' id='word_1_528' title='bbox 1392 4248 1570 4302; x_wconf 89' lang='lat' dir='ltr'><strong>armis</strong></span> <span class='ocrx_word' id='word_1_529' title='bbox 1596 4248 1873 4303; x_wconf 80' lang='lat' dir='ltr'><strong>instructa</strong></span> <span class='ocrx_word' id='word_1_530' title='bbox 1931 4248 1989 4302; x_wconf 91' lang='lat' dir='ltr'><strong>in</strong></span> 
     </span>
    </p>
   </div>
   <div class='ocr_carea' id='block_1_75' title="bbox 377 4331 1992 4408">
    <p class='ocr_par' dir='ltr' id='par_1_75' title="bbox 377 4331 1992 4408">
     <span class='ocr_line' id='line_1_75' title="bbox 377 4331 1992 4408; baseline 0 -19"><span class='ocrx_word' id='word_1_531' title='bbox 377 4333 532 4389; x_wconf 89' lang='lat' dir='ltr'><strong>bella</strong></span> <span class='ocrx_word' id='word_1_532' title='bbox 547 4331 1125 4406; x_wconf 87' lang='lat' dir='ltr'><strong>ducebant.Cumque</strong></span> <span class='ocrx_word' id='word_1_533' title='bbox 1143 4339 1386 4408; x_wconf 90' lang='lat' dir='ltr'><strong>uterque</strong></span> <span class='ocrx_word' id='word_1_534' title='bbox 1423 4337 1707 4392; x_wconf 82' lang='lat' dir='ltr'><strong>exercitus</strong></span> <span class='ocrx_word' id='word_1_535' title='bbox 1725 4337 1925 4407; x_wconf 91' lang='lat' dir='ltr'><strong>procul</strong></span> <span class='ocrx_word' id='word_1_536' title='bbox 1958 4352 1992 4389; x_wconf 88' lang='lat' dir='ltr'><strong>a</strong></span> 
     </span>
    </p>
   </div>
   <div class='ocr_carea' id='block_1_76' title="bbox 2095 3538 3712 3611">
    <p class='ocr_par' dir='ltr' id='par_1_76' title="bbox 2095 3538 3712 3611">
     <span class='ocr_line' id='line_1_76' title="bbox 2095 3538 3712 3611; baseline 0.001 -18"><span class='ocrx_word' id='word_1_537' title='bbox 2095 3539 2484 3611; x_wconf 88' lang='lat' dir='ltr'><strong>respondente</strong></span> <span class='ocrx_word' id='word_1_538' title='bbox 2516 3538 2770 3595; x_wconf 90' lang='lat' dir='ltr'><strong>Samone</strong></span> <span class='ocrx_word' id='word_1_539' title='bbox 2797 3557 2810 3596; x_wconf 90' lang='lat'><strong>:</strong></span> <span class='ocrx_word' id='word_1_540' title='bbox 2841 3562 2870 3590; x_wconf 84' lang='lat'><strong>«</strong></span> <span class='ocrx_word' id='word_1_541' title='bbox 2897 3538 3380 3610; x_wconf 83' lang='lat' dir='ltr'><strong>Quandoquidem</strong></span> <span class='ocrx_word' id='word_1_542' title='bbox 3410 3553 3512 3594; x_wconf 88' lang='lat' dir='ltr'><strong>vos</strong></span> <span class='ocrx_word' id='word_1_543' title='bbox 3527 3555 3712 3594; x_wconf 88' lang='lat' dir='ltr'><strong>servos</strong></span> 
     </span>
    </p>
   </div>
   <div class='ocr_carea' id='block_1_77' title="bbox 2095 3626 3708 3701">
    <p class='ocr_par' dir='ltr' id='par_1_77' title="bbox 2095 3626 3708 3701">
     <span class='ocr_line' id='line_1_77' title="bbox 2095 3626 3708 3701; baseline -0.001 -19"><span class='ocrx_word' id='word_1_544' title='bbox 2095 3627 2451 3701; x_wconf 86' lang='lat' dir='ltr'><strong>proﬁtemini</strong></span> <span class='ocrx_word' id='word_1_545' title='bbox 2475 3645 2596 3683; x_wconf 90' lang='lat' dir='ltr'><strong>esse</strong></span> <span class='ocrx_word' id='word_1_546' title='bbox 2617 3629 2738 3696; x_wconf 90' lang='lat' dir='ltr'><strong>Dei,</strong></span> <span class='ocrx_word' id='word_1_547' title='bbox 2764 3631 2822 3683; x_wconf 93' lang='lat' dir='ltr'><strong>et</strong></span> <span class='ocrx_word' id='word_1_548' title='bbox 2847 3644 2952 3683; x_wconf 90' lang='lat' dir='ltr'><strong>nos</strong></span> <span class='ocrx_word' id='word_1_549' title='bbox 2967 3628 3091 3699; x_wconf 90' lang='lat' dir='ltr'><strong>ejus</strong></span> <span class='ocrx_word' id='word_1_550' title='bbox 3117 3643 3318 3682; x_wconf 89' lang='lat' dir='ltr'><strong>sumus</strong></span> <span class='ocrx_word' id='word_1_551' title='bbox 3351 3642 3554 3696; x_wconf 87' lang='lat' dir='ltr'><strong>canes,</strong></span> <span class='ocrx_word' id='word_1_552' title='bbox 3583 3626 3708 3681; x_wconf 89' lang='lat' dir='ltr'><strong>ideo</strong></span> 
     </span>
    </p>
   </div>
   <div class='ocr_carea' id='block_1_78' title="bbox 2094 3715 3709 3789">
    <p class='ocr_par' dir='ltr' id='par_1_78' title="bbox 2094 3715 3709 3789">
     <span class='ocr_line' id='line_1_78' title="bbox 2094 3715 3709 3789; baseline -0.001 -17"><span class='ocrx_word' id='word_1_553' title='bbox 2094 3733 2164 3772; x_wconf 90' lang='lat' dir='ltr'><strong>ea</strong></span> <span class='ocrx_word' id='word_1_554' title='bbox 2175 3734 2303 3789; x_wconf 65' lang='lat' dir='ltr'><strong>quae</strong></span> <span class='ocrx_word' id='word_1_555' title='bbox 2317 3733 2416 3772; x_wconf 92' lang='lat' dir='ltr'><strong>vos</strong></span> <span class='ocrx_word' id='word_1_556' title='bbox 2436 3716 2703 3789; x_wconf 89' lang='lat' dir='ltr'><strong>nequiter</strong></span> <span class='ocrx_word' id='word_1_557' title='bbox 2728 3719 2930 3773; x_wconf 90' lang='lat' dir='ltr'><strong>contra</strong></span> <span class='ocrx_word' id='word_1_558' title='bbox 2951 3717 3074 3788; x_wconf 85' lang='lat' dir='ltr'><strong>ejus</strong></span> <span class='ocrx_word' id='word_1_559' title='bbox 3103 3715 3302 3788; x_wconf 87' lang='lat' dir='ltr'><strong>geritis</strong></span> <span class='ocrx_word' id='word_1_560' title='bbox 3326 3716 3709 3780; x_wconf 83' lang='lat' dir='ltr'><strong>voluntatem,</strong></span> 
     </span>
    </p>
   </div>
   <div class='ocr_carea' id='block_1_79' title="bbox 2093 3803 3713 3877">
    <p class='ocr_par' dir='ltr' id='par_1_79' title="bbox 2093 3803 3713 3877">
     <span class='ocr_line' id='line_1_79' title="bbox 2093 3803 3713 3877; baseline -0.002 -16"><span class='ocrx_word' id='word_1_561' title='bbox 2093 3809 2157 3862; x_wconf 89' lang='lat' dir='ltr'><strong>ut</strong></span> <span class='ocrx_word' id='word_1_562' title='bbox 2178 3806 2408 3862; x_wconf 88' lang='lat' dir='ltr'><strong>inutiles</strong></span> <span class='ocrx_word' id='word_1_563' title='bbox 2429 3805 2652 3872; x_wconf 87' lang='lat' dir='ltr'><strong>famuli,</strong></span> <span class='ocrx_word' id='word_1_564' title='bbox 2666 3805 2832 3861; x_wconf 90' lang='lat' dir='ltr'><strong>nobis</strong></span> <span class='ocrx_word' id='word_1_565' title='bbox 2852 3806 3191 3877; x_wconf 89' lang='lat' dir='ltr'><strong>frequenter</strong></span> <span class='ocrx_word' id='word_1_566' title='bbox 3211 3803 3556 3859; x_wconf 82' lang='lat' dir='ltr'><strong>conceditur</strong></span> <span class='ocrx_word' id='word_1_567' title='bbox 3568 3821 3713 3859; x_wconf 81' lang='lat' dir='ltr'><strong>mor-</strong></span> 
     </span>
    </p>
   </div>
   <div class='ocr_carea' id='block_1_80' title="bbox 2093 3893 3709 3966">
    <p class='ocr_par' dir='ltr' id='par_1_80' title="bbox 2093 3893 3709 3966">
     <span class='ocr_line' id='line_1_80' title="bbox 2093 3893 3709 3966; baseline -0.002 -16"><span class='ocrx_word' id='word_1_568' title='bbox 2093 3895 2251 3950; x_wconf 89' lang='lat' dir='ltr'><strong>sibus</strong></span> <span class='ocrx_word' id='word_1_569' title='bbox 2273 3895 2396 3966; x_wconf 85' lang='lat' dir='ltr'><strong>ipsa</strong></span> <span class='ocrx_word' id='word_1_570' title='bbox 2427 3893 2642 3950; x_wconf 87' lang='lat' dir='ltr'><strong>ulcisci.</strong></span> <span class='ocrx_word' id='word_1_571' title='bbox 2661 3914 2694 3946; x_wconf 87' lang='lat'><strong>»</strong></span> <span class='ocrx_word' id='word_1_572' title='bbox 2717 3893 2926 3949; x_wconf 88' lang='lat' dir='ltr'><strong>Statim</strong></span> <span class='ocrx_word' id='word_1_573' title='bbox 2951 3893 3167 3964; x_wconf 89' lang='lat' dir='ltr'><strong>ejectus</strong></span> <span class='ocrx_word' id='word_1_574' title='bbox 3199 3896 3284 3948; x_wconf 91' lang='lat' dir='ltr'><strong>est</strong></span> <span class='ocrx_word' id='word_1_575' title='bbox 3315 3893 3614 3949; x_wconf 88' lang='lat' dir='ltr'><strong>Sicharius</strong></span> <span class='ocrx_word' id='word_1_576' title='bbox 3642 3893 3709 3948; x_wconf 87' lang='lat' dir='ltr'><strong>de</strong></span> 
     </span>
    </p>
   </div>
   <div class='ocr_carea' id='block_1_81' title="bbox 2093 3981 3709 4056">
    <p class='ocr_par' dir='ltr' id='par_1_81' title="bbox 2093 3981 3709 4056">
     <span class='ocr_line' id='line_1_81' title="bbox 2093 3981 3709 4056; baseline -0.001 -19"><span class='ocrx_word' id='word_1_577' title='bbox 2093 3985 2404 4056; x_wconf 90' lang='lat' dir='ltr'><strong>conspectu</strong></span> <span class='ocrx_word' id='word_1_578' title='bbox 2426 3982 2754 4052; x_wconf 88' lang='lat' dir='ltr'><strong>ipsius.Qua</strong></span> <span class='ocrx_word' id='word_1_579' title='bbox 2779 3985 3148 4054; x_wconf 82' lang='lat' dir='ltr'><strong>exasperatus</strong></span> <span class='ocrx_word' id='word_1_580' title='bbox 3177 3981 3549 4052; x_wconf 87' lang='lat' dir='ltr'><strong>Dagobertus</strong></span> <span class='ocrx_word' id='word_1_581' title='bbox 3577 3998 3709 4037; x_wconf 88' lang='lat' dir='ltr'><strong>con-</strong></span> 
     </span>
    </p>
   </div>
   <div class='ocr_carea' id='block_1_82' title="bbox 2093 4068 3709 4144">
    <p class='ocr_par' dir='ltr' id='par_1_82' title="bbox 2093 4068 3709 4144">
     <span class='ocr_line' id='line_1_82' title="bbox 2093 4068 3709 4144; baseline -0.001 -18"><span class='ocrx_word' id='word_1_582' title='bbox 2093 4072 2354 4138; x_wconf 90' lang='lat' dir='ltr'><strong>tumelia,</strong></span> <span class='ocrx_word' id='word_1_583' title='bbox 2370 4073 2545 4126; x_wconf 90' lang='lat' dir='ltr'><strong>lectas</strong></span> <span class='ocrx_word' id='word_1_584' title='bbox 2576 4087 2640 4126; x_wconf 83' lang='lat' dir='ltr'><strong>ex</strong></span> <span class='ocrx_word' id='word_1_585' title='bbox 2667 4070 2896 4125; x_wconf 87' lang='lat' dir='ltr'><strong>Austria</strong></span> <span class='ocrx_word' id='word_1_586' title='bbox 2921 4070 3122 4142; x_wconf 87' lang='lat' dir='ltr'><strong>dirigit</strong></span> <span class='ocrx_word' id='word_1_587' title='bbox 3165 4068 3452 4126; x_wconf 89' lang='lat' dir='ltr'><strong>militares</strong></span> <span class='ocrx_word' id='word_1_588' title='bbox 3503 4071 3709 4144; x_wconf 83' lang='lat' dir='ltr'><strong>capias.</strong></span> 
     </span>
    </p>
   </div>
   <div class='ocr_carea' id='block_1_83' title="bbox 2093 4157 3712 4230">
    <p class='ocr_par' dir='ltr' id='par_1_83' title="bbox 2093 4157 3712 4230">
     <span class='ocr_line' id='line_1_83' title="bbox 2093 4157 3712 4230; baseline -0.001 -17"><span class='ocrx_word' id='word_1_589' title='bbox 2093 4159 2168 4214; x_wconf 92' lang='lat' dir='ltr'><strong>ad</strong></span> <span class='ocrx_word' id='word_1_590' title='bbox 2193 4159 2599 4214; x_wconf 76' lang='lat' dir='ltr'><strong>debellandum</strong></span> <span class='ocrx_word' id='word_1_591' title='bbox 2627 4159 2989 4214; x_wconf 90' lang='lat' dir='ltr'><strong>Winidorum</strong></span> <span class='ocrx_word' id='word_1_592' title='bbox 3021 4161 3283 4230; x_wconf 87' lang='lat' dir='ltr'><strong>gentem.</strong></span> <span class='ocrx_word' id='word_1_593' title='bbox 3312 4157 3537 4221; x_wconf 88' lang='lat' dir='ltr'><strong>Quibus</strong></span> <span class='ocrx_word' id='word_1_594' title='bbox 3559 4158 3712 4214; x_wconf 88' lang='lat' dir='ltr'><strong>fuere</strong></span> 
     </span>
    </p>
   </div>
   <div class='ocr_carea' id='block_1_84' title="bbox 2094 4247 3714 4314">
    <p class='ocr_par' dir='ltr' id='par_1_84' title="bbox 2094 4247 3714 4314">
     <span class='ocr_line' id='line_1_84' title="bbox 2094 4247 3714 4314; baseline -0.001 -13"><span class='ocrx_word' id='word_1_595' title='bbox 2094 4247 2302 4302; x_wconf 87' lang='lat' dir='ltr'><strong>auxilio</strong></span> <span class='ocrx_word' id='word_1_596' title='bbox 2330 4248 2638 4302; x_wconf 87' lang='lat' dir='ltr'><strong>Alemanni</strong></span> <span class='ocrx_word' id='word_1_597' title='bbox 2671 4265 2802 4303; x_wconf 91' lang='lat' dir='ltr'><strong>cum</strong></span> <span class='ocrx_word' id='word_1_598' title='bbox 2835 4247 3113 4302; x_wconf 83' lang='lat' dir='ltr'><strong>Rotberto</strong></span> <span class='ocrx_word' id='word_1_599' title='bbox 3160 4247 3326 4314; x_wconf 91' lang='lat' dir='ltr'><strong>duce,</strong></span> <span class='ocrx_word' id='word_1_600' title='bbox 3380 4263 3618 4303; x_wconf 88' lang='lat' dir='ltr'><strong>necnon</strong></span> <span class='ocrx_word' id='word_1_601' title='bbox 3663 4251 3714 4302; x_wconf 84' lang='lat' dir='ltr'><strong>et</strong></span> 
     </span>
    </p>
   </div>
   <div class='ocr_carea' id='block_1_85' title="bbox 2095 4335 3713 4408">
    <p class='ocr_par' dir='ltr' id='par_1_85' title="bbox 2095 4335 3713 4408">
     <span class='ocr_line' id='line_1_85' title="bbox 2095 4335 3713 4408; baseline 0 -18"><span class='ocrx_word' id='word_1_602' title='bbox 2095 4335 2480 4406; x_wconf 76' lang='lat' dir='ltr'><strong>Langobardi.</strong></span> <span class='ocrx_word' id='word_1_603' title='bbox 2512 4336 2619 4400; x_wconf 90' lang='lat' dir='ltr'><strong>Qui</strong></span> <span class='ocrx_word' id='word_1_604' title='bbox 2659 4337 2718 4391; x_wconf 90' lang='lat' dir='ltr'><strong>in</strong></span> <span class='ocrx_word' id='word_1_605' title='bbox 2747 4353 2816 4391; x_wconf 89' lang='lat' dir='ltr'><strong>ea</strong></span> <span class='ocrx_word' id='word_1_606' title='bbox 2855 4353 2968 4408; x_wconf 86' lang='lat' dir='ltr'><strong>qua</strong></span> <span class='ocrx_word' id='word_1_607' title='bbox 3022 4335 3313 4406; x_wconf 82' lang='lat' dir='ltr'><strong>congressi</strong></span> <span class='ocrx_word' id='word_1_608' title='bbox 3346 4339 3516 4406; x_wconf 86' lang='lat' dir='ltr'><strong>parte</strong></span> <span class='ocrx_word' id='word_1_609' title='bbox 3548 4336 3713 4390; x_wconf 79' lang='lat' dir='ltr'><strong>victo-</strong></span> 
     </span>
    </p>
   </div>
   <div class='ocr_carea' id='block_1_86' title="bbox 379 4409 3708 4498">
    <p class='ocr_par' dir='ltr' id='par_1_86' title="bbox 379 4409 3708 4498">
     <span class='ocr_line' id='line_1_86' title="bbox 379 4409 3708 4498; baseline 0 -20"><span class='ocrx_word' id='word_1_610' title='bbox 379 4438 441 4478; x_wconf 86' lang='lat' dir='ltr'><strong>se</strong></span> <span class='ocrx_word' id='word_1_611' title='bbox 479 4419 734 4477; x_wconf 82' lang='lat' dir='ltr'><strong>invicem</strong></span> <span class='ocrx_word' id='word_1_612' title='bbox 764 4425 950 4478; x_wconf 90' lang='lat' dir='ltr'><strong>castra</strong></span> <span class='ocrx_word' id='word_1_613' title='bbox 970 4423 1273 4496; x_wconf 90' lang='lat' dir='ltr'><strong>posuisset,</strong></span> <span class='ocrx_word' id='word_1_614' title='bbox 1300 4428 1490 4493; x_wconf 89' lang='lat' dir='ltr'><strong>nocte,</strong></span> <span class='ocrx_word' id='word_1_615' title='bbox 1524 4443 1652 4498; x_wconf 82' lang='lat' dir='ltr'><strong>quae</strong></span> <span class='ocrx_word' id='word_1_616' title='bbox 1678 4426 1835 4480; x_wconf 90' lang='lat' dir='ltr'><strong>diem</strong></span> <span class='ocrx_word' id='word_1_617' title='bbox 1855 4423 1993 4480; x_wconf 87' lang='lat' dir='ltr'><strong>belli</strong></span> <span class='ocrx_word' id='word_1_618' title='bbox 2015 4409 2069 4470; x_wconf 85' lang='grc' dir='ltr'>Ῑ)</span> <span class='ocrx_word' id='word_1_619' title='bbox 2094 4423 2242 4480; x_wconf 89' lang='lat' dir='ltr'><strong>riam</strong></span> <span class='ocrx_word' id='word_1_620' title='bbox 2255 4423 2472 4496; x_wconf 90' lang='lat' dir='ltr'><strong>adepti,</strong></span> <span class='ocrx_word' id='word_1_621' title='bbox 2501 4425 2819 4496; x_wconf 89' lang='lat' dir='ltr'><strong>plurimum</strong></span> <span class='ocrx_word' id='word_1_622' title='bbox 2847 4425 3210 4496; x_wconf 89' lang='lat' dir='ltr'><strong>captivorum</strong></span> <span class='ocrx_word' id='word_1_623' title='bbox 3243 4423 3315 4478; x_wconf 90' lang='lat' dir='ltr'><strong>ad</strong></span> <span class='ocrx_word' id='word_1_624' title='bbox 3349 4425 3596 4497; x_wconf 84' lang='lat' dir='ltr'><strong>propria</strong></span> <span class='ocrx_word' id='word_1_625' title='bbox 3624 4441 3708 4480; x_wconf 89' lang='lat' dir='ltr'><strong>re-</strong></span> 
     </span>
    </p>
   </div>
   <div class='ocr_carea' id='block_1_87' title="bbox 379 4509 1989 4584">
    <p class='ocr_par' dir='ltr' id='par_1_87' title="bbox 379 4509 1989 4584">
     <span class='ocr_line' id='line_1_87' title="bbox 379 4509 1989 4584; baseline 0.001 -20"><span class='ocrx_word' id='word_1_626' title='bbox 379 4509 960 4584; x_wconf 68' lang='lat' dir='ltr'><strong>praecedebat,subita</strong></span> <span class='ocrx_word' id='word_1_627' title='bbox 977 4511 1034 4566; x_wconf 92' lang='lat' dir='ltr'><strong>in</strong></span> <span class='ocrx_word' id='word_1_628' title='bbox 1057 4513 1586 4570; x_wconf 70' lang='lat' dir='ltr'><strong>castrisCraecorum</strong></span> <span class='ocrx_word' id='word_1_629' title='bbox 1600 4512 1989 4584; x_wconf 88' lang='lat' dir='ltr'><strong>quinquagin-</strong></span> 
     </span>
    </p>
   </div>
   <div class='ocr_carea' id='block_1_88' title="bbox 377 4598 1989 4674">
    <p class='ocr_par' dir='ltr' id='par_1_88' title="bbox 377 4598 1989 4674">
     <span class='ocr_line' id='line_1_88' title="bbox 377 4598 1989 4674; baseline 0.002 -21"><span class='ocrx_word' id='word_1_630' title='bbox 377 4603 440 4654; x_wconf 88' lang='lat' dir='ltr'><strong>ta</strong></span> <span class='ocrx_word' id='word_1_631' title='bbox 455 4598 570 4654; x_wconf 90' lang='lat' dir='ltr'><strong>duo</strong></span> <span class='ocrx_word' id='word_1_632' title='bbox 589 4599 775 4655; x_wconf 87' lang='lat' dir='ltr'><strong>millia</strong></span> <span class='ocrx_word' id='word_1_633' title='bbox 801 4603 1197 4674; x_wconf 86' lang='lat' dir='ltr'><strong>pugnatorum</strong></span> <span class='ocrx_word' id='word_1_634' title='bbox 1231 4602 1563 4657; x_wconf 83' lang='lat' dir='ltr'><strong>exanimata</strong></span> <span class='ocrx_word' id='word_1_635' title='bbox 1594 4601 1653 4656; x_wconf 90' lang='lat' dir='ltr'><strong>in</strong></span> <span class='ocrx_word' id='word_1_636' title='bbox 1687 4601 1878 4655; x_wconf 88' lang='lat' dir='ltr'><strong>stratis</strong></span> <span class='ocrx_word' id='word_1_637' title='bbox 1903 4617 1989 4656; x_wconf 89' lang='lat' dir='ltr'><strong>re-</strong></span> 
     </span>
    </p>
   </div>
   <div class='ocr_carea' id='block_1_89' title="bbox 375 4687 1991 4763">
    <p class='ocr_par' dir='ltr' id='par_1_89' title="bbox 375 4687 1991 4763">
     <span class='ocr_line' id='line_1_89' title="bbox 375 4687 1991 4763; baseline 0.001 -21"><span class='ocrx_word' id='word_1_638' title='bbox 375 4691 546 4760; x_wconf 89' lang='lat' dir='ltr'><strong>perta</strong></span> <span class='ocrx_word' id='word_1_639' title='bbox 559 4687 843 4754; x_wconf 86' lang='lat' dir='ltr'><strong>sunt.Qua</strong></span> <span class='ocrx_word' id='word_1_640' title='bbox 859 4690 932 4746; x_wconf 89' lang='lat' dir='ltr'><strong>de</strong></span> <span class='ocrx_word' id='word_1_641' title='bbox 943 4707 1007 4746; x_wconf 90' lang='lat' dir='ltr'><strong>re</strong></span> <span class='ocrx_word' id='word_1_642' title='bbox 1029 4691 1423 4763; x_wconf 88' lang='lat' dir='ltr'><strong>reliqui,metu</strong></span> <span class='ocrx_word' id='word_1_643' title='bbox 1441 4688 1712 4763; x_wconf 90' lang='lat' dir='ltr'><strong>percussi,</strong></span> <span class='ocrx_word' id='word_1_644' title='bbox 1733 4689 1790 4744; x_wconf 89' lang='lat' dir='ltr'><strong>in</strong></span> <span class='ocrx_word' id='word_1_645' title='bbox 1805 4688 1991 4743; x_wconf 87' lang='lat' dir='ltr'><strong>diver-</strong></span> 
     </span>
    </p>
   </div>
   <div class='ocr_carea' id='block_1_90' title="bbox 379 4777 1986 4851">
    <p class='ocr_par' dir='ltr' id='par_1_90' title="bbox 379 4777 1986 4851">
     <span class='ocr_line' id='line_1_90' title="bbox 379 4777 1986 4851; baseline 0 -19"><span class='ocrx_word' id='word_1_646' title='bbox 379 4794 442 4833; x_wconf 88' lang='lat' dir='ltr'><strong>sa</strong></span> <span class='ocrx_word' id='word_1_647' title='bbox 455 4777 751 4850; x_wconf 85' lang='lat' dir='ltr'><strong>fugerunt,</strong></span> <span class='ocrx_word' id='word_1_648' title='bbox 771 4795 1022 4851; x_wconf 88' lang='lat' dir='ltr'><strong>regnum</strong></span> <span class='ocrx_word' id='word_1_649' title='bbox 1039 4796 1208 4834; x_wconf 88' lang='lat' dir='ltr'><strong>suum</strong></span> <span class='ocrx_word' id='word_1_650' title='bbox 1227 4777 1701 4851; x_wconf 90' lang='lat' dir='ltr'><strong>depopulandum</strong></span> <span class='ocrx_word' id='word_1_651' title='bbox 1723 4777 1986 4832; x_wconf 88' lang='lat' dir='ltr'><strong>adversa-</strong></span> 
     </span>
    </p>
   </div>
   <div class='ocr_carea' id='block_1_91' title="bbox 375 4865 1987 4940">
    <p class='ocr_par' dir='ltr' id='par_1_91' title="bbox 375 4865 1987 4940">
     <span class='ocr_line' id='line_1_91' title="bbox 375 4865 1987 4940; baseline 0 -18"><span class='ocrx_word' id='word_1_652' title='bbox 375 4865 476 4923; x_wconf 86' lang='lat' dir='ltr'><strong>riis</strong></span> <span class='ocrx_word' id='word_1_653' title='bbox 498 4867 913 4940; x_wconf 88' lang='lat' dir='ltr'><strong>relinquentes.</strong></span> <span class='ocrx_word' id='word_1_654' title='bbox 943 4867 1074 4935; x_wconf 87' lang='lat' dir='ltr'><strong>Qui,</strong></span> <span class='ocrx_word' id='word_1_655' title='bbox 1120 4867 1306 4939; x_wconf 86' lang='lat' dir='ltr'><strong>quasi,</strong></span> <span class='ocrx_word' id='word_1_656' title='bbox 1335 4870 1570 4939; x_wconf 88' lang='lat' dir='ltr'><strong>accepta</strong></span> <span class='ocrx_word' id='word_1_657' title='bbox 1593 4866 1806 4939; x_wconf 84' lang='lat' dir='ltr'><strong>injuria</strong></span> <span class='ocrx_word' id='word_1_658' title='bbox 1830 4868 1987 4938; x_wconf 91' lang='lat' dir='ltr'><strong>quod</strong></span> 
     </span>
    </p>
   </div>
   <div class='ocr_carea' id='block_1_92' title="bbox 373 4955 1987 5023">
    <p class='ocr_par' dir='ltr' id='par_1_92' title="bbox 373 4955 1987 5023">
     <span class='ocr_line' id='line_1_92' title="bbox 373 4955 1987 5023; baseline 0.001 -13"><span class='ocrx_word' id='word_1_659' title='bbox 373 4955 608 5013; x_wconf 87' lang='lat' dir='ltr'><strong>obviare</strong></span> <span class='ocrx_word' id='word_1_660' title='bbox 623 4956 746 5012; x_wconf 91' lang='lat' dir='ltr'><strong>ausi</strong></span> <span class='ocrx_word' id='word_1_661' title='bbox 767 4957 962 5011; x_wconf 90' lang='lat' dir='ltr'><strong>hostes</strong></span> <span class='ocrx_word' id='word_1_662' title='bbox 985 4955 1244 5023; x_wconf 89' lang='lat' dir='ltr'><strong>fuissent,</strong></span> <span class='ocrx_word' id='word_1_663' title='bbox 1267 4955 1662 5010; x_wconf 86' lang='lat' dir='ltr'><strong>vehementius</strong></span> <span class='ocrx_word' id='word_1_664' title='bbox 1683 4956 1987 5012; x_wconf 89' lang='lat' dir='ltr'><strong>vastationi</strong></span> 
     </span>
    </p>
   </div>
   <div class='ocr_carea' id='block_1_93' title="bbox 375 5043 1982 5116">
    <p class='ocr_par' dir='ltr' id='par_1_93' title="bbox 375 5043 1982 5116">
     <span class='ocr_line' id='line_1_93' title="bbox 375 5043 1982 5116; baseline 0.001 -18"><span class='ocrx_word' id='word_1_665' title='bbox 375 5043 728 5101; x_wconf 87' lang='lat' dir='ltr'><strong>institerunt.</strong></span> <span class='ocrx_word' id='word_1_666' title='bbox 749 5045 947 5099; x_wconf 78' lang='lat' dir='ltr'><strong>Tantae</strong></span> <span class='ocrx_word' id='word_1_667' title='bbox 971 5043 1150 5099; x_wconf 89' lang='lat' dir='ltr'><strong>cladis</strong></span> <span class='ocrx_word' id='word_1_668' title='bbox 1168 5044 1370 5098; x_wconf 90' lang='lat' dir='ltr'><strong>nuntio</strong></span> <span class='ocrx_word' id='word_1_669' title='bbox 1404 5044 1695 5099; x_wconf 84' lang='lat' dir='ltr'><strong>Hcraclius</strong></span> <span class='ocrx_word' id='word_1_670' title='bbox 1725 5047 1982 5116; x_wconf 87' lang='lat' dir='ltr'><strong>accepto,</strong></span> 
     </span>
    </p>
   </div>
   <div class='ocr_carea' id='block_1_94' title="bbox 373 5132 1981 5206">
    <p class='ocr_par' dir='ltr' id='par_1_94' title="bbox 373 5132 1981 5206">
     <span class='ocr_line' id='line_1_94' title="bbox 373 5132 1981 5206; baseline 0.001 -18"><span class='ocrx_word' id='word_1_671' title='bbox 373 5132 644 5189; x_wconf 83' lang='lat' dir='ltr'><strong>difﬁdens</strong></span> <span class='ocrx_word' id='word_1_672' title='bbox 671 5150 730 5188; x_wconf 88' lang='lat' dir='ltr'><strong>se</strong></span> <span class='ocrx_word' id='word_1_673' title='bbox 761 5149 928 5204; x_wconf 88' lang='lat' dir='ltr'><strong>posse</strong></span> <span class='ocrx_word' id='word_1_674' title='bbox 957 5132 1243 5200; x_wconf 86' lang='lat' dir='ltr'><strong>resistere,</strong></span> <span class='ocrx_word' id='word_1_675' title='bbox 1273 5149 1406 5188; x_wconf 91' lang='lat' dir='ltr'><strong>cum</strong></span> <span class='ocrx_word' id='word_1_676' title='bbox 1435 5133 1566 5204; x_wconf 88' lang='lat' dir='ltr'><strong>jam</strong></span> <span class='ocrx_word' id='word_1_677' title='bbox 1613 5133 1694 5188; x_wconf 89' lang='lat' dir='ltr'><strong>illi</strong></span> <span class='ocrx_word' id='word_1_678' title='bbox 1738 5133 1981 5206; x_wconf 89' lang='lat' dir='ltr'><strong>majore,</strong></span> 
     </span>
    </p>
   </div>
   <div class='ocr_carea' id='block_1_95' title="bbox 371 5220 1981 5297">
    <p class='ocr_par' dir='ltr' id='par_1_95' title="bbox 371 5220 1981 5297">
     <span class='ocr_line' id='line_1_95' title="bbox 371 5220 1981 5297; baseline 0.001 -20"><span class='ocrx_word' id='word_1_679' title='bbox 371 5238 557 5297; x_wconf 90' lang='lat' dir='ltr'><strong>prope</strong></span> <span class='ocrx_word' id='word_1_680' title='bbox 583 5221 732 5276; x_wconf 62' lang='lat' dir='ltr'><strong>Asia:</strong></span> <span class='ocrx_word' id='word_1_681' title='bbox 747 5225 914 5294; x_wconf 90' lang='lat' dir='ltr'><strong>porte</strong></span> <span class='ocrx_word' id='word_1_682' title='bbox 931 5237 1192 5294; x_wconf 87' lang='lat' dir='ltr'><strong>pervasa,</strong></span> <span class='ocrx_word' id='word_1_683' title='bbox 1218 5220 1678 5292; x_wconf 83' lang='lat' dir='ltr'><strong>Hierosolymam</strong></span> <span class='ocrx_word' id='word_1_684' title='bbox 1709 5221 1981 5278; x_wconf 88' lang='lat' dir='ltr'><strong>infestare</strong></span> 
     </span>
    </p>
   </div>
   <div class='ocr_carea' id='block_1_96' title="bbox 2093 4512 3710 4569">
    <p class='ocr_par' dir='ltr' id='par_1_96' title="bbox 2093 4512 3710 4569">
     <span class='ocr_line' id='line_1_96' title="bbox 2093 4512 3710 4569; baseline -0.001 -2"><span class='ocrx_word' id='word_1_685' title='bbox 2093 4513 2334 4568; x_wconf 91' lang='lat' dir='ltr'><strong>deuntes</strong></span> <span class='ocrx_word' id='word_1_686' title='bbox 2355 4513 2720 4569; x_wconf 86' lang='lat' dir='ltr'><strong>abduxerunt</strong></span> <span class='ocrx_word' id='word_1_687' title='bbox 2733 4513 3348 4568; x_wconf 84' lang='lat' dir='ltr'><strong>numerum.Austrasii</strong></span> <span class='ocrx_word' id='word_1_688' title='bbox 3367 4512 3710 4569; x_wconf 86' lang='lat' dir='ltr'><strong>veroFranci</strong></span> 
     </span>
    </p>
   </div>
   <div class='ocr_carea' id='block_1_97' title="bbox 2091 4601 3707 4675">
    <p class='ocr_par' dir='ltr' id='par_1_97' title="bbox 2091 4601 3707 4675">
     <span class='ocr_line' id='line_1_97' title="bbox 2091 4601 3707 4675; baseline 0.001 -21"><span class='ocrx_word' id='word_1_689' title='bbox 2091 4601 2374 4665; x_wconf 85' lang='lat' dir='ltr'><strong>Winidos,</strong></span> <span class='ocrx_word' id='word_1_690' title='bbox 2395 4603 2494 4675; x_wconf 92' lang='lat' dir='ltr'><strong>qui</strong></span> <span class='ocrx_word' id='word_1_691' title='bbox 2522 4603 2580 4658; x_wconf 89' lang='lat' dir='ltr'><strong>in</strong></span> <span class='ocrx_word' id='word_1_692' title='bbox 2611 4604 2960 4674; x_wconf 79' lang='lat' dir='ltr'><strong>Vogestense</strong></span> <span class='ocrx_word' id='word_1_693' title='bbox 2992 4601 3388 4674; x_wconf 89' lang='lat' dir='ltr'><strong>confugerant</strong></span> <span class='ocrx_word' id='word_1_694' title='bbox 3430 4607 3707 4659; x_wconf 88' lang='lat' dir='ltr'><strong>castrum.</strong></span> 
     </span>
    </p>
   </div>
   <div class='ocr_carea' id='block_1_98' title="bbox 2089 4691 3705 4763">
    <p class='ocr_par' dir='ltr' id='par_1_98' title="bbox 2089 4691 3705 4763">
     <span class='ocr_line' id='line_1_98' title="bbox 2089 4691 3705 4763; baseline 0.002 -19"><span class='ocrx_word' id='word_1_695' title='bbox 2089 4691 2389 4748; x_wconf 89' lang='lat' dir='ltr'><strong>obsidione</strong></span> <span class='ocrx_word' id='word_1_696' title='bbox 2419 4695 2765 4749; x_wconf 87' lang='lat' dir='ltr'><strong>clauserunt.</strong></span> <span class='ocrx_word' id='word_1_697' title='bbox 2801 4692 2986 4756; x_wconf 88' lang='lat' dir='ltr'><strong>Quam</strong></span> <span class='ocrx_word' id='word_1_698' title='bbox 3009 4692 3159 4748; x_wconf 88' lang='lat' dir='ltr'><strong>dum</strong></span> <span class='ocrx_word' id='word_1_699' title='bbox 3185 4691 3446 4763; x_wconf 88' lang='lat' dir='ltr'><strong>segniter</strong></span> <span class='ocrx_word' id='word_1_700' title='bbox 3459 4692 3705 4749; x_wconf 87' lang='lat' dir='ltr'><strong>admini-</strong></span> 
     </span>
    </p>
   </div>
   <div class='ocr_carea' id='block_1_99' title="bbox 2089 4781 3707 4854">
    <p class='ocr_par' dir='ltr' id='par_1_99' title="bbox 2089 4781 3707 4854">
     <span class='ocr_line' id='line_1_99' title="bbox 2089 4781 3707 4854; baseline 0.001 -20"><span class='ocrx_word' id='word_1_701' title='bbox 2089 4783 2363 4850; x_wconf 86' lang='lat' dir='ltr'><strong>strarent,</strong></span> <span class='ocrx_word' id='word_1_702' title='bbox 2393 4781 2740 4838; x_wconf 87' lang='lat' dir='ltr'><strong>irruentibus</strong></span> <span class='ocrx_word' id='word_1_703' title='bbox 2772 4799 2944 4854; x_wconf 88' lang='lat' dir='ltr'><strong>super</strong></span> <span class='ocrx_word' id='word_1_704' title='bbox 2975 4799 3034 4837; x_wconf 89' lang='lat' dir='ltr'><strong>se</strong></span> <span class='ocrx_word' id='word_1_705' title='bbox 3056 4781 3318 4837; x_wconf 87' lang='lat' dir='ltr'><strong>hostibus</strong></span> <span class='ocrx_word' id='word_1_706' title='bbox 3339 4782 3601 4852; x_wconf 87' lang='lat' dir='ltr'><strong>graviter</strong></span> <span class='ocrx_word' id='word_1_707' title='bbox 3629 4781 3707 4836; x_wconf 87' lang='lat' dir='ltr'><strong>af-</strong></span> 
     </span>
    </p>
   </div>
   <div class='ocr_carea' id='block_1_100' title="bbox 2088 4869 3702 4941">
    <p class='ocr_par' dir='ltr' id='par_1_100' title="bbox 2088 4869 3702 4941">
     <span class='ocr_line' id='line_1_100' title="bbox 2088 4869 3702 4941; baseline -0.002 -17"><span class='ocrx_word' id='word_1_708' title='bbox 2088 4869 2250 4936; x_wconf 86' lang='lat' dir='ltr'><strong>ﬂicti,</strong></span> <span class='ocrx_word' id='word_1_709' title='bbox 2277 4873 2464 4924; x_wconf 87' lang='lat' dir='ltr'><strong>castra</strong></span> <span class='ocrx_word' id='word_1_710' title='bbox 2483 4886 2617 4924; x_wconf 90' lang='lat' dir='ltr'><strong>cum</strong></span> <span class='ocrx_word' id='word_1_711' title='bbox 2642 4870 2906 4925; x_wconf 88' lang='lat' dir='ltr'><strong>tentoriis</strong></span> <span class='ocrx_word' id='word_1_712' title='bbox 2951 4870 3284 4924; x_wconf 87' lang='lat' dir='ltr'><strong>deserentes</strong></span> <span class='ocrx_word' id='word_1_713' title='bbox 3331 4869 3702 4941; x_wconf 87' lang='lat' dir='ltr'><strong>aufugerunt.</strong></span> 
     </span>
    </p>
   </div>
   <div class='ocr_carea' id='block_1_101' title="bbox 2088 4957 3702 5026">
    <p class='ocr_par' dir='ltr' id='par_1_101' title="bbox 2088 4957 3702 5026">
     <span class='ocr_line' id='line_1_101' title="bbox 2088 4957 3702 5026; baseline 0 -14"><span class='ocrx_word' id='word_1_714' title='bbox 2088 4959 2202 5012; x_wconf 87' lang='lat' dir='ltr'><strong>Hac</strong></span> <span class='ocrx_word' id='word_1_715' title='bbox 2228 4959 2464 5014; x_wconf 89' lang='lat' dir='ltr'><strong>victoria</strong></span> <span class='ocrx_word' id='word_1_716' title='bbox 2479 4958 2687 5013; x_wconf 85' lang='lat' dir='ltr'><strong>Winidi</strong></span> <span class='ocrx_word' id='word_1_717' title='bbox 2719 4959 3100 5014; x_wconf 90' lang='lat' dir='ltr'><strong>animosiores</strong></span> <span class='ocrx_word' id='word_1_718' title='bbox 3137 4957 3442 5026; x_wconf 89' lang='lat' dir='ltr'><strong>redditi,in</strong></span> <span class='ocrx_word' id='word_1_719' title='bbox 3463 4959 3702 5014; x_wconf 87' lang='lat' dir='ltr'><strong>Thoriu-</strong></span> 
     </span>
    </p>
   </div>
   <div class='ocr_carea' id='block_1_102' title="bbox 2088 5048 3704 5120">
    <p class='ocr_par' dir='ltr' id='par_1_102' title="bbox 2088 5048 3704 5120">
     <span class='ocr_line' id='line_1_102' title="bbox 2088 5048 3704 5120; baseline -0.001 -18"><span class='ocrx_word' id='word_1_720' title='bbox 2088 5064 2224 5120; x_wconf 90' lang='lat' dir='ltr'><strong>gam</strong></span> <span class='ocrx_word' id='word_1_721' title='bbox 2246 5050 2304 5102; x_wconf 91' lang='lat' dir='ltr'><strong>et</strong></span> <span class='ocrx_word' id='word_1_722' title='bbox 2321 5049 2532 5102; x_wconf 89' lang='lat' dir='ltr'><strong>circum</strong></span> <span class='ocrx_word' id='word_1_723' title='bbox 2535 5048 2796 5119; x_wconf 88' lang='lat' dir='ltr'><strong>jacentes</strong></span> <span class='ocrx_word' id='word_1_724' title='bbox 2814 5049 3165 5102; x_wconf 83' lang='lat' dir='ltr'><strong>Francorum</strong></span> <span class='ocrx_word' id='word_1_725' title='bbox 3180 5051 3364 5102; x_wconf 83' lang='lat' dir='ltr'><strong>terras</strong></span> <span class='ocrx_word' id='word_1_726' title='bbox 3385 5064 3512 5102; x_wconf 89' lang='lat' dir='ltr'><strong>sese</strong></span> <span class='ocrx_word' id='word_1_727' title='bbox 3532 5048 3704 5102; x_wconf 75' lang='lat' dir='ltr'><strong>effun-</strong></span> 
     </span>
    </p>
   </div>
   <div class='ocr_carea' id='block_1_103' title="bbox 2087 5136 3698 5208">
    <p class='ocr_par' dir='ltr' id='par_1_103' title="bbox 2087 5136 3698 5208">
     <span class='ocr_line' id='line_1_103' title="bbox 2087 5136 3698 5208; baseline -0.002 -18"><span class='ocrx_word' id='word_1_728' title='bbox 2087 5137 2252 5204; x_wconf 90' lang='lat' dir='ltr'><strong>dunt,</strong></span> <span class='ocrx_word' id='word_1_729' title='bbox 2284 5136 2364 5191; x_wconf 91' lang='lat' dir='ltr'><strong>ito</strong></span> <span class='ocrx_word' id='word_1_730' title='bbox 2395 5139 2458 5190; x_wconf 91' lang='lat' dir='ltr'><strong>ut</strong></span> <span class='ocrx_word' id='word_1_731' title='bbox 2493 5139 2784 5192; x_wconf 75' lang='lat' dir='ltr'><strong>Dervanus</strong></span> <span class='ocrx_word' id='word_1_732' title='bbox 2839 5137 2972 5204; x_wconf 83' lang='lat' dir='ltr'><strong>dux,</strong></span> <span class='ocrx_word' id='word_1_733' title='bbox 3023 5137 3120 5208; x_wconf 89' lang='lat' dir='ltr'><strong>qui</strong></span> <span class='ocrx_word' id='word_1_734' title='bbox 3175 5136 3416 5192; x_wconf 88' lang='lat' dir='ltr'><strong>urbibus</strong></span> <span class='ocrx_word' id='word_1_735' title='bbox 3460 5140 3698 5208; x_wconf 76' lang='lat' dir='ltr'><strong>przeeret</strong></span> 
     </span>
    </p>
   </div>
   <div class='ocr_carea' id='block_1_104' title="bbox 2085 5224 3693 5298">
    <p class='ocr_par' dir='ltr' id='par_1_104' title="bbox 2085 5224 3693 5298">
     <span class='ocr_line' id='line_1_104' title="bbox 2085 5224 3693 5298; baseline -0.001 -18"><span class='ocrx_word' id='word_1_736' title='bbox 2085 5225 2441 5293; x_wconf 86' lang='lat' dir='ltr'><strong>Sclavorum,</strong></span> <span class='ocrx_word' id='word_1_737' title='bbox 2467 5243 2596 5296; x_wconf 72' lang='lat' dir='ltr'><strong>quae</strong></span> <span class='ocrx_word' id='word_1_738' title='bbox 2639 5242 2819 5298; x_wconf 91' lang='lat' dir='ltr'><strong>usque</strong></span> <span class='ocrx_word' id='word_1_739' title='bbox 2849 5225 2923 5280; x_wconf 86' lang='lat' dir='ltr'><strong>ad</strong></span> <span class='ocrx_word' id='word_1_740' title='bbox 2969 5224 3030 5280; x_wconf 85' lang='lat' dir='ltr'><strong>id</strong></span> <span class='ocrx_word' id='word_1_741' title='bbox 3071 5230 3303 5296; x_wconf 86' lang='lat' dir='ltr'><strong>tempus</strong></span> <span class='ocrx_word' id='word_1_742' title='bbox 3333 5225 3568 5280; x_wconf 85' lang='lat' dir='ltr'><strong>Francis</strong></span> <span class='ocrx_word' id='word_1_743' title='bbox 3600 5239 3693 5296; x_wconf 83' lang='lat' dir='ltr'><strong>pa-</strong></span> 
     </span>
    </p>
   </div>
   <div class='ocr_carea' id='block_1_105' title="bbox 369 5309 3692 5386">
    <p class='ocr_par' dir='ltr' id='par_1_105' title="bbox 369 5309 3692 5386">
     <span class='ocr_line' id='line_1_105' title="bbox 369 5309 3692 5386; baseline 0 -20"><span class='ocrx_word' id='word_1_744' title='bbox 369 5311 770 5383; x_wconf 79' lang='lat' dir='ltr'><strong>disponerent,</strong></span> <span class='ocrx_word' id='word_1_745' title='bbox 796 5311 856 5366; x_wconf 91' lang='lat' dir='ltr'><strong>in</strong></span> <span class='ocrx_word' id='word_1_746' title='bbox 891 5311 1163 5366; x_wconf 89' lang='lat' dir='ltr'><strong>morbum</strong></span> <span class='ocrx_word' id='word_1_747' title='bbox 1195 5309 1420 5378; x_wconf 85' lang='lat' dir='ltr'><strong>incidit,</strong></span> <span class='ocrx_word' id='word_1_748' title='bbox 1450 5315 1508 5364; x_wconf 88' lang='lat' dir='ltr'><strong>et</strong></span> <span class='ocrx_word' id='word_1_749' title='bbox 1536 5311 1887 5381; x_wconf 88' lang='lat' dir='ltr'><strong>procedente</strong></span> <span class='ocrx_word' id='word_1_750' title='bbox 1919 5312 1978 5368; x_wconf 90' lang='lat' dir='ltr'><strong>in</strong></span> <span class='ocrx_word' id='word_1_751' title='bbox 2080 5319 2343 5382; x_wconf 86' lang='lat' dir='ltr'><strong>ruerant,</strong></span> <span class='ocrx_word' id='word_1_752' title='bbox 2372 5313 2690 5386; x_wconf 88' lang='lat' dir='ltr'><strong>desperatis</strong></span> <span class='ocrx_word' id='word_1_753' title='bbox 2717 5315 2893 5369; x_wconf 90' lang='lat' dir='ltr'><strong>rebus</strong></span> <span class='ocrx_word' id='word_1_754' title='bbox 2913 5331 2972 5368; x_wconf 92' lang='lat' dir='ltr'><strong>se</strong></span> <span class='ocrx_word' id='word_1_755' title='bbox 2995 5314 3068 5369; x_wconf 90' lang='lat' dir='ltr'><strong>ad</strong></span> <span class='ocrx_word' id='word_1_756' title='bbox 3093 5317 3338 5369; x_wconf 79' lang='lat' dir='ltr'><strong>caeteros</strong></span> <span class='ocrx_word' id='word_1_757' title='bbox 3353 5314 3692 5370; x_wconf 87' lang='lat' dir='ltr'><strong>transferret</strong></span> 
     </span>
    </p>
   </div>
   <div class='ocr_carea' id='block_1_106' title="bbox 369 5398 3690 5472">
    <p class='ocr_par' dir='ltr' id='par_1_106' title="bbox 369 5398 3690 5472">
     <span class='ocr_line' id='line_1_106' title="bbox 369 5398 3690 5472; baseline -0.001 -16"><span class='ocrx_word' id='word_1_758' title='bbox 369 5398 624 5456; x_wconf 90' lang='lat' dir='ltr'><strong>deterius</strong></span> <span class='ocrx_word' id='word_1_759' title='bbox 650 5399 910 5471; x_wconf 89' lang='lat' dir='ltr'><strong>corporis</strong></span> <span class='ocrx_word' id='word_1_760' title='bbox 941 5398 1501 5472; x_wconf 61' lang='lat' dir='ltr'><strong>{egritudinemsque</strong></span> <span class='ocrx_word' id='word_1_761' title='bbox 1532 5399 1604 5454; x_wconf 90' lang='lat' dir='ltr'><strong>ad</strong></span> <span class='ocrx_word' id='word_1_762' title='bbox 1635 5399 1978 5472; x_wconf 89' lang='lat' dir='ltr'><strong>languorem</strong></span> <span class='ocrx_word' id='word_1_763' title='bbox 2081 5403 2662 5469; x_wconf 89' lang='lat' dir='ltr'><strong>Sclavos.Enimvero,</strong></span> <span class='ocrx_word' id='word_1_764' title='bbox 2681 5419 2798 5458; x_wconf 89' lang='lat' dir='ltr'><strong>non</strong></span> <span class='ocrx_word' id='word_1_765' title='bbox 2819 5406 2936 5457; x_wconf 90' lang='lat' dir='ltr'><strong>tam</strong></span> <span class='ocrx_word' id='word_1_766' title='bbox 2962 5403 3174 5457; x_wconf 88' lang='lat' dir='ltr'><strong>virtute</strong></span> <span class='ocrx_word' id='word_1_767' title='bbox 3195 5402 3562 5458; x_wconf 86' lang='lat' dir='ltr'><strong>Winidorum</strong></span> <span class='ocrx_word' id='word_1_768' title='bbox 3578 5402 3690 5456; x_wconf 66' lang='lat' dir='ltr'><strong>haec</strong></span> 
     </span>
    </p>
   </div>
   <div class='ocr_carea' id='block_1_107' title="bbox 368 5486 1973 5560">
    <p class='ocr_par' dir='ltr' id='par_1_107' title="bbox 368 5486 1973 5560">
     <span class='ocr_line' id='line_1_107' title="bbox 368 5486 1973 5560; baseline 0.002 -17"><span class='ocrx_word' id='word_1_769' title='bbox 368 5486 604 5554; x_wconf 65' lang='lat' dir='ltr'><strong>animus,</strong></span> <span class='ocrx_word' id='word_1_770' title='bbox 632 5487 900 5544; x_wconf 86' lang='lat' dir='ltr'><strong>videlicet</strong></span> <span class='ocrx_word' id='word_1_771' title='bbox 926 5487 988 5542; x_wconf 91' lang='lat' dir='ltr'><strong>in</strong></span> <span class='ocrx_word' id='word_1_772' title='bbox 1010 5487 1276 5560; x_wconf 84' lang='lat' dir='ltr'><strong>Eutychis</strong></span> <span class='ocrx_word' id='word_1_773' title='bbox 1305 5487 1570 5560; x_wconf 89' lang='lat' dir='ltr'><strong>delapsus</strong></span> <span class='ocrx_word' id='word_1_774' title='bbox 1621 5491 1707 5544; x_wconf 89' lang='lat' dir='ltr'><strong>est</strong></span> <span class='ocrx_word' id='word_1_775' title='bbox 1735 5492 1973 5546; x_wconf 89' lang='lat' dir='ltr'><strong>sectam.</strong></span> 
     </span>
    </p>
   </div>
   <div class='ocr_carea' id='block_1_108' title="bbox 367 5575 1972 5650">
    <p class='ocr_par' dir='ltr' id='par_1_108' title="bbox 367 5575 1972 5650">
     <span class='ocr_line' id='line_1_108' title="bbox 367 5575 1972 5650; baseline 0.002 -18"><span class='ocrx_word' id='word_1_776' title='bbox 367 5575 599 5632; x_wconf 84' lang='lat' dir='ltr'><strong>Sociata</strong></span> <span class='ocrx_word' id='word_1_777' title='bbox 625 5591 854 5647; x_wconf 85' lang='lat' dir='ltr'><strong>quoque</strong></span> <span class='ocrx_word' id='word_1_778' title='bbox 875 5577 1007 5647; x_wconf 87' lang='lat' dir='ltr'><strong>jure</strong></span> <span class='ocrx_word' id='word_1_779' title='bbox 1035 5576 1311 5631; x_wconf 89' lang='lat' dir='ltr'><strong>connubii</strong></span> <span class='ocrx_word' id='word_1_780' title='bbox 1341 5577 1683 5633; x_wconf 63' lang='lat' dir='ltr'><strong>sororissuaz</strong></span> <span class='ocrx_word' id='word_1_781' title='bbox 1709 5577 1816 5633; x_wconf 91' lang='lat' dir='ltr'><strong>sibi</strong></span> <span class='ocrx_word' id='word_1_782' title='bbox 1831 5579 1972 5650; x_wconf 88' lang='lat' dir='ltr'><strong>ﬁlia,</strong></span> 
     </span>
    </p>
   </div>
   <div class='ocr_carea' id='block_1_109' title="bbox 2078 5491 3688 5564">
    <p class='ocr_par' dir='ltr' id='par_1_109' title="bbox 2078 5491 3688 5564">
     <span class='ocr_line' id='line_1_109' title="bbox 2078 5491 3688 5564; baseline -0.001 -18"><span class='ocrx_word' id='word_1_783' title='bbox 2078 5491 2271 5546; x_wconf 90' lang='lat' dir='ltr'><strong>clades</strong></span> <span class='ocrx_word' id='word_1_784' title='bbox 2285 5491 2721 5547; x_wconf 85' lang='lat' dir='ltr'><strong>accidilFrancis</strong></span> <span class='ocrx_word' id='word_1_785' title='bbox 2735 5495 3022 5564; x_wconf 88' lang='lat' dir='ltr'><strong>quantum</strong></span> <span class='ocrx_word' id='word_1_786' title='bbox 3035 5491 3688 5563; x_wconf 84' lang='lat' dir='ltr'><strong>ignaviaAustrasiorum</strong></span> 
     </span>
    </p>
   </div>
   <div class='ocr_carea' id='block_1_110' title="bbox 2078 5579 3684 5652">
    <p class='ocr_par' dir='ltr' id='par_1_110' title="bbox 2078 5579 3684 5652">
     <span class='ocr_line' id='line_1_110' title="bbox 2078 5579 3684 5652; baseline -0.002 -16"><span class='ocrx_word' id='word_1_787' title='bbox 2078 5579 2316 5652; x_wconf 85' lang='lat' dir='ltr'><strong>Alioqui</strong></span> <span class='ocrx_word' id='word_1_788' title='bbox 2343 5579 2680 5650; x_wconf 87' lang='lat' dir='ltr'><strong>vindictam,</strong></span> <span class='ocrx_word' id='word_1_789' title='bbox 2705 5596 2882 5652; x_wconf 86' lang='lat' dir='ltr'><strong>quam</strong></span> <span class='ocrx_word' id='word_1_790' title='bbox 2913 5579 3018 5634; x_wconf 88' lang='lat' dir='ltr'><strong>sub</strong></span> <span class='ocrx_word' id='word_1_791' title='bbox 3038 5579 3291 5634; x_wconf 87' lang='lat' dir='ltr'><strong>Clotario</strong></span> <span class='ocrx_word' id='word_1_792' title='bbox 3318 5579 3381 5634; x_wconf 90' lang='lat' dir='ltr'><strong>in</strong></span> <span class='ocrx_word' id='word_1_793' title='bbox 3427 5579 3684 5644; x_wconf 82' lang='lat' dir='ltr'><strong>Saxones,</strong></span> 
     </span>
    </p>
   </div>
   <div class='ocr_carea' id='block_1_111' title="bbox 363 5663 3683 5742">
    <p class='ocr_par' dir='ltr' id='par_1_111' title="bbox 363 5663 3683 5742">
     <span class='ocr_line' id='line_1_111' title="bbox 363 5663 3683 5742; baseline 0 -22"><span class='ocrx_word' id='word_1_794' title='bbox 363 5679 495 5729; x_wconf 67' lang='lat' dir='ltr'><strong>1.va</strong></span> <span class='ocrx_word' id='word_1_795' title='bbox 507 5665 790 5738; x_wconf 79' lang='lat' dir='ltr'><strong>susceptae</strong></span> <span class='ocrx_word' id='word_1_796' title='bbox 800 5663 1100 5741; x_wconf 80' lang='lat' dir='ltr'><strong>potestatis</strong></span> <span class='ocrx_word' id='word_1_797' title='bbox 1110 5679 1266 5723; x_wconf 82' lang='lat' dir='ltr'><strong>anno</strong></span> <span class='ocrx_word' id='word_1_798' title='bbox 1286 5664 1446 5724; x_wconf 86' lang='lat' dir='ltr'><strong>diem</strong></span> <span class='ocrx_word' id='word_1_799' title='bbox 1457 5665 1658 5723; x_wconf 87' lang='lat' dir='ltr'><strong>clausit</strong></span> <span class='ocrx_word' id='word_1_800' title='bbox 1669 5667 1966 5729; x_wconf 88' lang='lat' dir='ltr'><strong>ultimum.</strong></span> <span class='ocrx_word' id='word_1_801' title='bbox 2055 5669 2208 5727; x_wconf 86' lang='lat' dir='ltr'><strong>hanc</strong></span> <span class='ocrx_word' id='word_1_802' title='bbox 2233 5669 2424 5742; x_wconf 86' lang='lat' dir='ltr'><strong>ipsam</strong></span> <span class='ocrx_word' id='word_1_803' title='bbox 2463 5669 2574 5725; x_wconf 86' lang='lat' dir='ltr'><strong>sub</strong></span> <span class='ocrx_word' id='word_1_804' title='bbox 2603 5669 2934 5742; x_wconf 86' lang='lat' dir='ltr'><strong>Dagoberto</strong></span> <span class='ocrx_word' id='word_1_805' title='bbox 2961 5669 3024 5726; x_wconf 89' lang='lat' dir='ltr'><strong>in</strong></span> <span class='ocrx_word' id='word_1_806' title='bbox 3047 5667 3280 5725; x_wconf 88' lang='lat' dir='ltr'><strong>Sclavos</strong></span> <span class='ocrx_word' id='word_1_807' title='bbox 3306 5669 3683 5726; x_wconf 81' lang='lat' dir='ltr'><strong>exercuissent</strong></span> 
     </span>
    </p>
   </div>
  </div>
