3882 6212
165 427 266 484 789

1246 423 1568 486 HISTORIA
1633 427 2078 492 FRANCORUM.
2130 424 2260 493 LIB.
2322 435 2406 493 1v.

3389 436 3499 500 790

169 549 364 613 vitam,
393 563 457 603 ac
485 546 547 602 in
577 548 772 605 futuro
798 551 1155 617 manentem,
1192 549 1454 606 salutaris
1506 552 1771 607 omnibus
1792 562 1846 620 Α
1871 572 1973 626 per
1999 573 2078 612 xu
2105 559 2407 614 continuos
2423 558 2545 614 dies
2565 558 2774 631 quibus
2796 559 2875 616 ibi
2895 559 3129 628 resedit,
3154 560 3496 635 omniaqum

174 640 371 695 ccelum
402 639 644 705 dimisit,
678 642 739 693 ut
769 640 983 693 rediret
1014 640 1401 711 unusquisque
1421 640 1494 694 ad
1523 658 1643 696 sua.

739 727 961 780 CAPUT
1000 729 1165 781 XXXI.

376 797 460 851 De
487 797 594 866 ﬁde
612 801 856 868 praestita
882 798 1113 852 Francis
1142 816 1176 854 α
1205 798 1546 853 Vasconibus.

242 887 449 952 Quinto
472 886 699 942 decimo
722 903 854 943 vero
876 888 1036 959 regni
1067 888 1355 961 suianno,
1405 904 1607 942 omnes
1648 888 1767 942 fere

176 976 424 1030 seniores
482 974 952 1041 Vasconiar,cum
1000 976 1264 1031 Amando
1304 976 1465 1041 duce,
1498 976 1571 1030 ad
1634 993 1766 1030 eum

180 1063 463 1135 Clippiaco
489 1067 808 1131 venerunt;
844 1063 1078 1135 ejusque
1112 1064 1492 1118 formidantes
1519 1080 1766 1135 praesen-

177 1152 335 1216 tiam,
368 1151 426 1205 in
461 1151 781 1205 oratorium
814 1151 1007 1206 Sancti
1064 1152 1316 1223 Dionysii
1366 1152 1769 1221 confugerunt.

177 1239 325 1303 Quos
377 1238 483 1292 etsi
542 1238 749 1309 dignos
831 1242 1018 1292 morte
1070 1239 1446 1310 judicaverat,
1516 1241 1777 1308 respectu

178 1330 372 1382 tamen
390 1330 746 1393 sanctorum,
770 1343 1014 1398 quorum
1033 1328 1389 1398 expetierant
1408 1326 1775 1392 memoriam,

184 1417 259 1471 eis
284 1415 523 1470 indulsit
565 1415 761 1470 vitam.
797 1415 902 1479 Qui
940 1419 1298 1470 sacramento
1356 1416 1531 1470 fidem
1578 1416 1779 1470 dantes

183 1522 237 1561 se
263 1505 333 1558 de
363 1508 574 1559 caatero
632 1504 830 1558 ﬁdeles
883 1505 1231 1575 Dagoberto,
1265 1521 1328 1558 ac
1368 1504 1598 1575 reliquis
1653 1509 1783 1575 post

180 1594 408 1664 regibus
438 1593 563 1647 fore
629 1593 1004 1660 Francorum,
1045 1594 1118 1648 ad
1166 1593 1411 1665 patriam
1440 1593 1627 1647 redire
1660 1608 1784 1665 per-

184 1683 335 1738 missi
360 1685 498 1737 sunt
525 1698 712 1738 suam.

760 1772 984 1828 CAPUT
1021 1772 1214 1827 XXXII.

1870 644 2100 699 fuerant
2120 647 2439 718 antiquitus
2467 648 2525 702 in
2570 652 2988 703 ornamentum
3013 650 3253 705 civitatis
3288 668 3355 705 ex
3380 668 3496 707 aere

1870 732 2362 806 instituta,deponi
2384 736 2641 806 jussit.ln
2669 740 2894 791 tantum
2928 741 2991 791 ut
3004 737 3181 792 etiam
3198 739 3497 795 basilicam

1872 822 2055 875 Beata:
2086 824 2273 877 Maria:
2299 824 2611 895 (Pantheon
2644 825 2960 896 antiquitus
2996 830 3278 891 vocatam)
3310 827 3496 883 disco-

1870 910 2141 980 operiret,
2176 914 2509 984 tegulasque
2558 931 2625 968 ex
2657 931 2771 968 aere
2800 914 2979 983 factas
2999 914 3202 970 exinde
3219 917 3496 983 auferret,

1872 1014 2079 1069 easque
2093 1015 2224 1053 cum
2238 999 2362 1053 aliis
2376 1018 2617 1055 orname
2628 1002 3301 1074 ntisConstantinopolim
3321 1008 3500 1060 trans-

1874 1086 2149 1140 mitteret.
2185 1086 2290 1151 Qui
2316 1092 2535 1156 tamen,
2574 1089 2671 1144 ubi
2710 1090 2963 1145 Siciliam
2987 1091 3197 1161 attigit,
3224 1092 3498 1149 meritum

1876 1177 2169 1229 tantarum
2194 1175 2566 1248 iniquitatum
2590 1178 2897 1249 praemium
2921 1178 3045 1232 luit.
3065 1180 3206 1234 Nam
3235 1180 3497 1250 ejusdem

1879 1262 2077 1316 insulas
2112 1263 2348 1329 incolas,
2381 1264 2783 1337 Calabriaeque
2844 1284 2907 1320 ac
2959 1266 3264 1336 Sardiniae,
3324 1272 3498 1341 atque

1878 1350 2102 1417 Africae,
2151 1352 2557 1407 afflictionibus
2603 1357 2722 1408 tam
2780 1354 3126 1424 gravissimis
3174 1356 3386 1410 attrivit
3439 1360 3501 1412 ut

1884 1455 2087 1493 uxores
2118 1456 2151 1494 a
2182 1441 2403 1495 maritis
2443 1446 2501 1495 et
2532 1442 2631 1496 lilii
2663 1460 2697 1497 a
2726 1443 3061 1512 parentibus
3089 1444 3338 1514 separati
3403 1444 3502 1499 du-

1882 1543 2009 1581 ram
2023 1532 2368 1597 cogerentur
2401 1530 2621 1600 perpeti
2649 1531 3003 1585 servitutem.
3037 1531 3500 1603 ltaqueimpera-

1885 1620 1997 1683 tor,
2030 1616 2144 1669 suis
2170 1634 2344 1688 quam
2374 1619 2632 1673 hostibus
2664 1620 2946 1686 infestior,
2981 1637 3014 1674 a
3052 1620 3328 1674 militibus
3380 1621 3503 1691 ejus

1885 1704 2159 1758 saavitiam
2187 1707 2612 1760 exsecrantibus
2650 1708 2709 1761 in
2743 1708 2952 1762 balneo
2976 1708 3336 1762 interficitur.
3370 1711 3505 1763 Post

1888 1809 2063 1863 quem
2094 1794 2396 1848 Mezentius
2426 1794 2485 1848 in
2502 1795 2691 1849 Sicilia
2706 1796 3077 1866 tyrannidem
3100 1797 3362 1867 arripuit.
3379 1796 3502 1861 Quo

192 1862 779 1955 assesasses
796 1861 1535 1955 assertores/atii:3!
1554 1863 1792 1955 tresue
1814 1868 1865 1928 Β
1890 1861 2015 1951 éari
2046 1881 2221 1935 modo
2254 1881 2375 1935 sine
2423 1898 2589 1936 mora
2619 1861 2843 1953 punito.
2879 1884 3182 1955 capitequo
3214 1861 3335 1954 éjus
3363 1885 3508 1939 Con-

257 1934 372 2005 ejus
401 1934 559 1998 caede,
590 1933 755 2005 deque
804 1932 1154 2005 Constantino
1211 1934 1523 2005 imperatore
1571 1934 1688 2005 (qui
1742 1940 1792 2005 et

309 2011 527 2057 onstans
574 2001 747 2057 dictus
777 2003 873 2071 est)
913 2001 1614 2069 Beneventaniobsidente,—
1640 2011 1689 2058 et
1730 2004 1794 2059 de

257 2074 568 2129 crudelitate
590 2074 703 2143 eius
729 2080 777 2127 et
806 2076 987 2139 exitio,
1023 2081 1071 2127 et
1124 2073 1388 2128 Mezantzi
1415 2078 1658 2142 tyranni,
1701 2074 1792 2128 dc-

253 2162 354 2216 que
388 2144 691 2199 Constanti:
736 2146 972 2215 imperio.

253 2234 584 2304 Dagoberto
615 2233 787 2303 igitur
817 2232 1049 2302 pacifice
1072 2232 1225 2305 apud
1253 2231 1457 2286 Gallias
1487 2236 1794 2301 regnante,

187 2320 963 2393 LongobardisGrimoaldus
982 2323 1245 2391 praeerat,
1271 2320 1366 2392 qui
1386 2320 1661 2375 exstincto
1694 2321 1796 2376 Go-

188 2410 416 2481 diperto
446 2408 696 2479 Ariperti
728 2407 879 2480 regis
910 2408 1047 2475 filio,
1070 2412 1128 2462 et
1157 2408 1279 2479 ejus
1309 2408 1485 2463 fratre
1511 2408 1795 2463 Bertbarit

182 2496 344 2550 Italia
358 2496 547 2565 pulso,
578 2512 782 2566 regum
814 2496 1155 2567 arripuerat.
1191 2496 1285 2550 Hic
1306 2500 1391 2550 est
1416 2497 1796 2565 Grimoaldus,

184 2585 253 2639 de
282 2602 401 2656 qua
430 2584 656 2655 praefati
685 2601 901 2649 sumus,
935 2585 1090 2657 quod
1109 2585 1383 2655 praedicta
1406 2603 1603 2640 eversa
1632 2588 1796 2653 urbe,

180 2676 456 2739 Avarem,
491 2689 524 2726 a
554 2688 667 2743 quo
700 2673 952 2743 captivus
984 2673 1167 2726 adhuc
1200 2690 1345 2745 puer
1372 2674 1691 2729 ducebatur
1717 2675 1801 2743 (ut

186 2762 407 2817 dictum
444 2762 554 2827 est)
583 2760 890 2815 occiderat.
926 2760 1097 2830 Cujus
1143 2761 1348 2815 fratres
1397 2762 1681 2817 Tasonem
1735 2780 1801 2818 ac

188 2852 501 2917 Caconem,
533 2849 837 2921 Gregorius
862 2850 1260 2904 Romanorum
1277 2851 1640 2921 patricius,in
1673 2852 1801 2906 civi-

184 2942 302 2994 tate
326 2937 688 3009 Opitergium
717 2938 913 2992 dolosa
942 2937 1145 2991 fraude
1177 2938 1443 3008 peremit.
1478 2939 1619 2992 Nam
1666 2956 1801 3011 pro-

188 3027 428 3081 mittens
462 3025 668 3080 Tasoni
699 3026 854 3097 quod
905 3025 1149 3079 barbam
1213 3025 1334 3095 ejus
1392 3026 1799 3096 praescindens,

1891 1968 2329 2038 stantinopolim
2380 1971 2620 2039 perlato,
2646 1971 3074 2036 Constantinus,
3124 1971 3506 2026 Constantinii

1892 2058 1985 2123 (de
2017 2073 2129 2128 quo
2143 2056 2543 2129 prmmisimus)
2568 2057 2851 2123 filius,xvn
2875 2058 3041 2112 annis
3058 2058 3303 2112 Romani
3319 2057 3510 2112 tenuit

1893 2145 2281 2215 gubernacula
2308 2144 2555 2216 imperii.
2587 2145 2736 2199 Sane
2766 2145 2944 2215 patris
2971 2146 3093 2216 ejus
3122 2145 3501 2216 temporibus,

1896 2233 2207 2287 Vitalianus
2252 2250 2402 2304 papa
2476 2226 2843 2287 Theodorum
2899 2233 3397 2305 archiepiscopum
3445 2235 3507 2289 et

1894 2321 2212 2375 Adrianum
2245 2321 2515 2375 abbatem
2543 2321 2599 2375 in
2632 2321 2990 2376 Britanniam
3022 2321 3249 2388 direxit,
3274 2320 3348 2376 ad
3379 2336 3505 2376 cor-

1894 2410 2310 2476 roborandam,
2339 2426 2513 2481 quam
2543 2410 2746 2465 beatus
2777 2409 3086 2481 Gregorius
3106 2410 3165 2464 in
3186 2411 3509 2482 Anglorum

1899 2502 2070 2570 gente
2088 2502 2359 2565 serverat,
2389 2498 2521 2553 fidei
2554 2498 2888 2554 Christiana:
2909 2502 3192 2571 segetem.

2466 2604 2690 2658 CAPUT
2714 2605 2932 2659 XXXIII.

1900 2692 1983 2746 De
2012 2692 2305 2762 Dagoberti
2338 2691 2602 2764 laudabili
2652 2693 2795 2746 obitu
2842 2700 2893 2746 et
2943 2693 3235 2764 sepultura,
3273 2710 3340 2748 ac
3384 2692 3512 2747 edis

2164 2764 2277 2817 divi
2302 2762 2557 2833 Dionysii
2582 2764 2933 2833 (edi/icatione
2957 2762 3005 2818 et
3035 2772 3250 2818 ornatu.

1975 2854 2153 2907 Porro
2187 2852 2429 2923 inclytus
2450 2869 2546 2906 rex
2566 2852 2918 2906 Francorum
2949 2853 3330 2923 Dagobertus,
3347 2851 3514 2907 annis

1903 2958 1989 2994 xv1
2022 2940 2270 3011 gloriosa
2289 2940 2516 2995 functus
2546 2940 2709 3011 regni
2740 2941 3266 3007 administratione,
3299 2940 3512 3012 Spino-

1903 3028 2020 3099 gilo
2047 3029 2179 3083 villa
2196 3046 2365 3100 super
2380 3029 2598 3083 ﬂumen
2630 3029 2912 3100 Sequana;
2928 3029 3054 3096 sita,
3074 3029 3227 3084 haud
3259 3030 3456 3101 procul
3477 3045 3511 3083 a

181 3117 347 3188 juxta
382 3130 605 3169 morem
640 3113 1032 3185 antiquorum,
1066 3130 1197 3167 eum
1235 3114 1341 3167 sibi
1383 3115 1687 3186 adeptaret
1742 3115 1800 3169 in
1830 3141 1877 3200 ρ
1906 3115 2150 3169 Parisius
2196 3115 2557 3182 constitutus,
2633 3117 2915 3187 proﬂuvio
2981 3118 3197 3171 ventris
3248 3117 3512 3172 laborare

190 3204 396 3270 filium,
429 3219 559 3257 cum
593 3202 769 3256 fratre
797 3218 862 3255 ac
890 3201 1080 3272 paucis
1110 3201 1366 3255 ﬁdelium
1404 3202 1475 3255 ad
1502 3219 1560 3256 se
1604 3202 1802 3258 venire

187 3292 385 3346 suasit.
419 3290 891 3361 Ingredientique
936 3290 1137 3344 urbem
1190 3293 1385 3361 portas
1418 3292 1545 3361 post
1575 3293 1802 3360 tergum

184 3379 377 3435 claudi
400 3377 760 3451 praecipiens,
790 3377 998 3431 milites
1024 3381 1277 3431 armatos
1308 3377 1405 3448 qui
1429 3394 1561 3431 eum
1584 3377 1801 3432 interﬁ-

182 3470 386 3523 cerent
407 3466 635 3521 direxit.
664 3464 828 3529 Quod
851 3465 945 3518 ubi
969 3464 1065 3537 qui
1088 3464 1328 3537 ingressi
1351 3468 1517 3518 erant
1547 3465 1806 3520 animad-

183 3557 507 3621 verterunt,
544 3552 816 3608 ultimum
847 3552 953 3605 sibi
984 3554 1105 3607 vale
1137 3553 1412 3620 dicentes,
1460 3570 1563 3624 per
1589 3554 1804 3624 plateas

186 3643 432 3701 civitatis
454 3641 693 3712 dispersi
728 3640 923 3696 obvios
937 3642 1591 3713 quosquetrucidabant.
1636 3643 1802 3697 Maxi-

189 3749 403 3803 maque
436 3731 593 3785 edita
637 3730 1095 3801 strage,tandem
1129 3730 1294 3802 pauci
1319 3748 1353 3785 a
1385 3730 1639 3801 pluribus
1697 3732 1803 3786 cir-

185 3819 485 3876 cumventi
525 3819 963 3875 obtruncantur.
991 3819 1295 3889 Gregorius
1327 3818 1520 3889 itaque
1547 3819 1643 3891 qui
1674 3837 1804 3891 spo-

190 3910 482 3983 ponderat
505 3925 566 3962 se
599 3907 845 3963 barbam
866 3907 1072 3962 Tasoni
1117 3906 1520 3973 abscissurum,
1555 3925 1672 3963 non
1722 3926 1809 3964 so-

188 4001 312 4055 lum
336 3997 602 4065 barbam,
619 4012 819 4050 verum
845 4000 905 4051 et
932 3995 1253 4066 amputavit
1272 3996 1320 4065 ej
1331 4012 1392 4050 us
1412 3998 1550 4066 aput
1565 3998 1804 4051 Verum-

189 4093 392 4143 tamen
412 4103 485 4141 ne
508 4085 774 4157 parjurus
796 4084 1302 4150 diceretur,barba3
1323 4100 1551 4155 quoque
1566 4085 1806 4140 summi-

190 4180 392 4231 tamen
425 4174 679 4228 inaniter
718 4171 995 4243 prmcidit.
1054 4171 1420 4243 Quapropter
1450 4172 1809 4229 Grimoaldus

192 4280 377 4335 regno
399 4260 1007 4333 potitus.0pitergium
1036 4259 1295 4314 funditus
1326 4260 1528 4315 evertit
1561 4260 1619 4315 in
1639 4262 1808 4318 ultio-

192 4369 329 4409 nem
346 4352 599 4406 fratrum
616 4349 755 4404 inibi
768 4352 1203 4421 peremptorum
1216 4388 1228 4403 .
1263 4348 1433 4419 Cujus
1451 4351 1811 4422 temporibus

1905 3202 2092 3273 coepit.
2116 3203 2366 3274 Indeque
2383 3204 2825 3275 obsequentium
2852 3204 3118 3260 manibus
3129 3205 3202 3260 ad
3219 3205 3513 3260 basilicam

1905 3291 2097 3346 Sancti
2122 3292 2371 3361 Dyonisii
2402 3292 2644 3360 delatus,
2659 3293 2795 3347 dum
2825 3311 2884 3347 se
2907 3294 3280 3349 incommodo
3295 3293 3513 3348 ultima:

1904 3379 2263 3449 aegritudinis
2311 3380 2383 3433 ad
2410 3383 2659 3433 mortem
2692 3381 2885 3451 urgeri
2909 3381 3300 3436 intellexisset.
3334 3383 3514 3453 Egam

1904 3466 2293 3520 consiliarium
2311 3482 2479 3520 suum
2508 3483 2738 3521 summa
2768 3484 2898 3521 cum
2926 3470 3218 3523 celeritate
3247 3470 3321 3523 ad
3337 3487 3397 3524 se
3417 3486 3512 3523 ve-

1904 3554 2031 3609 nire
2061 3553 2374 3621 mandavit,
2406 3570 2579 3624 seque
2616 3555 2997 3610 discessurum
3026 3573 3056 3609 e
3110 3556 3380 3627 praesenti
3410 3572 3515 3610 sa:-

1906 3646 2034 3698 culo
2066 3643 2361 3710 intimans,
2398 3659 2634 3696 uxorem
2667 3658 2830 3696 suam
2860 3643 3187 3698 Nantildem
3220 3660 3285 3696 ac
3331 3642 3515 3697 tilium

1907 3732 2255 3787 Glodoveum
2281 3731 2403 3800 ejus
2418 3730 2639 3784 tuitioni
2672 3730 2982 3793 commisit,
3014 3734 3073 3784 et
3104 3733 3166 3785 ut
3196 3731 3514 3786 secundum

1907 3820 2274 3892 prudentiam
2288 3820 2393 3874 sibi
2426 3837 2458 3873 a
2485 3822 2599 3874 Deo
2633 3835 2956 3873 concessam
2998 3818 3180 3873 filium
3211 3818 3511 3887 enutriret,

1908 3909 2115 3980 pieque
2137 3925 2381 3980 regnum
2403 3905 3327 3978 disponeret,admonuit.Cmteris
3339 3905 3516 3962 etiam

1908 3997 2283 4070 optimatibus
2300 4013 2363 4051 ac
2388 3995 2755 4067 pontiﬁcibus
2785 3994 3059 4049 Neustriaz
3074 4011 3139 4049 ac
3171 3993 3517 4065 Burgundia:

1908 4085 2212 4152 accersitis,
2241 4086 2357 4141 filio
2389 4103 2487 4140 eos
2513 4085 2707 4156 eisque
2733 4084 2917 4138 filium
2961 4083 3398 4149 commendans,
3427 4100 3518 4138 xiv

1910 4176 2033 4229 Kal.
2052 4173 2350 4228 Februarii
2375 4174 2531 4227 diem
2555 4171 2757 4227 clausit
2780 4172 3520 4244 extremum.Cujuscorpus

1910 4263 2208 4318 conditum
2235 4262 2915 4333 aromatibus,sepultum
2943 4265 3029 4315 est
3055 4260 3112 4315 in
3134 4259 3371 4316 ecclesia
3385 4277 3517 4316 san-

1910 4349 2271 4422 ctiDionysii,
2305 4350 2362 4403 in
2388 4350 2586 4404 dextro
2617 4350 2797 4404 latere
2827 4348 3071 4420 sepulcri
3099 4348 3274 4420 ipsius
3299 4352 3517 4421 marty-

190 4438 605 4496 Constantinus
631 4439 937 4508 Augustus,
973 4436 1069 4509 qui
1099 4440 1158 4491 et
1185 4437 1468 4493 Constans
1494 4438 1676 4493 dictus
1699 4443 1808 4508 est,
1831 4429 1885 4489 D
1908 4440 2012 4496 ris.
2046 4438 2325 4509 Denique,
2349 4440 2410 4491 ut
2430 4453 2603 4508 supra
2632 4441 2926 4494 ostensum
2948 4441 3053 4505 est,
3079 4453 3211 4492 cum
3250 4453 3310 4491 se
3344 4453 3516 4492 orna-

192 4527 610 4601 Longobardos
660 4525 819 4580 Italia
868 4526 1080 4596 pellere
1138 4526 1395 4598 cupiens,
1452 4530 1806 4583 transmeato

188 4616 483 4672 Adriatico
517 4613 688 4679 mari,
721 4614 1109 4668 Beneventum
1136 4614 1377 4669 obsedit.
1408 4615 1568 4670 Unde
1621 4616 1808 4671 subito

190 4706 444 4761 adventu
472 4701 791 4757 Grimoaldi
822 4701 1074 4768 territus,
1117 4701 1393 4769 discessit,
1426 4704 1625 4759 relicto
1678 4720 1809 4760 cum

189 4793 445 4848 exercitu
470 4790 729 4863 quodam
766 4806 833 4843 ex
866 4789 1242 4862 optimatibus
1265 4791 1503 4845 nomine
1531 4792 1805 4856 Saburro,

190 4881 450 4953 quicum
487 4877 821 4934 Grimoaldo
853 4878 1051 4949 praelio
1082 4878 1357 4933 conﬂixit.
1388 4880 1543 4935 Tunc
1582 4897 1725 4935 unus
1774 4898 1806 4936 e

190 4967 616 5042 Longobardis,
631 4966 910 5021 vocabulo
922 4967 1298 5039 Amalongus,
1319 4968 1415 5040 qui
1428 4968 1652 5040 regium
1665 4987 1804 5027 con-

189 5064 313 5114 tum
345 5058 553 5115 solitus
583 5059 710 5112 erat
729 5055 901 5123 ferre,
925 5057 1239 5128 quemdam
1258 5058 1579 5113 Grazculum
1595 5061 1803 5114 eodem

190 5151 363 5203 conto
391 5160 753 5219 percussum,
786 5148 845 5198 et
874 5145 1012 5199 sella
1043 5144 1389 5217 equitatoria
1412 5163 1584 5219 super
1633 5152 1805 5219 caput

188 5253 357 5292 suum
389 5235 644 5297 elevans,
675 5232 928 5303 reliquos
952 5233 1396 5302 perterrefactos
1424 5234 1626 5306 fugere
1652 5253 1806 5291 com-

189 5326 357 5397 pulit.
373 5322 534 5377 Talia
560 5336 884 5392 agnoscens
898 5319 1237 5391 imperator,
1260 5322 1617 5377 iracundiam
1632 5325 1804 5379 corde

191 5415 535 5485 conceptam
566 5411 628 5465 in
650 5424 783 5464 suos
836 5407 967 5480 (hoc
1016 5413 1100 5464 est
1148 5411 1455 5481 Romanos)
1501 5412 1804 5481 convertit,

193 5517 441 5573 moxque
460 5501 707 5555 Romam
740 5496 1049 5567 pertendit,
1082 5501 1140 5551 et
1167 5516 1200 5552 a
1230 5500 1512 5553 Vitaliano
1536 5514 1685 5569 papa
1703 5499 1805 5553 ho-

195 5590 431 5646 norifice
462 5590 781 5659 susceptus,
805 5585 996 5655 primo
1026 5588 1261 5659 quidem
1293 5588 1384 5643 die
1402 5589 1609 5643 obtulit
1637 5589 1806 5644 beato

198 5683 364 5736 Petro
384 5678 629 5751 pallium
662 5690 805 5730 auro
838 5675 1075 5743 textum,
1116 5676 1176 5733 in
1207 5677 1519 5733 crastinum
1573 5693 1727 5746 vero,
1750 5681 1808 5733 et

1910 4531 2033 4582 tum
2049 4527 2131 4582 ire
2148 4527 2295 4581 illius
2312 4526 2658 4581 memoriam
2676 4527 3079 4599 sociorumque
3097 4526 3145 4597 ej
3157 4542 3219 4579 us
3233 4524 3521 4596 pollicitus

1910 4621 2077 4682 esset,
2101 4615 2386 4687 templum
2409 4613 2489 4668 eis
2520 4614 3089 4680 condidituniversis,
3114 4630 3242 4687 quae
3269 4613 3326 4667 in
3342 4613 3523 4668 Gallia

1910 4708 2045 4759 tunc
2075 4703 2352 4775 temporis
2382 4706 2568 4772 erant,
2592 4703 2957 4759 excellentius
2989 4702 3242 4776 templis.
3265 4702 3523 4757 Nullum-

1909 4792 2854 4865 queimpensisstatuensmodum,
2888 4790 3233 4847 marmoreis
3268 4790 3407 4846 illud
3431 4806 3524 4845 co-
3554 4828 3573 4837 ..

1907 4882 2121 4936 lumnis
2166 4882 2454 4953 similique
2484 4881 2804 4936 venustavit
2851 4880 3204 4953 pavimento,
3234 4879 3522 4934 immenso

1905 4969 2227 5025 mdiﬁcandi
2267 4972 2523 5039 sumptu,
2546 4972 2603 5022 et
2621 4967 2902 5038 exquisito
2920 4967 3266 5021 fabricatum
3295 4968 3521 5022 decore.

1906 5059 2017 5112 Nec
2048 5057 2239 5111 minor
2268 5056 2348 5111 illi
2392 5057 2451 5110 in
2478 5055 2601 5110 aliis
2630 5069 2861 5126 quoque
2908 5054 3208 5108 ornatibus
3254 5055 3521 5111 intentio.

1905 5146 2071 5211 Nam,
2105 5144 2355 5198 vestibus
2383 5159 2525 5198 auro
2558 5141 2727 5195 textis
2756 5144 2813 5194 et
2847 5138 3011 5210 paliis
3050 5141 3405 5208 holosericis,
3434 5146 3527 5198 to-

1906 5238 2029 5288 tum
2063 5232 2398 5288 interiorem
2419 5227 2799 5285 circumdedit
2820 5226 3025 5295 templi
3042 5227 3530 5284 ambitum.0rdi-

1908 5339 2045 5379 nem
2060 5320 2427 5393 psallentium
2451 5319 2531 5373 uti
2560 5317 2712 5388 apud
2731 5317 3007 5371 Sanctum
3020 5314 3328 5370 Martinum
3355 5316 3529 5371 Turo-

1908 5412 2249 5477 nis,necnon
2263 5409 2415 5478 apud
2427 5410 2703 5463 Sanctum
2722 5403 3049 5459 Mauritium
3070 5403 3533 5476 Agauuisageba-

1906 5498 2039 5565 tur,i
2051 5496 2162 5550 nibi
2178 5496 2790 5550 instituitPrmliavero
2808 5497 2924 5547 tam
2940 5493 3247 5548 innumera
3258 5492 3532 5548 fratribus

1907 5600 1966 5653 in
1983 5586 2189 5641 eodem
2214 5586 2335 5639 loco
2371 5587 2483 5639 Deo
2512 5583 2944 5649 famulantibus,
2971 5583 3086 5638 sive
3124 5581 3530 5638 matriculariis

1910 5672 2160 5735 ecclesia:
2188 5673 2429 5730 contulit
2451 5677 2513 5730 ut
2551 5674 2777 5730 devotio
2810 5670 2995 5728 animi
3039 5673 3161 5745 ejus
3206 5666 3523 5745 plurimum
