3882 6212
447 408 549 468 79!

1530 409 1800 470 AlMOlNI
1844 409 2156 470 MONACHI
2203 412 2699 476 FLORIACENSIS

3671 435 3779 492 792

450 531 808 592 admirabilis
832 534 1000 593 esset.
1017 533 1144 594 Fuit
1159 535 1377 595 etenim
1398 535 1555 595 idem
1581 555 1679 594 rex
1705 539 2062 611 Dagobertus
2087 541 2144 602 Α
2163 543 2390 598 sanctos
2417 542 2525 599 sibi
2581 544 2840 603 auxiliari
2883 547 3175 620 poscebat,
3209 567 3464 626 quorum
3509 553 3778 615 basilicas

449 623 767 681 admodum
793 629 1010 694 cautus,
1043 626 1280 698 ingenio
1301 630 1540 695 astutus,
1573 630 1723 684 circa
1751 631 2061 686 benevolos

449 716 510 768 et
533 713 640 769 sibi
666 713 866 770 ﬁdeles
896 719 1250 784 mansuetus,
1283 717 1592 772 rebellibus
1622 721 1817 773 autem
1841 734 1907 771 ac
1933 736 2060 790 per-

447 799 579 856 fidis
605 801 770 857 valde
800 802 1098 859 terribilis.
1117 804 1390 860 Excertiis
1404 806 1664 878 corporis
1691 807 2058 880 maximeque

447 889 846 945 venationibus
874 890 1119 958 deditus,
1163 895 1336 965 atque
1362 893 1420 949 in
1448 894 1608 948 omni
1630 895 1886 966 agilitate
1930 913 2056 952 cor-

446 993 627 1049 porea
644 980 940 1045 strenuus;
969 979 1180 1050 peritia
1209 997 1440 1054 quoque
1479 999 1544 1038 ac
1573 983 1780 1038 virtute
1815 983 1873 1039 in
1905 986 2054 1040 bello

445 1065 808 1137 praevalidus.

1047 1137 1270 1195 CAPUT
1298 1142 1509 1197 XXXIV.

444 1204 530 1262 De
540 1208 760 1284 pisione
779 1209 933 1280 facta
957 1209 1193 1284 solitario
1221 1229 1375 1284 super
1392 1221 1534 1267 statu
1566 1213 1862 1283 Dagobertz'
1914 1216 2054 1282 regis

517 1277 787 1348 tle/uncti,
808 1287 858 1334 et
877 1281 1008 1353 quid
1033 1277 1536 1408 prosi'tlteipplorum
1561 1277 1788 1352 amatio,
1822 1291 1870 1341 et
1921 1277 2054 1340 οὗείι

1119 1369 1210 1410 suo
1233 1371 1284 1408 ia
1311 1371 1386 1410 io.

1119 1369 1150 1406 ε
1181 1369 1386 1410 οιιαηο.

517 1419 805 1476 Caeterum
835 1438 905 1478 eo
935 1371 1200 1494 tempofe
1221 1441 1336 1496 quo
1367 1426 1683 1482 terminum
1710 1426 1943 1482 sortitus
1969 1431 2055 1482 est

441 1507 595 1578 vitae,
617 1508 854 1581 quidam
887 1510 1118 1566 illustris
1146 1513 1467 1569 Ansoaldus
1496 1515 1755 1582 nomine,
1785 1515 2054 1570 defensor

443 1597 811 1654 Pictaviensis
825 1599 1110 1668 Ecclesiae,
1139 1603 1334 1672 partes
1349 1604 1699 1674 peragrabat
1710 1603 1935 1659 Siciliae.
1946 1604 2051 1669 Qui

442 1685 582 1741 dum
612 1689 811 1742 evectu
837 1691 1223 1744 reverteretur
1251 1689 1461 1758 navali,
1495 1692 1716 1762 appulit
1742 1693 1816 1746 ad
1847 1709 2050 1765 quam-

440 1774 578 1830 dam
607 1775 844 1831 brevem
878 1775 1149 1844 insulam,
1191 1779 1500 1849 prsesentia
1529 1795 1594 1834 ac
1624 1781 1844 1835 meritis
1872 1782 2054 1852 cujus-

2162 631 2286 702 plus
2315 632 2530 688 caeteris
2549 651 2610 689 se
2634 635 2838 706 opibus
2862 637 3072 694 ditasse
3091 641 3465 701 meminerat.

2753 725 2978 782 CAPUT
3005 729 3194 784 XXXV.

2157 807 2238 861 De
2244 806 2512 890 βοῶνθ’
2563 812 2660 890 sub
2710 811 2833 882 Ega
2851 815 3004 890 iusto
3044 819 3381 890 principatu,
3431 829 3482 876 et
3531 823 3778 890 paradisi

2229 879 2814 966 Reiiianipauinienté.
2943 887 3008 966 ate
3042 879 3341 946 Gothorum
3367 879 3452 946 ’ἱη
3498 879 3772 966 Hispania

2231 952 2439 1019 regibus
2472 953 2642 1023 Tolga
2661 962 2710 1008 et
2739 954 3055 1015 Risz'cz'nd0..

2227 1041 2300 1094 At
2329 1057 2462 1096 vero
2493 1041 2820 1113 Dagoberto
2869 1045 3163 1114 defuncto,
3186 1050 3309 1120 ejus
3353 1051 3508 1107 ﬁlius
3565 1053 3770 1110 Cledo-

2157 1143 2313 1194 veus,
2337 1145 2508 1199 quem
2543 1130 2723 1186 etiam
2749 1133 3063 1189 Ludovium
3099 1136 3346 1193 diximus
3369 1139 3546 1195 fuisse
3577 1143 3770 1198 nomi-

2157 1220 2380 1283 natum,
2399 1234 2530 1273 cum
2551 1223 2738 1274 matre
2755 1221 3023 1278 Nantilde
3037 1224 3096 1278 in
3114 1229 3310 1295 partes
3329 1229 3502 1300 capit
3519 1245 3764 1300 regnare

2153 1305 2427 1360 Neustrias
2467 1306 2578 1362 sive
2607 1309 2974 1380 Burgundias,
3001 1313 3120 1383 Ega
3143 1314 3448 1371 consiliaro
3480 1319 3761 1388 palatium

2154 1409 2286 1448 cum
2331 1411 2511 1464 regno
2563 1397 2944 1468 gubernante.
3003 1400 3110 1464 Qui
3163 1403 3461 1474 patientia:
3517 1405 3763 1476 deditus,

2154 1482 2457 1537 abundans
2483 1483 2706 1556 Opibus,
2733 1485 2970 1556 justitias
2999 1493 3125 1544 erat
3185 1491 3370 1546 cultor
3417 1493 3687 1560 eximius,
3716 1497 3768 1549 et

2153 1587 2366 1640 genere
2383 1572 2538 1626 claro
2561 1572 2854 1628 oriundus.
2879 1575 3310 1634 Tantummodo
3333 1579 3764 1652 blasphematur

2155 1657 2314 1728 [Gal].
2343 1661 2470 1712 était
2501 1658 2690 1730 bldmé]
2711 1679 2744 1715 a
2760 1661 3016 1732 pluribus
3029 1665 3184 1735 quod
3207 1669 3357 1722 esset
3375 1669 3632 1724 avaritias
3669 1671 3760 1725 de-

2153 1745 2436 1810 ditus.Qui
2449 1750 2644 1802 tamen
2664 1764 2756 1804 res
2779 1765 3273 1825 pauperum,quas
3303 1755 3409 1810 sub
3439 1757 3763 1829 Dagoberto

439 1862 577 1918 dam
623 1863 865 1919 solitarii
889 1863 989 1936 qui
1016 1835 1268 1921 Joannes
1297 1867 1596 1922 dicebatur
1617 1835 1981 1924 redimitam:
2076 1856 2128 1918 Β
2151 1851 2402 1936 ervam
2433 1838 2492 1890 et
2516 1835 2652 1935 “sim
2683 1837 3146 1936 ﬁghinjust?
3162 1842 3759 1936 39°‘ttie'li9si‘3550ﬁ‘

436 1965 574 2022 quo,
606 1949 748 2006 dum
781 1951 851 2006 de
863 1952 1050 2008 salute
1069 1953 1284 2008 animai
1311 1970 1446 2008 cum
1463 1971 1532 2009 eo
1545 1956 2048 2026 sermocinaretur,

433 2037 825 2110 interrogatus
837 2041 1032 2095 utrum
1045 2056 1250 2114 regem
1263 2043 1655 2114 Dagoberlum
1669 2045 2048 2116 cognovisset,

433 2125 646 2200 illeque
674 2145 734 2183 se
755 2144 891 2184 eum
908 2129 1128 2202 optime
1153 2147 1321 2187 nosse
1341 2133 1748 2203 respondisset,
1772 2151 1998 2190 rursum
2016 2153 2050 2192 a

433 2231 571 2271 sene
599 2219 836 2288 rogatus
864 2233 1058 2273 meres
1097 2218 1390 2292 vitamque
1415 2221 1568 2292 regis
1625 2225 1902 2295 exposuit.
1949 2224 2050 2279 Cui

433 2319 607 2359 senex
638 2321 656 2358 :
688 2326 717 2354 ‹‹
745 2304 913 2374 Cum,
931 2305 1033 2374 ait,
1052 2307 1573 2378 multavigiliarum
1591 2326 1655 2364 ac
1667 2310 2045 2381 jejuniorum,

431 2391 718 2464 simulque
734 2394 1045 2448 senectutis
1065 2394 1406 2466 fatigatione
1423 2397 2048 2470 depressus,paululum

431 2481 702 2534 membra
718 2480 910 2550 sopori
923 2481 1207 2537 dedissem
1217 2522 1230 2548 ,
1250 2482 1433 2538 astitit
1445 2485 1586 2540 mihi
1608 2485 1845 2557 quidam
1855 2505 2048 2554 ,vene-

432 2567 618 2622 randa
635 2567 877 2622 decorus
888 2569 1371 2635 canitie,monens
1387 2574 1705 2644 utpropere
1721 2591 2018 2647 surgerem
2029 2618 2044 2645 ,

433 2655 492 2706 et
518 2669 625 2724 pro
641 2655 952 2726 Dagoberti
973 2657 1126 2728 regis
1151 2657 1504 2731 animmque:
1527 2662 1734 2717 eadem
1752 2681 1786 2721 a
1801 2681 2046 2737 corpore

432 2739 653 2796 exierat
675 2742 840 2810 hora,
865 2743 1099 2800 Domini
1129 2763 1434 2803 exorarem
1465 2751 1858 2808 clementiam.
1880 2756 2045 2820 Quod

431 2843 566 2884 eum
591 2829 783 2886 facere
805 2835 1097 2889 maturato
1122 2846 1839 2910 curassem,apparuerunt
1855 2843 2042 2899 subito

429 2915 587 2972 haud
615 2920 815 2988 procul
843 2918 904 2974 in
934 2922 1140 2992 pelago
1173 2923 1468 2979 deformes
1519 2929 1845 2984 truculenta
1897 2931 2043 2986 facie

432 3003 750 3075 demones,
782 3006 1037 3064 vinctum
1067 3025 1268 3080 regem
1299 3011 1695 3084 Dagoberlum
1725 3033 1831 3088 per
1861 3020 2046 3090 spatia

429 3093 610 3148 maris
635 3094 945 3166 agitantes,
977 3096 1322 3170 inflictisque
1349 3099 1584 3174 insuper
1607 3105 1942 3161 verberibus
1969 3109 2044 3164 ad

2151 1923 2256 1977 bus
2286 1939 2414 1978 cum
2445 1924 2606 1978 omni
2630 1925 2886 1981 reddidit
2917 1927 3272 2000 integritate.
3304 1931 3400 1986 His
3431 1932 3636 1988 diebus
3663 1935 3758 1990 do-

2151 2010 2342 2066 minus
2362 2027 2513 2084 papa
2531 2013 2808 2068 Romana
2829 2016 3090 2072 Ecclesia:
3121 2018 3334 2086 locum,
3351 2019 3450 2092 qui
3463 2022 3761 2077 Paradisns

2149 2099 2354 2170 [vulg.,
2383 2099 2426 2154 le
2451 2099 2681 2172 Parvis]
2710 2101 2938 2171 dicitur,
2973 2106 3107 2158 ante
3127 2105 3422 2161 basilicam
3442 2108 3599 2164 Beati
3612 2109 3758 2166 Petri

2151 2187 2414 2260 apostoli,
2447 2189 2706 2244 candidis
2749 2193 2808 2244 et
2841 2192 3071 2263 magnis
3095 2194 3487 2251 marmoribus
3521 2197 3760 2254 miriﬁce

2149 2274 2365 2330 stravit.
2402 2276 2579 2347 Apud
2617 2277 2915 2350 Hispanias
2966 2283 3198 2336 mortuo
3221 2281 3568 2353 Sisenando,
3593 2286 3763 2359 Tolga

2148 2363 2297 2419 filius
2327 2364 2451 2436 ejus
2493 2369 2728 2436 petente
2759 2370 2923 2438 patre
2951 2385 3048 2423 rex
3083 2373 3310 2425 creatus
3356 2375 3462 2426 est.
3505 2373 3760 2448 Cumque

2147 2451 2315 2507 Gothi
2346 2453 2660 2524 pueritiam
2688 2454 2842 2526 regis
2871 2459 3158 2528 aucupati,
3193 2475 3357 2514 more
3383 2459 3493 2514 sibi
3533 2467 3754 2518 assueto

2148 2540 2495 2596 multimoda
2567 2543 3008 2598 committerent
3068 2546 3304 2614 scelera,
3389 2547 3749 2606 Cintasindus

2147 2627 2381 2698 quidam
2411 2629 2728 2684 Gothorum
2751 2631 3347 2702 praeminentissimus,
3367 2635 3547 2708 Tolga
3571 2653 3755 2710 regno

2146 2719 2330 2789 pulso,
2363 2717 2634 2774 acclerico
2661 2719 2784 2774 ﬁeri
2829 2724 3047 2787 coacto,
3070 2738 3318 2793 regnum
3346 2724 3615 2796 arripuit.
3647 2727 3746 2792 Qui

2146 2822 2462 2877 agnoscens
2493 2807 2968 2863 consuetudinem
2999 2809 3208 2880 gentis,
3242 2827 3418 2882 quam
3441 2813 3501 2866 in
3533 2814 3747 2870 interﬁ-

2145 2893 2366 2948 ciendis
2391 2895 2504 2949 sive
2537 2896 2891 2966 expellendis
2910 2897 3204 2953 habebant
3219 2898 3748 2973 regibus,plurimos

2145 2998 2210 3035 cx
2243 2983 2325 3036 eis
2355 2999 2498 3054 quos
2526 2983 2656 3036 huic
2688 2983 2826 3038 vitio
2858 2984 3015 3039 scivit
3069 2985 3294 3040 deditos
3346 2989 3472 3042 neci
3525 2990 3753 3045 tradidit

2143 3068 2226 3124 ita
2256 3073 2317 3124 ut
2340 3069 2410 3124 de
2436 3071 2854 3141 potentioribus
2879 3072 3114 3144 quidem
3157 3072 3456 3142 ducentos,
3492 3077 3564 3131 de
3594 3079 3749 3150 plebe

428 3157 704 3238 Vulcania
731 3184 859 3240 loca
882 3157 1200 3242 trahentes.
1227 3157 1340 3253 Qui
1367 3157 2044 3263 distentuscruciatibds:
2065 3179 2113 3239 Ο·
2143 3157 2653 3263 νθΓ⁰,(Ῑυί⁰Βθῐῖῐίίδ
2675 3157 2858 3263 farm?
2876 3159 3532 3263 interﬁcere.t’.re8iduos
3563 3165 3744 3263 “ﬁlio

425 3267 582 3324 inter
601 3269 946 3342 agitationes
963 3276 1020 3330 et
1036 3276 1546 3350 verbera,quorum
1555 3280 1692 3336 dam
1710 3287 2041 3341 sanctorum

428 3357 772 3415 audiebatur
781 3363 1073 3432 postulare
1097 3364 1390 3438 suffragia.
1415 3367 1557 3424 Cum
1577 3374 1820 3442 repente
1839 3377 2041 3444 aperto

426 3445 750 3513 ctelo,inter
779 3449 1027 3506 fulmina
1054 3450 1115 3506 in
1128 3453 1334 3510 ﬂuctus
1365 3471 1501 3511 cum
1523 3456 1758 3530 fragore
1789 3462 2039 3530 ruentia,

426 3532 529 3589 visi
549 3539 684 3592 sunt
713 3537 1075 3596 descendisse
1103 3540 1210 3596 viri
1238 3542 1446 3599 decore
1477 3545 1728 3602 nitentes
1767 3550 2042 3608 mirabili.

427 3621 742 3696 Requirere
756 3625 902 3699 coepi
931 3627 1004 3682 ab
1035 3627 1116 3684 eis
1161 3629 1258 3702 qui
1289 3635 1500 3687 essent.
1531 3633 1639 3698 Qui
1663 3635 1931 3692 dixerunt
1981 3655 2041 3695 se

425 3725 549 3766 esse
570 3711 699 3769 illos
727 3729 871 3786 quos
913 3717 1273 3788 Dagobertus
1302 3719 1377 3775 ad
1399 3737 1567 3776 suum
1614 3729 1916 3781 vocaverat
1939 3743 2040 3783 au-

424 3798 646 3870 xilium,
675 3801 1012 3875 Dionysium
1025 3807 1290 3862 videlicet
1305 3823 1372 3862 ac
1385 3809 1558 3864 Mauri
1565 3809 1710 3866 tium
1735 3817 2038 3886 martyres,

426 3902 654 3944 necnon
674 3889 986 3946 Martinam
1005 3892 1418 3950 confessorem.
1445 3895 1511 3950 Hi
1536 3902 1797 3970 ereptam
1817 3901 2042 3958 daemo-

426 3973 597 4030 nibus
621 3975 882 4032 animam
924 3993 1123 4034 secum
1163 3981 1236 4036 ad
1287 3983 1506 4039 aethera
1546 3985 1898 4056 levaverunt,
1945 4007 2038 4046 ca-

428 4065 633 4118 nentes
661 4063 816 4118 hunc
843 4067 1173 4136 psalmum:
1210 4067 1413 4126 Beatus
1441 4089 1598 4144 quem
1635 4076 1838 4145 elegisti
1875 4085 1924 4132 et
1960 4097 2042 4134 as-

424 4151 728 4239 sumpsisti,
770 4151 1039 4218 Domine;
1068 4156 1338 4214 habitavit
1385 4162 1443 4214 in
1498 4165 1652 4218 atriis
1706 4167 1812 4220 tuis
1863 4166 2039 4239 (Psal.

427 4242 598 4302 exin).
633 4258 663 4287 »
691 4238 820 4293 Haec
846 4239 934 4294 vir
963 4239 1058 4298 ille
1085 4245 1429 4302 venerabilis
1452 4250 1700 4307 Joannes
1749 4254 2038 4313 Ansoaldo

426 4322 623 4378 retulit
645 4341 705 4380 se
732 4324 1104 4392 vidisse.Quse
1133 4330 1249 4400 ille,
1277 4332 1337 4388 in
1367 4335 1573 4392 Gallias
1598 4355 1879 4410 reversus,
1909 4359 2038 4399 san-

426 4412 520 4465 cto
551 4412 832 4470 Audoeno
865 4417 1139 4486 narravit,
1167 4421 1266 4492 qui
1315 4439 1387 4478 ea
1437 4425 1496 4479 in
1541 4443 1660 4482 una
1713 4432 2039 4504 conscripta

427 4499 689 4593 chartula
701 4502 1264 4579 posterisreliquitin
1301 4513 1570 4570 ordinem
1597 4516 1852 4574 historia:
1880 4499 2038 4593 dige-
2057 4503 2110 4562 D

425 4588 718 4644 renda.Ex
745 4607 861 4663 qua
889 4607 953 4647 re
983 4593 1152 4650 datur
1175 4596 1424 4672 intetligi
1453 4603 1610 4658 nullo
1651 4606 1827 4662 modo
1858 4588 2034 4664 asan-

425 4675 530 4732 ctis
558 4680 830 4734 ornatum
854 4683 1174 4752 contemni,
1203 4702 1377 4758 quem
1408 4689 1480 4744 ad
1495 4707 1698 4748 eorum
1721 4698 2037 4754 memorias

424 4763 616 4822 devoti
645 4767 955 4826 conferunt
966 4769 1090 4828 viri.
1107 4772 1449 4847 Quanquam
1465 4779 1622 4835 enim
1643 4786 2032 4853 quorumdam

421 4853 934 4926 calumniatorum,
964 4863 1022 4915 et
1037 4865 1244 4918 cuncta
1257 4863 1527 4921 devotare
1539 4869 1894 4942 cupientium
1909 4874 2030 4932 haec

419 4958 528 4998 vox
573 4943 647 5000 sit
678 4961 691 5000 :
717 4968 744 4996 «
771 4945 882 5017 Nil,
913 4947 1095 5018 aiunt,
1126 4949 1245 5006 Deo
1275 4953 1362 5008 vel
1395 4955 1605 5010 sanctis
1635 4957 1758 5028 ejus
1785 4969 2028 5030 prosunt

419 5033 772 5118 aurum,sive
785 5040 1096 5107 argentum
1126 5039 1286 5110 ligno
1319 5042 1695 5113 afﬁxum,seu
1725 5047 2041 5118 parietibus

419 5117 814 5190 dependentia
869 5125 1076 5197 pallia;
1111 5145 1230 5184 non
1261 5133 1460 5186 tamen
1483 5131 1605 5187 sine
1626 5117 1795 5191 causa
1819 5138 2036 5198 ultione

415 5209 604 5298 puniti
657 5215 794 5266 sunt
849 5213 1062 5284 divina,
1100 5219 1186 5272 vel
1230 5219 1527 5276 Balthasar
1555 5239 1686 5278 vasa
1714 5225 1784 5280 de
1813 5228 2032 5298 templo

418 5295 649 5353 Domini
677 5305 845 5372 rapta
864 5302 922 5358 in
945 5306 1140 5377 turpes
1165 5313 1506 5364 convertens
1535 5329 1684 5380 usus,
1720 5315 1804 5368 vel
1841 5295 2032 5374 Helio-

416 5381 590 5439 dorus
630 5389 900 5444 mrarium
958 5393 1060 5448 Dei
1118 5395 1368 5467 diripere
1422 5403 1684 5455 conatus.
1714 5404 2029 5461 Antiochus

416 5475 808 5562 quoque,quia
837 5477 1366 5554 liierosolymitauaa
1383 5487 1537 5542 urbis
1553 5491 1839 5562 templum
1863 5493 2028 5554 Altis.

413 5561 560 5618 simo
580 5577 992 5654 consecratum
1019 5580 1374 5649 exspoliavit,
1397 5587 1770 5654 postmodum
1799 5593 2024 5646 scatens

2141 3245 2580 3302 condemnaret.
2605 3249 2729 3318 Ipse
2747 3251 2940 3303 autem
2963 3265 3093 3304 cum
3114 3250 3308 3322 quiete
3329 3267 3514 3324 regno
3544 3255 3745 3324 potitus

2142 3332 2360 3400 fuisset,
2391 3333 2575 3389 filium
2624 3335 2978 3391 Bisicindum
3036 3337 3229 3392 vivens
3255 3355 3459 3410 regem
3486 3340 3741 3398 instituit.

2143 3421 2241 3476 Hic
2289 3422 2359 3476 de
2404 3423 2572 3478 malis
2623 3440 2754 3496 quae
2799 3427 3054 3496 gesserat
3105 3426 3513 3499 paenitentiam
3583 3446 3742 3503 agens

2143 3510 2653 3583 eleemosynasque
2713 3514 2922 3568 multas
2977 3513 3214 3583 faciens,
3261 3517 3648 3588 nonagesimo
3673 3519 3747 3590 (ut

2141 3596 2344 3668 fertur)
2384 3598 2512 3654 vitae
2542 3615 2697 3655 anno
2729 3599 2886 3656 diem
2917 3602 3140 3658 clausit.

2790 3689 3022 3746 CAPUT
3049 3690 3264 3746 XXXVI.

2139 3755 2224 3812 De
2248 3757 2481 3814 thesauri
2506 3760 2640 3828 regii
2663 3759 3283 3887 diviitmtzejttconsiliis
3309 3763 3543 3837 Pippini
3607 3767 3744 3838 Sige-

2813 3849 2871 3886 er
2893 3848 2925 3886 o
2989 3851 3022 3887 a
3050 3849 3114 3888 is.

2214 3915 2500 3980 Quoniam
2532 3919 2768 3990 quidem
2795 3919 3052 3992 superius
3081 3921 3615 3981 demonstravimus
3644 3942 3741 3999 quo

2141 4004 2344 4060 ordine
2369 4005 2500 4061 vitae
2513 4011 2798 4078 superstes
2829 4009 3186 4081 Dagobertus
3210 4009 3604 4070 interliberos
3629 4030 3742 4070 suos

2140 4109 2387 4162 regnum
2407 4093 2679 4162 diviserit,
2700 4095 3274 4167 nuncintimandum,
3289 4116 3406 4172 quo
3431 4107 3602 4172 pacto
3631 4102 3742 4174 post

2137 4179 2286 4234 illius
2316 4183 2782 4238 excessuminter
2800 4183 2955 4255 ipsos
2970 4185 3096 4256 ejus
3109 4185 3224 4240 sint
3252 4189 3454 4257 partiti
3485 4189 3739 4246 thesauri.

2140 4267 2320 4338 Igitur
2338 4269 2632 4342 Pippinus,
2647 4271 2743 4342 qui
2774 4273 2878 4328 sub
2893 4274 3218 4343 Dagoberto
3233 4275 3459 4330 assidue
3491 4294 3623 4332 cum
3654 4277 3740 4332 ali-

2140 4356 2344 4428 quibus
2369 4373 2435 4412 ex
2484 4359 2713 4414 Austris
2741 4360 3092 4432 primoribus
3121 4362 3406 4433 palatium
3435 4365 3738 4422 incoluerat

2139 4460 2208 4500 eo
2233 4445 2484 4500 obeunte
2527 4448 2600 4502 ad
2628 4447 3000 4519 Sigebertum
3027 4465 3087 4504 se
3131 4450 3377 4518 confert,
3431 4453 3738 4526 junctaque

2139 4549 2270 4588 cum
2301 4533 2652 4589 Chuniberto
2685 4536 2956 4606 pontifice
2985 4539 3068 4600 (ut
3092 4537 3346 4610 pridem)
3361 4541 3734 4597 amicitiarum

2135 4619 2373 4688 findere,
2407 4621 2570 4676 utilia
2599 4638 2729 4677 cum
2747 4639 2817 4678 eo
2837 4624 3003 4696 regni
3029 4629 3358 4681 memorato
3384 4629 3736 4684 ministrabat

2135 4708 2390 4764 consilia.
2427 4709 2504 4764 Ex
2535 4727 2786 4782 quorum
2812 4712 3102 4768 sententia
3141 4713 3485 4786 Sigebertus
3512 4719 3587 4773 ad
3631 4717 3734 4772 Clo-

2133 4797 2381 4852 doveum
2406 4797 2602 4870 dirigit
2616 4799 2981 4872 fratrem,qui
3007 4800 3265 4856 debitam
3287 4803 3396 4858 sibi
3417 4806 3729 4878 portionem

2138 4900 2205 4940 ex
2237 4885 2491 4957 paternis
2520 4892 2782 4958 posceret
2811 4888 3108 4944 thesauris.
3136 4889 3222 4944 Ad
3241 4907 3422 4963 quam
3441 4893 3730 4948 redhiben-

2141 4973 2276 5028 dam
2312 4977 2498 5028 certus
2527 4990 2658 5029 cum
2681 4977 2806 5032 loco
2835 4977 3171 5048 designatur
3201 4980 3507 5036 terminus.
3528 4981 3728 5036 Statuta

2140 5077 2278 5133 ergo
2310 5061 2424 5129 die,
2446 5063 2829 5120 Chunibertus
2848 5080 2981 5120 cum
3000 5065 3244 5138 Pippino
3267 5083 3452 5139 usque
3470 5069 3726 5141 Compen-

2139 5151 2298 5206 dium
2327 5151 2521 5206 villam
2548 5153 2774 5224 regiam
2833 5153 3082 5210 accessit.
3148 5154 3369 5228 Ibique,
3401 5161 3725 5228 procurante

2137 5240 2254 5312 Ega
2299 5239 2565 5296 Clodovei
2588 5241 2740 5312 regis
2795 5242 3071 5310 palatium
3120 5243 3514 5314 gubernante,
3558 5246 3724 5302 omnis

2133 5327 2399 5382 thesauro
2409 5344 2534 5382 rum
2558 5329 2868 5400 Dagoberti
2898 5331 3172 5402 supellex,
3191 5330 3248 5384 in
3265 5332 3564 5402 speciebus
3580 5332 3723 5388 variis

2129 5415 2578 5488 muneribusque
2605 5421 2777 5472 antea
2805 5416 3016 5472 abditis
3043 5419 3289 5489 prolata,
3315 5436 3381 5474 ac
3429 5421 3581 5476 inter
3630 5421 3720 5475 fra-

2127 5509 2243 5559 tres
2273 5521 2437 5576 sequa
2468 5508 2552 5559 est
2577 5507 2740 5560 lance
2783 5505 2981 5572 divisa,
3006 5505 3178 5562 tertia
3209 5512 3374 5578 parte
3429 5512 3640 5577 tamen,
3663 5525 3717 5564 ex

2127 5593 2394 5648 omnibus
2425 5609 2552 5664 quae
2608 5595 2966 5666 Dagobcrtus
3005 5594 3373 5667 acquisicrat,
3427 5601 3708 5670 postquam

409 5651 1075 5730 verinibusexspiravit.»
1089 5665 1448 5738 Dagobertus
1460 5688 1594 5728 vero
1613 5679 2022 5750 cosspecialius
2121 5681 2450 5737 Naiilildem
2473 5682 2577 5738 sibi
2611 5681 3066 5756 sociaverat,ipsi
3097 5681 3318 5756 regina:
3347 5689 3584 5743 servata.
3615 5687 3708 5742 Par
