3882 6212
397 450 506 514 795
1474 448 1740 511 AIMOINI
1788 447 2100 510 MONACHI
2133 445 2631 511 FLORIACENSIS
3603 455 3712 511 796

399 576 520 635 rius
544 589 773 652 quoque
829 574 1087 650 partium
1137 573 1410 652 Elaucati,
1458 575 1598 630 dum
1651 575 2003 630 adversarios
2026 579 2078 636 Α
2103 576 2421 648 adimplere
2453 575 2636 631 factis.
2686 573 3076 631 lntentionem
3106 572 3282 647 igitur
3311 571 3493 628 nostri
3525 574 3719 630 cordis

400 644 778 723 vehementer
809 644 996 738 urget,
1026 644 1274 720 obviavit
1302 664 1615 736 quemdam
1633 664 2001 718 Madalulfum
2103 683 2222 733 vos,
2258 644 2599 732 sacerdotes,
2631 665 2726 736 qui
2761 665 2838 720 dii
2884 664 3070 719 vocati
3125 644 3258 718 estis
3290 667 3348 717 et
3377 664 3478 718 filii
3512 664 3721 718 excelsi

400 753 877 826 Burgundionem
908 752 1048 808 olim
1078 752 1184 806 sibi
1209 751 1599 806 familiaritate
1614 750 2000 804 notissimum.
2109 772 2313 810 omnes
2345 756 2510 821 (Psal.
2544 755 2720 817 LXXXI)
2753 753 3034 822 attendite
3059 756 3115 806 et
3131 752 3720 818 audite,etauditam,

404 842 512 908 Qui
533 841 854 898 Bertarium
877 858 998 896 sese
1025 837 1759 910 vocantem,sibique,quod
1773 839 1814 892 si
1844 837 1917 892 ad
1947 854 2006 892 se
2106 843 2150 896 si
2181 843 2654 915 approbaveritis,
2685 859 2800 896 una
2834 841 3135 897 nobiscum
3166 841 3239 895 ad
3270 841 3598 911 perfectum
3629 839 3729 894 ad-

401 931 646 998 veniret,
678 947 812 986 eum
844 931 1062 984 salvum
1095 928 1412 984 certamine
1430 927 1700 982 liberaret
1723 925 2002 997 pollicen-
2108 931 2316 985 ducere
2344 931 2658 986 elaborate.
2684 929 2871 985 Nostri
2901 929 3096 1002 itaque
3125 929 3351 984 devotio
3386 928 3512 982 haec
3540 931 3729 982 exstat

402 1023 547 1089 tem,
581 1023 638 1076 et
664 1019 739 1076 ad
769 1035 904 1074 eum
926 1017 1351 1091 protegendum
1383 1017 1648 1088 clypeum
1665 1015 2004 1080 elevantem,
2107 1018 2816 1088 animi,utmonasterium
2833 1017 3061 1090 patroni
3078 1016 3258 1071 nostri
3277 1015 3728 1086 dominiDiony-

401 1107 666 1181 ingratus
691 1106 956 1163 beneﬁcii
984 1110 1156 1162 conto
1187 1104 1468 1178 percussit
1493 1103 1552 1157 in
1574 1101 2008 1174 pectore-Cujus
2109 1108 2194 1175 sii,
2228 1107 2285 1162 in
2318 1125 2430 1181 quo
2457 1107 2575 1178 ipse
2604 1124 2737 1162 cum
2765 1103 3732 1162 consortibustestimoniiveritatis

402 1198 554 1254 ῧιίιιε
576 1195 1023 1269 Αυδθάονρδῖΐίε
1037 1195 1249 1250 enim”
1287 1193 1643 1266 ΡθῖίουῙοναά
1657 1207 2011 1250 eumeum!"
2107 1197 2415 1269 requiescit
2436 1198 2728 1262 humatus,
2761 1200 2820 1250 et
2846 1194 2954 1268 piae,
2979 1193 3281 1249 memoriae
3303 1194 3600 1265 genitores
3622 1209 3731 1248 no-

403 1286 926 1358 rit,adversumque
945 1283 1230 1340 Madalulfi
1263 1286 1460 1355 pectus
1499 1283 1698 1336 lancea
1722 1283 2013 1334 transver-
2109 1287 2232 1353 sui,
2265 1287 2514 1341 domnus
2541 1285 2809 1340 videlicet
2839 1284 3218 1355 Dagobertus,
3242 1299 3306 1337 ac
3329 1283 3551 1338 domna
3577 1283 3730 1337 Nan-

400 1373 644 1442 beravit,
675 1377 734 1428 et
789 1376 1023 1428 cunctos
1052 1371 1150 1445 qui
1186 1387 1354 1426 suum
1384 1369 1751 1442 appetierent
1781 1370 2008 1438 patrem
2108 1374 2286 1441 tildis,
2314 1391 2372 1428 se
2401 1373 2642 1444 sepelire
2670 1373 3118 1438 mandaverunt,
3143 1371 3215 1426 ab
3247 1370 3407 1426 omni
3434 1371 3730 1425 solvamus

406 1465 507 1518 aut
535 1460 832 1536 percussit,
885 1459 1062 1516 autin
1102 1459 1302 1530 fugam
1333 1458 1468 1529 egit.
1525 1457 1728 1527 Sicque
1781 1455 2012 1526 genito-

2161 1463 2372 1518 ominio
2403 1461 2759 1516 mortalium.
2789 1460 3084 1524 Quatenus
3125 1459 3275 1514 abba
3303 1459 3388 1512 vel
3421 1459 3634 1513 fratres
3661 1475 3730 1514 eo

408 1567 536 1607 rem
563 1566 753 1620 suum,
811 1548 945 1604 licet
974 1546 1226 1620 graviter
1247 1547 1633 1611 vulneratum,
1683 1543 1800 1598 nati
1828 1543 2013 1613 pietas
2111 1551 2237 1606 ιοοο
2267 1552 2726 1613 ροηιιηειηθῃιθε,
2764 1548 3152 1620 possessiones
3182 1565 3216 1602 ε,
3255 1548 3596 1618 parentibus
3625 1564 3733 1602 n0.

408 1639 734 1706 custodivit,
758 1655 830 1693 ne
851 1637 1263 1692 imminentem
1297 1634 1652 1705 experiretur
1667 1630 2014 1686 mortem.Hi

2161 1639 2244 1694 .ris
2264 1639 2380 1694 sive
2398 1639 2469 1694 ab
2491 1638 2616 1692 aliis
2642 1637 2906 1692 fidelibus
2950 1635 3289 1692 Christianis
3334 1635 3438 1690 sibi
3463 1635 3730 1704 traditas,

407 1744 542 1783 vero
570 1725 668 1799 qui
725 1727 1032 1780 noluerant
1059 1724 1210 1778 bello
1242 1723 1538 1787 interesse,
1599 1719 2016 1790 conspicientes
2116 1729 2328 1800 absque
2353 1725 2518 1781 ullius
2548 1725 2904 1780 dominantis
2923 1723 3320 1796 inquietudine
3345 1723 3730 1794 possidentes,

411 1814 882 1885 Flaucatumjam
906 1813 1142 1884 iamque
1171 1809 1531 1882 superiorem
1563 1807 1837 1863 conﬂict-ll
1871 1807 2014 1873 Τοΐθ,
2042 1862 2088 1890 D
2116 1833 2222 1890 pro
2237 1817 2418 1870 salute
2441 1818 2636 1869 nostra
2652 1830 2718 1868 ac
2739 1817 2892 1868 statu
2913 1812 3076 1884 regni
3092 1812 3272 1868 nostri
3295 1810 3529 1866 liberius
3541 1811 3732 1866 Deum

410 1901 661 1958 tentoria
708 1899 990 1956 Willibadi
1015 1902 1073 1953 et
1111 1897 1399 1953 sociorum
1431 1895 1555 1966 ejus
1613 1895 2014 1966 pervadentes,

2161 1904 2522 1976 eprecentur.
2542 1901 2678 1956 Huic
2689 1904 2885 1955 autem
2902 1901 3111 1954 nostra:
3125 1897 3481 1970 suggestioni
3494 1913 3738 1952 consen-

412 1989 692 2063 quidquid
721 1986 1084 2061 supellectilis
1116 1985 1175 2040 in
1208 1985 1288 2040 eis
1317 2000 1586 2055 reperere
1637 1983 2018 2038 abstulerunt.

411 2080 600 2152 Equos
627 2091 856 2150 quoque
885 2076 1324 2146 peremptorem
1357 2089 1460 2144 per
1493 2071 1714 2126 diversa
1749 2073 2026 2142 vagantes

411 2168 748 2239 abegerunt,
798 2165 1034 2220 Postero
1084 2161 1176 2218 die
1261 2162 1558 2216 Flaucatus
1608 2158 2024 2231 Augustoduno

409 2273 669 2326 egressus
691 2252 1002 2310 Cabillonis
1021 2252 1196 2318 venit,
1226 2249 1624 2322 sequentique,
1658 2265 1772 2321 quo
1812 2247 2016 2302 urbem

413 2344 706 2416 ingressus
733 2344 820 2397 est
849 2341 961 2406 die,
989 2339 1194 2394 eadem
1217 2339 1412 2392 civitas
1439 2335 1674 2392 fortuito
1707 2336 2028 2407 conﬂagra-

419 2431 499 2488 vit
519 2429 1112 2487 incendio.Flaucatus
1141 2427 1304 2481 febre
1335 2423 1651 2492 vexatus,in
1677 2424 1889 2496 scapha
1927 2439 2031 2494 per

419 2518 651 2575 Ararim
683 2517 757 2572 ad
776 2514 1020 2570 Diviona
1045 2516 1296 2568 castrum
1314 2512 1602 2578 devectus,
1635 2511 1712 2566 ibi
1745 2511 2034 2566 exhalavit

419 2606 709 2678 spiritum,
742 2607 800 2659 et
819 2603 879 2658 in
907 2601 1138 2658 basilica
1160 2599 1353 2656 Sancti
1375 2599 1618 2670 Benigni
1645 2600 1730 2653 est
1757 2599 2028 2670 sepultus.

427 2691 727 2748 Creditum
757 2693 843 2746 est
868 2708 902 2746 a
927 2689 1189 2763 plurimis
1221 2689 1326 2742 hos
1357 2687 1499 2742 duos
1523 2686 2033 2754 viros,Flaucatum

423 2779 688 2836 videlicet
714 2781 773 2834 et
793 2777 1180 2844 Willibadum,
1215 2775 1422 2848 dignas
1435 2774 1774 2830 meritorum
1795 2791 2032 2830 suorum

423 2867 594 2924 luisse
608 2883 901 2939 poenas,eo
925 2865 1082 2939 quod
1105 2863 1298 2920 multis
1319 2862 1528 2918 irretiti
1557 2865 1748 2918 essent
1764 2863 2034 2935 perjuriis

425 2973 575 3029 quae,
597 2955 746 3012 datis
763 2953 836 3010 ad
855 2953 1102 3009 invicem
1135 2969 1236 3026 per
1286 2952 1412 3008 loca
1474 2954 1806 3006 sanctorum
1845 2967 2031 3007 sacra-

424 3043 656 3112 mentis,
683 3041 1116 3099 commiserant.

428 3201 514 3258 De
535 3199 789 3274 Clodovei
829 3203 897 3274 in
920 3217 1179 3274 pauperes
1224 3200 1528 3274 erogatione
1557 3199 1812 3274 concione
1827 3204 1878 3274 et
1915 3203 2045 3274 tem-

492 3273 581 3344 pli
603 3289 667 3327 ac
693 3269 1276 3344 cznobii'Diong/siani
1297 3271 1364 3324 ab
1393 3269 1676 3344 episcopali
1725 3269 2045 3340 subjectione

497 3342 822 3414 ἐτετηριὶοΜ
848 3360 861 3398 :
890 3349 941 3398 et
968 3343 1033 3414 de
1091 3344 1223 3396 viris
1248 3343 1445 3396 sanctis
1474 3343 1573 3412 qui
1627 3342 1924 3396 intererant
1979 3355 2046 3395 ac

497 3416 610 3487 piis
637 3413 820 3471 eorum
864 3413 1125 3486 operibus.

505 3504 675 3558 Anno
701 3519 794 3558 xiv
820 3501 1066 3573 suscepti
1116 3498 1437 3571 regiminis,
1470 3497 1787 3554 Clodoveus
1829 3513 1926 3552 rex
1957 3513 2048 3552 ar-

439 3592 702 3662 gentum,
735 3607 850 3663 quo
872 3589 1103 3664 genitor
1127 3605 1259 3644 suus
1287 3587 1550 3643 absidem
1575 3602 1748 3658 super
1788 3585 2050 3656 sepulcra

438 3681 762 3752 martyrum
783 3677 1062 3750 Dionysii,
1081 3676 1292 3732 Rustici
1305 3692 1372 3730 ac
1392 3673 1700 3730 Eleutherii
1715 3673 2053 3746 prominen-

441 3771 561 3823 tem
593 3770 926 3840 operuerat,
960 3764 1185 3820 auferri
1235 3761 1534 3818 mandavit
1564 3765 1622 3816 et
1661 3761 1891 3833 Aigulfo
1947 3759 2058 3816 loci

441 3854 592 3911 illius
621 3854 816 3911 abbati
841 3853 1094 3919 tradi,ut
1124 3851 1244 3924 ipse
1275 3849 1413 3904 illud
1437 3848 1635 3920 egenis
1664 3851 1723 3902 et
1751 3849 2059 3904 necessita-

441 3947 562 4000 tem
583 3942 933 4016 patientibus
955 3939 1113 4011 (quia
1129 3939 1313 3993 fames
1327 3953 1396 3992 eo
1427 3940 1688 4008 tempore
1706 3939 1888 3991 totam
1908 3952 2058 4007 pene

443 4033 824 4103 occupaverat
866 4026 1190 4097 Franciam)
1219 4026 1605 4098 dispensaret.
1645 4025 1715 4078 Et
1743 4023 1880 4096 quia
1903 4025 2060 4080 idem

440 4121 598 4176 locus
629 4117 734 4172 sub
765 4118 1054 4188 potestate
1083 4114 1271 4168 adhuc
1291 4111 1635 4168 constitutus
1649 4116 1776 4168 erat
1789 4112 2061 4168 Parisiaci

437 4203 748 4278 pontificis,
775 4203 890 4259 tale
923 4201 1065 4275 quid
1082 4201 1238 4257 idem
1268 4203 1384 4256 Deo
1417 4200 1684 4256 amabilis
1717 4200 2063 4274 excogitavit

441 4293 732 4366 princeps.

512 4383 682 4438 Anno
709 4379 869 4436 enim
891 4397 982 4436 xvr
1000 4396 1068 4436 ex
1099 4396 1214 4453 quo
1237 4383 1464 4452 sceptra
1479 4382 1810 4451 susceperat
1821 4380 2060 4452 regalia,

443 4471 745 4545 pontifices
760 4473 819 4526 et
832 4469 1009 4526 totius
1031 4468 1221 4542 gentis
1237 4468 1530 4541 principes
1542 4467 1836 4541 Clippacio
1857 4483 2065 4522 conve-

442 4560 569 4616 nire
590 4557 1173 4630 jubens,mediusque
1201 4557 1354 4614 inter
1383 4573 1483 4613 eos
1507 4556 1650 4612 solio
1667 4556 2060 4625 residens,hoc

442 4647 648 4706 habuit
665 4645 950 4704 sermonis
975 4647 1306 4704 exordium:
1334 4668 1362 4698 «
1395 4643 2060 4717 Quanquam,inquiens,

445 4735 818 4810 Francigenae
849 4735 1021 4804 cives,
1041 4735 1257 4792 terreni
1287 4751 1396 4790 nos
1425 4750 1563 4789 cura
1578 4732 1935 4806 principatus
1967 4732 2066 4788 ad-

445 4825 1010 4898 monuerit,publicis
1030 4843 1130 4881 vos
1156 4823 1516 4880 consultores
1543 4821 1719 4877 rebus
1744 4821 2061 4890 advocare;

444 4921 643 4973 tamen
677 4915 832 4987 prius
875 4913 1043 4970 nobis
1071 4912 1346 4969 convenit
1371 4927 1442 4966 ea
1472 4926 1600 4982 quas
1624 4909 1726 4965 Dei
1753 4913 1813 4965 et
1835 4912 2062 4964 sancto-

441 5021 576 5062 rum
605 5005 730 5076 ejus
754 5007 890 5060 sunt
937 5002 1268 5076 disponere,
1301 5002 1364 5055 ut
1422 4998 1793 5072 postmodum
1835 5013 1906 5053 ea
1934 5013 2064 5069 quae

443 5097 644 5150 nostra
666 5091 998 5160 sunt,dante
1018 5092 1235 5148 Deo.ex
1256 5087 1543 5144 sententia
1559 5085 1891 5142 cedant.Ille
1905 5085 2064 5140 enim

443 5181 543 5255 qui
566 5196 672 5254 per
701 5179 1083 5252 semetipsum
1109 5175 1373 5251 polliceri
1407 5175 1680 5247 dignatus
1709 5173 2018 5242 est,dicens
2048 5189 2062 5228 :

2123 1993 2194 2048 tit
2221 1989 2561 2045 venerabilis
2586 1987 2938 2043 Landericus
2982 1986 3281 2042 Parisiaca:
3306 1985 3463 2040 urbis
3493 1985 3734 2056 praesul:

2125 2080 2187 2135 in
2219 2079 2378 2150 cujus
2411 2076 2636 2133 dioecesi
2687 2075 3017 2131 coenobium
3047 2073 3186 2130 illud
3216 2073 3390 2128 situm
3421 2076 3527 2134 est,
3554 2075 3617 2126 et
3645 2071 3738 2126 cui

2124 2184 2303 2239 usque
2333 2166 2406 2220 ad
2457 2180 2710 2236 praesens
2764 2168 2994 2236 tempus
3049 2162 3370 2233 subjectum
3419 2159 3546 2214 fuit.
3580 2160 3743 2214 Hanc

2127 2272 2267 2327 ergo
2317 2255 2643 2309 libertatem
2697 2253 2844 2308 servi
2899 2252 2998 2308 Dei
3057 2250 3201 2306 inibi
3255 2248 3551 2306 constituti
3603 2249 3743 2304 dum

2129 2344 2343 2399 fuerint
2367 2342 2582 2414 adepti,
2615 2341 2940 2413 nulliusque
2957 2342 3167 2411 printer
3190 2339 3288 2394 Dei
3311 2353 3378 2392 ac
3407 2341 3743 2392 sanctorum

2130 2433 2272 2503 ejus,
2301 2436 2700 2502 nostrumque,
2731 2429 2828 2501 qui
2857 2429 3032 2484 etiam
3059 2431 3181 2482 tota
3194 2426 3354 2481 natio
3386 2427 3744 2480 Francorum

2131 2523 2316 2592 paret,
2349 2518 2566 2573 fuerint
2591 2517 2838 2590 perpessi
2860 2515 3252 2580 dominatum,
3271 2513 3454 2569 sciant
3471 2530 3531 2568 se
3549 2513 3746 2570 debito

2132 2609 2231 2662 tali
2262 2606 2626 2680 genitoribus
2653 2605 2862 2660 nostris
2901 2607 2960 2658 et
2987 2603 3152 2658 nobis
3194 2602 3388 2674 eisque
3420 2601 3520 2674 qui
3548 2604 3747 2657 nostro

2133 2695 2222 2769 (ut
2249 2695 2565 2767 speramus)
2591 2710 2693 2766 per
2723 2693 2823 2748 Dei
2854 2691 3105 2764 gratiam
3137 2691 3401 2746 orientur
3427 2707 3497 2744 ex
3522 2689 3749 2745 semine

2133 2785 2258 2839 fore
2283 2783 2578 2850 obnoxios,
2595 2787 2657 2836 ut
2674 2798 2776 2854 pro
2802 2783 2998 2836 nostra
3013 2794 3332 2850 eorumque
3350 2794 3498 2849 quos
3521 2794 3750 2832 memo-

2135 2873 2388 2929 ravimus
2431 2870 2700 2942 praesenti
2749 2885 2814 2924 ac
2859 2868 3052 2923 futura
3102 2867 3300 2940 requie
3332 2882 3450 2922 non
3482 2865 3753 2921 desinant

2137 2963 2320 3016 Deum
2352 2975 2606 3014 exorare.
2626 2981 2653 3007 ››
2674 2959 2800 3012 Haec
2813 2973 3015 3027 regem
3038 2971 3142 3028 pro
3167 2954 3443 3010 concione
3465 2954 3748 3019 locutum,

2140 3047 2626 3105 circumsistentes
2638 3049 2942 3120 postquam
2960 3045 3182 3100 intente
3200 3043 3751 3110 auscultaverunt,in

2063 3168 2112 3230 Ο
2142 3137 2408 3195 laudibus
2438 3137 2560 3207 ejus
2592 3137 3038 3208 proclamantes,
3089 3147 3361 3188 mansura
3391 3130 3444 3185 ei
3481 3134 3752 3202 optavere

2145 3225 2374 3298 gaudia.
2421 3224 2558 3280 Huic
2606 3221 2912 3278 conventui
2966 3221 3282 3276 interfuere
3333 3235 3518 3292 prope
3556 3235 3756 3274 omnes

2145 3313 2420 3371 Gallicani
2447 3312 2728 3384 episcopi:
2762 3312 2915 3365 inter
2944 3327 3087 3382 quos
3116 3308 3353 3381 quidam
3379 3308 3568 3367 sancti
3599 3307 3758 3362 exsti-

2147 3406 2345 3461 terunt
2374 3400 2503 3470 viri,
2527 3417 2670 3472 quos
2687 3403 2886 3454 sancta
2906 3397 3154 3452 Ecclesia
3174 3396 3365 3469 dignis
3388 3396 3559 3450 effert
3584 3395 3760 3450 hono—

2149 3491 2330 3558 ribus,
2363 3507 2423 3545 es
2449 3489 2605 3560 quod
2631 3488 2704 3542 ad
2760 3503 2965 3542 eorum
3021 3485 3323 3556 sepulchra
3379 3483 3554 3538 variis
3583 3483 3759 3538 vexati

2153 3582 2428 3634 sanentur
2455 3575 2906 3632 infirmitatibus.
2939 3575 3000 3629 1d
3028 3577 3113 3628 est
3142 3574 3342 3628 beatus
3370 3572 3760 3639 Audocnus,et

2156 3671 2385 3722 sanctus
2415 3664 2572 3720 Rado
2602 3664 2782 3718 frater
2806 3663 3002 3734 ipsius,
3033 3665 3207 3733 atque
3259 3661 3514 3716 domnus
3561 3660 3760 3731 Eligius

2157 3771 2289 3811 cum
2316 3755 2486 3809 beato
2519 3750 2786 3822 Sulpitio,
2818 3767 2923 3806 nee
2949 3767 3066 3805 non
3117 3751 3316 3804 sancto
3372 3749 3678 3804 Eucherio.
3723 3748 3760 3800 E

2159 3843 2366 3916 quibus
2393 3842 2594 3896 beatus
2617 3839 2928 3894 Audoenus
2973 3837 3094 3909 (qui
3147 3841 3204 3892 et
3236 3837 3398 3891 Dado
3454 3836 3640 3892 dictus
3669 3836 3760 3902 est)

2157 3931 2582 3988 referendarius
2608 3931 2717 3984 fuit
2733 3929 2886 3998 regis
2909 3927 3237 3999 Dagoberti,
3259 3927 3526 3998 filiusque
3548 3927 3763 3998 prtech-

2159 4019 2462 4077 lentissimi
2484 4018 2586 4074 viri
2606 4018 2886 4073 Autharii.
2922 4017 3029 4082 Qui
3069 4015 3500 4071 referendarius
3531 4015 3662 4068 ideo
3689 4013 3763 4066 est

2161 4109 2347 4164 dictus
2368 4107 2524 4180 quod
2553 4108 2625 4162 ad
2657 4124 2791 4162 eum
2825 4105 3102 4161 universas
3129 4103 3370 4177 publicae
3403 4103 3762 4158 deferrentur

2161 4196 2636 4268 conscriptiones,
2659 4195 2894 4267 ipseque
2924 4211 3020 4249 eas
3039 4195 3254 4248 annulo
3275 4192 3429 4264 regis
3449 4191 3570 4246 sive
3591 4189 3761 4262 sigillo

2162 4286 2234 4341 ab
2261 4303 2328 4342 eo
2359 4284 2467 4340 sibi
2496 4283 2802 4340 commissa
2819 4281 3074 4338 muniret
3094 4297 3194 4336 seu
3215 4279 3500 4334 ﬁrmaret.
3534 4279 3637 4334 Cui
3655 4279 3761 4333 fue—

2161 4379 2300 4431 runt
2319 4375 2432 4430 duo
2461 4374 2687 4443 fratres,
2717 4373 2841 4427 Αᾱο
2882 4371 3094 4426 scilicet
3120 4373 3178 4424 et
3206 4369 3386 4424 Rado.
3419 4369 3550 4424 Ado
3583 4369 3759 4439 itaque

2161 4463 2367 4536 spretis
2379 4461 2746 4518 saecularibus
2758 4459 3006 4532 pompis,
3019 4457 3335 4514 construxit
3351 4456 3759 4512 monasterium

2161 4553 2224 4606 1n
2253 4552 2401 4606 saltu
2450 4548 2704 4605 lodrensi
2733 4565 2904 4620 super
2941 4547 3261 4603 Matronam
3318 4544 3588 4608 ﬂuvium,
3620 4540 3759 4616 quod

2164 4638 2488 4696 nominavit
2515 4637 2765 4692 lodrum:
2799 4637 2861 4692 in
2890 4652 3004 4708 quo
3035 4635 3157 4708 ipse
3183 4633 3286 4689 sub
3318 4634 3526 4704 regula
3550 4629 3758 4688 abbatis

2165 4727 2506 4786 Columbani
2539 4728 2655 4782 Deo
2689 4742 2866 4798 usque
2914 4725 2990 4779 ad
3032 4723 3186 4778 diem
3219 4721 3452 4778 servivit
3481 4723 3757 4777 ultimum.

2167 4818 2326 4874 Rado
2355 4832 2586 4888 quoque
2634 4815 2754 4870 zelo
2803 4813 3044 4868 fraterni
3083 4810 3256 4866 studii
3287 4809 3603 4876 animatus,
3633 4809 3755 4864 dum

2167 4904 2456 4963 thesauris
2513 4905 2788 4975 praeesset
2813 4901 3123 4974 regalibus,
3169 4903 3228 4955 et
3273 4899 3393 4970 ipse
3450 4899 3508 4954 in
3535 4901 3756 4971 paterna

2165 4993 2503 5052 haereditate
2523 4991 2827 5046 aedificavit
2854 4989 3204 5054 casnobium,
3233 4988 3390 5059 quod
3420 5003 3490 5042 ex
3539 4983 3753 5058 proprio

2167 5082 2405 5141 nomine
2430 5081 2651 5138 vocavit
2665 5079 2973 5134 Radotium.
3005 5079 3184 5134 Porro
3215 5077 3418 5132 beatus
3439 5077 3753 5138 Audoenus,

2169 5189 2242 5228 ne
2264 5172 2453 5244 impar
2472 5169 2530 5225 in
2554 5169 2724 5224 bonis
2748 5167 3018 5239 operibus
3039 5165 3328 5221 videretur
3347 5164 3464 5220 suis
3493 5181 3616 5220 esse
3655 5163 3754 5217 fra-

443 5233 696 5325 i’riinum
718 5233 940 5342 quaerite
971 5233 1198 5338 regnnm
1228 5265 1335 5320 Dei
1357 5270 1408 5318 et
1427 5233 1710 5336 jiistitiam
1737 5233 1873 5334 ejits,
1896 5263 2065 5316 ethsec
2086 5233 2140 5292 D
2166 5233 2368 5327 tribus;
2389 5259 2511 5332 ipse
2528 5256 2703 5312 etiam
2727 5233 3462 5312 fabricavitmonasterium
3477 5253 3628 5307 intra
3651 5247 3752 5305 Bri-

446 5360 627 5413 omnia
675 5357 1007 5428 adjiciantur
1089 5355 1234 5410 vobis
1293 5351 1517 5424 (Matth.
1572 5349 1674 5423 vn),
1738 5350 1902 5406 nobis
1949 5349 2064 5405 suis

446 5445 990 5517 obtemperantibus
1008 5441 1314 5516 praeceptis
1343 5457 1446 5497 sua
1464 5439 1727 5496 conferet
1755 5438 2058 5512 promissa.

2164 5364 2404 5421 gensem
2425 5347 2656 5414 saltum,
2685 5344 2842 5418 quod
2865 5341 3205 5398 Hierusalem
3225 5341 3298 5396 ab
3327 5358 3398 5397 eo
3431 5341 3662 5414 quidem
3683 5336 3752 5391 est

2164 5436 2565 5492 nominatum:
2600 5433 2700 5488 sed
2731 5448 2885 5488 nunc
2914 5448 2950 5486 a
2974 5429 3229 5497 ﬂuviolo,
3263 5446 3436 5500 super
3485 5444 3652 5502 quem
3682 5426 3750 5480 est

449 5529 1543 5604 Requiramusitaquequassintplacila
1560 5527 1843 5584 sanctisin
1878 5543 2059 5599 regno
2160 5525 2357 5591 situm,
2385 5522 2706 5577 Resbacense
2754 5520 2962 5574 dicitur
3009 5517 3358 5572 coenobium.
3416 5517 3528 5572 Hos
3569 5517 3750 5569 fratres

441 5603 570 5691 jani
601 5603 1050 5686 consistentibus
1067 5603 1498 5686 aeterniPatris,
1533 5621 1591 5672 et
1635 5621 1845 5671 cuncta
1891 5615 2062 5670 nobis
2161 5613 2235 5667 ad
2267 5615 2386 5666 tam
2404 5611 2682 5681 prmelara
2699 5603 3616 5674 exercitia,exemplosanctissimi
3638 5611 3749 5657 reor

451 5707 720 5766 evenient
767 5723 1044 5778 prospera
1108 5707 1168 5764 in
1243 5707 1412 5763 terris
1431 5705 1478 5762 si
1533 5721 1604 5763 ea
1672 5702 2062 5760 curaverimus
2167 5700 2441 5758 excitatos
2455 5715 2576 5754 esse
2597 5696 2780 5766 Eligii.
2797 5697 2894 5751 llle
2908 5693 3066 5750 enim
3091 5693 3528 5764 duminpelatio
3549 5695 3749 5765 gratam
