3882 6212
160 474 265 533 797
1282 463 1606 523 HISTORIA
1655 460 2106 523 FBANCORUM.
2153 464 2280 524 LIB.
2311 460 2399 524 IV.
3258 495 3281 510 ο
3397 469 3508 526 798

171 597 287 693 Deo
314 594 374 649 et
389 589 733 649 hominibus
760 591 959 663 ageret
985 588 1187 656 vitam,
1211 604 1245 643 a
1272 604 1411 660 rege
1442 585 1759 658 Dagobertc

1919 590 2012 655 Qui
2043 591 2255 664 optatis
2274 590 2508 666 potitus,
2528 601 2895 662 nequaquam
2912 583 3183 644 eumdem
3194 581 3389 643 locum
3412 586 3511 643 diu

174 683 415 756 petierat
444 681 769 737 condonari
798 680 902 735 sibi
931 679 1125 735 villam
1145 677 1200 731 in
1226 693 1376 749 pago
1410 672 1759 729 Lemovicint

206 774 234 783 ..
389 771 421 783 η
467 770 481 783 .
637 770 645 779 .
1109 766 1140 783 ..
1447 779 1543 783 -____
1587 763 1751 783 Δμ..

1919 697 2103 736 'acare
2130 685 2214 736 est
2243 697 2460 752 passus.
2492 679 2603 734 Sed
2638 678 2929 732 aedificetis
2976 677 3195 732 duabus
3240 674 3508 750 basilicis,

176 774 361 838 sitam,
388 770 821 825 Solemniacum
852 766 1327 839 cognomitatem.
1348 765 1408 817 In
1439 779 1553 834 qua
1582 763 1640 815 et
1660 776 1755 815 mo

1919 787 2019 826 ina
2048 771 2107 825 in
2133 771 2355 825 honore
2383 769 2777 841 apostolorum
2808 765 3079 838 principis
3110 764 3516 835 Petri,aliaquo

175 861 491 961 ηξὶεῑεξξὶιιηι
524 859 862 925 Consuluit,
894 861 951 911 et
982 854 1495 926 congregationem
1523 852 1640 907 Πθο
1672 865 1786 904 se!“
1890 859 1950 915 in
2009 861 2382 914 veneratione
2422 857 2714 929 genitricis
2762 855 2863 911 Dei
2884 854 3105 926 .Maria‘,
3164 869 3297 909 mox
3337 852 3513 908 etiam

2048 951 2058 961 .
2513 948 2525 961 .
2793 945 2855 961 .,
2962 960 2991 961 η
3044 960 3049 961 γ
3094 942 3483 961 modun“

178 948 460 1006 vientium
491 949 916 1003 monachorum
940 944 1154 1000 statuit.

1919 948 2219 1003 :onstruxit
2238 947 2566 1003 habitacula
2583 945 3004 1000 monachorum
3024 942 3215 997 usibus
3234 956 3512 1012 congrua.

714 1033 1123 1134 CaPUT~XL'Il'
1294 1118 1321 1134 ,γ
1442 1118 1477 1134 γ’
1900 1036 2295 1108 Adunatisque
2326 1035 2644 1108 quibusque
2701 1033 3007 1099 nobilibus,
3045 1032 3131 1085 vel
3179 1030 3356 1085 etiam
3396 1030 3515 1084 Deo

425 1124 508 1178 De
545 1122 872 1193 fundatione
901 1120 1123 1174 carnobz'i
1145 1118 1517 1173 Floriacensis.

1919 1124 2108 1179 .ervire
2143 1123 2526 1196 cupientibus,
2550 1123 2817 1179 abbatem
2835 1119 3079 1175 instituit
3100 1116 3337 1173 nomine
3350 1117 3517 1189 Rigo-

243 1216 351 1314 Ῑξθδ
365 1214 662 1314 Ροξωιθινθ
680 1212 908 1314 Videt“:
921 1213 988 1314 .“t
1007 1209 1141 1314 (Ιυίιδ
1162 1208 1408 1314 alim.“le
1428 1200 1791 1314 ἱηθηξίῗηθπι
1899 1230 2155 1269 marum.
2188 1213 2293 1278 Qui
2320 1210 2718 1284 quinquennio
2746 1210 2992 1281 expleto,
3017 1225 3081 1262 ex
3095 1207 3204 1262 hoc
3226 1204 3514 1260 transiens

176 1304 416 1359 fecimus
445 1303 733 1367 locorum,
757 1299 1005 1372 qualiter
1028 1298 1114 1351 vel
1142 1313 1176 1350 a
1211 1294 1415 1367 quibus
1432 1290 1648 1347 fuerint
1665 1304 1759 1359 per

1919 1303 2125 1369 seculo,
2162 1316 2545 1355 successorem
2603 1299 2824 1370 accepit
2848 1297 3087 1354 nomine
3111 1296 3511 1352 Mummolum.

178 1410 326 1467 sonis
344 1406 790 1468 fundati,nostri
821 1422 938 1460 non
959 1400 1471 1476 praetermittamus
1500 1393 1794 1451 fundatio-
1893 1390 1992 1445 Hic
2017 1391 2202 1445 bonus
2221 1391 2439 1461 pastor,
2464 1389 2601 1443 dum
2623 1387 2905 1442 creditum
2929 1385 3083 1440 sibia
3100 1399 3330 1440 summo
3351 1396 3514 1435 vero-

182 1516 313 1555 nem
346 1496 623 1553 cmnobii.
655 1497 716 1549 In
768 1510 882 1566 quo
909 1470 975 1547 et
995 1489 1336 1546 venerabilis
1389 1503 1454 1541 ac
1513 1485 1789 1539 virtutum
1893 1495 2004 1551 que
2073 1481 2301 1549 pastore
2349 1479 2465 1532 Deo
2511 1480 2893 1547 augmentare
2954 1490 3190 1547 gregem
3240 1470 3516 1536 studeret,

180 1586 472 1660 praeconio
488 1583 732 1655 insignis
746 1580 1085 1636 Benedictus
1100 1580 1270 1633 Pater
1291 1590 1532 1648 corpore
1551 1570 1794 1644 quiescit
1896 1567 2214 1638 quemdam
2231 1565 2555 1620 innocentis
2570 1565 2695 1619 vitae
2710 1565 2897 1618 virum
2915 1563 3190 1618 vocabulo
3207 1558 3517 1633 Aygulfum

181 1644 489 1741 humatus;
524 1676 584 1726 et
604 1644 713 1725 nos
744 1671 814 1724 ab
839 1669 994 1740 ipsis,
1019 1672 1080 1723 ut
1109 1667 1189 1720 ita
1220 1644 1436 1720 dictum
1454 1657 1789 1727 sit,enutriti
1899 1655 2147 1709 Blesensi
2180 1657 2364 1708 castro
2388 1654 2543 1708 haud
2570 1652 2806 1725 ignobili
2831 1668 3043 1723 genere
3058 1654 3250 1706 ortum
3274 1644 3521 1718 suscepit

182 1759 791 1832 cunabulis,quidquid
810 1758 866 1813 in
890 1757 1055 1811 nobis
1084 1754 1221 1810 boni
1244 1753 1332 1807 vel
1365 1751 1499 1806 utile
1522 1749 1726 1814 exstat,
1750 1744 1797 1800 si
1903 1746 1976 1801 ad
1994 1746 2358 1801 serviendum
2378 1745 2601 1801 Christo
2620 1760 2983 1799 conversum.
3002 1742 3183 1807 Quem
3200 1740 3373 1795 etiam
3392 1751 3521 1810 pro-

183 1853 319 1925 quid
330 1857 538 1907 tamen
566 1848 850 1921 est,ipsius
867 1844 1097 1918 patroni
1115 1839 1605 1898 intercedentibus
1625 1835 1795 1891 meri-
1902 1850 2064 1889 cessu
2088 1833 2368 1906 temporis
2390 1833 2448 1887 in
2469 1834 2787 1888 monastica
2807 1832 3117 1906 probatum
3140 1824 3523 1884 conversatio-

183 1909 250 1996 tis
278 1959 312 1996 a
342 1909 1065 2009 Deo,percep‘imus.‘lgitur
1081 1931 1332 2004 glorioso
1350 1945 1489 1999 rege
1511 1926 1792 1981 Clodoveo
1832 1919 1883 1978 B
1906 1940 2006 1991 ne,
2031 1922 2104 1977 ad
2124 1924 2587 1977 Beneventanam
2607 1920 2813 1975 direxit
2837 1916 3216 1991 provinciam,
3239 1918 3301 1968 ut
3338 1909 3521 1967 sancti

186 2026 501 2100 Dagoberti
513 2026 634 2080 filio
648 2023 812 2095 regni
826 2024 1175 2077 Francorum
1196 2013 1599 2073 moderamina
1610 2011 1800 2083 dispo-

191 2115 637 2187 nente,quidam
668 2112 755 2168 vir
780 2127 993 2184 genere
1032 2108 1374 2173 nobilis,nec
1393 2102 1584 2157 minus
1611 2097 1805 2172 probi-

191 2210 300 2261 tate
330 2206 526 2259 clarus
543 2201 756 2257 mentis
777 2198 1149 2255 Leodebodus
1172 2191 1496 2259 nomine,in
1515 2189 1800 2244 monaste-

194 2295 274 2350 rio
305 2293 508 2349 Sancti
540 2290 772 2358 Aniani,
804 2289 1078 2344 suburbio
1123 2280 1523 2340 Aurelianensi
1581 2274 1806 2333 abbatis

197 2389 550 2461 fungebatur
578 2385 791 2442 officio.
833 2384 942 2439 llic
974 2383 1048 2438 ad
1105 2379 1477 2451 sazpedictum
1529 2370 1808 2429 accedens

200 2459 1073 2548 principem,commutationem
1089 2467 1435 2541 exposcebat
1452 2462 1577 2518 fieri
1592 2459 1810 2515 Floriac

199 2545 445 2623 fisci.Cui
467 2562 736 2638 petitioni
760 2563 948 2628 rex,ut
984 2561 1110 2615 erat
1140 2558 1337 2611 mente
1383 2551 1686 2622 benignus,
1741 2545 1807 2638 1-i-

202 2653 339 2708 bens
362 2632 961 2721 annuit.Acceptoque
979 2664 1013 2701 a
1026 2645 1353 2701 memorato
1371 2640 1575 2695 abbate
1590 2632 1808 2710 praedio

206 2742 352 2813 quod
363 2742 417 2796 ei
439 2741 778 2812 exipaterna
799 2737 1114 2793 obvenerat
1128 2726 1806 2799 haereditate,praatatum

209 2829 402 2887 fiscum
432 2830 759 2886 Floriacum
790 2829 848 2881 et
878 2826 937 2880 in
959 2825 1082 2896 ejus
1110 2818 1425 2877 transfudit
1481 2814 1808 2872 dominum.

1906 2010 2091 2068 Patris
2119 2008 2414 2064 Benedicti
2461 2008 2667 2063 exinde
2697 2008 2767 2062 ad
2799 2007 3004 2061 Gallias
3034 2002 3375 2058 transferret
3397 1999 3520 2069 gle-

1906 2101 2068 2168 bam,
2125 2098 2343 2154 cunctis
2392 2097 2734 2151 mortalibus
2761 2093 3163 2150 reverendam.
3200 2089 3371 2160 Cujus
3424 2085 3521 2140 ille

1909 2192 2201 2264 prmcepto
2222 2187 2377 2241 haud
2397 2182 2880 2256 segniter'paruit,
2899 2184 2956 2236 et
2968 2177 3325 2235 sanctissima
3342 2187 3526 2229 mem-

1905 2261 2017 2335 bra
2028 2277 2154 2349 jam
2173 2275 2308 2330 dicti
2324 2274 2529 2340 Patris,
2553 2289 2684 2327 cum
2712 2270 2929 2326 ossibus
2958 2267 3170 2323 sororis
3188 2265 3313 2335 ejus
3326 2261 3520 2317 Scola-

1907 2347 2064 2423 stica:
2085 2362 2278 2420 Galliis
2308 2360 2521 2417 intulit.
2566 2359 2730 2423 Quod
2752 2358 2848 2430 qui
2865 2356 3089 2429 plenius
3103 2353 3245 2408 scire
3260 2347 3525 2413 voluerit,

1914 2455 1972 2510 in
2004 2454 2152 2509 libro
2181 2450 2279 2523 qui
2307 2451 2386 2504 De
2418 2446 2792 2502 translatione
2818 2444 3002 2499 Patris
3016 2438 3310 2497 Benedicti
3331 2433 3527 2523 praeti-

1912 2543 2132 2599 tulatur
2151 2522 2409 2594 invenire
2436 2534 2663 2609 poterit.
2692 2534 2875 2599 Quam
2899 2549 3005 2587 nos
3028 2529 3234 2585 ardore
3268 2522 3527 2581 dilectio-

1915 2632 2027 2698 nis,
2062 2645 2174 2701 quo
2206 2627 2355 2681 circa
2380 2623 2652 2679 eumdem
2683 2625 2915 2693 patrem
2946 2620 3265 2690 ﬂagramus
3291 2609 3526 2668 heroico

1845 2716 1849 2721 ’
1914 2718 2174 2775 carmine
2190 2713 2542 2771 succinctum
2554 2752 2567 2779 ,
2584 2709 2645 2765 in
2677 2711 2959 2782 quantum
2976 2699 3383 2780 quivimus,ita
3395 2696 3531 2753 red—

1914 2805 2191 2863 didimus.

863 3027 1230 3135 INClPlT
1297 3012 1915 3130 TltANSLATIO
1987 3004 2356 3114 PATRIS
2421 2998 2927 3107 BENEDIGTI

914 3195 1080 3253 Edita
1111 3193 1315 3250 heroico
1345 3194 1511 3245 metro
1541 3184 1604 3240 ab
1624 3181 1888 3238 Aimoino
1920 3173 2275 3233 Floriacensis
2297 3168 2517 3226 caenobii
2543 3167 2821 3222 monacho.

282 3375 417 3430 Fert
441 3372 671 3429 animus
702 3371 961 3441 linguam
992 3366 1249 3423 modulis
1278 3366 1470 3419 laxare
1492 3353 1719 3414 canoris

217 3463 421 3519 Eximii
458 3462 641 3517 Patris
680 3457 974 3514 Benedicti
1004 3456 1172 3511 laude
1206 3454 1469 3513 venusta,

220 3554 287 3608 Ut
314 3551 535 3607 cunctis
559 3565 810 3605 reserem
848 3545 1076 3618 populis
1099 3560 1212 3615 quo
1249 3538 1518 3614 praestitit
1547 3535 1620 3591 ad
1653 3548 1757 3588 nos

220 3641 456 3706 Ordine,
481 3639 791 3712 praeclaros
817 3633 1115 3689 transferri
1149 3629 1406 3702 corporis
1437 3630 1614 3682 artus.

217 3731 337 3803 Ipse
367 3728 453 3783 sui
478 3725 695 3798 junctis
729 3724 961 3779 sibimet
1001 3720 1281 3777 membris
1310 3713 1654 3773 venerandis

218 3821 518 3875 Germanae
551 3813 774 3869 meritis
807 3812 1057 3878 sociatae,
1093 3823 1353 3880 urnaque
1384 3802 1649 3876 sepulcri.

218 3909 399 3974 Nunc,
425 3904 734 3961 Benedicta
768 3904 959 3967 Pater,
989 3899 1211 3954 famulo
1239 3896 1385 3950 viret
1414 3890 1688 3965 rogitanti

219 3996 449 4061 Confer,
484 3996 542 4047 et
567 3990 784 4061 exiguis
807 4006 919 4061 quo
956 3992 1009 4041 te
1032 3985 1319 4041 collaudet
1339 3984 1625 4047 alumnus,

215 4083 411 4153 Incipe
441 4079 734 4152 gratificos
770 4092 998 4132 mecum
1026 4090 1157 4129 mea
1186 4072 1335 4127 tibia
1363 4086 1578 4124 versus.

219 4171 536 4227 Clodoveus
569 4169 789 4222 Franca
812 4166 950 4220 dum
986 4180 1085 4218 rex
1108 4162 1383 4233 regnaret
1412 4158 1472 4212 in
1502 4158 1651 4223 aula,

218 4260 434 4331 Inclyta
458 4254 768 4329 progenies
809 4250 1120 4323 Dagoberti
1152 4245 1424 4321 principis
1441 4246 1539 4300 alti
1565 4262 1580 4312 ;

218 4348 444 4404 Exstitit
474 4344 708 4418 egregia
730 4358 960 4397 morum
991 4339 1279 4411 probitate
1309 4338 1550 4391 decorus

217 4437 313 4491 Vir
341 4432 724 4490 Leodebodus
747 4431 904 4485 clara
934 4429 1004 4482 de
1035 4426 1210 4498 stirpe
1234 4428 1479 4490 creatus,

220 4522 485 4582 Ccenobii
527 4520 795 4593 regimen
830 4515 1012 4572 sancti
1044 4532 1276 4570 servans
1315 4511 1546 4567 Aniani.

219 4613 425 4670 ania
454 4610 704 4665 vicinum
742 4606 899 4678 quod
926 4607 1188 4675 spectant
1218 4600 1548 4657 Aureliana.

221 4703 319 4758 Hic
350 4702 516 4771 larga
549 4695 781 4752 Domini
807 4694 1070 4765 perfusus
1097 4708 1196 4746 cor
1223 4691 1458 4762 pietate,

223 4791 607 4853 Clodoveum,
641 4799 816 4856 quem
842 4783 965 4854 jam
998 4780 1186 4854 primo
1218 4795 1488 4833 sermone
1521 4776 1713 4833 notavi

224 4878 464 4952 Expetiit
488 4890 715 4946 regem,
742 4886 972 4925 summa
1002 4871 1302 4939 comptum
1330 4865 1613 4935 bonitate,

224 4967 386 5022 Haud
411 4964 520 5020 sibi
552 4960 915 5026 dissimilem,
947 4957 1034 5012 cui
1068 4957 1207 5010 talia
1235 4956 1457 5010 famina
1486 4956 1680 5011 fatur:

224 5059 359 5125 Rex,
393 5055 496 5122 ait,
530 5070 562 5107 c
592 5051 754 5121 cujus
788 5048 1005 5119 pendat
1039 5045 1439 5100 moderamine
1496 5045 1666 5099 tellus

224 5145 457 5209 Gallica,
490 5156 606 5213 quo
640 5136 838 5193 Franci
863 5136 1120 5206 gaudent
1139 5135 1242 5189 sub
1266 5151 1403 5206 rege
1435 5136 1737 5205 potentes;

226 5238 405 5291 Parva
436 5229 703 5303 quidem,
734 5225 834 5279 sed
849 5228 1014 5295 grata
1036 5240 1180 5278 mete
1216 5221 1488 5287 possessio
1524 5221 1707 5277 menti
1740 5224 1845 5288 est,

228 5324 411 5388 Quam
436 5320 594 5374 fama
626 5313 801 5369 didici
826 5312 944 5366 fisci
978 5312 1182 5367 ditioni
1215 5311 1420 5366 teneri.

226 5411 552 5467 Floriacum
585 5404 757 5473 vulgo
778 5400 1033 5455 vocitant
1055 5401 1162 5455 hoc
1190 5401 1427 5455 nomine
1458 5398 1655 5452 villam
1685 5414 1699 5463 ;

230 5502 384 5555 Hanc
410 5498 670 5567 deposco
712 5505 844 5544 meo
872 5489 1090 5544 tribuas
1116 5492 1178 5543 ut
1191 5489 1324 5559 jure
1353 5492 1610 5559 regatur.

1845 3354 1899 3417 C
1935 3348 1998 3402 Id
2021 3360 2210 3417 neque
2242 3344 2457 3398 damna
2480 3341 2646 3412 putes
2668 3336 2796 3403 tibi,
2828 3335 2873 3391 si
2902 3333 3269 3403 concesseris,
3301 3333 3418 3387 ulla

1932 3438 2274 3507 lmportare,
2301 3444 2498 3484 meum
2527 3428 2713 3481 fatear
2741 3439 2872 3478 cum
2890 3422 3133 3477 reddere
3160 3420 3428 3476 fundum.

1930 3528 2043 3581 Nec
2069 3521 2246 3595 gratis
2259 3519 2458 3573 fiscum
2489 3514 2757 3570 mihimet
2785 3510 3102 3566 conferrier
3126 3512 3287 3579 opto,

1932 3613 2237 3686 Spondens
2267 3626 2298 3663 e
2328 3604 2564 3681 pr0prio
2593 3601 2839 3657 similem
2886 3596 3191 3653 redhibere
3246 3595 3535 3649 locellum.

1930 3684 2149 3762 Annuit
2176 3700 2265 3757 his
2285 3696 2550 3771 precibus
2570 3688 2822 3765 gratanti
2852 3689 3086 3760 pectore
3106 3684 3394 3757 princeps,

1932 3796 2334 3863 Collatumque
2364 3801 2531 3842 suum
2563 3783 2790 3838 lxatatur
2817 3777 3061 3850 perdere
3098 3773 3323 3839 fiscum,

1934 3885 2251 3941 Contentus
2281 3877 2436 3951 quod
2468 3892 2585 3930 non
2609 3871 2806 3942 dispar
2835 3866 2941 3923 sibi
2965 3863 3228 3920 redditur
3247 3874 3468 3915 arvum.

2006 3974 2103 4031 His
2129 3974 2209 4028 ita
2235 3950 2545 4042 dispositis,
2568 3958 2944 4019 Leodebodus
2968 3950 3351 4042 venerandus,

1938 4059 2283 4121 Posthabitis
2315 4058 2512 4113 animo
2544 4051 2914 4110 mordacibus
2939 4042 3159 4118 optime
3179 4038 3350 4108 curis,

1936 4155 2257 4226 Optataque
2287 4146 2385 4202 diu
2415 4143 2654 4199 tandem
2682 4140 2884 4194 tellure
2913 4132 3150 4226 potitus:

1933 4214 2338 4296 Fundamenta
2357 4233 2501 4305 jacit
2520 4228 2785 4286 domibus
2808 4228 2943 4280 tunc
2974 4223 3110 4293 apta
3135 4214 3414 4283 locandis,

1933 4331 2005 4385 Ut
2036 4325 2268 4383 famulis
2295 4321 2501 4379 Christi
2544 4315 2846 4374 monachis
2874 4310 3203 4368 habitacula
3231 4306 3445 4363 condat

1934 4420 2277 4480 Procurans,
2304 4412 2482 4467 instat
2513 4408 2697 4464 donec
2724 4402 3003 4477 perfectio
3036 4413 3268 4455 summa

1935 4504 2261 4563 Perfectum
2310 4499 2670 4554 demonstret
2724 4509 2868 4567 opus
2921 4491 3213 4559 ﬁnemque
3258 4482 3546 4538 laborum.

1937 4591 2211 4651 Ecclesias
2241 4589 2477 4645 demum
2502 4587 2670 4641 binas
2700 4600 2806 4657 pro
2837 4583 3104 4651 tempore
3135 4588 3339 4647 parvas

1864 4698 1918 4757 D
1940 4679 2250 4747 Construit,
2281 4680 2342 4731 et
2368 4675 2677 4732 minimam
2706 4668 2909 4727 Chrisii
2932 4664 3123 4723 Mariae
3145 4657 3413 4735 genitrici

1939 4770 2198 4836 Dedicat,
2231 4770 2317 4823 ast
2346 4765 2519 4821 aliam
2554 4761 2735 4819 sancti
2758 4759 2861 4814 sub
2894 4754 3133 4811 nomine
3150 4748 3306 4806 Petri

1944 4859 2269 4918 Consecrat.
2301 4855 2433 4909 Haec
2464 4857 2587 4908 tum
2620 4850 2810 4921 major
2829 4847 2973 4911 erat,
3020 4839 3385 4912 spatiosaque
3412 4851 3554 4907 pau-

3333 4927 3480 4989 [lum

1943 5041 2100 5095 Tunc
2128 5035 2435 5109 equidem.-
2455 5032 2599 5086 Nam
2628 5040 2782 5082 nunc
2814 5022 3122 5094 postquam
3165 5012 3465 5069 Genitricis
3494 5012 3553 5066 in

3334 5100 3488 5168 [aula

1947 5216 2198 5274 Transiit
2236 5207 2508 5283 Hesperia
2536 5205 2763 5259 vectum
2793 5212 2998 5269 corpus
3029 5187 3342 5256 Benedicti,

1951 5304 2179 5378 Egregii
2202 5299 2404 5365 Patris,
2425 5295 2609 5369 spatio
2632 5288 2892 5348 diffusior
2915 5286 3038 5378 haec
3061 5283 3165 5345 est,

1950 5373 2202 5449 Basilicis
2229 5403 2335 5443 nec
2365 5401 2483 5439 non
2510 5380 2705 5437 multis
2735 5373 3009 5432 excelsior
3029 5386 3165 5425 una.

2007 5486 2236 5538 Interea
2258 5488 2540 5546 magnum
2570 5470 2643 5526 ad
2669 5468 2859 5525 caulas
2891 5463 3176 5519 deducere
3205 5454 3369 5511 curat

298 5648 376 5717 (5)
405 5644 597 5717 Caput
623 5639 732 5692 hoc
764 5635 919 5706 quod
939 5634 1272 5690 Aimoinum
1303 5634 1728 5689 Floriacensem
1749 5630 2103 5686 monachum
2128 5625 2300 5680 fuisse
2323 5617 2630 5687 convincit,
2654 5635 2722 5673 ex
2747 5612 2917 5671 codd.
2950 5628 3087 5666 mss.
3117 5624 3271 5664 nunc
3300 5600 3560 5678 primum

231 5721 313 5773 est
350 5715 672 5772 adiectum.
