3882 6212
435 397 540 458 803
597 349 602 354 ‘

1532 398 1800 462 ᾹῙΜΟΙΝΙ
1847 400 2160 462 MONACHI
2213 406 2708 466 FLORIACENSIS

3684 413 3771 468 804

445 543 680 599 ﬁdelem
708 540 962 600 fructum
989 545 1216 616 gracilis
1239 547 1548 601 ramusculi
1566 564 1598 602 e
1624 563 1840 619 magna
1857 551 2055 604 vestrae

2232 534 2284 588 3.
2313 534 2376 586 In
2407 533 2560 588 calce
2587 535 2814 606 prologi
2836 551 2952 590 non
2974 535 3302 608 putavimus
3321 537 3770 608 prmtermitten-

439 631 728 688 unanimis
768 632 1050 687 societatis
1075 635 1286 689 arbore
1317 635 1689 707 prodeuntis;
1719 652 1825 690 nec
1869 651 1968 690 vos
1993 635 2051 689 in

441 720 564 791 ejus
581 719 855 793 paeniteat
869 721 1155 776 laborasse
1176 723 1436 793 profectu
1461 723 1558 794 qui
1583 722 1639 776 id
1665 739 1842 794 quam
1869 723 2058 778 maxi-

445 824 541 864 me
570 809 773 864 nititur
801 808 1030 864 efﬁcere
1061 812 1124 864 ut
1151 813 1210 864 et
1239 810 1636 866 nutritorissui
1657 810 1847 864 dilecti
1870 811 2058 866 Bene-

435 895 580 952 dicti
597 897 794 952 laudes
807 897 1184 968 promulgare
1200 901 1260 952 et
1278 897 1478 952 vestris
1490 913 1592 970 per
1610 897 1812 953 omnia
1827 897 2058 952 studeat

445 984 674 1056 placere
695 983 1012 1040 desideriis.
1045 985 1154 1040 Vos
1176 988 1394 1053 autem,
1414 985 1622 1040 fratres
1643 985 2053 1053 amantissimi,

445 1089 581 1128 cum
609 1072 814 1144 quibus
844 1072 906 1128 in
937 1072 1214 1146 primzevo
1259 1073 1446 1128 aetatis
1477 1073 1620 1128 ﬂore
1641 1073 1853 1144 jugum
1884 1090 2056 1128 suave

444 1160 652 1217 Christi
671 1161 824 1216 ferre
854 1160 1062 1228 dedici,
1114 1161 1278 1228 mihi,
1313 1177 1527 1233 quaeso,
1561 1161 2055 1232 congratulamini
2087 1197 2092 1203 -

445 1248 603 1322 quod
627 1248 825 1304 vestris
841 1265 1070 1320 quoque
1087 1249 1451 1304 adminiculis
1462 1249 1537 1304 ad
1550 1251 1658 1304 hoc
1680 1249 1896 1320 profeci
1915 1265 2058 1322 qua-

447 1337 601 1392 tinus
629 1336 850 1408 aliquid
872 1337 1130 1392 utilitatis
1159 1353 1305 1392 mea
1338 1336 1539 1392 vilitati
1573 1338 1752 1408 possit
1799 1337 2050 1408 injungi.

446 1425 718 1490 Quamvis
740 1425 900 1480 enim
913 1425 974 1480 in
987 1442 1082 1480 me
1095 1421 1169 1480 a'd
1181 1425 1351 1480 vestri
1369 1425 1872 1497 comparationem
1903 1427 2061 1481 nulla

447 1513 680 1570 exsistat
709 1512 1239 1586 utilitas,quidquid
1269 1516 1466 1569 tamen
1483 1513 1694 1568 boniin
1731 1530 1824 1568 me
1853 1517 1957 1580 est,
1990 1514 2062 1568 ab

447 1602 850 1674 omnipotente
880 1604 1020 1669 Deo,
1051 1618 1156 1674 per
1167 1600 1642 1656 intercessionem
1657 1601 1923 1671 gloriosae
1937 1601 2065 1654 Vir-

447 1691 597 1762 ginis
617 1690 807 1746 Mariaa
838 1707 904 1745 ac
933 1688 1275 1760 legislatoris
1291 1689 1472 1744 nostri
1491 1689 1808 1757 Benedicti,
1838 1705 2060 1761 perque

447 1795 746 1836 servorum
777 1778 902 1849 ejus
933 1778 1191 1832 laborem
1218 1779 1406 1853 totum
1437 1779 1542 1831 est.

517 1871 572 1924 2.
596 1867 686 1922 Ad
707 1869 1069 1937 postremum
1095 1879 1318 1930 omnes,
1337 1880 1586 1935 quorum
1600 1863 1778 1919 corda
1795 1863 2056 1934 ejusdem

445 1954 792 2011 confessoris
819 1952 1025 2008 Christi
1037 1967 1204 2008 amor
1218 1951 1494 2024 possidet,
1513 1952 1865 2006 conveniens
1885 1967 2058 2023 expo-

442 2059 542 2100 seo
575 2060 651 2099 ne
682 2042 743 2098 in
774 2043 886 2098 hoc
912 2057 1086 2114 opere
1117 2039 1420 2095 rhetoricae
1444 2039 1743 2094 suadelam
1773 2038 2058 2093 facundiae

445 2129 768 2204 requirant.
797 2129 944 2196 Quin
970 2128 1183 2202 potius,
1203 2127 1354 2182 inter
1377 2127 1670 2182 rusticana
1698 2125 2063 2198 despicabilis

447 2235 666 2274 mensas
682 2221 897 2274 nostrae
913 2215 1484 2284 canistra,rutilantia
1499 2231 1565 2270 ac
1585 2231 1755 2270 suave
1785 2214 2060 2270 redolen-

447 2308 530 2365 tia
542 2309 957 2365 miraculorum
969 2306 1324 2362 admirantes
1339 2304 1610 2360 hauriant
1627 2305 1828 2372 mella;
1858 2302 2064 2358 memi-

449 2398 760 2470 nerintque
781 2395 917 2469 quia
929 2395 988 2450 in
1002 2393 1263 2450 testaceis
1277 2393 1618 2464 plerumque
1631 2393 1778 2447 vasis
1801 2391 2065 2447 lautiori-

446 2484 553 2540 bus
577 2483 760 2556 epulis
777 2481 1194 2537 delectabiliter
1209 2479 1290 2534 uti
1309 2478 1658 2536 soleant.llis
1679 2479 1750 2535 de
1781 2478 2066 2552 ingenioli

447 2570 631 2626 nostri
667 2569 948 2626 tenuitate
977 2567 1312 2640 praelibatis.

2081 1825 2132 1884 B

2161 621 2301 674 dum
2329 621 2436 676 hoc
2467 623 2622 693 quod
2643 621 2838 678 divina
2862 623 3044 695 pietas
3069 623 3202 678 huic
3228 627 3425 678 nostro
3449 623 3674 696 pastori
3699 624 3770 677 in-

2159 711 2248 762 ter
2277 712 2484 763 caetera
2511 709 2794 781 largitatis
2819 727 2934 764 suae
2966 712 3212 766 contulit
3236 729 3484 766 numera
3502 713 3668 784 quia,
3702 713 3770 766 vi-

2159 795 2366 850 delicet
2391 797 2465 851 ad
2481 814 2550 852 ea
2570 797 2896 869 promenda
2917 815 3046 870 quae
3063 797 3134 853 de
3154 816 3214 854 se
3235 801 3559 854 retulerant
3577 799 3768 872 digna,

2158 885 2371 941 nullius
2393 890 2680 941 extranea
2693 903 2955 958 personas
2969 887 3126 958 eguit
3143 904 3401 959 unquam
3411 889 3772 961 supplemen-

2157 977 2239 1042 to,
2274 973 2538 1046 quinimo
2569 974 2746 1046 ipsius
2773 975 3029 1030 clientuli
3059 975 3120 1030 in
3171 975 3294 1046 ejus
3322 976 3603 1032 coenobiis
3631 977 3769 1032 illius

2159 1077 2269 1133 ope
2285 1061 2510 1117 educati
2529 1066 2699 1134 atque
2721 1063 3219 1135 edocti,qnidquid
3239 1063 3300 1117 in
3315 1064 3364 1134 ej
3375 1081 3439 1118 us
3457 1064 3632 1119 laude
3646 1081 3769 1136 pro-

2159 1149 2440 1205 mendum
2457 1153 2602 1218 erat,
2617 1153 2981 1222 posterorum
2996 1150 3274 1205 mandare
3298 1151 3604 1207 memoriae
3623 1152 3768 1207 sufﬁ-

2159 1238 2376 1294 cientes
2399 1237 2620 1299 inventi
2638 1241 2771 1293 sunt
2789 1239 2918 1308 post
2960 1238 3198 1294 beatum
3245 1239 3524 1294 duntaxat
3563 1256 3766 1312 papam

2161 1326 2530 1398 Gregorium;
2564 1327 2662 1398 qui
2691 1329 2750 1380 et
2775 1327 2918 1398 ipse,
2941 1326 3062 1397 ejus
3088 1329 3306 1398 regula:
3323 1327 3587 1382 subditus
3607 1328 3766 1382 disci-

2161 1415 2352 1487 plinis,
2371 1414 2602 1486 quantis
2631 1413 2788 1469 idem
2818 1414 2989 1468 Pater
3018 1413 3295 1469 effulserit
3321 1413 3632 1469 virtutibus
3661 1416 3766 1470 elo-

2163 1503 2540 1575 quentissimo
2574 1502 2894 1557 enucleavit
2917 1518 3210 1558 sermone.
3260 1503 3474 1557 Marcus
3525 1503 3768 1574 denique

2163 1594 2544 1662 poeta,atque
2569 1592 2771 1662 paulus
2792 1591 2851 1644 in
2874 1590 3196 1646 Cassinensi
3215 1591 3480 1646 coenobio
3507 1591 3694 1645 multa
3709 1592 3768 1646 de

2163 1679 2314 1733 illius
2343 1679 2632 1734 miraculis
2665 1678 2906 1734 metrico
2929 1694 3112 1750 opere.
3125 1678 3554 1750 elegantissime
3571 1679 3768 1734 edide-

2165 1769 2320 1821 runt.
2350 1765 2762 1822 Translationis
2813 1783 2946 1821 vero
2997 1767 3120 1836 ejus
3165 1765 3311 1820 sacri
3337 1767 3600 1837 corporis
3625 1767 3766 1822 ordi-

2165 1871 2302 1911 nem
2329 1854 2404 1910 ad
2433 1855 2587 1910 hunc
2615 1855 3006 1910 venerabilem
3026 1855 3241 1921 locum,
3258 1870 3489 1909 necnon
3503 1853 3674 1926 signa
3691 1853 3767 1908 hic

2163 1943 2253 1998 vel
2292 1959 2397 2014 per
2443 1943 2648 1997 Gallias
2688 1941 2860 2014 ipsius
2902 1941 3127 1996 meritis
3151 1946 3334 2012 gesta,
3363 1940 3452 1995 vir
3470 1941 3768 1996 disertissi-

2163 2049 2294 2088 mus
2321 2031 2670 2087 Adrevaldus
2719 2032 2838 2102 (5'),
2870 2031 3028 2086 istius
3059 2030 3398 2086 monasterii
3434 2031 3765 2096 monachus,

2160 2119 2385 2192 scriptis
2413 2119 2674 2177 inseruit.
2705 2119 2807 2174 Cui
2835 2117 2998 2190 operi
3023 2117 3339 2186 Adelerius,
3373 2117 3546 2188 hujus
3568 2118 3767 2172 nihilo-

2162 2208 2355 2264 minus
2375 2207 2843 2280 congregationis
2865 2207 3206 2268 monachus,
3228 2205 3342 2262 duo
3371 2208 3606 2261 tantum
3635 2207 3770 2278 capi-

2161 2297 2282 2352 tula
2307 2296 2538 2368 adjecit.
2583 2297 2802 2351 Horum
2831 2311 2972 2366 ergo
3002 2294 3262 2366 vestigia,
3293 2294 3428 2350 licet
3455 2311 3576 2350 non
3604 2295 3769 2367 aequis

2161 2387 2502 2458 prosecutus
2522 2385 2799 2457 passibus,
2843 2400 2943 2439 vos
2973 2383 3124 2438 bene
3143 2383 3333 2438 valere
3361 2385 3663 2454 exoptans,
3691 2383 3766 2438 his

2165 2490 2294 2546 quas
2319 2473 2564 2530 dicenda
2591 2472 2862 2546 praposui
2891 2471 2999 2526 hoc
3031 2470 3163 2526 dedi
3193 2470 3501 2526 exordium

1721 2715 2067 2806 LIBER
2138 2714 2577 2806 PRIMUS

991 2889 1214 2948 CAPUT
1245 2885 1531 2947 PRIMUM.

447 2991 879 3052 Nortmanorum
905 3002 1106 3067 strages
1123 3065 1139 3067 _
1145 3013 1244 3067 per
1271 2995 1510 3067 Galliam
1531 2995 1629 3050 sub
1649 2994 1846 3051 Carolo
1867 2993 2058 3067 Calvo.

521 3068 618 3138 sub
642 3067 932 3138 Ludovico,
962 3066 1062 3122 sud
1103 3066 1296 3122 Carolo
1341 3066 1615 3138 Simplice,
1649 3067 1830 3122 Odone
1872 3074 1923 3122 et
1947 3066 2064 3122 Ro-

525 3137 686 3194 berlo.
719 3137 1048 3208 Cassinogili
1059 3139 1264 3210 palatii
1289 3139 1439 3200 situs,
1456 3137 1581 3192 ’etc.

523 3246 578 3300 4.
609 3245 1030 3301 Gallicanarum
1053 3243 1270 3300 incolas
1305 3243 1635 3316 regionum,
1662 3243 2065 3300 assiduisexte-

453 3348 653 3388 rarum
683 3333 1057 3390 labefactatas
1077 3332 1394 3388 incursibus
1421 3333 1813 3401 nationum,et
1841 3335 2062 3387 veteres

455 3422 516 3475 et
537 3421 836 3478 modernas
857 3421 1176 3494 quibusque
1197 3437 1293 3476 eas
1312 3420 1606 3476 intellectu
1633 3419 1990 3476 revolventib
2000 3435 2063 3475 us

453 3509 720 3583 pandunt
742 3509 1015 3567 historias.
1043 3509 1193 3574 Quos
1204 3508 1334 3565 Julii
1352 3508 1589 3564 Caesaris
1615 3507 1946 3564 decennalis
1974 3509 2063 3563 at-
2109 3525 2113 3529 ·

451 3598 611 3654 trivit
620 3599 1001 3668 concertario,
1015 3599 1358 3655 Hunnorum
1373 3597 1563 3654 subita
1575 3595 1907 3652 dilaceravit
1921 3595 2065 3650 irru-

451 3686 597 3758 ptio,
617 3687 938 3744 Gothorum
967 3687 1247 3743 subvertit
1298 3683 1712 3758 praesumptiva
1757 3683 2064 3740 habitandi

394 3849 403 3852 _
451 3773 698 3844 invasio;
731 3776 806 3832 ad
830 3775 1102 3831 ultimum
1128 3775 1480 3829 Francorum
1497 3771 1842 3827 vividabello
1863 3771 2065 3827 dextra

451 3861 629 3919 victos
648 3864 981 3938 pariterque
1008 3863 1442 3932 victores,aequa
1472 3863 1754 3928 sorte,suo
1786 3859 2062 3931 subjuga-

448 3950 529 4006 vit
557 3951 839 4007 dominio.
859 3952 1076 4006 Horum
1092 3949 1374 4020 prazferox
1397 3946 1813 4018 potentia,cum
1833 3947 1894 4002 in
1907 3947 2063 4002 subi-

451 4040 676 4111 gendis,
703 4043 829 4093 tum
859 4037 1034 4092 etiam
1062 4036 1124 4091 in
1154 4035 1461 4092 arcendisa
1491 4035 1605 4090 suis
1625 4035 1836 4090 ﬁnibus
1857 4035 2065 4090 barbo-

449 4127 530 4182 ris
556 4125 1030 4198 gentibus,viguit
1046 4123 1368 4180 concordiae
1380 4123 1592 4179 viribus
1612 4141 1790 4196 usque
1809 4123 1884 4179 ad
1917 4123 2062 4178 divae

451 4212 754 4270 memorias
785 4212 972 4268 Caroli
1003 4211 1152 4268 Calvi
1185 4213 1579 4284 tempora,ﬁlii
1620 4212 1910 4280 Ludovici,
1967 4211 2058 4268 cui

449 4316 746 4373 agnomen
762 4301 894 4356 Pius
907 4299 1256 4356 fuit.Contra
1271 4302 1424 4358 hunc
1441 4301 1716 4356 fraterna:
1736 4299 2060 4356 insimulati

449 4388 676 4444 invidiae
689 4388 1074 4446 ﬁnitimarum
1091 4389 1395 4446 concitavit
1407 4391 1544 4446 odia
1558 4389 1844 4462 gentium,
1864 4389 2062 4462 prmci-

446 4493 560 4551 pue
572 4479 1191 4552 Nortmannorum,qui
1207 4479 1512 4553 piraticam
1525 4478 1850 4534 exercendo
1875 4481 2062 4533 mari-
2082 4466 2136 4525 D

444 4567 592 4623 tima
619 4568 788 4640 regni
816 4569 938 4641 ejus
967 4570 1093 4626 loca
1123 4569 1544 4641 direptionibus
1575 4567 1924 4640 gravissimis
1959 4567 2059 4623 de-

445 4656 704 4729 populati
729 4657 1122 4714 sunt.0bstitit
1139 4655 1329 4728 primo
1344 4672 1548 4712 eorum
1573 4655 1736 4711 saevis
1760 4655 2062 4712 conatibus

447 4733 754 4802 Rotbertus
779 4746 1210 4820 Audegavensis
1226 4744 1715 4814 comes,Saxonici
1727 4745 1958 4817 generis
1977 4745 2064 4800 vir

444 4834 534 4890 cui
559 4851 664 4908 per
692 4834 752 4891 id
772 4837 1044 4892 locorum
1076 4852 1111 4890 a
1137 4850 1276 4906 rege
1305 4850 1536 4889 summa
1561 4847 1760 4889 rerum
1791 4833 2063 4905 delegata

445 4923 1051 4993 fuerat;adnitentibns
1060 4921 1164 4978 sibi
1179 4920 1772 4994 praeeminentissimis
1783 4920 1863 4976 Ne
1870 4922 2062 4978 ustrize

443 5011 874 5082 viris,Rainulfo
893 5015 1066 5084 atque
1099 5011 1516 5081 Lamberto,uti
1549 5011 2062 5082 eloquentissimus

446 5105 648 5159 auctor
674 5101 1028 5158 Adrevaldus
1039 5100 1220 5174 priori
1233 5101 1413 5155 refert
1441 5100 1613 5168 libro,
1641 5098 1876 5154 Sedillis
1903 5100 2060 5157 varia

519 5226 624 5300 (5f)
650 5225 1079 5300 Piatriciacens‘is
1099 5225 1419 5300 codex,qu_o
1438 5224 1522 5300 usi
1553 5227 1687 5280 sunt
1733 5222 1870 5300 socii
1925 5227 2058 5280 Bol-

445 5296 851 5367 landiani,hmc
867 5297 1086 5365 inserit,
1107 5298 1204 5370 qui
1229 5303 1280 5370 ei
1297 5296 1623 5350 Adalbertus
1637 5296 1936 5352 aestimatur
1957 5314 2056 5353 no-

446 5371 704 5437 minatus,
733 5372 901 5438 istius,
924 5373 1034 5424 etc.
1056 5385 1071 5436 ;
1095 5367 1312 5440 quagde
1332 5385 1395 5422 re
1426 5383 1620 5440 supra.

523 5443 596 5511 (ϐ)
621 5437 936 5511 Joannesa
957 5437 1133 5511 Bosco
1165 5438 1347 5511 addit,
1379 5445 1440 5511 ait
1481 5437 1931 5511 fertur_1_ioberli
1981 5439 2050 5508 ﬁ-

453 5509 574 5578 lius,
612 5510 736 5575 Qua
754 5512 930 5566 verba
959 5510 1166 5566 desunt
1193 5509 1256 5563 in
1296 5510 1492 5565 codice
1536 5509 1958 5578 Patriciacensi,
1991 5513 2050 5566 et

451 5584 638 5651 recte:
670 5597 810 5636 nam
839 5581 1002 5651 fingo
1033 5581 1140 5651 iste
1165 5579 1315 5651 ﬁlius
1344 5581 1451 5635 fuit
1467 5596 1602 5651 non,
1630 5580 1912 5651 Rotberti,
1945 5581 2047 5636 sed

455 5649 706 5708 Conradi
723 5649 953 5708 comitis
961 5651 1022 5706 et
1041 5649 1360 5721 Adaleidis,
1390 5654 1538 5708 seste
1561 5649 1794 5707 Herrico
1815 5650 1876 5708 in
1886 5651 1988 5710 lib.
2006 5667 2046 5708 ιι

2165 2891 2512 2949 abeuntibus
2536 2895 2710 2960 sorte,
2741 2887 2888 2947 Dani
2903 2889 3250 2947 excursionis
3265 2907 3382 2946 sum
3407 2889 3655 2946 liberam
3673 2905 3767 2944 na-

2163 2982 2238 3036 cti
2267 2981 2650 3047 occasionem,
2685 2996 2812 3052 quas
2843 2983 2902 3034 et
2925 2981 3144 3052 quanta
3173 2978 3500 3033 civitatibus
3520 2978 3658 3034 bina
3681 2994 3767 3032 ex.

2093 3050 2141 3110 Ο
2163 3068 2456 3140 peditione
2478 3050 2781 3124 intulerint
2802 3050 3019 3123 damna
3032 3065 3448 3122 vastationibus
3464 3083 3568 3122 seu
3582 3066 3765 3121 incen-

2163 3158 2269 3214 diis
2315 3157 2808 3214 monasteriorum
2861 3173 2926 3212 ac
2975 3156 3334 3228 reliquarum
3385 3156 3761 3221 ecclesiarum,

2160 3247 2414 3303 studioso
2439 3245 2640 3304 lectori
2661 3246 3026 3320 procedentis
3077 3245 3267 3318 operis
3312 3247 3505 3300 textus
3564 3244 3765 3316 patefa-

2162 3335 2297 3391 ciet.

2234 3431 2285 3484 5.
2317 3427 2529 3482 Verum
2553 3429 2809 3499 Augusto
2832 3425 3036 3481 Carolo
3059 3425 3230 3480 rebus
3248 3423 3526 3478 humanis
3554 3437 3762 3492 exemp-

2161 3519 2244 3584 to,
2277 3515 2428 3571 ﬁlius
2455 3517 2580 3588 ejus
2608 3515 2921 3570 Ludovicus
2949 3512 3236 3580 successit,
3269 3511 3368 3584 qui
3392 3511 3546 3566 Nihil
3575 3510 3756 3566 fecisse

2163 3621 2504 3678 praenomen
2534 3604 2769 3659 sortitus
2792 3605 2898 3671 est,
2919 3602 3035 3657 sive
3065 3601 3220 3674 quod
3249 3600 3342 3654 vix
3363 3599 3588 3656 duobus
3613 3597 3756 3654 annis

2161 3710 2343 3765 regno
2373 3693 2587 3766 potitus
2617 3692 2699 3747 nil
2722 3695 2954 3748 strenue
2987 3690 3180 3762 gessit,
3225 3688 3341 3744 sive
3373 3688 3532 3762 quod
3574 3686 3756 3742 sancti-

2162 3781 2482 3837 monialem
2503 3779 3006 3854 quamdam,sicuti
3027 3795 3061 3833 a
3086 3777 3411 3848 majoribus
3429 3776 3759 3848 accepimus,

2163 3870 2312 3926 Calas
2339 3869 2692 3926 monasterio
2737 3869 3062 3940 puellarum
3093 3867 3472 3932 abstractam,
3511 3863 3756 3936 conjugio

2163 3959 2434 4030 copalans
2462 3974 2585 4025 suo,
2617 3959 2939 4028 peccatum,
2971 3954 3126 4027 quod
3169 3953 3317 4009 nihil
3350 3970 3476 4008 esse
3506 3952 3758 4015 noscitur,

2161 4045 2528 4118 perpetrarit.
2553 4045 2728 4116 Hujus
2774 4043 2833 4098 in
2879 4043 3080 4098 diebus
3109 4041 3286 4097 effera
3313 4045 3758 4096 memoratorum

2163 4135 2322 4190 natio
2340 4136 2634 4190 Danorum
2645 4133 2880 4189 tertiam
2893 4133 2936 4186 N
2941 4131 3230 4186 eustrasiis
3242 4129 3466 4185 inﬁictu
3475 4147 3541 4185 ra
3553 4128 3758 4186 eladem

2161 4223 2414 4291 advenit,
2473 4222 2873 4294 intulissetque
2917 4221 3204 4291 majorem
3257 4219 3666 4291 superioribus,
3713 4214 3763 4270 ni

2161 4313 2322 4382 Hugo
2350 4311 2426 4384 ('6)
2453 4327 2558 4382 per
2586 4311 2792 4366 Gallias
2824 4309 3050 4365 abbatis
3091 4309 3318 4363 honore
3345 4307 3642 4379 praeditus,
3673 4321 3756 4360 eo-

2159 4417 2289 4456 rum
2303 4399 2745 4471 compescuisset
2765 4398 3106 4454 temerarios
3127 4413 3315 4452 ausus.
3340 4396 3602 4468 Denique
3622 4392 3755 4467 quod

2157 4506 2336 4564 parva
2363 4506 2542 4545 manu
2558 4488 2894 4544 innumeras
2917 4487 3172 4542 hostium
3197 4486 3521 4557 phalanges
3552 4485 3757 4556 adjutus

2159 4577 2468 4634 manifesto
2496 4575 2837 4632 sanctissimi
2867 4574 3052 4630 Patris
3099 4573 3394 4629 Benedicti
3447 4572 3648 4628 auxilio
3689 4570 3756 4624 ita

2158 4668 2376 4743 fuderit
2395 4670 2458 4722 ut
2473 4667 2559 4722 vix
2583 4666 2816 4722 nuntius
2841 4665 3247 4743 superviveret,
3269 4680 3338 4718 ex
3359 4663 3588 4734 scriptis
3602 4674 3752 4715 vene-

2159 4741 2356 4812 rabilis
2384 4755 2490 4811 viri
2515 4753 2766 4810 Adelerii
2797 4741 3034 4824 agnosci
3080 4752 3247 4807 facile
3297 4755 3406 4808 est.
3442 4750 3564 4815 Qua
3605 4749 3752 4822 plaga

2159 4843 2448 4900 humiliati
2474 4842 2620 4898 Dani
2648 4841 2855 4896 Gallias
2892 4856 2998 4913 per
3017 4839 3238 4912 aliquot
3268 4839 3522 4911 spatium
3543 4840 3746 4907 tempo-

2159 4933 2238 4989 ris
2259 4933 2481 5006 quietas
2507 4931 2824 5004 liquerunt.

2230 5025 2284 5077 6.
2314 5023 2407 5089 At,
2431 5021 2670 5092 Hugone
2701 5019 2937 5073 ultimos
2967 5016 3098 5072 vitae
3129 5032 3246 5070 sua:
3269 5016 3571 5072 claudente
3600 5011 3747 5072 soles,

2161 5110 2560 5182 Ludovicoque
2585 5107 2844 5180 principe
2876 5109 3006 5178 post
3035 5105 3509 5160 administratum
3537 5098 3745 5158 biennio

2157 5210 2239 5265 De
2268 5207 2560 5264 miraculis
2589 5205 2770 5261 sancti
2800 5201 3073 5259 Germani
3103 5199 3614 5258 Antissiodorensis
3643 5194 3745 5267 epi-

2154 5296 2333 5368 scopi,
2364 5311 2489 5367 cap.
2524 5299 2578 5351 5.
2610 5292 2934 5348 Aurelianis
2961 5293 3228 5346 mortuus
3257 5307 3415 5346 anno
3445 5291 3566 5356 887,
3597 5289 3652 5340 et
3676 5297 3747 5336 se-

2152 5387 2344 5458 pultus
2370 5382 2748 5439 Antissiodori
2773 5381 2834 5436 in
2863 5377 3216 5435 monasterio
3251 5378 3446 5434 Sancti
3476 5368 3738 5432 Germani.

2150 5473 2307 5528 Alius
2335 5471 2446 5528 fuit
2475 5472 2634 5544 llugo
2682 5471 2938 5542 Magnus,
2975 5467 3125 5522 ﬁlius
3165 5467 3432 5522 Rotberti
3482 5483 3539 5521 se
3567 5471 3738 5533 regem

2148 5561 2406 5629 ferentis,
2438 5560 2537 5633 qui
2567 5560 2626 5614 in
2655 5556 3012 5617 Suessionica
3035 5571 3237 5628 pugna
3265 5571 3446 5613 caesus
3497 5557 3578 5610 est
3605 5559 3734 5606 anno

2147 5648 2254 5710 923
2283 5649 2462 5712 infra.
