3882 6212
146 529 240 586 809

936 510 1031 574 DE
1057 504 1425 575 MIRACULIS
1457 514 1514 572 S.
1549 510 1917 572 BENEDICTI
1947 510 2127 570 LIBRI
2156 512 2319 571 DUO.
2350 544 2421 555 —
2450 508 2588 574 LIB.
2613 506 2658 569 Ῑ.

3359 508 3468 575 810

151 648 320 704 sancti
377 644 734 703 confessoris
793 642 883 697 sui
938 640 1157 696 Benicti
1213 638 1493 694 Dominus
1543 633 2432 710 OperariAstarflguratus,quze
2456 630 3081 689 ﬂammivomisardere
3099 632 3482 693 aestimaretur

151 737 409 808 dignatus
435 736 541 799 est,
576 750 677 786 seu
705 731 763 785 in
822 729 945 784 aliis
1002 729 1105 783 sub
1157 728 1278 798 ejus
1337 725 1576 781 nomine
1606 726 1766 791 locis,

150 825 304 879 nobis
335 839 515 894 usque
548 836 702 876 nunc
733 817 1027 889 incognita
1068 819 1329 881 manent,
1364 815 1576 885 partim
1606 814 1765 896 anti-_

158 913 388 986 quitate,
417 910 636 982 partim
690 907 1035 977 scriptorum
1082 903 1437 975 negligentia
1488 901 1769 957 oblivionl

158 1001 384 1055 tradita.
410 1001 535 1069 Ipse
565 1001 763 1051 tamen
791 1011 859 1049 eo
887 1008 1179 1059 sermone,
1214 1009 1387 1063 quem
1416 991 1474 1045 in
1505 990 1768 1060 ejusdem

158 1088 334 1144 Patris
359 1086 530 1141 laude
579 1100 643 1139 ac
690 1084 913 1138 honore
942 1080 1354 1136 facundissime
1384 1078 1617 1132 dictavit
1646 1078 1767 1132 elo-

158 1176 410 1250 quentia,
444 1175 735 1229 memorat
757 1171 1028 1226 eumdem
1072 1168 1491 1225 ccenobitarum
1542 1166 1769 1237 legisla-

161 1271 345 1321 torem
401 1263 515 1317 suis
569 1260 926 1332 temporibus
978 1258 1175 1313 multis
1226 1257 1639 1311 miraculorum
1685 1272 1773 1309 ra-

162 1355 343 1409 diasse
371 1352 574 1423 signis.

227 1445 293 1495 At
358 1457 427 1495 eo
484 1439 795 1510 migrante,
850 1441 908 1491 et
958 1435 1383 1490 Archembaldo
1434 1434 1543 1503 (12)
1606 1432 1774 1503 hujus

160 1530 300 1585 sacri
329 1529 494 1583 ovilis
543 1525 990 1580 sollicitudinem
1048 1523 1387 1594 excipiente.
1423 1526 1614 1592 Drogo
1648 1521 1774 1592 qui-

160 1619 317 1683 dam,
366 1616 574 1670 sa-culo
626 1632 743 1669 non
801 1614 990 1667 solum
1044 1628 1308 1683 corpore,
1360 1627 1562 1665 verum
1595 1610 1773 1664 etiam

161 1710 287 1761 tota
344 1703 657 1775 implicitus
712 1705 929 1768 mente,
980 1700 1055 1755 ad
1112 1698 1549 1754 conversionem
1600 1696 1776 1751 venit.

163 1795 335 1866 Cujus
357 1792 624 1863 spiritum
657 1790 966 1844 mundanae
990 1788 1226 1843 vanitati
1240 1787 1598 1859 jampridem
1620 1784 1780 1839 dedi-

161 1887 287 1937 tum
338 1881 499 1935 idem
526 1879 702 1934 abbas
731 1877 977 1948 experiri
1018 1893 1120 1949 pro
1168 1879 1323 1930 certo
1359 1876 1556 1930 volens
1586 1877 1778 1928 utrum

1873 724 2282 794 ignibus,tecto
2300 722 2803 795 appropinquabat
2812 722 3082 795 pauperis
3093 723 3480 795 tugurii.Tum

1872 814 2037 869 miles
2068 812 2279 868 Christi
2327 814 2399 867 ad
2428 816 2567 867 nota
2597 829 2901 867 recurrens
2960 812 3249 884 prtesidia,
3313 813 3480 884 signo

1872 902 2053 957 erucis
2073 904 2262 957 armat
2289 902 2564 967 frontem,
2591 904 2892 973 totumque
2918 917 2977 955 se
3001 901 3270 955 adversus
3295 902 3483 972 phan-

1870 990 2138 1045 tasticum
2174 989 2372 1060 objicit
2442 988 2799 1056 incendium,
2873 1005 3103 1044 memor
3156 989 3376 1062 utique,
3423 995 3486 1045 ut

1869 1079 2075 1150 conjici
2099 1079 2289 1145 datur,
2342 1094 2586 1149 operum
2615 1076 2839 1133 domini
2871 1094 2937 1133 ac
2964 1077 3226 1150 magistri
3264 1078 3349 1133 sui
3382 1079 3488 1133 Be-

1871 1166 2101 1234 nedicti,
2139 1166 2257 1238 qui,
2293 1166 2501 1221 divina:
2527 1167 2731 1237 gratim
2751 1170 3074 1239 prmventus
3106 1168 3487 1234 munere,ad-

1873 1258 2106 1310 urentes
2128 1255 2634 1321 flammas,vocatis
2654 1255 2725 1309 ad
2767 1271 2898 1309 suos
2949 1255 3143 1311 oculos
3178 1255 3488 1328 discipulis,

1874 1343 2245 1415 imaginariae
2288 1344 2461 1398 fuisse
2506 1344 2817 1399 declaravit
2843 1345 3032 1415 (Gneo.
3088 1344 3190 1400 lib.
3245 1354 3283 1400 η
3325 1344 3481 1400 Dial.

1876 1448 2001 1504 cap.
2034 1435 2138 1502 10).
2172 1432 2449 1486 Hacillius
2483 1433 2807 1488 constantia
2840 1433 3250 1489 frausinimica
3272 1434 3493 1490 devicta

1882 1521 2161 1592 disparuit
2189 1521 2386 1576 Adfuit
2411 1539 2441 1576 e
2463 1522 2699 1593 vestigio
2732 1539 2995 1594 supernae
3020 1523 3359 1578 visitationis
3392 1524 3494 1578 be-

1881 1610 2478 1680 nignaconsolatio,et
2490 1611 3077 1667 claritatisimmensa:
3090 1612 3495 1666 circumfussus

1881 1698 2123 1765 lumine,
2155 1699 2450 1769 conspexit
2472 1700 2641 1754 simul
2674 1715 2807 1753 cum
2856 1701 3164 1772 splendore
3194 1701 3493 1756 advenisse

1882 1786 2198 1857 quemdam
2227 1786 2462 1857 egregia
2482 1790 2779 1859 comptum
2810 1786 3004 1843 forma
3028 1789 3272 1861 albaque
3300 1788 3497 1862 pallia-

1882 1876 2008 1927 tum
2038 1874 2206 1941 stola,
2240 1874 2337 1945 qui
2364 1873 2423 1927 in
2454 1874 2578 1928 haec
2608 1875 2782 1929 verba
2808 1878 3048 1930 venusta
3076 1876 3310 1931 resolvit
3339 1893 3443 1932 ora
3474 1893 3489 1932 :

169 1971 356 2025 adhuc
388 1986 454 2022 ex
483 1969 602 2023 Deo
656 1969 823 2032 esset,
872 1966 1170 2020 tramitem
1217 1964 1497 2034 regularis
1548 1959 1914 2026 excessitB«
1941 1963 2079 2028 Ave,
2113 1961 2325 2033 inquit,
2374 1962 2597 2033 primus
2653 1963 2888 2032 hujusce
2943 1966 3115 2018 vastae
3172 1964 3496 2019 solitudinis

166 2057 560 2128 probationis.
591 2055 736 2109 Nam
784 2054 1064 2125 petiturus
1086 2054 1354 2118 Romam,
1377 2051 1593 2106 animal
1616 2048 1785 2104 sarci-

166 2162 265 2200 nas
286 2143 488 2200 itineri
510 2142 859 2197 necessarias
888 2142 1079 2196 ferens
1103 2157 1286 2196 manu
1316 2139 1544 2194 trahere
1566 2138 1781 2209 absque

168 2235 335 2288 ullius
368 2231 684 2287 evectionis
730 2229 1079 2301 adjumentis
1108 2228 1349 2301 pedibus
1386 2226 1539 2281 viam
1573 2226 1783 2280 terenti

164 2321 503 2393 imperavit,
524 2323 587 2373 ut
606 2318 704 2391 qui
719 2317 995 2389 pravitate
1018 2332 1246 2371 morum
1272 2315 1524 2387 reliquos
1549 2314 1782 2369 saecula-

162 2410 320 2465 ribus
336 2408 511 2480 nugis
522 2405 999 2462 abrenuntiantes
1012 2404 1311 2460 excessisse
1324 2403 1786 2469 eredebatur,ex-

160 2499 399 2553 cederet
431 2496 611 2551 etiam
636 2511 754 2565 pra:
776 2497 1005 2549 ostensa
1030 2492 1356 2564 abjectioris
1379 2492 1572 2546 forma
1592 2490 1781 2545 humi-

157 2587 353 2641 litatis.
380 2585 509 2649 Qua
539 2584 634 2638 ille
665 2582 896 2653 injuria,
917 2581 1076 2654 quasi
1109 2581 1361 2652 quadam
1387 2584 1535 2647 eote,
1567 2578 1643 2633 ad
1669 2577 1780 2633 vir-

156 2679 352 2729 tutum
382 2688 631 2727 acumen
657 2688 809 2737 usus,
834 2674 1141 2741 postquam
1164 2672 1224 2722 ut
1239 2666 1779 2738 suscipereturobti-

155 2763 307 2830 nuit,
324 2761 660 2833 praecedere
676 2758 981 2813 caeterosin
1009 2757 1310 2811 sanctitate
1324 2757 1450 2811 vita:
1469 2756 1775 2810 nitebatur.

234 2855 326 2907 14.
365 2851 581 2905 Verum
613 2852 938 2903 memorato
968 2848 1176 2901 abbate
1197 2844 1615 2899 monasterialis
1636 2844 1781 2915 regi-

156 2941 341 2995 minis
368 2944 558 2994 metas
578 2939 921 3008 attingente,
947 2934 1369 3004 venerabilique
1398 2934 1517 2987 viro
1540 2934 1778 2987 Wlfaldo

155 3032 208 3083 ei
246 3029 624 3093 succedente,
672 3027 766 3097 qui
829 3029 956 3095 post
1008 3023 1375 3078 Carnotensis
1417 3022 1629 3076 exstitit
1668 3023 1782 3092 (l3)

159 3120 380 3189 praesul
416 3116 595 3182 urbis,
630 3116 757 3185 jam
806 3113 989 3167 dictus
1017 3114 1098 3166 vir
1143 3113 1333 3182 Drogo
1386 3112 1456 3165 ab
1502 3127 1570 3164 eo
1619 3109 1784 3178 petiit

157 3206 597 3277 mgerrimeque
630 3201 959 3274 impetravit
980 3204 1041 3254 ut
1060 3200 1187 3266 sibi,
1209 3200 1264 3253 in
1294 3198 1621 3254 cwnobitali
1657 3198 1784 3251 diu-

1885 2048 2326 2115 accola,Cbristo
2349 2048 2553 2103 diatim
2575 2049 2809 2104 contriti
2839 2049 3028 2105 cordis
3044 2050 3344 2122 placabilia
3360 2050 3496 2106 offe-

1885 2153 2017 2192 rens
2037 2136 2535 2193 libamina.Fuerit
2549 2136 2785 2208 quidem
2808 2137 3187 2195 intolerabilis
3213 2138 3331 2194 visa
3361 2155 3495 2211 per-

1885 2226 1985 2280 fidi
2016 2226 2321 2281 tentatoris
2374 2225 2713 2297 pervicacia,
2752 2227 2851 2283 sed
2867 2231 2998 2299 post
3024 2230 3227 2283 ventos
3272 2232 3331 2282 et
3388 2245 3495 2284 nu-

1885 2313 2021 2383 bila,
2046 2315 2381 2387 tranquilla,
2412 2315 2584 2370 crede
2614 2315 2781 2384 mihi,
2803 2315 2907 2370 tibi
2925 2316 3234 2372 succedent
3263 2333 3491 2374 serena.

1884 2403 2169 2475 Propositi
2201 2402 2396 2475 itaque
2423 2402 2504 2457 tui
2533 2420 2606 2459 ne
2634 2420 2816 2459 cesses
2833 2404 3175 2460 continuare
3225 2422 3496 2478 perseve-

1883 2490 2499 2563 rantiam,alumnique
2517 2490 2599 2547 tui
2624 2492 2917 2547 Benedicti
2930 2492 3197 2548 laudibus
3225 2495 3497 2567 prosequi

1883 2580 2498 2635 celebritatem.Tuum
2529 2585 2660 2653 post
2678 2580 2799 2636 haec
2827 2582 2937 2637 erit
2985 2581 3306 2638 deliberare
3359 2584 3499 2655 quid

1888 2669 2027 2723 velis
2079 2668 2526 2739 poscere;illius
2583 2669 2837 2725 studium
2888 2671 3114 2743 postula
3157 2671 3496 2728 concedere.

1881 2757 2087 2811 Aderit
2117 2757 2391 2829 deinceps
2426 2761 2489 2812 ut
2512 2774 2628 2813 non
2659 2759 2731 2813 sit
2758 2775 2990 2814 necesse
3037 2760 3356 2832 quidquam
3392 2776 3495 2832 pe-

1883 2849 2034 2912 tere;
2068 2845 2205 2917 quin
2229 2846 2418 2916 potius
2446 2849 2581 2901 ante
2606 2846 2688 2900 tui
2733 2846 3182 2915 invocationem,
3216 2848 3316 2903 tibi
3350 2864 3502 2919 prae.-

1880 2936 1968 2988 sto
1993 2934 2325 3005 procurabit
2353 2934 2497 2989 fore.
2519 2954 2551 2987 θ
2590 2936 2766 3006 Hujus
2787 2936 3228 3005 jucundissimaa
3256 2936 3501 2992 affabili-

1882 3021 2014 3075 tatis
2044 3026 2340 3076 auctorem
2372 3039 2489 3078 non
2512 3023 2691 3079 alium
2723 3025 3009 3080 solitarius
3033 3025 3129 3080 ille
3157 3027 3269 3098 (15)
3300 3028 3499 3096 procul

1885 3110 2059 3164 dubio
2087 3111 2401 3181 suspicatus
2424 3128 2543 3166 esse
2596 3129 2772 3184 quam
2824 3114 3220 3169 beatissimum
3268 3116 3501 3171 Patrem

1883 3196 2339 3265 Benedictum,ei
2358 3216 2460 3269 pro
2478 3216 2642 3271 posse
2665 3217 2729 3255 ac
2760 3201 2902 3256 scire
2930 3203 3253 3274 gratiarum
3279 3203 3501 3258 studuit

156 3273 341 3350 turne
364 3273 613 3365 probato
646 3273 1100 3355 conversatione,
1136 3288 1313 3342 eremi
1342 3287 1692 3357 singularem
1715 3286 1783 3339 li-
1822 3273 1868 3336 C
1889 3286 2091 3340 munia
2122 3303 2586 3358 recompensare.
2625 3289 2962 3361 Eccequalis
2991 3295 3318 3363 acquantus
3334 3292 3503 3363 hujus

155 3380 583 3454 ceretaggredi
601 3394 879 3450 pugnam.
903 3378 1086 3440 Quam
1109 3392 1176 3430 eo
1192 3377 1316 3430 loco
1336 3376 1433 3447 qui
1454 3375 1651 3429 Balma
1672 3375 1786 3442 (14)

156 3472 378 3525 dicitur
432 3468 673 3523 viriliter
724 3466 991 3522 adversus
1048 3464 1269 3536 antiqui
1318 3462 1496 3518 hostis
1552 3461 1788 3517 insidias

155 3559 504 3631 suscipiens,
524 3559 742 3629 quanta
768 3557 825 3609 et
840 3553 1032 3626 qualia
1048 3553 1437 3608 tentationum
1459 3551 1786 3607 certamina

154 3648 493 3722 pertulerit,
552 3662 671 3699 non
721 3647 805 3699 est
852 3643 1017 3713 hujus
1065 3642 1253 3713 operis
1298 3642 1584 3696 evolvere.
1633 3640 1786 3696 Sane

159 3737 310 3791 dum
336 3736 399 3790 in
430 3731 780 3789 contritione
805 3731 992 3786 carnis
1021 3746 1085 3785 ac
1112 3730 1343 3801 spiritus
1364 3733 1547 3785 totam
1569 3746 1787 3802 expen-

160 3825 335 3881 deret
388 3823 593 3893 vitam,
625 3824 685 3875 et
712 3819 918 3892 vigiliis
951 3818 1195 3891 jejunia,
1243 3818 1502 3892 jejuniis,
1566 3818 1788 3891 vigilias

161 3912 517 3969 alternando
543 3909 931 3977 subnecteret,
958 3907 1251 3979 graviores
1297 3907 1518 3963 inimici
1558 3907 1788 3979 generis

160 4000 415 4057 humani
444 3997 672 4070 perpeti
699 3997 868 4068 coepit
890 3996 1143 4051 insidias.

241 4096 333 4149 15.
367 4089 631 4154 Quadam
666 4103 920 4158 namque
942 4090 1112 4141 nocte
1141 4102 1270 4158 quae
1299 4102 1480 4141 unam
1506 4086 1786 4142 festivita-

163 4185 298 4235 tum
328 4175 797 4234 excellentissimi
814 4174 1156 4246 legislatoris
1182 4175 1603 4230 monachorum
1629 4178 1786 4230 ante-

166 4269 417 4325 cedebat
448 4264 765 4331 Benedicti,
810 4264 1090 4318 maturius
1121 4263 1361 4341 pervigil
1400 4279 1637 4334 surgens
1668 4279 1789 4318 ere-

171 4359 337 4426 mita,
370 4354 711 4428 explorabat
750 4354 854 4407 sub
885 4353 979 4408 dio
1010 4369 1346 4425 progressus
1388 4354 1684 4407 stellarum
1727 4353 1787 4407 in

176 4451 305 4501 ortu
335 4442 725 4516 competentis
768 4443 927 4496 hora:
963 4442 1299 4508 adventum,
1340 4441 1399 4495 in
1427 4458 1542 4513 qua
1570 4442 1688 4496 Deo
1723 4458 1788 4496 ac

1887 3374 2069 3429 nostri
2099 3374 2443 3445 protectoris
2456 3376 2605 3430 circa
2618 3376 2823 3432 devote
2839 3379 2913 3433 ad
2937 3379 3059 3449 ejus
3069 3384 3501 3437 sacrosanctum

1887 3463 2233 3518 excubantes
2290 3464 2581 3518 tumulum
2636 3464 2839 3519 existat
2894 3466 3077 3535 favor,
3122 3467 3258 3522 hinc
3310 3469 3501 3541 colligi

1889 3550 2108 3619 valet,si
2136 3551 2217 3607 ita
2245 3567 2501 3623 praesens
2530 3550 2618 3606 his
2648 3568 2877 3624 quoque
2898 3558 3141 3625 apparet
3156 3554 3330 3626 ipsius
3360 3572 3501 3613 con-

1888 3639 2093 3695 solatio
2116 3638 2213 3711 qui
2243 3640 2444 3711 procul
2474 3643 2701 3696 remoto
2758 3644 3197 3698 commanentes
3239 3642 3300 3697 in
3352 3645 3497 3714 solo,

1891 3727 2014 3800 ejus
2034 3727 2334 3785 humiliter
2360 3744 2420 3784 se
2446 3728 2666 3784 dedunt
2685 3729 2982 3803 obsequio.

2533 3835 2756 3891 CAPUT
2794 3835 2857 3895 V.

1887 3922 2190 3980 Ludovicus
2236 3940 2330 3980 rex
2360 3921 2547 3999 Caroli
2568 3940 2894 3999 _succe_ssor;_
2916 3924 3022 3996 ﬁlii
3064 3927 3178 3999 eius
3226 3927 3331 3984 duo
3381 3930 3498 3987 Ar-

2244 4002 2429 4051 nustus
2458 3996 2520 4052 S.
2551 3995 2840 4053 Benedicto
2859 3995 2954 4054 ιιαι
2976 3995 3175 4069 parias.

1961 4087 2047 4140 16.
2082 4083 2367 4139 Caeterum
2401 4084 2645 4141 Rodulfo
2694 4102 2833 4158 rege
2862 4085 3158 4151 defuncto.
3207 4088 3328 4161 qui,
3357 4090 3500 4147 dum

1888 4173 2066 4229 armis
2088 4177 2388 4244 protervos
2421 4176 2714 4229 Danorum
2736 4178 3051 4248 compescit
3077 4176 3357 4247 incursus,
3377 4180 3500 4235 Gal-

1887 4262 1991 4317 lias
2019 4279 2197 4334 usque
2219 4262 2404 4317 adhuc
2434 4264 2507 4318 ab
2529 4280 2732 4319 eorum
2754 4264 2976 4336 impetu
3003 4282 3222 4339 magna
3241 4284 3308 4323 ex
3333 4273 3500 4341 parte

1887 4351 2025 4405 facit
2053 4365 2291 4405 manere
2315 4350 2558 4422 quietas,
2605 4369 2897 4409 conversas
2919 4371 3037 4411 res:
3066 4372 3205 4411 nam
3262 4358 3500 4415 Carolus

1889 4441 2176 4511 ergastulo
2195 4441 2436 4509 clausus,
2477 4441 2758 4511 animam,
2793 4460 2911 4499 non
2962 4461 3190 4517 corpus,
3239 4447 3499 4502 custodia

177 4501 492 4606 protectori
521 4549 625 4587 suo
654 4530 889 4585 laudum
917 4529 1208 4602 praeconia
1226 4501 1421 4584 saneto
1438 4501 1790 4601 persolveret
1812 4501 1865 4560 D
1889 4501 2123 4598 exemit,
2158 4501 2489 4601 relinquens
2517 4501 2864 4587 Ludovicum
2894 4549 2962 4588 ex
3021 4501 3337 4606 Head'tgiva
3388 4536 3500 4607 (16)

181 4623 508 4679 Benedicto.
536 4620 651 4675 Sed
674 4619 897 4672 invidus
918 4619 1180 4673 omnium
1196 4618 1483 4673 bonorum
1508 4618 1786 4689 diabolus,

182 4713 505 4768 calliditatis
526 4712 817 4764 consueta:
842 4712 965 4763 astu
994 4712 1252 4761 mentem
1276 4707 1323 4778 ej
1337 4726 1397 4762 us
1436 4708 1508 4763 ab
1540 4707 1789 4780 inccnpto

184 4801 470 4857 deterrere
488 4802 647 4855 bono
666 4798 915 4869 gestiens
933 4797 1438 4868 proposito,aereae
1454 4797 1795 4869 quercusin-

173 4906 585 4963 Archembaldi
610 4920 899 4959 successor
918 4904 1254 4959 laudaturin
1277 4904 1416 4959 Vitae
1442 4904 1623 4959 sancti
1646 4905 1793 4960 0do~

165 4982 262 5033 :nis
286 4983 413 5035 loco
446 4977 768 5049 praecitato.

246 5052 361 5121 (12)
398 5045 559 5121 ιε’ρει
589 5046 1151 5121 Εςοδῐηῂριὼιεπίιιιὶ
1178 5045 1421 5121 regulam
1446 5051 1790 5104 monasticam

157 5123 235 5173 in
254 5116 589 5175 'mo'nastario
620 5116 1247 5189 SqncjtiRemigii'apud
1266 5118 1474 5172 Remos
1505 5121 1794 5173 restituisse

169 5193 517 5259 perhibetur
546 5188 703 5260 apud
732 5188 1141 5243 Frodoardum'
1173 5188 1229 5242 in
1281 5189 1540 5244 Historiae
1584 5190 1681 5245 lib.
1714 5197 1789 5257 iv,

191 5275 308 5317 can.
344 5264 436 5317 3'2.
652 5280 667 5297 ι

254 5279 566 5401 latrinae
611 5346 706 5384 vni
739 5329 993 5401 Letharii
1019 5329 1189 5401 regis,
1223 5332 1287 5383 ut
1322 5333 1549 5385 constat
1578 5347 1645 5385 ex
1674 5331 1792 5384 fra-

190 5407 422 5522 gmento
453 5402 610 5474 apud
641 5400 950 5455 Chesnium
982 5400 1135 5482 edito
1169 5400 1227 5454 in
1258 5404 1416 5455 temo
1437 5402 1506 5454 Ill
1534 5401 1793 5456 Historia:

233 5489 559 5522 rannnrnm.
594 5487 727 5522 nag.
763 5473 885 5522 343.
918 5488 1013 5522 mn
1046 5487 1229 5522 annus
1278 5471 1591 5522 resnondet
1640 5486 1792 5522 anno

233 5471 559 5544 raucorum,
594 5487 727 5544 pag.
763 5473 885 5544 343,
910 5472 1013 5544 qui
1046 5487 1229 5544 annus
1278 5471 1591 5543 respondet
1640 5486 1792 5544 anno

194 5540 408 5599 Christo
431 5547 555 5599 962.
596 5540 769 5595 'ls’eo
814 5540 1327 5596 loci—Floriaccnse
1372 5540 1795 5596 monasterium

192 5615 326 5684 [allo
351 5619 411 5669 ct
432 5630 602 5668 muro
625 5611 933 5666 munivisse
951 5612 1268 5684 dicituriet
1290 5612 1599 5684 Oswaldus,
1616 5629 1799 5684 nepos

197 5678 404 5753 Odonis
447 5684 896 5753 Cantuariorum
953 5681 1259 5753 pontificis,
1308 5678 1801 5753 Floﬁriacidmo‘na-

195 5752 359 5811 chum
404 5754 677 5810 induisse.
729 5752 841 5808 Sed
882 5751 1080 5808 tamen
1107 5752 1486 5823 corrigendos
1513 5751 1662 5807 illius
1688 5754 1802 5810 fra-

196 5827 419 5893 gmenti
442 5825 691 5899 scriptor
708 5823 767 5879 in
796 5839 865 5879 eo
886 5824 1042 5896 quod
1072 5822 1354 5879 Richardo
1380 5823 1576 5879 abbati
1602 5824 1799 5885 Wlfal-

627 5925 888 5983 Pa'raon.
916 5921 1170 5981 CXXXIX.

1888 4627 2212 4699 Anglorum
2241 4627 2393 4698 regis
2424 4626 2541 4682 ﬁlia
2579 4633 2928 4701 susceptum.
2989 4629 3095 4694 Qui
3154 4631 3497 4688 calamitatis

1891 4719 2147 4788 paternae
2166 4716 2417 4785 procella
2442 4719 2626 4771 semet
2656 4717 2864 4773 involvi
2896 4721 3164 4774 metuens
3189 4719 3263 4774 ad
3280 4720 3499 4791 Anglo-

1894 4804 2167 4871 Saxones,
2183 4807 2461 4859 materna:
2479 4804 2776 4860 afﬁnitatis
2792 4805 3064 4861 invitatus
3074 4806 3346 4877 gratia,se
3365 4823 3497 4875 con,

1894 4911 2035 4966 dum
2065 4909 2374 4977 substituit,
2408 4926 2537 4964 eum
2570 4910 2886 4966 Richardus
2924 4912 3167 4969 Wlfaldo
3215 4930 3500 4970 successe-

1891 4982 1987 5049 rit,
2017 4996 2084 5034 ex
2114 4981 2406 5047 Aimoino,
2439 4981 2591 5034 infra
2607 4997 2731 5050 cap.
2762 4989 2815 5036 7.

1967 5053 2073 5119 (14)
2094 5054 2180 5104 An
2204 5051 2484 5123 Balmain
2525 5050 2733 5105 finibus
2764 5051 3152 5123 Burgundios?
3182 5056 3279 5121 ub,
3312 5058 3498 5113 Berno

1894 5123 2077 5202 abbas
2100 5121 2813 5202 rno_nas.teri_u_m_per‘_suos
2861 5120 3128 5201 instituit,
3153 5120 3359 5202 exlib.
3420 5130 3500 5184 De

1891 5195 2020 5249 Vita
2046 5192 2102 5247 S.
2129 5193 2344 5247 Odonis
2373 5191 2595 5245 abbatis
2625 5191 3038 5259 Cluniaeeneis,
3069 5207 3194 5259 cap.
3232 5199 3319 5250 10.

1967 5211 2020 5247 La
2047 5211 2102 5247 δ.
2129 5211 2344 5247 υαοηιε
2373 5211 2595 5245 annaus
2625 5211 3038 5259 blunIaCBDCIS,
3069 5211 3134 5247 ca
3182 5235 3194 5248 .
3232 5211 3319 5250 ιυ.

1967 5264 2075 5333 (15)
2109 5265 2446 5332 Drogonem
2478 5276 2609 5333 cum
2632 5262 2799 5333 titulo
2820 5211 3198 5333 Beatigretuiit
3228 5265 3286 5318 in
3307 5267 3503 5322 Meno-

1893 5331 2315 5413 logiumsuum
2355 5332 2669 5413 .Bucelinu‘s
2701 5332 2780 5413 ad
2802 5337 2835 5387 2
2859 5331 3110 5413 A_priliis:
3170 5337 3503 5413 Drogonem

1893 5402 2067 5459 fuisse
2096 5403 2281 5458 virum
2312 5402 2472 5473 pium
2494 5406 2651 5470 patet
2679 5418 2745 5456 ex
2767 5404 2876 5458 hoc
2898 5402 3057 5458 loco:
3088 5402 3506 5463 beatum'dicere

1898 5472 2079 5549 nolim
2111 5472 2328 5543 absque
2348 5474 2601 5539 auctore,
2630 5489 2819 5544 neque
2844 5474 3050 5529 mortis
3070 5474 3507 5549 diemignotum

1902 5560 2216 5599 assngnarc.

1973 5560 2417 5689 zigtitiaguslapis
2444 5612 2776 5689 sepulcralis
2820 5616 2881 5672 in
2920 5620 3121 5689 crypta
3172 5624 3513 5681 monasterii

1901 5683 2092 5768 _San_cti
2125 5683 2374 5768 Medardci
2400 5683 2554 5768 apud
2574 5684 2908 5768 suessionas
2944 5683 3199 5768 cernitur
3226 5709 3360 5749 cum
3388 5696 3515 5768 epi-

1904 5757 2129 5833 taphio,
2162 5756 2317 5831 quod
2347 5756 2407 5813 in
2435 5756 2596 5813 tome
2619 5758 2641 5815 Ι
2668 5760 3081 5819 Analectorum
3110 5763 3333 5821 editum
3359 5756 3446 5826 est

3237 5937 3309 5996 26
