3882 6212
453 397 548 456 8H

449 701 660 765 biculo,
690 719 789 758 rex
816 703 873 757 in
905 703 1180 758 convivio.
1225 705 1359 759 Post
1405 721 1706 760 excessum
1756 721 1894 759 sane
1951 705 2061 758 Ro-

449 790 606 845 dulfii
634 791 786 863 regis
815 791 886 846 ab
916 793 1154 864 Hugone
1213 793 1416 864 Magno
1482 797 1782 848 revocatus
1842 793 2056 864 specie-

449 883 613 934 tenus
631 895 811 950 regno
826 880 1082 935 redditus
1093 884 1178 936 est
1196 881 1517 954 patrio.Cuj
1528 899 1590 937 us
1609 879 2056 948 administratio,

439 967 532 1038 jus
558 967 970 1023 dominationis
995 986 1258 1025 exercere
1289 971 1562 1042 cupienti,
1597 973 1716 1024 tam
1778 967 1864 1022 sui
1895 985 1930 1022 a
1952 968 2056 1022 Te-

443 1056 715 1112 thebaldo
744 1057 1183 1112 Carnotensium
1206 1058 1418 1114 comite
1446 1058 1712 1130 captione
1735 1073 1906 1128 quam
1932 1059 2060 1126 post

442 1145 607 1216 regni
627 1146 1086 1217 recuperatione,
1121 1147 1300 1214 varia,
1328 1145 1614 1202 instabilis
1638 1147 1885 1200 fortuna:
1920 1161 2055 1216 pro-

441 1237 633 1300 ventu,
657 1235 1055 1306 laboriosaque
1091 1235 1171 1290 illi
1200 1235 1333 1292 fuit.
1371 1237 1418 1290 Is
1443 1235 1586 1289 obiit
1615 1237 1863 1289 mortem
1918 1233 2056 1287 duo-

443 1323 546 1376 bus
576 1323 774 1378 liberis
797 1323 1216 1394 superstitibus,
1275 1324 1544 1378 Lothario
1603 1327 1776 1394 atque
1827 1323 2050 1386 Carolo,

441 1427 583 1482 quos
607 1411 660 1466 ei
682 1411 970 1483 Gerberga
983 1429 1147 1468 soror
1171 1413 1838 1479 Othonis,Romanorum
1856 1414 2054 1481 postea

440 1499 824 1570 imperatoris,
885 1504 1190 1572 genuerat.
1229 1502 1467 1557 Carolus
1513 1517 1632 1555 aevo
1685 1498 1899 1570 iunior,
1933 1498 2049 1570 pri-

436 1587 580 1642 vatis
610 1587 667 1642 in
725 1590 944 1644 aedibus
995 1590 1226 1656 senuit;
1259 1589 1318 1644 in
1366 1588 1767 1644 hereditatem
1811 1602 2048 1641 omnem

436 1675 735 1732 Lotharius
764 1678 1050 1745 successit,
1087 1679 1179 1750 qui
1203 1681 1485 1749 potestate
1515 1677 1678 1748 regia
1707 1677 1938 1730 functus
1965 1677 2050 1728 est

433 1779 536 1834 per
567 1765 807 1837 triginta
825 1769 882 1820 et
911 1783 979 1821 eo
1011 1767 1262 1838 amplius
1293 1783 1477 1820 annos
1509 1769 1806 1838 perpetua.

502 1857 586 1908 l7.
621 1855 752 1925 Ejus
781 1853 838 1908 in
871 1853 1089 1922 diebus,
1120 1859 1240 1909 tam
1273 1855 1427 1927 apud
1453 1850 2044 1909 sacratissimaPatris
2071 1844 2120 1902 B

425 1941 604 1996 nostri
637 1941 924 1996 Benedicti
955 1959 1082 1996 ossa
1115 1959 1411 2016 quamque
1434 1945 1492 1998 et
1518 1943 1576 1997 in
1609 1941 1734 1997 aliis
1756 1941 1915 2008 locis,
1943 1939 2043 1994 ubi

423 2029 544 2100 ejus
573 2031 903 2086 veneranda
920 2031 1166 2086 habetur
1181 2031 1702 2098 mcmoria,multa,
1730 2033 2041 2102 praestante

419 2119 558 2186 Deo,
587 2135 690 2190 per
715 2120 989 2174 eumdem
1017 2121 1319 2192 egregium
1369 2121 1761 2176 confessorem
1810 2123 2038 2192 patrata

415 2209 550 2260 sunt
579 2206 1012 2279 miracula,quae
1044 2213 1417 2281 posterorum
1442 2207 1662 2263 notitia:
1679 2207 1904 2262 Christo
1934 2223 2038 2261 nos

406 2294 644 2365 juvante
675 2296 906 2350 tradere
937 2296 1292 2351 adoriemur.
1319 2297 1464 2353 Nam
1486 2298 1765 2350 Arnustus
1796 2296 2034 2368 quidam

412 2382 544 2451 fuit,
577 2382 960 2438 virszecularis
992 2383 1214 2439 militia:
1247 2385 1434 2439 clarus
1449 2383 1770 2455 stipendiis,
1802 2383 1899 2456 qui
1958 2384 2030 2438 ab

411 2470 834 2524 Archembaldo
851 2470 1019 2541 hujus
1035 2471 1142 2525 loci
1161 2473 1369 2526 abbate
1394 2471 1762 2526 beneficiario
1782 2472 1914 2544 jure
1929 2471 2032 2526 ali-

415 2574 608 2630 quaex
632 2559 1082 2630 possessionibus
1121 2558 1586 2614 monasteriisibi
1619 2559 1830 2614 tradita
1861 2560 2035 2630 possi-

419 2646 453 2699 d
465 2645 614 2702 cbat.
647 2645 743 2700 Hic
761 2645 971 2700 oblitus
985 2646 1443 2714 benefactorum,
1464 2647 1594 2701 fidei
1611 2663 1840 2720 quoque
1855 2665 2029 2720 quam

423 2737 790 2789 sacramento
823 2738 1018 2790 sancto
1043 2735 1435 2806 spoponderat
1464 2735 1795 2806 Benedicto,
1829 2753 1894 2790 ac
1949 2735 2028 2792 illi

411 2841 514 2896 pro
567 2840 733 2896 posse
781 2821 1200 2879 famulantibus
1261 2825 1580 2893 monachis,
1643 2825 2030 2880 Pauliacensis

409 2913 647 2984 (Pouilly
675 2912 733 2966 in
765 2912 1044 2968 Nivernis.
1092 2912 1162 2968 V.
1195 2913 1553 2980 Andrevald.,
1615 2931 1742 2987 cap.
1783 2917 1874 2986 37)
1925 2931 2025 2987 pa-

409 3001 621 3056 rochiie
645 3001 930 3074 pra-dium
959 3002 1189 3056 aSSldlla
1215 3001 1551 3056 exinanibat
1601 3002 1918 3058 metatione
1953 3003 2031 3074 [id

407 3098 482 3144 est
511 3089 948 3180 hospitatione].
995 3090 1096 3180 Cui
1127 3107 1261 3146 cum
1294 3107 1327 3144 a
1352 3091 1626 3180 fratribus
1674 3091 2018 3180 mandatum
2051 3119 2100 3180 α

417 3181 566 3234 esset
594 3181 656 3234 ut
676 3179 748 3234 ab
770 3179 877 3234 hac
921 3173 1374 3252 praesumptione
1425 3178 1767 3252 quiesceret,
1815 3179 2025 3254 illeque

421 3269 824 3340 obtemperare
853 3269 1192 3340 despiceret,
1211 3267 1393 3324 coacti
1413 3269 1641 3332 fratres,
1661 3267 2030 3341 omnipoten-

412 3355 485 3412 tis
508 3357 738 3412 Domini
778 3357 1153 3412 clementiam
1210 3355 1558 3430 patronique
1588 3357 1674 3411 sui
1730 3355 2024 3413 Benedicti

407 3445 680 3501 auxilium
709 3445 1024 3519 implorare
1047 3447 1371 3518 coeperunt.
1405 3445 1520 3500 Illis
1537 3445 1788 3518 denique
1811 3444 2022 3500 obnixe

406 3533 721 3590 Dominum
749 3534 1110 3606 rogantibus,
1143 3533 1471 3589 adversario
1510 3551 1644 3589 vero
1667 3533 1726 3588 in
1759 3551 1860 3590 sua
1891 3550 2021 3607 per-

407 3620 650 3677 durante
664 3621 1157 3694 malitia,contigit
1187 3625 1250 3676 ut
1271 3639 1388 3676 una
1411 3621 1638 3677 dierum
1659 3627 2019 3678 memoratus

405 3707 492 3763 vir
516 3709 825 3782 prandium
842 3709 946 3764 sibi
959 3709 1015 3764 in
1031 3708 1318 3779 jamdicto
1341 3709 1558 3780 prasdio
1570 3709 1762 3780 parari
1780 3709 2018 3780 jubens,

405 3795 560 3852 inter
578 3797 839 3853 lautioris
865 3813 1082 3852 mensa:
1113 3797 1515 3868 epulas,poma
1545 3796 1658 3868 piri
1689 3797 1764 3852 ad
1789 3813 2023 3854 vescen-

408 3885 547 3940 dum
576 3885 790 3958 inquiri
811 3885 1064 3956 juberet.
1087 3885 1130 3938 E
1149 3883 1354 3955 quibus
1378 3901 1560 3939 unum
1587 3900 1768 3940 manu
1789 3887 2017 3956 tenens,

407 3978 538 4045 post
567 3975 775 4028 multas
805 3971 1194 4042 blasphemias
1217 3971 1488 4027 adversus
1531 3974 1851 4030 monachos
1893 3974 2020 4032 Flo-

407 4061 694 4116 riacenses
716 4060 1391 4132 prolatasJuramentum
1409 4061 1653 4133 protulit
1666 4063 2023 4133 mendax,ita

410 4148 676 4220 inquiens
697 4148 887 4203 :«Hoc
915 4151 1115 4215 testor,
1151 4147 1250 4216 ait,
1281 4147 1609 4220 pirum,boc
1630 4167 1788 4206 anno
1819 4167 1914 4206 me
1938 4150 2020 4206 eis

410 4237 594 4291 multa
607 4235 981 4292 incommoda
1000 4235 1386 4309 irrogaturum
1399 4280 1412 4294 .
1439 4259 1467 4287 »
1485 4239 1578 4294 His
1593 4239 2015 4312 dictis,partem

410 4325 570 4398 pomi
590 4325 710 4396 jam
743 4325 904 4381 incisi
933 4343 1036 4382 suo
1063 4326 1262 4398 injecit
1287 4327 1396 4391 ori,
1440 4345 1569 4402 qua:
1603 4329 1884 4384 continuo
1940 4328 2020 4383 ita

411 4393 812 4486 blasphemum
842 4393 1136 4488 oppilavitv
1167 4417 1368 4487 guttur
1414 4393 1478 4470 ut
1523 4417 1832 4471 interclusa
1881 4432 2016 4471 voce
2041 4393 2094 4452 D

412 4501 571 4556 nulla
597 4503 812 4557 valeret
841 4518 1110 4574 promere
1142 4503 1336 4558 verba.
1367 4502 1550 4568 Quem
1585 4503 1762 4558 veluti
1819 4504 2016 4559 exani-

410 4605 547 4644 men
578 4589 686 4658 sui,
716 4590 870 4646 inter
895 4591 1132 4648 brachia
1156 4592 1302 4647 lecto
1335 4591 1669 4654 inferentes.
1700 4592 2012 4648 hortaban-

409 4681 506 4732 tur
534 4682 598 4733 ut
621 4679 904 4751 paenitens
933 4697 1138 4736 eorum
1157 4696 1285 4752 quae
1322 4679 1534 4751 injuste
1563 4679 1836 4736 intulerat
1876 4681 2014 4737 hea-

409 4767 631 4824 tissimo
655 4768 1100 4843 obsequentibus
1119 4768 1682 4836 Benedicto,veniam
1700 4769 2010 4843 ﬂagitaret.

1563 395 1803 460 MMONI
1827 402 2135 468 MONACHI
2163 399 2664 465 FLORIACENSIS

451 524 671 591 tulit,in
699 526 1430 583 transmarinisarbitratus
1459 544 1519 583 se
1541 528 1811 582 tutiorem
1830 544 2066 582 manere
2093 539 2143 592 Α

459 613 794 685 regionibus
823 631 998 686 quam
1027 615 1176 670 inter
1195 631 1326 670 suos
1349 615 1618 670 dominus
1638 615 1681 669 si
1716 617 1864 671 foret
1891 615 1946 670 in
1971 634 2067 670 cu-

3630 432 3710 489 812

2169 600 2232 654 S.
2265 601 2502 673 Remigii
2517 604 2738 671 festiun.
3215 609 3275 666 S.
3305 610 3560 671 Benedicti
3574 621 3706 694 impo-

2772 694 2898 730 nens
2935 685 3184 748 punitur.

2239 763 2319 812 l8.
2353 760 2543 816 Unum
2562 779 2698 818 vero
2729 764 2854 834 eius
2885 781 3128 835 operum
3159 767 3398 842 insigne,
3431 775 3591 832 Patris
3607 779 3705 835 dico

2162 847 2474 914 Benedicti,
2503 865 2654 903 nunc
2671 851 3286 927 adorimurexponere,
3301 861 3701 934 quodcujusdam

2160 935 2350 989 fratris
2379 938 2564 992 relatu
2595 954 2697 993 seu
2737 939 2962 1011 scriptis
3010 958 3128 998 non
3179 947 3414 1020 contigit
3439 953 3704 1022 agnovisse,

2159 1022 2254 1093 qui
2287 1041 2345 1078 se
2379 1025 2512 1079 illud
2548 1043 2581 1080 a
2607 1027 2875 1082 fidelibus
2923 1034 3136 1087 sancta
3170 1033 3450 1092 Remensis
3487 1040 3700 1096 Ecclesiae

2157 1111 2290 1165 viris
2337 1117 2572 1168 testatus
2619 1119 2705 1170 est
2759 1116 3020 1173 didicisse
3068 1119 3125 1174 in
3175 1123 3450 1180 territorio
3495 1127 3702 1198 ejusdem

2159 1199 2312 1253 urbis
2343 1201 2514 1256 fuisse
2543 1207 2794 1272 gestum.
2833 1207 3703 1272 Auniversariabeaticonfessoris

2156 1286 2359 1342 Chriin
2401 1289 2645 1360 Remigii
2701 1291 2758 1344 in
2801 1293 2970 1346 terris
3012 1311 3079 1348 ex
3111 1312 3274 1352 more
3303 1299 3700 1372 celebrabantur,

2155 1373 2276 1428 dies
2307 1376 2573 1432 videlicet
2601 1381 2781 1433 festus
2814 1386 2872 1436 et
2921 1383 3126 1452 plenus
3174 1389 3511 1456 reverentiae,
3538 1390 3586 1444 in
3611 1409 3699 1462 quo

2152 1478 2458 1519 concursus
2489 1468 2838 1538 populorum
2893 1471 2965 1524 ad
3005 1471 3129 1542 ejus
3158 1477 3531 1532 venerandam
3556 1479 3702 1534 basili-

2149 1566 2278 1605 cam
2316 1552 2443 1606 lieri
2477 1556 2707 1610 assolet.
2756 1557 2973 1612 Eodem
3021 1560 3113 1614 die
3129 1561 3258 1632 jam
3297 1563 3441 1618 dicta
3465 1565 3700 1636 Gerberga

2149 1638 2374 1708 regina,
2400 1642 2654 1697 tardiore
2673 1645 2798 1713 jam
2823 1645 3199 1704 incumbente
3221 1651 3380 1720 hora,
3402 1669 3606 1708 suorum
3621 1655 3700 1708 cir.

2149 1727 2411 1782 cumfusa
2436 1731 2715 1785 comitatu
2745 1733 2818 1788 ad
2852 1737 3139 1806 templum
3165 1739 3336 1806 venit,
3367 1743 3420 1794 et
3459 1741 3633 1796 accidit
3653 1745 3699 1796 ut

2148 1817 2484 1885 vespertinae
2502 1817 2690 1874 laudis
2720 1822 2909 1877 officia
2929 1825 3056 1893 jam
3079 1841 3114 1879 a
3143 1831 3438 1883 cantorum
3457 1829 3609 1885 choro
3631 1829 3697 1885 in-

2148 1903 2352 1958 choata
2379 1906 2719 1963 offenderet.
2755 1909 2892 1974 Quae
2919 1913 3142 1984 pudore
3172 1931 3288 1970 sua:
3316 1916 3699 1985 tarditatis,con-

2146 1996 2321 2047 suetm
2355 1994 2617 2048 stationis
2645 1997 2844 2052 relicto
2877 1999 3026 2068 loco,
3055 2007 3284 2074 cryptas
3305 2003 3470 2076 ipsius
3490 2006 3694 2060 ecclesia

2145 2081 2402 2151 ingressa
2457 2087 2562 2152 est,
2615 2083 2672 2138 in
2729 2087 2934 2158 quibus
2989 2091 3230 2160 pretiosi
3259 2093 3433 2148 Patris
3457 2089 3696 2148 Benedicti

2143 2171 2462 2226 oratorium
2493 2173 2768 2243 habetur;
2797 2175 2892 2230 ubi
2916 2178 3056 2232 dum
3077 2179 3153 2234 ad
3180 2181 3453 2236 orandum
3476 2181 3599 2253 regii
3617 2181 3693 2234 sti-

2141 2262 2372 2328 patores
2401 2278 2531 2316 suas
2573 2264 2874 2318 flecterent
2910 2267 3182 2336 cervices,
3216 2286 3359 2324 unus
3385 2287 3567 2326 eorum
3589 2285 3696 2340 pro-

2139 2349 2315 2401 tervae
2346 2350 2692 2405 temeritatis
2707 2369 2842 2406 ausu
2863 2358 3089 2424 spatam
3113 2373 3294 2428 quam
3313 2373 3481 2412 manu
3501 2360 3695 2429 gerebat

2137 2435 2342 2490 altario
2383 2439 2763 2508 superposuit.
2799 2441 3085 2498 Exsccrati
3113 2444 3333 2500 factum
3363 2445 3508 2512 socii,
3537 2443 3692 2516 gladio

2136 2520 2271 2576 inde
2296 2525 2510 2590 ablato,
2543 2527 2816 2583 adversus
2839 2533 3013 2586 tanta;
3039 2536 3338 2588 auctorem
3359 2533 3693 2600 vanitatis,in-

2133 2611 2458 2682 crepatoria
2483 2613 2748 2672 invexere
2777 2619 2971 2674 verba.
3015 2620 3237 2684 Quibus
3263 2623 3356 2678 ille
3381 2622 3601 2694 superbe
3625 2637 3693 2675 re-

2131 2701 2398 2768 spondit:
2437 2719 2459 2756 c
2497 2703 2798 2771 Quaenam,
2822 2707 3106 2779 inquiens,
3127 2708 3190 2764 in
3217 2726 3320 2765 nos
3339 2710 3424 2780 [[2,
3449 2709 3555 2781 vos]
3579 2725 3694 2763 nova

2131 2785 2328 2843 isthasc
2356 2788 2585 2845 incessit
2605 2792 2828 2864 religio,
2862 2799 2924 2849 ut
2944 2801 3254 2868 aggestum
3279 2797 3440 2854 calcis
3461 2813 3521 2853 ac
3541 2796 3689 2852 sabuli

2131 2889 2260 2930 cum
2277 2877 2534 2949 lapidum
2552 2881 2703 2935 mole
2721 2899 2850 2937 meo
2855 2883 3125 2953 judicetis
3141 2903 3276 2942 ense
3290 2887 3410 2942 fore
3422 2885 3686 2942 sanctius?»

2131 2969 2190 3021 et
2217 2967 2390 3022 simul
2419 2985 2551 3023 cum
2582 2971 2780 3030 verbo.
2813 2975 3107 3044 receptam
3135 2975 3497 3044 machaeram,
3527 2972 3690 3030 Domi-

2132 3055 2275 3111 uicae
2301 3073 2422 3112 non
2439 3059 2722 3114 dubitavit
2743 3062 3109 3136 reimponere
3130 3081 3372 3121 mense.
3392 3065 3500 3120 Hoc
3513 3064 3689 3119 faciens

2132 3143 2308 3200 tercio
2333 3162 2367 3200 a
2388 3149 2767 3204 contumacia:
2779 3167 2895 3206 suae
2921 3151 3071 3207 fastu
3109 3152 3362 3210 inhiberi
3377 3170 3488 3210 non
3516 3151 3685 3226 potuit.

2131 3231 2243 3288 Sed
2275 3235 2374 3306 qui
2419 3236 2646 3292 blandis
2701 3238 3005 3294 hominum
3053 3242 3246 3298 verbis
3297 3242 3497 3316 corrigi
3539 3239 3689 3296 noluit

2131 3321 2416 3378 acriorem
2431 3323 2634 3380 divinae
2661 3327 2978 3383 severitatis
2986 3329 3463 3403 redargutionem
3475 3329 3529 3384 in
3539 3329 3688 3384 semet

2130 3413 2398 3482 expertus
2421 3415 2526 3467 est.
2561 3413 2704 3468 Nam
2727 3414 3056 3472 discedente
3079 3426 3120 3471 ‘a
3153 3435 3318 3475 sacra
3353 3419 3472 3475 ade
3499 3416 3686 3488 regina.

2127 3501 2188 3551 et
2215 3497 2336 3569 ipse
2366 3498 2642 3558 discessit.
2676 3503 2934 3574 Cumque
2958 3504 3213 3562 nimium
3226 3507 3313 3562 sui
3327 3522 3544 3563 securus
3559 3519 3613 3560 ac
3630 3503 3685 3558 de

2127 3603 2186 3641 se
2217 3592 2760 3660 priesumensdeetus
2789 3607 2919 3646 cum
2931 3595 3304 3650 emanantibus
3323 3599 3380 3650 et
3404 3595 3517 3668 ipse
3529 3606 3684 3650 coma-

2124 3679 2234 3742 ret,
2265 3677 2418 3733 inter
2445 3681 2642 3752 epulas
2671 3697 2737 3735 ac
2767 3681 2994 3753 pocula,
3026 3682 3263 3740 labente
3294 3701 3462 3758 super
3485 3680 3686 3755 inguina

2125 3766 2354 3821 cultello
2412 3768 2726 3838 sauciatur;
2775 3769 2984 3826 deinde
3010 3771 3198 3826 elatus
3244 3772 3502 3830 manibus
3554 3770 3687 3826 obse-

2124 3855 2474 3926 quentiuma
2493 3872 2715 3925 mensa,
2731 3873 2761 3912 e
2782 3857 3020 3930 vestigio
3043 3857 3122 3912 im
3129 3861 3437 3932 paenitens,
3458 3858 3691 3916 minium-

2124 3957 2237 4012 que
2268 3942 2555 4015 lugendus
2604 3944 2739 4012 suis,
2792 3944 3084 4002 infelicem
3116 3948 3404 4004 exhalavit
3452 3946 3690 4010 animam,

2123 4031 2491 4104 ostenditque
2522 4035 2668 4089 Deus
2699 4033 2999 4105 displicere
3029 4033 3139 4090 sibi
3175 4037 3372 4092 altaris
3399 4036 3480 4093 sui
3507 4033 3692 4092 abomi-

2121 4117 2441 4188 nationem,
2468 4121 2624 4192 quod
2650 4120 2755 4176 sub
2785 4121 3116 4177 nominibus
3143 4139 3440 4180 servorum
3490 4134 3690 4180 suorum

2121 4205 2231 4277 ipsi
2296 4207 2538 4276 dicatur,
2598 4209 2870 4283 quodque
2935 4211 3011 4266 ob
3063 4213 3414 4268 sacrosancti
3473 4209 3692 4284 corporis

2121 4294 2327 4351 Christi
2357 4296 2824 4370 immolationem
2853 4298 3103 4370 figuram
3137 4298 3370 4356 obtinet
3393 4301 3578 4358 crucis.

2741 4368 2966 4425 CAPUT
3005 4371 3115 4427 V11.

2115 4454 2429 4525 Herberlus,
2451 4456 2779 4535 pra-diorum
2805 4457 3233 4535 Ilop’agensz’um
3264 4470 3474 4523 invasor

2571 4535 2660 4582 tur
2679 4529 2862 4584 baculo
2891 4530 2955 4587 S.
2979 4532 3288 4595 Benedicti.

2192 4616 2279 4670 l9.
2328 4615 2670 4672 Soliacensis
2701 4619 2714 4689 (
2745 4617 2977 4693 Suilly)
3057 4627 3258 4696 castri,
3316 4624 3469 4698 quod
3517 4638 3549 4677 a
3589 4617 3688 4672 vico

2115 4701 2369 4758 Floriaco
2417 4703 2599 4760 tribus
2649 4704 2820 4761 distat
2849 4707 3128 4780 millibus,
3164 4727 3458 4784 possessor
3483 4705 3685 4783 quidam

2114 4789 2428 4846 Herbertus
2459 4791 2642 4847 dictus
2671 4797 2776 4862 est,
2809 4794 3210 4856 Herchenaldo
3261 4801 3486 4873 genitus
3533 4794 3688 4867 patre.

409 4856 634 4956 sedhiue
662 4858 927 4956 Ρξτξξοίίυί
951 4857 1305 4956 ηρη-νδξξδηξτ
1337 4857 1612 4914 “(innato
1631 4858 1707 4956 δᾴ
1726 4859 2012 4956 ξδτίθῘνθῐῙι
2110 4878 2354 4934 fratrem
2385 4879 2626 4949 habens,
2659 4856 2898 4938 nomine
2928 4856 3451 4956 Archembaldum,
3478 4856 3686 4940 Turoni-

405 4945 615 5018 capite,
633 4946 900 5018 spiritum
919 4945 1221 5002 exhalavit.
1258 4945 1372 5000 Nec
1395 4961 1591 5018 passus
1622 4950 1707 5002 est
1730 4947 2012 5003 Dominus

2144 4985 2193 5024 es
2219 4969 2480 5025 Ecclesiae
2508 4945 3296 5044 nuncll7)arcbipraesulem.
3325 4945 3463 5032 Huic
3487 4971 3685 5028 Richar-

406 5033 664 5091 Cbrisws
689 5034 982 5133 ξυίῖδδδωη
1008 5033 1213 5133 “de?
1238 5050 1480 5133 PMB"?
1531 5050 1731 5133 ῐξξθθεῗδ
1755 5038 2010 5133 servulff
2111 5057 2215 5112 dus
2244 5057 2586 5114 venerabilis
2615 5033 2794 5116 abbas
2816 5033 3264 5133 (18),successor
3285 5061 3504 5121 domini
3525 5055 3684 5114 Wlfal-

404 5139 558 5195 rum,
591 5139 626 5178 a
649 5122 901 5194 gloriosa
917 5139 1019 5176 sua
1041 5120 1320 5192 genitrice
1333 5121 1509 5178 Maria
1530 5122 1854 5196 dilectaque
1901 5125 2007 5181 sibi

2140 5145 2410 5218 li,aliquaj
2419 5147 2535 5202 uris
2545 5148 2907 5205 ecclesiastici
2921 5166 3040 5222 prie
3048 5151 3142 5208 dia
3155 5151 3218 5208 in
3232 5151 3568 5209 beneﬁcium
3579 5161 3685 5202 con-

403 5211 678 5284 allegatas
713 5209 1048 5266 Benedicto.

2140 5209 2372 5290 asserat.
2386 5209 2504 5301 hui
2515 5252 2884 5312 nequaquam
2910 5209 2999 5294 his
3009 5240 3557 5312 contentus,reliqua
3579 5245 3682 5307 qua!

2107 5321 2528 5380 coenobitarum
2558 5325 2752 5381 usibus
2781 5325 3048 5400 delegata
3075 5333 3250 5384 erant
3295 5327 3544 5386 nefando
3571 5335 3684 5379 ausu

434 5488 682 5576 .‘(l‘jl‘lix
706 5489 815 5576 hac
843 5487 1123 5576 particula
1171 5509 1332 5576 nunc,
1383 5495 1538 5548 recte
1581 5492 1863 5576 colligunt
1907 5496 2007 5552 So-
2111 5499 2284 5576 “(‘18)
2330 5499 2646 5576 Richardus
2696 5501 2875 5558 abbas
2929 5502 3375 5576 praefecturam,
3403 5503 3538 5576 iniit
3557 5509 3681 5555 anno

398 5560 865 5650 ciiglfollaudiani
916 5560 1408 5619 Archembaldum
1457 5560 1802 5636 superfuisse
1845 5583 2001 5624 anno
2103 5560 2228 5650 96'2,
2263 5560 2379 5643 quo
2400 5571 2681 5650 Wlfaldus
2701 5560 3032 5650 assumptus
3059 5579 3148 5632 est
3179 5560 3261 5633 ad
3269 5560 3480 5633 sedem
3504 5573 3682 5629 Carnu-

397 5632 553 5691 1005.
1523 5632 1542 5636 “

2140 5632 2350 5711 ensem,
2389 5658 2457 5698 ex
2493 5641 2680 5703 dictis.
