3882 6212
194 412 298 464 813

1006 407 1096 462 DE
1120 405 1490 463 MIRACULIS
1522 403 1578 462 S.
1605 402 1969 462 BENEDICTI
1996 405 2179 463 LIBRI
2219 405 2381 462 DUO.
2415 435 2482 447 —
2530 405 2659 462 LIB.
2691 404 2735 462 ι.

3435 409 3540 468 8H-

198 527 532 601 diripiebat.
564 528 719 582 Tunc
767 529 936 582 Pater
968 528 1301 583 monasterii
1333 531 1649 600 cunctaque
1680 544 1814 582 con-
1840 536 1893 592 Α
1915 527 2194 600 primaevo
2221 526 2545 598 juventutis
2576 526 2719 581 flore
2765 525 2898 580 vitae
2924 525 3092 596 hujus
3122 528 3379 599 privatus
3411 547 3538 585 mu-

198 617 462 687 gregatio
479 618 552 670 ad
571 633 704 670 eum
729 617 987 687 dirigunt
1007 621 1302 686 poscentes
1326 620 1407 678 ut,
1431 634 1658 670 memor
1678 616 1814 670 ﬁdei

188 705 575 776 jurejurando
607 706 690 758 eis
717 722 751 759 a
778 722 835 759 se
870 705 1156 776 pollicitae,
1185 722 1276 758 res
1301 721 1498 758 eorum
1544 705 1812 758 invadere

195 794 521 848 desisteret.
553 794 678 857 Quo
716 793 1168 864 parvipendente
1207 810 1407 847 eorum
1468 793 1710 859 monita,
1741 792 1809 846 ad

197 883 538 936 Lotharium
551 899 876 952 regem,seu
891 881 1812 952 ducemHugonem,querimonian

197 990 314 1027 suae
332 973 593 1027 ﬂebilem
625 972 978 1043 deploraturi
1026 986 1350 1025 aerumnam
1385 970 1624 1042 profecti
1658 973 1810 1024 sunt.

195 1062 374 1132 Apud
402 1079 548 1132 quos
571 1064 690 1114 tum
719 1060 955 1131 quidem
996 1076 1202 1132 parum
1258 1058 1646 1128 proﬁcientes,
1711 1075 1815 1128 per

196 1150 545 1222 semetipsos
600 1149 871 1203 eumdem
948 1148 1184 1218 perﬁdae
1250 1147 1462 1201 mentis
1511 1146 1812 1200 hominem

194 1238 410 1304 adorsi,
447 1241 618 1292 orant
649 1240 710 1291 ut
739 1237 822 1290 sui
844 1235 1206 1302 misereatur,
1241 1236 1312 1288 ab
1345 1251 1548 1288 eorum
1581 1249 1819 1305 oppres-

193 1326 358 1380 sione
386 1326 684 1382 cessando.
713 1325 1124 1378 Verumtamen
1158 1340 1225 1376 eo
1265 1326 1561 1377 avertente
1589 1339 1811 1387 aurem,

193 1414 266 1467 ad
329 1417 472 1467 nota
516 1415 820 1467 recurrunt
849 1411 1131 1481 praesidia.
1165 1411 1422 1482 Denique
1454 1414 1574 1464 toto
1605 1425 1812 1481 prope-

194 1502 442 1555 modum
497 1500 756 1570 ejusdem
809 1501 946 1554 anni
991 1499 1474 1570 quadragesimali
1527 1504 1810 1568 tempore,

194 1588 350 1642 inter
371 1589 708 1642 litaniarum
761 1588 1063 1653 solemnia,
1092 1605 1192 1642 sua
1216 1587 1464 1642 Domino
1498 1603 1600 1658 pro
1633 1588 1811 1641 tribu-

195 1677 414 1730 latione
445 1676 755 1730 fundcntes
783 1679 932 1742 vota,
965 1676 1078 1730 duo
1121 1692 1270 1729 aerea
1296 1675 1600 1747 pulsabant
1625 1675 1811 1746 signa,

195 1769 478 1818 uteorum
499 1763 690 1819 sonitu
708 1763 1005 1818 audientes
1027 1764 1100 1818 ad
1115 1763 1300 1818 simile
1320 1765 1626 1818 invitarent
1645 1780 1808 1835 opus.

1919 635 2056 672 nere
2071 618 2406 690 pravitatem
2426 633 2654 688 quoque
2676 633 2907 671 morum
2926 634 3040 671 non
3055 619 3139 671 val
3154 617 3538 689 uitcorrigere

2555 706 2779 760 CAPUT
2805 706 2942 760 Vlll.

2254 794 2546 848 Romaldus
2586 797 2705 848 item
2736 800 2903 850 morte
2927 803 3218 866 correptus.

1989 885 2077 938 20.
2131 883 2441 936 Romaldus
2469 882 2606 936 civis
2661 882 3026 938 Carnotensis
3081 883 3316 951 exstitit,
3377 882 3538 952 cujus

1918 971 2056 1025 silva
2085 974 2243 1025 trans
2274 970 2546 1041 Ligerim,
2577 971 2635 1024 in
2686 971 2993 1042 Segalonia
3023 972 3090 1041 (la
3128 971 3378 1042 Sologne)
3408 972 3534 1037 sita,

1918 1058 2160 1113 conﬁnis
2206 1059 2362 1113 silvae
2407 1075 2582 1130 quam
2627 1059 2814 1113 devoti
2856 1059 2960 1113 viri
2989 1059 3113 1129 jam
3157 1060 3321 1113 dicta:
3357 1060 3538 1113 cccle-

1917 1146 2014 1200 sias
2050 1147 2456 1213 attribuerunt,
2492 1164 2612 1201 esse
2645 1147 3019 1217 dignoscitur.
3051 1149 3098 1200 Is
3121 1165 3266 1201 unus
3293 1147 3539 1202 existens

1917 1251 2119 1289 eorum
2145 1235 2215 1288 de
2241 1235 2448 1305 quibus
2484 1235 2779 1305 Scriptura
2815 1235 2982 1290 dicit:
3011 1233 3278 1300 Quoniam
3327 1235 3539 1306 quidem

1916 1325 2018 1394 ipsi
2061 1326 2312 1379 terminos
2395 1324 2807 1388 transtulerunt,
2863 1324 3307 1395 (lcvzpueruntque
3356 1340 3537 1392 greges

1917 1414 2042 1483 (Job
2082 1431 2224 1480 xxxv,
2251 1412 2327 1479 2),
2357 1413 2679 1468 adunatum
2703 1417 2820 1467 tam
2851 1412 2910 1466 in
2960 1413 3099 1467 silva
3142 1412 3198 1470 S.
3245 1411 3536 1466 Benedicti

1917 1519 2209 1575 quamque
2235 1502 2291 1555 in
2319 1519 2420 1555 sua
2451 1502 2588 1556 silva
2611 1502 2681 1555 ad
2708 1502 3061 1573 pascendum
3074 1519 3383 1572 porcorum
3406 1517 3537 1571 gre-

1916 1607 2054 1661 gum
2077 1608 2140 1644 ex
2167 1607 2331 1660 aequo
2350 1591 2552 1661 partiri
2587 1591 2925 1645 conabatur.
2960 1592 3028 1644 Et
3057 1592 3190 1662 quia
3214 1608 3344 1663 pars
3364 1592 3537 1644 saltus

1917 1679 2339 1731 monachorum
2386 1680 2576 1748 major
2635 1695 2809 1749 quam
2851 1678 3025 1748 ipsius
3054 1682 3196 1744 erat,
3227 1695 3396 1747 grave
3427 1679 3536 1732 hoc

1914 1766 2186 1821 fratribus
2228 1766 2548 1820 videbatur.
2587 1767 2749 1820 Unde
2784 1767 3078 1821 communi
3106 1767 3341 1822 consilio
3365 1785 3536 1839 quos-

262 1853 506 1906 lnterim
555 1852 827 1922 praefatus
875 1853 1186 1906 llerbertus
1219 1852 1276 1906 in
1295 1869 1409 1906 suae
1439 1852 1815 1922 malignitatis
1844 1863 1895 1922 B
1917 1854 2053 1908 dam
2087 1872 2153 1908 ex
2183 1870 2282 1908 suo
2307 1853 2549 1924 collegio
2572 1854 2833 1923 dirigunt
2856 1856 2928 1909 ad
2948 1856 3253 1909 Arnulfuin
3278 1855 3536 1908 Aurelia—

190 1958 570 2014 perseveraus
583 1941 966 2007 contumacia,
984 1940 1246 2011 pessimis
1264 1940 1520 2012 quotidie
1541 1940 1814 2010 adjiciens

187 2032 414 2102 pejora,
452 2031 703 2102 quadam
724 2034 891 2085 nocte
915 2046 1046 2084 cum
1082 2030 1426 2102 quibusdam
1477 2029 1814 2084 satellitibus

185 2121 241 2173 in
275 2121 698 2173 Wastincnsem
730 2136 943 2190 pagum
971 2119 1128 2172 adire
1166 2118 1544 2190 disposuerat.
1581 2120 1645 2172 Et
1676 2118 1813 2189 quia

183 2207 344 2276 juxta
375 2207 644 2261 Veritatis
674 2209 996 2278 vocem,qui
1022 2207 1262 2260 ambulat
1297 2210 1351 2260 in
1383 2212 1532 2261 nocte
1568 2207 1812 2277 offendit,

183 2299 308 2366 quia
337 2297 439 2351 lux
466 2299 519 2348 in
550 2313 605 2349 eo
636 2313 742 2350 non
773 2303 845 2349 est
875 2295 1058 2367 (Joan.
1097 2312 1172 2357 x1,
1209 2298 1314 2363 10),
1347 2297 1470 2349 luce
1505 2295 1701 2366 utique
1728 2311 1816 2350 ca-

183 2401 320 2439 rens
347 2386 629 2439 virtutum
648 2401 712 2440 ac
739 2385 994 2439 tenebris
1027 2385 1286 2439 obsessus
1303 2385 1596 2447 vitiorum,
1619 2385 1816 2439 obscu-

185 2475 358 2528 ritate
393 2490 628 2544 quoque
670 2473 982 2527 mundanae
1027 2473 1211 2527 noctis
1241 2472 1452 2542 impius
1481 2473 1722 2544 quisque
1754 2490 1813 2527 se

183 2578 434 2632 suosque
485 2566 645 2616 actus
695 2563 880 2616 celare
911 2561 1113 2616 nititur
1146 2561 1282 2628 ;sed
1315 2561 1446 2615 licet
1501 2562 1809 2627 humanos,

183 2653 473 2720 quantum
501 2650 561 2703 in
592 2651 712 2721 ipso
740 2654 846 2716 est,
888 2650 1100 2704 devitet
1127 2650 1376 2717 obtutus,
1403 2651 1596 2704 oculos
1611 2654 1809 2704 tamen

180 2738 445 2804 Domini,
474 2738 571 2808 qui
623 2754 794 2810 super
822 2739 940 2792 vias
998 2738 1306 2791 hominum
1338 2741 1472 2791 sunt
1522 2741 1578 2792 et
1608 2755 1813 2793 omnes

181 2842 414 2896 gressus
426 2841 626 2879 eorum
645 2825 1288 2896 considerant,effugere
1307 2827 1630 2880 nullatenus
1642 2825 1809 2879 valet.

179 2915 308 2968 Non
342 2914 523 2979 enim,
557 2917 617 2968 ut
646 2914 847 2968 beatus
875 2915 979 2968 Job
1012 2918 1277 2982 testatur,
1309 2915 1464 2984 apud
1499 2914 1812 2970 Dominum

185 3003 318 3055 ulla:
354 3005 490 3055 sunt
517 3003 773 3056 tenebrae
805 3006 904 3056 aut
948 3003 1153 3056 umbra
1185 3003 1407 3069 mortis,
1463 3006 1525 3056 ut
1563 3003 1807 3057 abscon-

186 3090 404 3143 dantur
433 3089 509 3143 ibi
533 3090 628 3160 qui
659 3094 974 3161 operantur
1030 3090 1398 3161 iniquitatem
1424 3091 1567 3150 JJob
1619 3107 1805 3156 xxxxv,

1921 1959 2131 1998 norum
2156 1947 2282 1996 tum
2306 1943 2636 2012 praesulem,
2667 1942 2756 1996 cui
2779 1942 2937 1997 idem
2965 1943 3050 1996 vir
3069 1943 3330 1997 beneficii
3351 1943 3538 2011 gratia

1914 2029 2168 2102 percepti
2213 2031 2472 2102 parebat,
2524 2035 2585 2083 ut
2633 2046 2766 2083 eum
2826 2031 2898 2084 ad
2943 2031 3226 2102 aequitatis
3265 2031 3398 2100 jura
3436 2047 3538 2084 sua

1917 2121 2213 2172 revocaret
2232 2118 2810 2172 auctoritate.Verum
2828 2118 3330 2185 ille,contumaciae
3358 2119 3537 2172 fartus

1917 2205 2144 2277 spiritu,
2196 2206 2461 2260 suadenti
2509 2205 2777 2277 episcopo
2823 2209 3108 2277 quatenus
3143 2206 3384 2276 justitim
3419 2210 3538 2261 tra-

1919 2294 2122 2348 mitem
2146 2295 2668 2364 servaret,superbe
2686 2294 2989 2365 respondit
3009 2310 3067 2348 se
3082 2311 3148 2348 eo
3166 2295 3256 2349 die
3279 2311 3390 2366 quo
3411 2312 3538 2349 sues

1917 2398 1948 2435 e
1979 2382 2148 2436 bosco
2172 2382 2496 2437 abducendi
2527 2386 2696 2437 erant
2723 2382 3225 2454 interpellantibus
3259 2399 3537 2454 responsa

1921 2471 2213 2538 daturum,
2242 2471 2536 2526 aestimans
2551 2472 2727 2526 miser
2743 2472 2916 2526 servis
2938 2471 3037 2526 Dei
3058 2488 3116 2526 se
3134 2488 3262 2542 qua:
3277 2472 3536 2543 require—

1916 2559 2059 2613 bant
2077 2560 2757 2630 erepturum,immemor
2768 2559 3084 2631 evangelici
3109 2560 3411 2627 divitis,cui
3432 2577 3534 2614 sua

1921 2648 2225 2719 ampliauti
2283 2648 2493 2702 horrea
2520 2647 2801 2702 Dominus
2833 2647 2962 2701 iniit
2995 2665 3006 2702 :
3039 2647 3237 2713 Stulte,
3264 2649 3362 2701 hac
3386 2657 3536 2703 nocte

1918 2739 2162 2789 animam
2209 2743 2357 2789 tuam
2399 2736 2491 2789 abs
2523 2742 2570 2788 te
2613 2743 2875 2806 repetunt,
2909 2743 2956 2790 et
2977 2752 3096 2806 qum
3115 2737 3350 2806 parasit,
3379 2737 3530 2807 cujus

1917 2829 2071 2876 erunt
2099 2825 2128 2876 ?
2150 2823 2306 2893 (Luc.
2333 2841 2430 2891 xu,
2451 2823 2543 2895 20)
2577 2825 2792 2894 Nempe
2844 2824 3158 2878 Romaldus
3204 2823 3530 2894 praefactus,

1914 2914 2230 2982 antequam
2261 2929 2291 2966 e
2335 2914 2461 2967 loco
2496 2913 2589 2966 ubi
2621 2913 2826 2983 legatis
2853 2914 3118 2984 porterve
3149 2912 3531 2984 responderat

1912 2999 2124 3068 pedem
2159 3001 2447 3068 movisset,
2479 3001 2641 3055 febre
2665 3001 2887 3073 ingenti
2911 3004 3230 3071 correptus,
3262 3018 3329 3054 eo
3353 3017 3529 3072 usque

1910 3086 2327 3156 languitdoncc
2343 3106 2410 3144 eo
2429 3090 2549 3159 ipso
2568 3089 2801 3160 die,quo
2819 3106 2877 3143 se
2899 3090 3168 3159 sperabat
3185 3089 3530 3159 pauperibus

183 3182 296 3249 22).
352 3178 446 3232 Sic
475 3179 666 3249 itaque
694 3180 766 3232 ab
819 3179 926 3233 hoc
964 3178 1142 3250 impio
1173 3179 1454 3234 Herberto
1489 3180 1684 3233 ablata
1713 3180 1805 3232 lux
1831 3164 1878 3224 C
1909 3174 2121 3228 Christi
2141 3176 2372 3231 suillum
2402 3194 2574 3247 pecus
2603 3178 2671 3231 iri
2689 3181 2976 3248 ereptum,
3007 3182 3195 3232 morte
3223 3179 3530 3233 damnatus

182 3283 284 3320 sua
311 3268 420 3332 est,
452 3264 685 3336 ipseque
715 3270 952 3336 repente
980 3267 1257 3329 sublatus,
1302 3266 1438 3338 quia
1490 3265 1586 3319 diu
1618 3266 1806 3320 fuerat

177 3357 560 3424 exspectatus.
584 3355 840 3424 Namque
873 3355 1007 3408 dum
1031 3355 1164 3426 equi
1195 3357 1360 3425 tergo
1387 3353 1804 3419 insidens,eum

175 3444 290 3496 suis
349 3446 637 3496 nocturna
683 3443 995 3512 adopertus
1053 3442 1298 3514 caligine
1353 3442 1464 3496 iter
1515 3445 1798 3513 carperet,

175 3529 400 3602 aspexit
438 3529 626 3584 subito
667 3531 911 3584 astitisse
943 3530 1110 3585 lateri
1159 3547 1259 3585 suo
1286 3531 1539 3603 aliquem
1592 3547 1798 3585 mona-

176 3618 358 3672 chalis
385 3617 618 3672 habitus
646 3619 920 3688 stigmata
949 3618 1360 3690 praeferentem
1394 3636 1408 3686 ;
1439 3619 1600 3689 cujus
1630 3619 1797 3674 indu-

174 3710 448 3762 mentum
465 3708 716 3762 aetherea
747 3707 1025 3775 claritate,
1047 3712 1108 3763 ut
1138 3712 1268 3779 post
1297 3708 1418 3779 ipse
1445 3708 1560 3762 suis
1578 3708 1794 3775 retulit,

171 3797 771 3869 resplendebat.Aquo
786 3798 988 3852 baculo
1001 3799 1156 3869 quod
1169 3813 1288 3869 prae
1302 3797 1570 3852 manibus
1582 3799 1796 3852 habere

172 3885 501 3951 videbatur,
534 3885 687 3940 inter
716 3887 972 3956 scapulas
1018 3886 1181 3952 ictus,
1214 3886 1554 3941 horribilem
1606 3885 1798 3940 emisit

171 3990 416 4040 vocem;
450 3975 644 4046 sicque
674 3973 812 4029 visio
846 3991 912 4029 ex
947 3975 1124 4029 oculis
1150 3975 1273 4046 ejus
1298 3975 1491 4029 ablata
1530 3977 1636 4029 est.
1672 3974 1795 4028 Cir-

169 4062 659 4133 cumequitantes,
705 4063 947 4117 horrore
1004 4063 1154 4118 vocis
1203 4063 1459 4136 pervicti,
1492 4063 1793 4134 inquirunt

168 4150 413 4204 sollicite
439 4151 578 4221 quid
626 4151 679 4204 ei
719 4152 1009 4206 acciderit.
1040 4151 1255 4216 Quibus
1287 4152 1380 4206 ille
1414 4169 1427 4207 :
1464 4175 1491 4201 «
1527 4153 1787 4220 Sanctus,

165 4239 379 4310 inquit,
416 4239 934 4308 Benedictus,nunc
964 4241 1108 4294 mihi
1141 4241 1434 4312 assistens,
1456 4241 1642 4296 valido
1692 4257 1788 4296 me

167 4327 376 4381 afﬂixit
394 4327 656 4395 verbere,
685 4344 752 4382 ex
775 4346 887 4400 quo
915 4331 1066 4384 male
1097 4330 1316 4385 habens
1339 4329 1626 4384 immenso
1659 4345 1789 4382 cru-

1907 3263 2160 3317 ferretur
2177 3265 2254 3319 ad
2275 3266 2695 3335 sepeliendum.
2725 3267 2952 3320 Fratres
2984 3266 3206 3321 interea
3232 3284 3266 3320 a
3292 3267 3526 3338 reliquis

1899 3350 2063 3421 juxta
2084 3353 2414 3407 condictum
2435 3354 2701 3408 destinati
2718 3355 2790 3408 ad
2812 3355 3169 3424 silvam,ejus
3185 3356 3382 3426 operie
3397 3360 3525 3410 ntes

1904 3438 2239 3508 adventum,
2267 3444 2565 3513 comperto
2615 3442 2772 3512 quod
2813 3440 3064 3507 obiisset,
3095 3458 3226 3496 cum
3256 3444 3522 3513 portione

1903 3540 2070 3581 suum
2090 3528 2198 3583 sibi
2247 3529 2442 3583 debita
2473 3529 2547 3583 ad
2573 3528 2808 3600 propria
2830 3530 2963 3581 sunt
2989 3531 3253 3598 regressi,
3288 3530 3524 3584 benedi-

1907 3617 2102 3670 centes
2155 3618 2491 3684 Dominum,
2533 3617 2818 3688 simulque
2849 3619 3104 3670 sanctam
3156 3617 3360 3671 Christi
3394 3634 3520 3672 ma-

1898 3706 2042 3760 trem
2052 3706 2284 3762 Mariam
2295 3723 2381 3774 ,ac
2393 3707 2493 3762 Dei
2507 3706 2684 3762 famul
2695 3723 2791 3760 um
2807 3706 3106 3761 laudantes
3120 3706 3513 3765 Benedictum.

2559 3796 2783 3851 CAPUT
2816 3796 2900 3850 IX.

2252 3885 2590 3940 Florz'acense
2619 3885 2928 3941 incendium
2955 3913 2972 3952 ,-
3005 3885 3175 3941 aliud.

1967 3980 2056 4031 21.
2083 3977 2368 4049 Tempore
2380 3975 2588 4048 saepius
2617 3993 2682 4030 ac
2701 3992 2833 4030 cum
2856 3975 3179 4030 reverentia
3200 3973 3514 4032 nominau-

1895 4064 1952 4119 di
1982 4065 2208 4119 abbatis
2242 4065 2534 4128 Ricbardi,
2567 4081 2700 4120 cum
2731 4065 2802 4120 ab
2849 4065 3227 4136 imperatoria
3272 4067 3512 4122 caelestis

1891 4153 2061 4226 Regis
2077 4155 2375 4209 severitate
2395 4156 2468 4209 ob
2483 4154 2893 4210 enormitatem
2908 4154 3306 4226 peccaminum
3322 4156 3513 4211 decre-

1890 4245 2016 4297 tum
2050 4242 2435 4315 processisset,
2470 4247 2532 4297 ut
2566 4243 2819 4298 flammis
2838 4243 3137 4298 voracibus
3165 4244 3504 4299 venerabilis

1889 4330 1981 4384 hic
2011 4332 2186 4398 locus,
2227 4329 2597 4386 Floriacensis
2651 4331 2885 4392 scilicet,
2917 4332 3154 4402 purgari
3189 4331 3501 4401 debuisset,

165 4418 287 4472 cior
320 4418 543 4472 dolore.
604 4418 716 4472 Sed
747 4435 864 4481 vos,
893 4419 1152 4474 ﬁdissimi
1212 4418 1666 4485 commilitones,
1696 4435 1786 4473 re-
1813 4418 1866 4479 D
1891 4433 2018 4488 quae
2049 4421 2108 4471 et
2132 4420 2369 4489 quanta,
2402 4417 2637 4490 perfidis
2665 4419 2900 4491 quidem
2917 4419 3306 4491 despicienda,
3339 4420 3506 4474 nobis

166 4509 516 4578 trogradum
566 4509 768 4562 callem
793 4509 1157 4579 arripientes,
1187 4509 1258 4563 ad
1291 4509 1530 4563 domum
1552 4525 1647 4562 me
1696 4525 1786 4563 re-

163 4597 312 4651 ferte
343 4612 538 4650 meam
571 4613 584 4649 :
616 4596 863 4667 indeque
921 4597 1060 4650 mihi
1117 4596 1345 4651 veniam
1391 4596 1784 4667 efﬂagitaturi,

163 4685 235 4739 ad
253 4686 587 4755 sepulcrum
616 4688 920 4754 properate
943 4686 1281 4739 confessoris
1305 4685 1679 4756 gloriosum.»
1704 4684 1787 4738 Illi

162 4774 286 4844 ejus
319 4773 794 4844 obtemperantes
819 4772 1141 4844 praeceptis,
1172 4773 1304 4827 hinc
1335 4773 1471 4828 inde
1511 4775 1790 4828 sustenta-

160 4861 286 4915 tum
315 4861 470 4915 unde
512 4860 799 4929 digressus
852 4861 1040 4915 fuerat
1077 4861 1443 4916 reduxerunt.
1491 4861 1597 4924 Qui
1638 4861 1788 4916 inter

159 4964 371 5003 manus
400 4949 780 5015 famulorum,
822 4950 880 5002 in
911 4949 1031 5020 ipso
1064 4966 1212 5020 pene
1252 4949 1382 5002 ostii
1406 4948 1628 5014 limine,
1662 4948 1785 5002 ani-

157 5053 322 5090 mam
355 5036 639 5101 reddidit;
683 5037 844 5106 cujus
875 5037 1065 5091 devoti
1095 5037 1295 5090 ﬁdeles
1329 5036 1570 5092 cosnobii
1601 5036 1785 5091 Patris

155 5124 455 5179 Benedicti
469 5125 678 5178 fratres
699 5124 1274 5190 adeuntes,eventdm
1295 5125 1379 5179 rei
1394 5125 1780 5189 innotescunt,

153 5216 425 5284 petentes
438 5214 723 5284 quatenus
752 5213 840 5266 vel
865 5213 1106 5266 cadaver
1129 5212 1394 5268 exanime
1425 5212 1499 5266 ad
1535 5213 1785 5284 sepultu-

151 5318 282 5356 ram
311 5301 649 5374 suscipiant.
711 5301 924 5366 Quibus
948 5302 1047 5369 illi,
1072 5301 1328 5373 quamvis
1367 5299 1783 5372 indignationis

151 5390 406 5462 suspecti
439 5389 671 5444 abbatis
692 5389 905 5460 sui,qui
935 5393 1059 5444 tum
1091 5390 1239 5445 forte
1257 5391 1781 5456 aberat,assensum

150 5481 507 5549 praebentes,
556 5481 886 5549 susceptum
917 5494 1122 5548 corpus
1151 5479 1328 5532 humo
1352 5478 1638 5533 texerunt.
1674 5474 1782 5538 Qui

149 5569 256 5622 etsi
285 5584 394 5639 pro
417 5569 588 5638 parta
615 5567 721 5620 sibi
767 5564 960 5636 quiete
985 5566 1438 5636 applaudebant,
1459 5565 1558 5638 pia
1581 5569 1780 5619 tamen

146 5655 562 5733 compassione
593 5654 865 5709 defuncto
897 5654 1418 5729 eompatiebantur,
1453 5670 1521 5712 eo
1545 5654 1779 5727 quodin

1890 4509 2083 4560 autem
2124 4510 2181 4560 et
2209 4506 2530 4578 quibusque
2561 4524 2765 4562 sanum
2807 4507 3162 4580 sapientibus
3215 4507 3502 4577 miranda,

1889 4595 2202 4649 acciderint
2214 4594 2705 4666 prodigia,paucis
2718 4613 3046 4651 memorare
3066 4596 3221 4651 libet.
3246 4596 3504 4651 Primum

1889 4683 2124 4753 quidem
2160 4683 2294 4736 satis
2312 4683 2833 4755 obstupescendum
2861 4685 3020 4756 quod
3052 4684 3285 4739 basilica
3305 4685 3502 4740 Sancti

1889 4771 2043 4825 Petri
2074 4771 2350 4843 principis
2392 4773 2806 4843 apostolorum,
2841 4772 3048 4826 casuali
3103 4774 3502 4844 contlagrante

1888 4859 2253 4926 incendio,ea
2273 4877 2400 4930 quas
2420 4860 2792 4914 sanctissima:
2824 4859 2924 4913 Dei
2947 4859 3216 4914 Genitrici
3263 4879 3328 4916 ac
3367 4879 3502 4933 per-

1887 4951 2073 5019 petuae
2091 4948 2305 5020 Virgini
2319 4947 2505 5003 Mariae
2525 4947 2957 5013 dicata,cunctis
2971 4948 3278 5002 Dominum
3291 4949 3501 5004 timen-

1885 5037 2036 5091 tibus
2065 5036 2459 5108 multipliciter
2499 5034 2856 5105 diligendum
2901 5034 3115 5087 retinet
3143 5034 3496 5104 thesaurum,

1883 5141 2089 5195 corpus
2118 5125 2380 5179 videlicet
2427 5123 2742 5179 sauctisimi
2778 5123 2960 5177 Patris
2981 5122 3294 5190 Benedicti,
3321 5123 3496 5180 illaesa

1882 5212 2114 5266 resedit.
2148 5214 2272 5266 Non
2293 5215 2477 5268 solum
2499 5216 2691 5268 autem
2712 5213 2809 5267 illa
2836 5229 2962 5283 quae
2979 5211 3271 5282 sexaginta
3292 5215 3350 5266 et
3376 5228 3494 5267 non

1884 5301 2070 5354 multo
2111 5300 2356 5370 amplius
2387 5302 2458 5354 ab
2515 5301 2638 5371 ipsa
2691 5301 2942 5356 distabat
2987 5299 3263 5372 passibus,
3295 5315 3496 5354 verum

1882 5387 2148 5441 universa
2193 5388 2348 5440 intra
2396 5389 2678 5442 ambitum
2712 5389 2881 5444 castri
2913 5389 3230 5443 admodum
3270 5391 3496 5443 arctum

1885 5479 2212 5530 constructa
2242 5476 2501 5546 aediﬁcia,
2538 5492 2651 5529 uno
2696 5479 2973 5532 duntaxat
3001 5479 3208 5533 horreo
3241 5479 3496 5533 ardentis

1885 5565 2136 5620 ecclesia!
2151 5563 2354 5637 parieti
2379 5563 2732 5630 adhaerente,
2762 5565 3095 5638 incorrupta
3128 5585 3392 5624 mansere
3422 5568 3493 5624 ab

1883 5653 2137 5729 ignibus.
2177 5655 2424 5711 Acervus
2474 5667 2705 5725 quoque
2755 5653 3013 5725 frugum,
3046 5672 3221 5729 quem
3272 5660 3497 5716 metum
