3882 6212
369 441 472 510 813
1463 429 1729 491 MMDINI
1755 428 2004 490 ΜΟΝλοῖ

2129 416 2588 487 'LORIACENSIS
3573 427 3672 485 διδ

369 569 604 645 (Gallice
632 561 824 636 metet!)
867 561 1036 635 vulgo
1067 557 1330 625 dicimus,
1363 553 1461 630 qui
1521 557 1752 645 tantum
1802 555 1981 626 ponte
2003 555 2057 614 Α
2081 550 2154 606 ad
2185 568 2316 605 usus
2341 549 2787 606 reficiendorum
2815 546 2912 622 qci
2935 547 3081 606 forte
3136 541 3505 605 advenissent
3529 565 3697 622 pere-

378 639 590 720 novem
620 657 708 713 vix
743 653 1000 728 passibus
1025 652 1083 706 in
1104 651 1346 720 longum
1379 645 1714 710 dilatato,ab
1739 643 1864 713 ipso
1897 642 1978 696 di-
2085 643 2391 712 grinorum
2423 644 2772 713 praeparata.
2802 641 2928 694 llaac
2958 657 3090 696 casu
3121 639 3224 694 sub
3250 639 3397 694 turri
3417 655 3451 694 e
3477 655 3598 712 qua
3628 639 3698 694 si-

372 755 562 813 stabat
577 727 782 817 oratio,
813 761 1042 801 voraces
1071 740 1246 795 evasit
1287 737 1510 809 ignium
1542 734 1827 788 ﬂammas.
1861 731 1980 784 ΜΟ·
2081 748 2195 800 gna
2224 729 2652 802 dependebant,
2685 729 2858 795 elata,
2884 727 3580 784 decitentibus‘ambustis
3595 728 3698 784 cir-

377 860 508 901 vere
539 840 815 897 debuerat
841 837 953 890 hoc
973 833 1252 888 damnum
1285 825 1460 882 corda
1489 821 1820 879 mortalium
1849 818 1978 887 ;sed
2078 820 2459 875 cumvallatur
2489 817 2758 872 trabibus.
2786 817 2942 870 Tunc
2967 820 3284 872 renovante
3309 817 3428 872 Deo
3456 817 3698 890 antiqua.

376 931 518 990 heu!
553 945 720 986 mens
767 923 1073 981 hominum
1111 917 1356 973 nimium
1387 914 1592 985 ignara
1617 908 1814 974 futuri,
1843 907 1982 962 dum
2088 907 2384 972 miracula,
2409 907 2502 978 qui
2534 908 2638 962 sub
2661 907 2846 978 Moyse
2883 905 3093 960 rubum
3123 907 3327 962 mediis
3359 907 3420 960 in
3442 907 3701 962 ﬂammis

379 1037 499 1078 non
526 1019 774 1084 veretur,
805 1012 944 1067 dum
981 1025 1098 1066 non
1131 1005 1358 1071 metuit,
1390 1002 1495 1056 sibi
1526 997 1856 1072 ingruentia
1883 1011 1983 1047 ne-

383 1121 676 1182 quaquam
702 1100 1073 1158 considerans
1099 1095 1356 1159 adversa,
1380 1089 1533 1145 cadit
1561 1089 1616 1142 in
1653 1084 1944 1140 deteriora
1971 1079 1984 1134 !

455 1171 546 1253 22-.
564 1192 790 1250 Etenim
811 1205 928 1244 non
942 1189 1117 1257 longo
1135 1184 1364 1239 labente
1379 1193 1667 1234 annorum
1687 1171 1990 1234 curriculo,

386 1277 896 1358 praecellentissimi
925 1273 1190 1329 Richardi
1225 1267 1448 1325 abbatis
1496 1263 1776 1320 industria
1829 1259 1994 1314 fusile

387 1349 517 1429 ieris
544 1388 641 1426 vas
667 1369 740 1424 ad
770 1361 1170 1422 convocandos
1199 1359 1256 1413 in
1293 1355 1476 1413 oratio
1519 1353 1714 1406 ﬁdeles
1752 1349 1992 1422 paraba-

387 1467 502 1518 tur.
535 1460 707 1533 Cujus
753 1457 834 1511 rei
893 1449 1160 1516 ministri,
1213 1464 1345 1501 cum
1387 1447 1552 1500 nocte
1594 1457 1720 1513 quae
1771 1441 1996 1493 octavas

388 1549 570 1606 sancti
602 1526 959 1622 prmcedebat
994 1537 1304 1603 Laurentii,
1339 1535 1534 1588 labore
1569 1527 1697 1584 fessi
1731 1526 1995 1582 membra

392 1637 584 1712 sopori
602 1614 926 1699 .dedissent,
945 1643 1243 1686 accensam
1263 1623 1562 1679 candelam
1591 1616 1846 1688 postibus
1869 1614 1992 1667 afﬁ-

393 1703 524 1784 χειλη
545 1723 707 1782 obliti
748 1721 1110 1790 exstinguere
1142 1713 1518 1784 reliquerunt.
1545 1707 1680 1770 Quae
1704 1703 1992 1790 decidens,

2090 995 2330 1049 servavit
2357 995 2804 1060 incombustum,
2827 1011 3027 1049 mensa
3053 995 3248 1066 lignea
3279 1010 3558 1066 vaporem
3586 1011 3700 1048 non

2093 1083 2270 1138 sensit
2299 1083 2554 1154 igneum.
2591 1083 2899 1138 Videbatur
2940 1099 3078 1154 ergo
3113 1100 3230 1138 non
3264 1083 3474 1138 ardens
3496 1082 3704 1136 ardere

2093 1171 2290 1241 tripes,
2333 1188 2436 1224 nec
2461 1173 2660 1242 juncta
2692 1173 2867 1226 calori
2897 1171 3166 1226 materies
3195 1171 3474 1226 alimenta
3503 1171 3702 1235 dabat,

2095 1263 2159 1312 ut
2179 1264 2374 1329 aperte
2406 1261 2743 1314 claresceret
2774 1261 2962 1332 ipsum
2995 1259 3304 1332 aliquando
3326 1275 3500 1332 super
3555 1259 3707 1314 hanc

2053 1391 2056 1395 .
2098 1347 2440 1403 discubuisse
2472 1366 2732 1404 mensam
2766 1349 2858 1419 qui
2901 1349 3004 1402 sibi
3043 1349 3219 1402 tribui
3263 1348 3496 1412 fatetur,
3548 1347 3706 1418 quod

2095 1438 2292 1507 egenis
2323 1455 2385 1492 ac
2414 1437 2692 1492 mendicis
2717 1439 3011 1491 confertur
3028 1437 3253 1508 (Matth.
3284 1439 3431 1504 xxv).
3451 1435 3537 1490 Fit
3567 1453 3708 1490 con-

2094 1541 2288 1579 cursus
2335 1526 2538 1596 ingens
2579 1527 2650 1580 ad
2701 1527 2809 1580 hoc
2858 1527 3268 1596 spectaculum,
3317 1525 3705 1597 videruntque

2097 1613 2300 1684 quibus
2322 1618 2406 1668 est
2438 1614 2627 1668 videre
2642 1613 3028 1686 datum,quasi
3057 1613 3350 1668 turbinem
3374 1629 3407 1666 a
3429 1613 3710 1684 praedicta

2098 1717 2300 1756 mensa
2350 1705 2775 1772 exsurgentem,
2844 1701 3176 1772 congeriem
3211 1701 3532 1756 carbonum
3597 1702 3710 1755 huc

393 1822 648 1873 stramen
675 1788 960 1866 lectorum
1017 1805 1224 1876 stipula
1277 1799 1625 1854 exstructum
1653 1789 1932 1857 accendit,
1962 1805 1996 1842 a
2019 1870 2063 1876 _
2097 1788 2342 1861 illucque
2356 1789 3026 1862 dispergentem.Videre
3051 1790 3408 1846 eratdudum
3429 1791 3712 1862 lugubres

541 1904 746 1958 domus
775 1897 1064 1970 completa
1083 1870 1356 1954 flammis,
1384 1890 1447 1940 ut
1463 1885 1589 1956 jam
1604 1877 1999 1936 vehementius
2019 1870 2070 1929 B
2101 1879 2544 1948 proimminenti
2567 1879 2893 1933 calamitate
2909 1881 3220 1934 multorum
3241 1879 3445 1947 vultus,
3467 1881 3712 1949 repente

395 1969 646 2054 arderet,
690 1988 867 2044 etiam
905 1969 966 2040 in
1016 1980 1391 2050 continguam
1423 1972 1529 2028 sibi
1555 1971 1745 2026 aulam
1774 1969 1999 2022 Sanctia

392 2081 580 2137 Maria:
612 2075 816 2134 Christi
861 2072 1050 2132 Matris
1096 2085 1162 2125 ac
1193 2061 1547 2122 dilectissimi
1578 2056 1799 2114 domini
1829 2057 2004 2109 Bene-

397 2168 532 2225 dicti
557 2158 1299 2236 incendiasparsit.C|amor
1311 2152 1496 2208 subito
1527 2166 1593 2205 ac
1627 2148 1810 2202 luctus
1837 2143 2000 2213 inge-

395 2256 757 2314 miscentium
773 2251 992 2310 tollitur
1011 2250 1278 2311 fratrum,
1299 2239 1619 2298 verentium
1641 2252 1715 2291 ne
1737 2247 1998 2302 compre-

394 2346 587 2402 hensis
598 2343 866 2400 omnibus
881 2333 1316 2394 educendisarci
1329 2327 1586 2401 corporis
1610 2321 1788 2380 sancti
1821 2318 2000 2375 Patris

395 2433 687 2490 Benedicti
715 2429 819 2485 sibi
846 2427 1084 2484 facultas
1113 2421 1422 2494 deperiret.
1485 2413 1698 2480 Quibus
1740 2407 1842 2464 etsi
1873 2423 2001 2478 spes

394 2524 585 2578 inerat
598 2519 870 2576 eumdem
885 2509 1424 2570 excellentissimum
1441 2507 1674 2560 Patrem
1693 2515 1824 2556 suos
1839 2513 2000 2568 posse

395 2607 881 2666 incontaminatos
900 2617 1126 2658 servare
1156 2601 1333 2664 artus,
1358 2597 1642 2650 humanus
1657 2593 1851 2644 tamen
1884 2585 2000 2640 ani-

396 2716 547 2766 mus,
571 2692 899 2768 fragilitatis
937 2708 1055 2746 suae
1075 2690 1249 2743 vento
1279 2684 1546 2756 agitatus,
1605 2679 1664 2734 in
1714 2678 1998 2732 incertum

397 2787 697 2860 agebatur.
751 2781 996 2837 Eﬂ‘ertur
1063 2776 1311 2848 denique
1371 2768 1693 2860 lugentium
1750 2780 2002 2860 moeren-

395 2855 657 2946 tiumque
687 2870 956 2927 manibus
984 2866 1124 2922 illud
1152 2859 1492 2919 admirabile
1515 2855 1914 2927 margaritum,
1945 2855 2002 2906 et

395 2980 525 3020 cum
558 2945 710 3034 palla
733 2961 864 3032 (l9),
896 2972 1066 3028 super
1103 2968 1280 3026 quam
1333 2947 1518 3023 pridie
1574 2945 2000 3034 sacrosanctum

393 3031 601 3124 corpus
657 3031 788 3106 Jesu
841 3043 1049 3102 Christi
1111 3042 1300 3096 fuerat
1351 3035 1700 3098 confectum,
1754 3031 2002 3086 circum-

395 3119 642 3198 ducitur.
700 3139 844 3192 Cum
889 3135 1130 3205 repente
1169 3128 1460 3201 aquilone,
1494 3123 1589 3196 qui
1656 3121 1729 3176 ad
1787 3119 2001 3174 horrea

2104 1967 2272 2038 hujus
2302 1967 2548 2040 prodigii
2581 1967 2874 2022 alacritate
2904 1970 3284 2039 permutatos.
3341 1967 3716 2038 Consumptis

2103 2055 2280 2126 igitur
2318 2057 2605 2123 omnibus,
2638 2057 2761 2110 haec
2792 2055 3070 2110 remansit
3115 2055 3324 2110 inusta.
3353 2055 3468 2110 Nec
3497 2054 3592 2109 his
3623 2054 3717 2108 in-

2102 2145 2611 2200 commoditatibus
2641 2144 2804 2198 fracti
2827 2143 3005 2198 animi
3037 2144 3364 2212 bonorum;
3398 2143 3539 2214 quin
3595 2143 3716 2198 imo

2105 2235 2449 2304 procurante
2470 2233 2780 2287 venerabili
2813 2231 2911 2286 Dei
2935 2233 3154 2287 cultore
3185 2230 3474 2286 Richardo
3505 2231 3721 2286 abbate

2102 2320 2158 2374 in
2189 2338 2256 2376 eo
2289 2337 2402 2394 quo
2434 2338 2586 2375 nunc
2610 2321 2863 2375 cernitur
2889 2323 3126 2388 statum,
3151 2320 3304 2374 intra
3345 2319 3526 2374 trium
3587 2335 3722 2390 spa-

2098 2407 2244 2464 tium
2255 2426 2564 2473 annorum,
2579 2410 2686 2464 hoc
2707 2425 2930 2464 sacrum
2945 2412 3002 2462 et
3027 2407 3188 2462 valde
3201 2406 3562 2462 monachicae
3586 2406 3720 2460 vita

2101 2498 2412 2553 cultoribus
2428 2498 2750 2568 jucundum
2784 2501 3173 2570 przrparatum
3219 2497 3306 2550 est
3357 2495 3718 2550 ccenobium.

2102 2590 2281 2642 Porro
2313 2605 2496 2642 annus
2530 2587 2940 2642 combustiouis
2992 2585 3168 2658 ipsius
3197 2584 3306 2640 fuit
3357 2585 3454 2638 ille
3487 2583 3586 2656 qui
3649 2586 3723 2639 ab

2103 2677 2502 2732 lncarnatione
2526 2677 2749 2731 Domini
2778 2677 2888 2746 (20)
2911 2673 3386 2746 nongentesimus
3409 2682 3723 2745 septuage-

2103 2766 2278 2819 simus
2308 2769 2541 2836 quartus
2573 2765 2778 2820 dicitur
2804 2765 2994 2819 fuisse.

2726 2854 2950 2907 CAPUT
2987 2853 3070 2908 XI.

2102 2943 2442 2997 Architectus
2493 2961 2618 2997 casu
2685 2944 2892 2997 illaesos.
2950 2940 3152 2996 Mulier
3204 2960 3237 2996 a
3279 2942 3526 2996 daemone
3588 2942 3725 2997 libe-

2831 3022 3000 3067 ratur.

2172 3103 2260 3156 24.
2297 3101 2460 3171 Circa,
2493 3107 2714 3174 tempus
2741 3119 2872 3156 vero
2907 3101 3044 3156 illud
3076 3101 3228 3173 quod
3261 3117 3498 3156 summo
3531 3099 3721 3154 studio

666 3187 1314 3293 ﬂammasimpelleb‘at,
1342 3187 1482 3270 ﬂare
1511 3187 1815 3277 -cessante,
1847 3211 2000 3263 totus

2129 3189 2444 3286 'estauratio
2472 3191 2593 3261 ejus
2621 3189 3042 3261 perficiebatur,
3075 3189 3420 3244 architectus
3454 3187 3728 3261 quidam,

392 3317 619 3391 ignium
651 3315 854 3386 globus
881 3309 1172 3366 volumine
1202 3307 1354 3362 facto
1381 3303 1589 3360 coelum
1615 3315 1810 3354 versus
1834 3313 2001 3352 cacu-

394 3385 554 3464 mem
585 3385 842 3461 extendit
863 3399 1204 3472 ;ibiquepar
1222 3392 1504 3466 superiori
1525 3387 1792 3462 apparuit
1825 3385 1999 3441 mira-

393 3497 610 3563 culum,
635 3491 874 3549 ecclesia
887 3487 1081 3546 Sancti
1112 3481 1423 3549 Benedicti,
1455 3496 1584 3554 quse
1615 3476 1840 3551 pridem
1885 3489 2004 3529 suc-

393 3599 569 3638 censa
597 3585 768 3654 atque
793 3578 1114 3633 restaurata
1132 3575 1276 3638 erat,
1307 3570 1650 3626 remanente
1673 3579 1804 3619 cum
1835 3577 2006 3616 xeno-

399 3670 606 3728 dochio
636 3649 874 3742 ejusque
898 3663 1170 3738 coquina,
1202 3675 1430 3716 necnon
1462 3659 1522 3710 et
1545 3652 1814 3727 pistrino,
1849 3665 1914 3704 ac
1958 3649 2003 3703 si

396 3738 683 3818 Dominus
707 3738 825 3813 non
838 3753 1047 3818 verbis,
1068 3750 1169 3805 sed
1195 3747 1486 3820 operibus,
1507 3742 1679 3798 servis
1691 3739 1803 3796 suis
1815 3738 2004 3794 dicere

397 3843 858 3906 videreturzEtsi
889 3839 1048 3896 vobis
1101 3852 1207 3909 pro
1242 3829 1562 3890 commissis
1612 3826 2008 3900 iniquitatibus

400 3937 580 3994 iratus
613 3934 832 3998 videor,
863 3926 1128 4001 precibus
1153 3927 1353 3978 tamen
1398 3918 1657 3974 ﬁdelium
1715 3930 2005 3978 meorum,

403 4041 548 4099 quos
569 4021 702 4078 huic
721 4020 848 4074 loco
877 4018 1097 4070 tutores
1125 4009 1336 4082 delegi,
1368 4007 1686 4079 mitigatus,
1703 4004 1896 4076 aliqua
1915 4018 2008 4058 vo-

403 4095 493 4171 bis
522 4111 596 4167 ad
625 4102 1067 4164 inhabitandam
1098 4097 1388 4156 domicilia
1413 4095 1699 4169 relinquo.

1057 4259 1277 4316 CAPUT
1315 4259 1376 4314 X.

411 4359 602 4417 Mensa
659 4353 1004 4412 incombusta.
1039 4349 1659 4477 CMObiig‘nglatlfatiO.
1706 4342 2012 4398 Incendium

1121 4438 1259 4477 anno
1395 4461 1408 4475 .

1121 4438 1259 4478 anno
1284 4438 1408 4477 9’14.

485 4543 575 4596 23.
591 4533 760 4592 Aliud
773 4547 999 4606 quoque
1025 4528 1360 4602 inusitatum
1379 4529 1553 4581 antea
1576 4521 1795 4578 saeculis
1820 4524 2015 4576 osten-

414 4645 542 4686 sum
573 4643 607 4682 a
627 4622 874 4680 Domino
891 4621 1215 4691 estsignum
1244 4617 1400 4689 quod
1417 4632 1534 4669 non
1546 4613 1863 4683 ambigitur
1892 4629 2017 4668 me-

416 4718 542 4776 ritis
565 4711 832 4788 gloriosa;
858 4709 1103 4782 Virginis
1145 4705 1334 4763 Marias
1383 4702 1838 4772 sanetissimique
1879 4719 2018 4756 con-

418 4804 647 4864 fessoris
668 4799 873 4858 Christi
887 4795 1175 4854 Benedicti
1205 4793 1376 4848 fuisse
1408 4791 1732 4855 obtentum,
1766 4789 1840 4844 ad
1868 4806 2021 4845 moe-

420 4899 642 4952 storum
659 4891 919 4948 solamen
938 4883 1378 4943 monachorum.
1395 4877 1646 4950 Tripoda
1657 4881 1782 4932 erat
1793 4877 2019 4949 exigua,

491 5073 606 5148 (l9)
627 5065 939 5148 Corporale
966 5065 1192 5148 vocantz
1220 5056 1376 5148 quod
1392 5057 1603 5148 contra
1633 5055 1897 5148 ince‘ndjia
1921 5057 2024 5112 de-

416 5127 722 5203 ferritunc
742 5127 1028 5206 temporis
1057 5127 1296 5189 soleba‘t-
1339 5129 1488 5206 Lees
1516 5127 2021 5206 ἓοξιεειίῖιμίϋριθηξ

419 5197 1127 5280 tiu—iiiacensium'librum
1157 5218 1222 5280 ῃ,
1249 5217 1374 5280 cap.
1516 5197 1801 5280 Rodulphi
1829 5199 2022 5280 glabri

415 5267 686 5344 iiiﬁiiﬁv
715 5278 971 5334 Historiae
1001 5291 1125 5346 cap.
1158 5277 1183 5346 _l
1209 5267 1334 5346 ubi'
1365 5267 2018 5346 chrisrngleappellatur,

413 5337 812 5414 athon—crtum
841 5337 1111 5403 abbatem
1143 5343 1214 5399 de
1253 5340 1520 5414 incendio
1546 5337 1839 5414 Tuitiensi.

495 5373 574 5412 tiu
621 5373 812 5410 crtum
841 5373 1111 5403 annumin
1143 5373 1214 5399 ua
1253 5373 1520 5396 ιιιυσυιιιυ
1555 5373 1839 5394 ιιιιυιωωι.

483 5373 953 5499 (20{_Co_nsenti.t
1010 5429 1337 5499 enauimus
1410 5411 1886 5482 chronographus
1955 5412 2016 5468 in

411 5488 676 5555 tomo'lll
707 5488 954 5560 Cbesrnii,
984 5489 1270 5560 pag._3§5.

483 5567 602 5640 (2i)
635 5559 966 5640 Orator-ium
986 5557 1148 5640 istud
1182 5557 1459 5640 hactenus
1511 5569 1726 5640 magna
1749 5571 1817 5608 ex
1853 5558 2016 5640 parte

409 5625 686 5718 superest,
695 5632 853 5714 intra
871 5627 1476 5718 claustra‘piopasterii,
1496 5625 1650 5718 aliud
1663 5625 1748 5718 ‘ab
1779 5625 2016 5707 ecclesia

407 5695 866 5786 principali,quie
894 5698 1078 5754 beata:
1101 5696 1288 5753 Mariae
1315 5696 1503 5754 dicata
1530 5697 1636 5764 est,
1663 5695 1893 5751 tametsi
1913 5712 2012 5754 ara

2104 3275 2203 3348 qui
2235 3293 2388 3331 nunc
2419 3277 2604 3332 adhuc
2629 3281 2907 3348 superest,
2936 3276 3269 3332 Dominicus
3294 3276 3564 3342 nomine,
3587 3291 3726 3346 ope-

2101 3380 2228 3420 ram
2263 3366 2645 3438 cooperiendo
2662 3367 2908 3422 fratrum
2934 3367 3110 3422 dabat
3122 3365 3730 3436 refectorio.Cumque

2104 3451 2164 3512 iu
2194 3471 2425 3511 summo
2453 3457 2738 3528 aperturae
2765 3455 2995 3527 fastigio
3015 3454 3378 3524 consisteret,
3397 3469 3464 3508 ac
3488 3452 3725 3507 cuidam

2105 3550 2212 3606 sibi
2247 3551 2517 3621 poculum
2545 3543 2885 3618 porrigenti,
2918 3543 3068 3597 ultra
3095 3558 3274 3614 quam
3305 3557 3546 3596 necesse
3579 3542 3726 3605 erat,

2105 3638 2455 3700 intenderet,
2486 3637 2644 3707 lapso
2677 3633 2822 3706 pede
2863 3631 3051 3686 subito
3085 3630 3240 3685 inter
3262 3627 3589 3684 immensas
3615 3631 3731 3684 tra-

2106 3727 2268 3784 bium
2287 3725 2467 3780 moles
2493 3723 2566 3778 ad
2580 3725 2794 3776 terram
2809 3717 3478 3774 decidit.Concurrentes
3496 3717 3730 3785 fratres,

2107 3815 2201 3888 qui
2221 3831 2357 3870 eum
2388 3817 2508 3867 tam
2539 3811 2741 3866 ictibus
2784 3809 3078 3880 lignorum
3105 3821 3283 3880 quam
3315 3806 3536 3862 duritia
3558 3809 3730 3861 terra:

2108 3902 2502 3959 examinatum
2541 3899 2842 3970 putabant,
2882 3913 3000 3952 non
3029 3896 3216 3950 solum
3254 3893 3576 3964 viventem,
3630 3893 3731 3948 sed

2107 3991 2284 4048 etiam
2315 3988 2584 4044 omnibus
2607 3985 2884 4042 membris
2911 3983 3361 4056 integerrimum
3405 3983 3728 4056 reperiunt.

2110 4079 2276 4145 Quod
2296 4093 2410 4132 non
2445 4075 2758 4147 ambigitur
2781 4073 3000 4129 meritis
3041 4072 3222 4128 sancti
3275 4070 3384 4126 viri
3429 4071 3727 4128 Benedicti

2109 4168 2280 4225 fuisse
2301 4166 2702 4233 obtentum,ne
2722 4164 2898 4218 homo
2928 4162 3052 4234 ejus
3081 4161 3308 4216 deditus
3319 4161 3584 4224 servitio,
3606 4160 3731 4215 vita:

2112 4259 2211 4312 aut
2232 4255 2632 4310 membrorum
2665 4251 2960 4324 quodlibet
2991 4249 3299 4305 sustineret
3330 4249 3730 4322 dispendium.

2187 4349 2288 4400 25:
2301 4345 2379 4397 Ea
2407 4342 2585 4396 etiam
2605 4342 2948 4411 tempestate
2975 4353 3087 4410 qua
3117 4335 3731 4394 adhucinstaurationi

2034 4405 2086 4465 Β
2114 4431 2530 4505 ejusstudiosus
2555 4405 3012 4500 impendebatur
3031 4425 3216 4491 labor,
3250 4428 3313 4479 et
3339 4425 3732 4481 sacratissima

2117 4521 2298 4580 Patris
2313 4518 2398 4572 sui
2417 4517 2707 4572 Benedicti
2723 4532 2866 4582 ossa,
2889 4515 2946 4568 in
2965 4512 3204 4568 ecclesia
3224 4512 3419 4568 Sancti
3436 4515 3598 4570 Petri
3624 4515 3730 4582 (‘21)

2119 4613 2354 4668 devotus
2377 4607 2628 4662 filiorum
2641 4605 2966 4660 asservabat
2992 4603 3299 4669 amor,tale
3315 4603 3458 4675 quid
3477 4603 3540 4658 in
3558 4603 3732 4676 priori

2118 4695 2514 4755 tumulationis
2541 4711 2654 4750 suae
2681 4695 2804 4748 loco
2835 4693 2930 4747 hic
2959 4695 3116 4746 tutor
3163 4694 3362 4746 noster
3413 4693 3731 4748 ostendisse

2121 4791 2408 4843 narratur.
2427 4783 2620 4840 Mulier
2632 4781 2896 4854 quaedam
2917 4779 3207 4835 daemonio
3222 4780 3479 4848 obsessa,
3505 4782 3584 4836 ad
3615 4798 3735 4836 mo—

2123 4874 2436 4932 nasterium
2462 4875 2548 4928 est
2577 4871 2840 4939 deducta,
2861 4869 3115 4942 atquein
3147 4871 3349 4940 crypta
3379 4869 3735 4937 interiori,ut

2124 5059 2312 5128 major
2339 5055 2514 5112 etiam
2548 5054 2865 5128 inhonora
2888 5049 3067 5128 sancti
3091 5049 3499 5128 Petrisacrata
3529 5057 3738 5118 erat,ut

2125 5120 2330 5200 colligo
2359 5132 2484 5182 tum
2506 5143 2574 5181 ex
2602 5123 2807 5200 litteris
2826 5121 3065 5200 Ecc_ar_di_
3091 5120 3321 5200 comitis
3349 5124 3617 5200 superius
3639 5123 3733 5177 ad-

2125 5191 2462 5265 ducti's,tum
2486 5214 2551 5252 ex
2569 5196 2822 5266 quodam
2841 5191 3106 5266 scriniolo
3131 5191 3734 5266 ligneo,quod_nuper,

2123 5275 2261 5328 dum
2295 5262 2474 5324 altare
2515 5262 2666 5322 istud
2695 5263 2988 5333 augustius
3045 5262 3494 5330 instauraretur,
3521 5264 3581 5318 in
3619 5262 3734 5318 imo

2119 5345 2245 5400 loco
2285 5343 2582 5396 inventum
2603 5335 2936 5391 continebat
2961 5333 3083 5387 haec
3110 5333 3288 5387 verba
3317 5334 3634 5390 aurichalci
3658 5335 3729 5388 la-

2116 5415 2292 5470 minae
2320 5411 2595 5482 inscripta
2614 5425 2639 5482 ξ
2666 5408 2870 5482 Munus
2923 5421 3083 5482 Fiant.
3115 5404 3326 5482 iussu,
3399 5421 3478 5482 in.
3513 5423 3736 5482 nonas

2121 5488 2245 5541 δῖε.
2277 5486 2472 5541 ΜΑΒιΕ.
2494 5475 2575 5536 ar.
2605 5479 2717 5536 STI.
2751 5479 2937 5532 PETRI.
2973 5477 3026 5529 Is
3056 5478 3142 5528 est
3175 5475 3530 5531 Mummolus
3560 5477 3712 5532 abba

2120 5556 2228 5612 loci
2257 5553 2558 5620 secundus,
2591 5551 2752 5622 cujus
2774 5547 3029 5619 elogium
3055 5544 3114 5600 in
3145 5545 3370 5602 Suaculo
3402 5543 3454 5603 II
3485 5548 3732 5603 relatum

2119 5631 2223 5682 est.
