3882 6212
187 455 286 511 817

984 446 1076 505 DE
1104 443 1475 506 MIRACULIS
1507 443 1566 503 S.
1597 440 1959 503 BENEDICTI
1990 442 2170 503 LIBRI
2197 436 2362 507 DUO.
2392 477 2462 490 -—
2492 445 2621 506 LIB.
2648 444 2693 505 Ῐ.

3399 434 3504 510 eis

186 579 262 637 ibi
295 580 629 647 curaretur,
660 575 1012 633 intromissa.
1064 575 1227 631 Unde
1267 578 1395 645 post
1426 573 1806 646 aliquantulas
1827 570 1881 628 A
1905 573 1957 627 ei
1990 573 2049 628 in
2073 574 2276 631 ordine
2304 576 2437 631 vicis
2468 594 2543 633 sa:
2574 574 2965 650 propensioris
2992 591 3143 632 curse
3172 573 3509 633 immineret

193 668 671 726 debacchationis
703 685 815 722 sum
866 682 1059 721 moras
1115 669 1385 731 retracta,
1433 668 1566 719 ante
1625 666 1803 719 altare

180 762 391 815 sanctae
420 759 520 813 Dei
572 752 870 812 Genitricis
899 755 1083 808 Maria:
1126 753 1411 821 constitit;
1450 753 1688 822 excujus
1705 768 1803 807 ore

184 852 247 903 ut
281 847 451 903 nobis
479 847 731 901 relatum
749 847 853 910 est,
872 847 987 897 tres
1010 843 1304 897 daemones
1328 841 1385 895 in
1420 842 1654 895 modum
1683 857 1803 895 sca-

187 938 531 992 rabaeorum
563 950 695 988 cum
717 932 881 986 viridi
908 933 1140 986 cholera
1156 930 1212 984 in
1241 931 1457 984 concha
1478 928 1806 983 decidentes

183 1043 362 1093 terea,
392 1022 651 1078 sonitum
686 1036 1016 1094 repercusso
1034 1035 1147 1073 azre
1178 1018 1422 1072 cicrunt.
1447 1018 1651 1088 Sicque
1676 1034 1804 1087 per-

178 1131 327 1169 sona
373 1113 475 1168 illa
534 1111 817 1166 mundata
865 1113 968 1175 est,
1004 1110 1240 1164 obtentu
1298 1107 1560 1177 gloriosas
1616 1106 1809 1162 Matris

182 1201 423 1259 Domini
457 1217 522 1256 ac
556 1198 750 1271 inclyti
773 1197 1114 1254 confessoris
1142 1196 1262 1267 ejus
1296 1194 1605 1250 Benedicti.

812 1305 1035 1361 CAPUT
1083 1305 1190 1358 XII.

290 1397 619 1453 Contractus
640 1402 854 1451 erectus.
889 1393 1184 1518 Dulodccim
1200 1408 1453 1463 pauperes
1482 1389 1723 1445 Floriaci

940 1483 970 1518 α
997 1467 1078 1517 z'ti.

940 1467 1078 1518 aliti.

269 1561 365 1614 26.
397 1558 586 1612 Homo
618 1554 973 1626 fuitquidam
988 1549 1809 1621 Wastinensispagiindigena,

187 1647 291 1721 qui
322 1646 399 1701 ab
432 1648 597 1699 utero
629 1642 831 1698 matris
859 1640 1070 1711 pedum
1101 1639 1351 1711 privatus
1378 1638 1599 1703 officiis,
1628 1653 1812 1691 scam-

189 1736 515 1792 mellorum
547 1730 1026 1787 adminiculoiter
1055 1726 1660 1793 conficiebat,humum
1689 1738 1812 1778 ver-

190 1821 634 1887 rendo.Hic,ter
660 1818 815 1875 beati
865 1817 1047 1872 Patris
1083 1815 1262 1871 nostri
1294 1814 1584 1869 Benedicti
1622 1811 1817 1866 audita

1905 667 2148 738 diligens
2173 669 2414 731 cautela,
2444 666 2648 721 accidit
2676 667 2971 721 lucernam
3002 668 3135 721 ante
3165 666 3345 721 altare
3376 683 3508 738 per-

1903 762 2090 829 petua:
2111 757 2355 827 Virginis
2373 756 2559 812 Mariae
2578 754 2962 811 venerationis
2989 754 3177 825 gratia
3207 771 3508 810 accensam

1905 846 2204 917 exstingui.
2258 847 2373 901 Mos
2424 862 2557 901 vero
2603 862 2636 899 a
2680 844 2880 916 priscis
2910 843 3199 899 institutus
3244 843 3511 900 Patribus

1906 936 2194 991 observari
2224 935 2422 990 solitus
2451 938 2596 1001 erat,
2647 934 2803 1005 quod
2838 950 2943 988 nos
2968 950 3196 1005 quoque
3227 934 3287 988 in
3312 936 3514 990 nostra

1905 1024 2301 1095 perspeximus
2350 1023 2473 1078 fieri
2525 1022 2789 1095 pueritia,
2845 1025 2909 1076 ut
2958 1024 3078 1077 tam
3107 1022 3307 1077 diebus
3335 1037 3511 1094 quam

1907 1114 2186 1179 noctibus,
2221 1112 2397 1167 trium
2428 1113 2793 1166 lucernarum
2834 1111 3053 1166 lumine
3085 1114 3413 1166 memorata
3444 1110 3515 1165 il-

1906 1203 2246 1255 lustraretur
2299 1200 2556 1255 ecclesia.
2620 1200 2965 1255 Exstinctam
3016 1215 3155 1271 ergo
3211 1200 3515 1272 praedictus

1906 1290 2092 1344 frater
2122 1290 2446 1356 candelam,
2480 1289 2552 1344 ad
2582 1289 2755 1344 aliam
2774 1305 2901 1360 qua:
2924 1288 3184 1359 sepulcro
3203 1287 3358 1343 beati
3376 1304 3515 1343 con-

1910 1378 2139 1433 fessoris
2156 1378 2467 1449 praelucere
2496 1378 2889 1443 consueverat,
2919 1379 2981 1431 ut
3001 1375 3339 1431 accenderet
3356 1375 3520 1430 defe-

1908 1466 2254 1537 rens,ipsam
2277 1482 2506 1537 quoque
2529 1464 2800 1519 defecisse
2818 1464 3051 1535 reperit;
3068 1464 3302 1519 tertiam
3317 1464 3516 1527 etiam,

1912 1572 2038 1627 quae
2072 1554 2325 1610 oratoria
2355 1559 2569 1624 crypta!
2600 1553 2882 1608 illustrare
2907 1553 3075 1608 solita
3099 1556 3244 1620 erat,
3263 1551 3403 1609 dum
3430 1552 3521 1607 in-

1912 1644 2147 1709 visisset,
2171 1646 2229 1698 et
2253 1642 2440 1713 ipsam
2472 1645 2800 1697 emortuam
2827 1641 3087 1697 offendit.
3116 1641 3398 1697 Turbatus
3416 1640 3521 1713 igi-

1914 1735 2007 1786 tur
2031 1731 2251 1796 animo,
2284 1730 2422 1785 dum
2446 1730 2670 1785 concito
2701 1729 2884 1801 gradu
2911 1746 2970 1784 se
2991 1728 3179 1792 effert,
3214 1732 3278 1784 ut
3323 1730 3522 1785 lumen

1916 1819 2161 1873 basilicas
2216 1818 2561 1883 restitueret,
2616 1833 2907 1887 regressus
2949 1816 3238 1889 perspexit
3291 1831 3526 1871 unume

192 1909 513 1980 fama,ejus
528 1907 858 1963 veneranda
891 1905 1030 1960 adiit
1056 1904 1279 1959 limina.
1305 1904 1815 1973 Susceptusautem
1842 1942 1891 1999 B
1917 1907 2094 1962 cereis
2138 1906 2629 1971 eminentioribus,
2681 1907 2779 1977 qui
2831 1921 3009 1977 penes
3061 1905 3242 1958 altare
3290 1903 3525 1975 Regina;

194 2001 253 2055 in
282 2001 534 2055 domum
553 1997 890 2052 alendorum
916 2010 1233 2066 pauperum
1261 1992 1453 2046 usibus
1468 1991 1816 2059 delegatum,

195 2088 371 2160 petiit
399 2103 460 2141 se
495 2084 771 2140 alimonia
800 2081 1104 2137 sustentari
1136 2082 1402 2146 fratrum,
1438 2080 1620 2133 donec
1640 2078 1818 2132 inter-

196 2179 381 2231 ventu
429 2173 613 2229 sancti
651 2170 989 2227 confessoris
1038 2169 1123 2224 sui
1167 2168 1445 2223 Dominus
1505 2169 1717 2236 optatas
1766 2165 1821 2221 ei

196 2264 404 2321 salutis
420 2262 702 2317 tribueret
727 2260 1014 2315 effectum.
1032 2258 1201 2328 Cujus
1227 2257 1491 2328 precibus
1507 2254 1819 2310 Richardus

198 2354 383 2409 abbas
403 2348 754 2416 annuens,in
772 2364 1013 2402 numero
1028 2346 1333 2401 duodecim
1353 2359 1671 2416 egenorum
1686 2358 1819 2397 cum

195 2440 411 2497 haberi
434 2437 852 2509 instituit,quos
867 2435 1113 2505 diligens
1132 2434 1271 2488 boni
1295 2433 1663 2503 antiquorum
1687 2447 1823 2485 cura

199 2533 448 2586 Patrum
482 2526 541 2581 in
572 2526 680 2580 hoc
710 2526 905 2579 nostro
938 2522 1278 2577 Floriacensi
1304 2519 1669 2584 casnohio,ob
1687 2518 1824 2573 duo-

198 2618 512 2675 denarium
537 2615 927 2688 apostolorum
955 2629 1286 2678 numerum,
1310 2608 1714 2665 communibus
1729 2608 1827 2662 sti-

203 2706 442 2779 pendiis
464 2704 667 2760 diatim
697 2703 772 2758 ali
803 2719 868 2757 ac
896 2701 1090 2756 vestiri
1120 2698 1374 2754 sancivit.
1400 2697 1505 2763 Qui
1537 2694 1822 2769 quotidia-

199 2796 293 2851 nis
312 2793 575 2865 suspiriis
601 2808 765 2846 aures
792 2789 1030 2862 piissimi
1064 2790 1294 2860 pulsans
1316 2784 1825 2852 Conditoris,dona

204 2884 417 2956 cupita:
451 2881 724 2953 poscebat
742 2878 1047 2948 sospitatis.
1081 2878 1147 2931 Et
1185 2875 1319 2947 quia
1356 2875 1519 2945 juxta
1562 2872 1825 2927 Veritatis

205 2973 457 3037 dictum,
483 2971 757 3025 caélorum
789 2968 904 3022 vim
942 2966 1158 3036 patitur
1180 2981 1450 3034 regnum,
1479 2966 1534 3017 et
1556 2959 1826 3016 instantia

202 3061 435 3134 rapitur
459 3059 841 3114 violentorum
868 3055 1087 3127 (Matth.
1115 3070 1188 3121 χι,
1214 3056 1525 3124 ίῑζῖιφοῐθηε
1542 3050 1821 3121 accipere,

205 3166 479 3224 quaerens
510 3146 789 3213 invenire,
824 3146 1165 3218 pulsansque
1190 3145 1253 3196 ut
1280 3142 1386 3196 sibi
1417 3137 1825 3195 misericordiae

204 3238 538 3312 aperiretur
582 3234 768 3290 aditus
823 3233 973 3305 (Luc.
1017 3248 1092 3298 χι,
1135 3230 1248 3300 40),
1283 3228 1493 3284 meruit
1540 3226 1821 3325 obtinere.
1850 3271 1896 3326 Ο

201 3304 472 3382 Tandem
498 3325 655 3379 enim
707 3321 978 3393 suffragio
1011 3320 1069 3375 in
1096 3320 1297 3392 primis
1328 3318 1495 3372 almtc
1525 3312 1826 3369 Genitricis
1850 3304 1897 3326 “¹

207 3414 422 3470 Christi
457 3411 670 3477 Marias,
695 3410 755 3466 in
787 3411 945 3480 cujus
975 3409 1292 3463 excubabat
1344 3407 1493 3472 aula,
1527 3421 1590 3458 ac
1617 3401 1825 3457 deinde

205 3499 677 3559 excellentissimi
706 3499 1125 3553 monachorum
1146 3494 1486 3567 legislatoris
1510 3489 1822 3557 Benedicti,

204 3608 384 3664 quem
424 3588 809 3644 mediatorem
855 3587 1006 3640 inter
1034 3602 1092 3639 se
1121 3588 1179 3639 et
1227 3583 1537 3638 Dominum
1590 3594 1822 3634 suarum

205 3676 980 3750 elegerat'precum,arentes
1000 3672 1319 3728 humectari
1342 3670 1519 3737 nervi,
1541 3683 1823 3739 cruraque

207 3768 513 3822 contracta
541 3778 765 3835 cmpere
785 3762 1133 3818 resolvi.IIoe
1154 3760 1249 3814 ubi
1267 3756 1573 3829 languidus
1592 3773 1823 3829 persen-

206 3855 301 3922 sit,
320 3857 379 3910 et
399 3853 523 3925 ipse
546 3850 787 3922 cupidus
808 3849 1315 3917 sanitatis,insueto
1334 3847 1657 3902 attentabat
1673 3845 1823 3899 viam

210 3946 401 3998 terere
437 3956 623 3995 more.
650 3939 930 3995 Paulatim
962 3939 1155 4009 itaque
1185 3954 1243 3991 se
1274 3936 1646 4007 subrigendo,
1689 3951 1821 4004 pro-

210 4048 375 4086 cessu
392 4028 675 4100 temporis
690 4026 1025 4082 ambulandi
1040 4024 1399 4080 firmissimas
1409 4025 1648 4095 adeptus
1662 4024 1826 4090 vires,

214 4118 444 4175 meritis
473 4116 693 4188 egregii
718 4114 1079 4181 confessoris,
1114 4113 1318 4168 nativae
1346 4112 1543 4167 statuit
1569 4114 1829 4181 repetere

212 4205 581 4280 proprietam
612 4204 848 4258 telluris.
883 4204 1172 4257 Postulata
1225 4202 1418 4272 itaque
1468 4199 1718 4255 abeundi
1762 4198 1829 4253 li-

213 4295 429 4361 centia,
463 4292 680 4365 gratias
710 4290 1003 4347 liberatori
1033 4292 1149 4346 Deo
1180 4293 1494 4360 sanctoque
1526 4304 1631 4358 pro
1666 4304 1830 4358 posse

212 4386 480 4440 referens
524 4382 856 4445 Benedicto,
887 4397 1014 4434 cum
1046 4378 1290 4451 propriis
1322 4395 1463 4449 quos
1508 4378 1580 4431 ad
1606 4377 1714 4431 hoc
1746 4376 1830 4448 ip-

213 4490 343 4527 sum
369 4474 709 4527 evocaverat
731 4469 1002 4524 fratribus
1031 4469 1104 4524 ad
1132 4485 1235 4523 sua
1265 4483 1543 4533 reversus,
1588 4465 1830 4536 agricul-

217 4564 361 4615 turae
392 4560 467 4614 de
499 4558 723 4630 reliquo
744 4573 981 4629 operam
1008 4556 1184 4611 dedit.

832 4663 1052 4718 CAPUT
1095 4664 1229 4718 XIII.

250 4756 511 4810 Lucerna
541 4760 648 4807 tres
674 4754 731 4807 in
759 4752 970 4807 ecclesia
997 4750 1068 4806 B.
1104 4750 1323 4805 Maria.
1360 4748 1553 4805 Cereus
1603 4750 1802 4806 caelitus

895 4838 1166 4878 accensus.

291 4920 384 4971 27.
406 4912 575 4985 Saepe
593 4910 881 4966 nominati
910 4910 1136 4966 abbatis
1165 4908 1433 4964 Richardi
1460 4907 1839 4980 temporibus,

212 5004 454 5065 cuidam
483 5001 775 5056 monacho
826 4998 1157 5065 Benedicto,
1188 4997 1277 5052 cui
1302 4997 1475 5069 Niger
1504 5013 1842 5069 pramomen

213 5092 344 5160 fuit,
378 5090 455 5145 ab
483 5089 692 5144 eodem
716 5088 927 5143 abbate
961 5102 1092 5142 cum
1119 5085 1429 5158 aliquantis
1451 5084 1578 5140 aliis
1607 5102 1674 5141 ex
1695 5088 1843 5141 cmtu

210 5175 474 5237 fratrum
518 5178 751 5233 tuenda:
808 5193 983 5232 sacra:
1014 5175 1151 5231 aedis
1200 5174 1480 5230 mandata
1523 5173 1843 5230 sollicitudo

211 5258 348 5337 fuit,
378 5267 533 5323 illius
562 5283 700 5322 sane
745 5282 874 5338 quae
902 5267 1113 5319 sanctae
1158 5264 1262 5318 Dei
1310 5262 1610 5319 Genitricis
1655 5262 1844 5317 Marias

212 5357 320 5415 sub
341 5358 571 5412 honore
601 5356 717 5409 Deo
748 5353 956 5419 dicata,
985 5352 1233 5407 caelestis
1262 5350 1537 5418 thesauri,
1590 5348 1844 5420 corporis

216 5446 346 5502 dico
380 5443 728 5500 sanctissimi
762 5442 946 5497 Patris
978 5440 1290 5507 Benedicti,
1326 5439 1593 5495 mirabile
1627 5437 1843 5493 cunctis

216 5552 277 5609 in
303 5551 364 5589 se
394 5532 614 5587 retinet
636 5532 1046 5602 margaritum.
1076 5529 1198 5584 Uno
1229 5528 1418 5600 itaque
1446 5526 1838 5594 dierum,dum

1852 4345 1906 4404 D

1919 1996 2205 2065 virginum
2253 1995 2389 2066 poni
2441 1996 2648 2055 solent,
2684 1996 2755 2066 let
2783 1992 2840 2047 in
2868 1991 3269 2048 festivitatibus
3296 1994 3525 2047 tantum

1918 2084 2175 2152 accendi,
2205 2083 2475 2139 divinitus
2526 2083 2936 2149 illuminatum,
2991 2078 3243 2136 ﬂammis
3291 2078 3528 2136 rutilare

1919 2173 2183 2230 coruscis.
2215 2174 2397 2239 Quam
2450 2188 2576 2226 rem
2606 2172 2771 2227 valde
2817 2169 3134 2237 admirans,
3169 2166 3380 2241 gratias
3410 2168 3530 2222 Deo

1921 2262 2194 2329 reddidit,
2228 2259 2558 2333 intelligens
2596 2259 3036 2315 exstinctionem
3066 2257 3376 2323 luminum,
3412 2272 3530 2311 non

1921 2351 2179 2417 casu,sed
2210 2350 2399 2405 divina
2430 2348 2698 2404 accidisse
2725 2346 3107 2421 providentia,
3126 2346 3198 2400 ad
3220 2344 3530 2400 ostenden-

1921 2440 2059 2494 dum
2091 2439 2448 2504 mortalibus,
2482 2437 2611 2492 huic
2641 2434 3021 2491 sacratissimo
3051 2435 3176 2490 loco
3217 2448 3527 2506 supernam

1922 2544 2291 2601 nequaquam
2313 2526 2509 2582 abesse
2538 2525 2951 2581 visitationem.

2535 2615 2758 2671 CAPUT
2808 2613 2919 2668 XIV

2309 2703 2504 2760 Sancti
2540 2708 2867 2775 contemplor
2885 2704 3139 2775 pusulas.

1996 2795 2083 2848 28.
2118 2794 2301 2866 Eques
2330 2793 2565 2865 quidam
2589 2791 2899 2864 aliquando
2923 2790 3033 2845 iter
3060 2786 3538 2857 faciens,de\;enit

1924 2884 1981 2937 in
2017 2883 2204 2937 villam
2241 2884 2313 2937 ad
2333 2884 2425 2954 jus
2460 2880 2793 2937 monasterii
2822 2879 3015 2935 Sancti
3046 2878 3337 2934 Benedicti
3366 2876 3537 2950 perti-

1926 2975 2185 3039 nentem,
2246 2971 2334 3025 cui
2378 2970 2670 3025 V'itriarias
2716 2986 2930 3024 nomen
2968 2971 3086 3036 est;
3136 2969 3538 3040 ingressusque

1927 3060 2167 3115 domum
2196 3059 2493 3129 cujusdam
2519 3059 2727 3125 vidum,
2747 3058 2968 3112 invenit
2988 3056 3299 3112 sextarium
3319 3070 3538 3117 avenaa,

1926 3164 2102 3219 quam
2162 3147 2371 3218 pabulo
2425 3163 2710 3218 equorum
2764 3144 3147 3201 necessariam
3204 3143 3311 3199 sibi
3359 3142 3540 3197 tolero

1925 3238 2141 3303 volens,
2166 3235 2453 3290 amuliere
2472 3234 2910 3307 prohibebatur,
2934 3234 3188 3289 dicente:
3209 3230 3539 3305 «Si,inquit,

1927 3323 2215 3378 viduitatis
2228 3339 2372 3377 mete
2389 3326 2789 3394 paupertatem
2804 3321 3121 3377 auferendo
3143 3338 3237 3376 me
3250 3319 3541 3393 despectui

1926 3413 2125 3479 habes,
2183 3414 2387 3465 saltem
2443 3409 2867 3465 sanctissimum
2901 3425 3098 3464 revere
3141 3408 3537 3474 Benedictum,

1927 3502 2087 3572 cujus
2108 3501 2257 3572 juris
2285 3500 2393 3554 hoc
2440 3516 2535 3553 rus
2565 3501 2649 3553 est
2679 3499 2833 3570 quod
2866 3497 3074 3551 incolo.
3106 3518 3135 3545 ››
3197 3496 3298 3550 Cui
3353 3496 3538 3562 miles,

1926 3612 1951 3639 ‹‹
1983 3589 2253 3655 Tantum,
2287 3587 2387 3655 ait,
2418 3603 2522 3659 pro
2553 3589 2749 3641 sancto
2776 3583 3102 3650 Benedicto,
3125 3586 3405 3656 quantum
3435 3599 3540 3653 pro

1926 3681 1980 3731 te
2002 3676 2286 3744 dimitto;»
2311 3679 2627 3747 vocatoque
2646 3673 3207 3746 armigero,avenam
3224 3686 3397 3744 quam
3425 3670 3542 3742 ipse

1925 3767 1983 3820 in
2018 3767 2307 3821 sacculum
2351 3764 2714 3837 pauperculae
2760 3760 3171 3828 transfuderat,
3215 3760 3361 3815 collo
3407 3762 3539 3832 equi

1927 3855 2227 3910 ferendam
2262 3853 2519 3921 tradidit,
2569 3852 2762 3925 sicque
2820 3849 3092 3906 discessit.
3140 3849 3253 3904 Nec
3301 3848 3543 3920 longum

1930 3942 2151 3998 itineris
2181 3943 2431 4014 spatium
2449 3958 2739 4008 emensus,
2760 3940 2968 4005 subito,
2996 3955 3062 3993 ac
3092 3937 3265 3994 nullis
3292 3936 3544 4008 urgenti-

1929 4035 2034 4089 bus
2065 4032 2375 4088 calcarium
2424 4030 2689 4097 stimulis,
2736 4045 2884 4101 equo
2916 4028 2991 4083 ad
3028 4041 3257 4083 cursum
3289 4025 3543 4099 proclivo

1932 4122 1989 4176 in
2007 4138 2265 4195 praeceps
2278 4118 2760 4191 labitur.Sonipes
2780 4117 3038 4189 disrupto
3056 4114 3541 4189 guttureinteriit;

1932 4211 2054 4281 ipse
2083 4210 2264 4265 fracto
2296 4208 2625 4264 debilitatus
2648 4224 2814 4263 crure
2845 4206 2944 4261 diu
2974 4204 3215 4278 languit.
3235 4205 3352 4260 Sua
3369 4202 3546 4277 igitur

1931 4316 2105 4373 pruna
2134 4298 2253 4370 ipse
2283 4297 2494 4352 dedicit
2522 4299 2582 4352 et
2633 4295 2757 4352 aliis
2787 4294 3116 4366 exemplum
3164 4293 3413 4365 praebuit
3436 4309 3544 4350 nec

1932 4392 2159 4443 sanctos
2179 4391 2448 4460 oportere
2474 4385 2793 4455 contemni,
2814 4400 2920 4439 nec
2932 4382 3235 4438 viduarum
3259 4383 3545 4453 lacrymas

1934 4479 2146 4534 debere
2179 4494 2298 4532 esse
2342 4477 2655 4550 despectui,
2687 4493 2837 4549 quae,
2888 4477 2951 4529 ut
2997 4472 3078 4529 ait
3128 4473 3430 4538 Salomon,
3472 4473 3544 4528 ab

1934 4565 2111 4621 oculis
2139 4565 2211 4619 ad
2242 4564 2522 4631 maxillas,
2554 4581 2589 4619 a
2617 4563 2865 4619 maxillis
2899 4562 2973 4618 ad
3006 4565 3222 4618 terram
3250 4560 3543 4628 decidunt,

1935 4656 1993 4709 et
2022 4652 2301 4709 Dominus
2346 4652 2610 4709 omnium
2652 4654 2947 4726 susceptor
3000 4653 3088 4708 est
3112 4665 3315 4708 earum
3345 4649 3543 4724 (Eccli.

1937 4759 2097 4809 xxxv,
2133 4741 2241 4814 l9).

2541 4830 2773 4885 CAPUT
2827 4830 2932 4884 XV.

1941 4921 2280 4977 Praedatores
2310 4920 2472 4975 multi
2500 4938 2532 4974 a
2539 4918 2733 4991 paucis
2750 4917 3253 4990 fusi.S.Beuedicti
3269 4917 3544 4975 eccillum.

2013 5014 2104 5066 29.
2131 5008 2595 5083 Caput-cervium
2610 5005 2879 5079 (Sacerge)
2891 5005 3169 5078 possessio
3182 5006 3452 5078 quaedam
3463 5008 3551 5071 est

1944 5098 2137 5156 Sancti
2180 5096 2491 5165 Benedicti,
2520 5096 2592 5150 de
2622 5112 2737 5168 qua
2774 5093 2833 5149 in
2877 5092 3248 5167 sequentibus
3294 5095 3546 5166 plenius,

1942 5189 2171 5244 favente
2192 5189 2333 5254 Deo,
2349 5183 2637 5241 narraturi
2661 5199 2858 5239 sumus
2873 5181 2999 5255 (lib.
3016 5197 3210 5254 n,cap.
3230 5185 3284 5237 5.
3298 5181 3367 5236 V.
3381 5182 3551 5240 Adre-

1941 5276 2115 5344 vald.,
2143 5290 2266 5347 cap.
2283 5274 2397 5348 38),
2428 5272 2676 5345 qualiter
2703 5270 2918 5327 scilicet
2933 5271 3007 5327 ad
3036 5269 3362 5326 dominium
3380 5270 3551 5342 hujus

1943 5363 2317 5421 Floriacensis
2337 5359 2581 5418 caenobii
2606 5358 2949 5432 pervenerit,
2977 5374 3077 5414 seu
3094 5357 3388 5431 quomodo
3414 5356 3550 5414 inde

1942 5451 2218 5509 habitatio
2235 5449 2656 5506 monachorum
2679 5449 2752 5505 ad
2778 5448 3011 5504 Salense
3027 5446 3140 5522 (22)
3161 5453 3410 5505 castrum
3428 5464 3553 5503 mu-

1944 5545 2063 5598 tata
2104 5539 2195 5596 sit.
2230 5538 2330 5595 Cui
2381 5537 2723 5610 possessioni
2773 5537 3165 5610 gubernanda;
3214 5538 3384 5611 paulo
3417 5540 3553 5594 ante

327 5695 437 5769 (22)
465 5697 548 5751 De
574 5693 684 5750 situ
713 5692 883 5750 castri
914 5689 1183 5763 Salensis,
1214 5692 1381 5764 vulgo
1404 5690 1815 5751 Saint-Benoise
1850 5690 1924 5748 du
1954 5688 2113 5749 Sault
2133 5686 2286 5745 infra
2308 5685 2369 5744 in
2397 5686 2497 5745 lib.
2529 5703 2591 5760 ιι,
2620 5702 2747 5762 cap.
2771 5688 2825 5757 6,
2859 5701 3018 5743 num.
3056 5688 3141 5747 15.
