3882 6212
380 464 488 526 819

1486 457 1752 524 ᾹΙΜΟΙΝΙ
1781 457 2092 520 MONACHI
2139 459 2636 522 FLORIACENSIS

3628 467 3737 527 820

382 586 742 644 memoratus
773 587 946 653 (num.
995 583 1090 658 27)
1134 599 1220 642 vir
1267 583 1616 641 venerabilis
1665 585 2078 645 BenedictusA
2102 581 2466 658 Quapropter
2495 584 2644 640 Elias
2692 582 2926 642 Bosonis
2973 583 3143 656 filius,
3197 585 3508 644 dominum
3558 605 3735 646 suum

382 674 701 744 monachus
712 673 1054 746 prapositus
1065 676 1169 730 est.
1189 673 1314 739 Qua
1333 676 1678 747 tempestate
1699 691 1765 729 ex
1784 675 2001 744 castris,

385 781 514 836 quae
545 763 899 819 creberrima
927 780 1031 836 per
1061 779 1192 818 eam
1242 763 1548 834 regionem
1588 765 1898 832 habentur,
1932 763 2006 819 ad

381 856 616 910 centum
631 852 1014 925 quadraginta
1025 851 2004 928 armati,inArgentomagenses(23)

381 959 576 1014 agros,
631 941 728 1014 qui
773 941 824 996 ei
870 943 996 996 loco
1048 941 1220 995 vicini
1255 945 1408 1008 sunt,
1467 959 1589 998 sese
1633 942 2000 1011 difi'uderant,

383 1033 608 1107 praedas
633 1049 700 1087 ex
741 1031 822 1086 eis
869 1031 1084 1098 acturi;
1141 1031 1354 1086 idcirco
1387 1048 1453 1086 ex
1486 1031 1628 1086 villis
1653 1031 1826 1086 etiam
1851 1048 2003 1102 prae-

385 1121 550 1178 dictae
581 1120 953 1193 possessionis
975 1123 1245 1176 armenta
1272 1137 1372 1176 seu
1393 1121 1640 1191 pecudes
1660 1121 1996 1192 abegerant.

382 1211 641 1281 Cumque
685 1209 1316 1280 Argentomagensibus
1347 1209 1566 1264 damna
1596 1225 1830 1264 suarum
1863 1225 2000 1281 pcr-

383 1299 495 1354 lata
530 1299 771 1354 fuissent
800 1314 1017 1365 rerum,
1072 1314 1102 1351 e
1130 1299 1513 1352 castrensibus
1562 1298 1864 1353 confestim
1897 1298 2000 1352 ad-

380 1405 580 1442 versus
638 1403 736 1442 eos
787 1387 1101 1458 pugnaturi
1151 1386 1446 1459 prosiliere
1503 1386 1729 1458 portis;
1787 1387 1885 1441 sed
1941 1387 1998 1442 in

380 1492 564 1530 unum
611 1473 964 1546 conglobati,
1020 1489 1151 1528 cum
1177 1491 1236 1528 se
1266 1473 1526 1528 hostibus
1571 1490 1814 1528 numero
1853 1474 1999 1530 infe-

378 1563 562 1618 riores
589 1563 870 1630 viderent,
893 1561 1171 1634 congredi
1200 1578 1331 1616 cum
1363 1561 1450 1615 his
1471 1561 1822 1633 pavitabant.
1846 1563 2001 1617 Tunc

378 1669 525 1707 unus
555 1669 618 1706 ex
653 1650 786 1722 ipsis
808 1651 1081 1706 divinitus
1109 1649 1398 1705 animatus
1427 1650 1591 1705 sociis
1613 1651 1775 1706 infit:
1804 1653 2000 1706 «Nunc

373 1739 634 1808 interim,
653 1757 686 1796 ο
702 1739 964 1794 ﬁdissimi
983 1738 1660 1804 commilitones,terram
1685 1740 1878 1796 Sancti
1896 1741 1998 1796 Be-

371 1829 584 1884 nedicti
612 1828 967 1884 adversarios
982 1827 1624 1900 deprmdatumingredi
1646 1827 1922 1898 sinamus;
1942 1831 2000 1884 et

2108 673 2454 728 Willelmum
2474 673 2747 729 comitem
2763 675 3176 732 Pictaviensem
3196 679 3533 734 muneribus
3550 680 3736 752 preci-

2105 761 2323 834 busque
2371 763 2623 833 pellexit,
2675 766 2958 836 quatenus
3000 768 3253 820 castrum
3304 767 3540 834 Giraldi,
3574 768 3732 841 quod

2103 849 2305 905 Brucia
2333 849 2431 924 (V.
2465 851 2567 907 lib.
2601 867 2664 919 ιι,
2699 868 2824 924 cap.
2859 855 2889 906 6
2897 863 2915 924 )
2947 853 3176 923 dicitur,
3198 871 3392 910 secum
3423 855 3730 912 obsidione

2103 937 2513 1011 cingeret.Qua
2539 941 2610 995 de
2628 957 2690 996 re
2723 957 2842 996 non
2867 943 3054 997 solum
3080 941 3240 998 villas
3259 943 3491 999 Giraldo
3515 961 3730 1016 paren-

2100 1028 2411 1090 tes,verum
2435 1027 2610 1082 etiam
2633 1029 3018 1101 possessiones
3039 1029 3287 1086 Salensis
3315 1031 3566 1087 cosnobii
3591 1049 3732 1088 con-

2100 1114 2229 1186 tigit
2244 1115 2492 1185 graviter
2513 1116 2817 1172 devastari.
2842 1118 3085 1173 Nuntius
3105 1118 3180 1174 ad
3201 1119 3498 1175 Giraldum
3520 1121 3729 1176 Lemo-

2106 1203 2292 1258 vicina
2312 1207 2448 1258 tunc
2497 1205 2556 1260 in
2605 1207 2747 1260 urbe
2776 1206 3132 1262 residentem
3179 1209 3355 1276 venit,
3389 1209 3488 1282 qui
3510 1209 3732 1268 diceret

2101 1308 2220 1347 non
2252 1294 2437 1347 solum
2469 1293 2590 1363 ejus
2621 1293 2945 1365 regionem,
2977 1296 3077 1350 sed
3108 1296 3287 1352 etiam
3318 1315 3496 1370 agros
3528 1298 3728 1354 Sancti

2101 1379 2413 1447 Benedicti,
2447 1399 2514 1436 eo
2562 1383 2715 1454 quod
2747 1383 2870 1453 ejus
2901 1387 3090 1440 essent
3123 1385 3372 1457 delegati
3398 1387 3624 1454 tutelae,
3655 1389 3728 1442 ab

2099 1467 2356 1524 hostibus
2369 1469 2726 1541 depopulari.
2751 1472 2848 1526 Ille
2876 1471 2936 1526 in
2967 1472 3172 1528 talibus
3193 1490 3563 1546 nequaquam
3588 1493 3727 1548 pro-

2097 1557 2532 1612 crastinandum
2563 1560 3001 1622 ratus,maxime
3029 1561 3328 1616 confidens
3344 1562 3725 1617 Benedictum

2098 1647 2328 1700 Patrem
2363 1645 2469 1700 sibi
2489 1646 2696 1702 auxilio
2725 1647 2798 1702 ob
2831 1664 3066 1703 suarum
3091 1651 3474 1706 vastationem
3501 1667 3728 1724 posses-

2099 1733 2327 1788 sionum
2345 1733 2702 1798 adfuturum,
2727 1734 2926 1806 dirigit
2944 1753 3012 1792 eo
3034 1737 3355 1793 Guidonem
3375 1738 3563 1794 filium
3594 1756 3728 1795 cum

2098 1822 2244 1877 lecta
2265 1822 2525 1892 equitum
2551 1840 2750 1890 manu,
2784 1823 2927 1878 dans
2958 1825 3018 1880 in
3049 1825 3342 1881 mandatis
3361 1829 3424 1882 ut
3450 1828 3654 1884 hostes
3670 1833 3730 1885 et

373 1917 508 1988 quia
551 1917 821 1972 dominus
870 1919 1068 1970 noster
1094 1915 1357 1970 Giraldus
1387 1916 1510 1987 ejus
1551 1919 1637 1970 est
1668 1917 1994 1986 advocatus,
2025 1909 2076 1968 B
2097 1925 2132 1965 a
2160 1909 2376 1981 rapinis
2395 1909 2704 1978 inhiberet,
2729 1914 2787 1966 et
2799 1912 3016 1982 junctis
3037 1913 3142 1968 sibi
3166 1917 3730 1987 Argentomagensi-

371 2021 500 2061 eam
517 2004 634 2059 vice
648 2003 824 2076 ipsius
837 2004 937 2059 def
935 2022 965 2058 e
975 2002 1195 2059 nsaturi
1205 2004 1418 2070 ,hostes
1433 2003 1670 2060 viriliter
1683 2023 1994 2079 secureque

369 2092 802 2164 aggrediamur,
829 2092 1000 2147 misso
1028 2092 1188 2166 prius
1219 2093 1437 2164 legato,
1460 2091 1557 2164 qui
1585 2109 1615 2147 e
1641 2095 1993 2150 monasterio

371 2180 614 2244 Salensi,
653 2181 810 2253 quod
839 2184 924 2236 est
961 2179 1142 2236 sancti
1174 2179 1489 2246 Benedicti,
1523 2181 1790 2236 vexillum
1820 2183 1995 2254 ipsius

370 2269 606 2340 pretiosi
639 2268 1000 2336 confessoris,
1025 2267 1183 2342 quod
1209 2268 1375 2323 nobis
1405 2268 1672 2340 prmeidio
1696 2269 1788 2337 sit,
1811 2273 1994 2326 matu-

370 2361 496 2412 rato
523 2357 801 2412 deferat.)
837 2355 1341 2412 Consentientibus
1370 2357 1589 2412 cunctis
1640 2373 1705 2411 ac
1723 2358 1844 2430 ejus
1862 2376 1996 2414 con-

371 2444 500 2500 silio
537 2443 1094 2516 obtemperantibus,
1157 2447 1283 2514 post
1330 2445 1754 2515 susceptionem
1782 2447 1990 2515 vexilli,

369 2533 707 2588 adversariis
739 2533 818 2586 nil
853 2533 964 2586 tale
994 2531 1346 2600 verentibus,
1369 2533 1754 2605 quadraginta
1775 2535 1990 2591 solum-

367 2622 544 2676 modo
569 2622 808 2692 juvenes
839 2621 972 2676 totis
1003 2621 1213 2676 viribus
1235 2625 1498 2677 sanctum
1523 2622 1858 2678 invocantes
1887 2625 1990 2680 Be-

372 2711 691 2778 nedictum,
725 2727 791 2765 ex
823 2708 1133 2782 improviso
1156 2710 1528 2781 praedonibus
1559 2713 1988 2784 superveniunt.

365 2799 839 2856 Adversariorum
857 2816 990 2854 vero
1017 2799 1196 2854 corda
1210 2799 1585 2871 omnipotens
1605 2803 1753 2856 Deus
1775 2802 1995 2859 meritis

367 2889 556 2944 dilecti
587 2889 672 2942 sui
704 2887 998 2943 Benedicti
1039 2888 1120 2943 ita
1147 2891 1537 2959 perterruerat
1557 2891 1620 2943 ut
1638 2891 1795 2946 nullo
1817 2891 1993 2946 modo

364 2977 630 3034 resistere
661 2977 984 3042 auderent;
1005 2979 1064 3030 et
1085 2977 1196 3032 hoc
1213 2976 1388 3032 modo
1410 2993 1444 3032 a
1465 2977 1852 3050 quadraginta
1867 2982 1994 3035 tan-

2097 1997 2222 2064 bus,
2255 1997 2327 2052 ab
2357 1997 2676 2065 obsidione,
2709 1998 2754 2052 si
2788 2002 2910 2055 tuto
2942 2006 3154 2072 posset,
3183 2002 3334 2058 bello
3367 2003 3720 2060 deterreret.

2094 2086 2660 2156 Argentomagenses
2682 2104 2799 2142 non
2828 2087 3014 2159 ignari
3039 2106 3145 2160 per
3173 2107 3346 2162 quem
3372 2096 3505 2163 post
3527 2093 3722 2148 domi-

2096 2191 2238 2229 num
2260 2174 2318 2228 in
2339 2175 2618 2246 superiori
2639 2193 2837 2248 pugna
2860 2176 3102 2233 victores
3123 2179 3580 2247 exstitissent,ad
3594 2182 3726 2254 jam

2095 2262 2463 2318 nominatum
2494 2263 2686 2318 Sancti
2721 2264 3011 2320 Benedicti
3043 2267 3465 2323 monasterium
3499 2266 3730 2325 oraturi

2093 2353 2396 2417 venerunt,
2423 2355 2840 2424 possenlesque
2889 2371 2923 2408 a
2951 2353 3224 2410 fratribus
3257 2356 3526 2428 eulogias
3555 2358 3730 2428 panis

2095 2442 2152 2494 et
2175 2439 2291 2494 vini
2319 2439 2427 2494 sibi
2473 2439 2671 2507 tribui,
2725 2441 2995 2496 dixerunt
3017 2459 3079 2497 se
3131 2445 3309 2498 tanta:
3338 2444 3478 2500 fidei
3506 2463 3631 2501 esse
3661 2449 3728 2502 ut

2093 2527 2308 2598 absque
2341 2527 2699 2584 dubitatione
2725 2529 3030 2586 crederent
3059 2547 3162 2604 per
3191 2531 3348 2587 illam
3370 2549 3565 2588 escam
3593 2551 3725 2591 me-

2093 2614 2216 2669 ritis
2227 2615 2460 2686 gloriosi
2472 2615 2822 2672 Confessoris
2847 2619 3133 2674 Benedicti
3155 2637 3213 2676 se
3226 2620 3354 2674 etin
3376 2621 3580 2692 praelia
3595 2623 3728 2678 fore

2093 2702 2356 2770 victores,
2385 2707 2440 2758 et
2471 2721 2505 2758 a
2535 2705 2742 2760 mortis
2768 2707 3470 2778 periculoimmunes;nec
3487 2727 3595 2765 sua
3619 2728 3727 2766 eos

2094 2807 2223 2862 spes
2251 2791 2476 2846 fefellit.
2501 2793 2642 2848 Nam
2665 2795 3070 2866 congressione
3083 2797 3300 2864 habita,
3324 2800 3488 2852 tanta
3509 2799 3726 2854 adver—

2095 2879 2273 2934 sarios
2303 2880 2460 2936 crede
2479 2880 2796 2936 affecerunt
2820 2885 2881 2936 ut
2895 2887 3026 2955 post
3043 2883 3338 2939 victoriam
3355 2902 3391 2940 a
3413 2887 3726 2942 monachis

2095 2971 2357 3040 respectu
2387 2969 2764 3024 humanitatis
2781 2971 2956 3026 etiam
2987 2971 3251 3028 inimicos
3279 2971 3590 3028 inhumare
3613 2991 3720 3030 cu-

365 3069 490 3121 tum
515 3065 846 3137 juvenibus,
877 3067 1114 3121 centum
1143 3065 1530 3138 quadraginta
1557 3067 1993 3136 hostium,nullo
2096 3055 2384 3129 Flentibus
2423 3055 2510 3110 Vix
2535 3057 2760 3130 sepeliri
2790 3060 3041 3131 ςυίτθηιο
3071 3062 3344 3116 “tamen
3371 3063 3580 3118 aratris
3609 3063 3720 3118 hu-

364 3157 464 3209 aut
492 3153 736 3209 minimo
767 3153 895 3208 fuso
932 3153 1237 3226 sanguine,
1291 3154 1497 3227 fugati,
1529 3171 1630 3210 seu
1659 3156 1808 3227 capti
1841 3161 1964 3212 sunt

2149 3161 2261 3198 lum
2273 3144 2380 3199 hac
2399 3144 2642 3216 illacque
2658 3163 2820 3202 more
2833 3147 3123 3203 arantinm
3145 3149 3353 3204 inverti
3366 3151 3688 3223 pra-cipien
3699 3183 3720 3194 -

362 3243 615 3299 Victores
631 3259 762 3298 vero
777 3241 942 3298 omni
955 3242 1119 3314 potiti
1135 3243 1581 3314 praedamobilio
1590 3244 1744 3300 ribus
1764 3261 1964 3318 quoqu‘

2149 3250 2204 3299 :s,
2231 3233 2433 3304 glebis,
2452 3233 2736 3306 uicunque
2755 3237 3332 3306 poterant,cadavera
3361 3238 3720 3298 obruebant.

364 3349 430 3388 ex
463 3331 657 3387 hostili
687 3329 922 3403 agmine
957 3331 1160 3402 captis,
1194 3331 1267 3386 ad
1287 3330 1522 3387 Salense
1548 3333 1876 3389 coenobium
1897 3351 1964 3390 ve

2149 3321 2291 3376 ullus
2319 3337 2456 3377 sane
2484 3323 3131 3396 Argentomagensium,
3172 3325 3269 3396 qui
3301 3341 3452 3396 pane
3484 3343 3552 3382 ac
3581 3327 3718 3384 vino

369 3423 595 3474 nerunt
629 3422 901 3490 rogantes
931 3420 1694 3476 memoratumBenedictum
1727 3423 1964 3494 praeposi

2149 3409 2292 3464 aucti
2319 3409 2607 3465 Benedicti
2637 3411 2710 3465 ob
2740 3428 2856 3467 sua:
2885 3411 3080 3466 salutis
3101 3412 3373 3468 auxilium
3403 3414 3555 3486 pasti
3585 3415 3721 3472 fue-

368 3509 493 3564 tum
523 3511 586 3563 ut
615 3507 1064 3581 quidquidiuter
1096 3509 1401 3564 manubias
1423 3526 1488 3565 ex
1505 3526 1740 3566 suorum
1763 3527 1964 3582 agnosc

2149 3499 2248 3563 mt,
2281 3496 2586 3552 discrimen
2618 3497 2854 3570 aliquod
2908 3499 3062 3555 necis
3102 3500 3356 3572 perpessi
3387 3505 3556 3569 sunt;
3613 3503 3713 3558 sed

360 3601 555 3670 posset
584 3597 904 3652 substantia
932 3614 1256 3670 pauperum
1285 3597 1466 3670 gratis
1491 3598 1793 3669 reciperet.
1829 3599 1964 3664 Qum

2149 3585 2918 3660 nnesvictores,integroque
2931 3605 3174 3644 numero
3187 3589 3262 3644 ad
3273 3589 3714 3660 suaredierunt,

362 3680 457 3742 ille
480 3686 663 3741 libens
694 3685 933 3758 accepit,
951 3688 1007 3740 et
1033 3686 1282 3759 receptis
1311 3702 1548 3741 suorum
1575 3686 1789 3758 spoliis,
1806 3687 1987 3760 tripu-
2090 3673 2392 3728 Ῑᾶυάειηίθε
2423 3673 2764 3742 Dominum:
2789 3675 3023 3748 ejusque
3044 3677 3437 3732 confessorem
3467 3680 3715 3735 summis

363 3774 586 3830 diantes
617 3775 924 3830 bellatores
954 3774 1030 3830 ad
1059 3773 1295 3846 propria
1317 3773 1444 3828 sivit
1468 3773 1964 3846 abire.Sequuntu1

2149 3761 2352 3816 udibus
2381 3762 2720 3818 extollentes
2743 3764 3300 3837 Bcnedictum,cujus
3319 3766 3549 3822 meritis
3573 3771 3634 3822 et
3653 3786 3712 3824 se

363 3863 477 3919 alia
507 3863 621 3919 duo
649 3863 930 3918 miracula
969 3861 1125 3916 haud
1156 3861 1406 3916 multum
1437 3860 1570 3917 huic
1601 3861 1914 3931 dissimilia,
1951 3882 1964 3920 ε

2149 3849 2658 3918 :riculoliberatos,
2693 3853 2750 3906 et
2798 3852 2990 3908 hostes
3039 3853 3233 3926 palam
3281 3853 3712 3926 proﬁtebantur

364 3951 612 4008 Domino
667 3968 771 4022 per
820 3965 1118 4005 summum
1167 3947 1558 4004 confessorem
1609 3951 1982 4008 Benedictum
2083 3953 2205 3992 335°
2239 3937 2494 4010 fugai-03-

364 4038 572 4095 iisdem
603 4039 663 4094 in
688 4031 828 4093 locis
857 4040 1038 4108 gesta.
1055 4036 1314 4109 Equibus
1335 4053 1516 4092 unum
1542 4039 1698 4110 quod
1719 4042 1982 4112 tempore

367 4127 628 4198 ejusdem
659 4124 952 4197 praepositi
998 4123 1223 4192 accidit,
1274 4123 1368 4180 isti
1411 4125 1518 4198 ipsi
1547 4131 1976 4198 connectentes,

365 4213 521 4270 aliud
541 4211 622 4268 illi
653 4229 758 4284 per
785 4211 986 4269 omnia
1009 4211 1370 4270 simillimum
1391 4230 1492 4270 suo
1524 4215 1584 4271 in
1615 4217 1740 4272 loco
1792 4217 1977 4290 aptius

2674 4083 2902 4138 CAPUT
2948 4084 3103 4138 XVII.

2629 4171 2800 4226 Trabs
2824 4172 2938 4228 loco
2976 4179 3140 4232 mota.

2149 4278 2236 4330 3t.
2270 4275 2553 4336 Richardo
2611 4277 2805 4333 abbati
2833 4279 3196 4335 Amalbertus
3242 4279 3354 4352 (24)
3408 4282 3702 4350 successit,

363 4302 702 4358 referemus.
2149 4302 2236 4330 οι.
2271 4302 2553 4336 nwuaruu
2611 4302 2805 4333 annau
2833 4302 3196 4335 .‘lllllllDBI'lllS
3242 4302 3354 4352 (ΖΨ)
3408 4302 3701 4350 successu,

2075 4362 2172 4435 qui
2190 4363 2474 4438 benignus
2491 4366 3044 4438 natura,benignior
3069 4367 3244 4422 etiam
3265 4369 3484 4424 exstitit
3504 4371 3701 4426 humi-

970 4443 1195 4500 CAPUT
1239 4444 1368 4500 XVI.
1996 4473 2050 4531 Ι)
2071 4450 2246 4507 litatis
2265 4451 2370 4508 sibi
2400 4452 2570 4508 insita
2598 4453 3062 4510 mansuetudine.
3095 4455 3193 4510 Hic
3221 4472 3256 4510 a
3284 4456 3702 4523 Lothario,Lu-

393 4530 531 4587 Item
569 4530 688 4587 alii.
732 4530 1259 4660 Argentomagensgs'
1291 4533 1522 4608 eulogiz’s
1549 4537 1708 4607 panis
1733 4542 1784 4591 et
1820 4535 1940 4592 υἰηί

1051 4621 1208 4661 mum
1237 4621 1275 4662 ι.

2151 4539 2254 4595 vici
2285 4540 2580 4612 quondam
2603 4559 2637 4596 a
2654 4541 2970 4597 Tethbaldo
2992 4543 3201 4598 comite
3223 4543 3374 4616 capti
3406 4543 3695 4614 filio,cum

2149 4627 2350 4662 ..ΗΜ-ο
2373 4629 2614 4662 hminum
2632 4629 2912 4662 κοηῖπηοηι
2944 4629 3122 4662 πηριηῖ
3152 4635 3478 4662 εκείνην-...ιιι
3513 4650 3675 4662 ,ιω-..ι

2071 4627 2351 4683 electione
2372 4629 2619 4683 fratrum
2631 4629 2916 4702 regimem
2944 4629 3126 4685 nostri
3151 4635 3484 4703 susceperat
3512 4650 3700 4690 caeno-

2071 4713 2172 4770 bii.
2203 4715 2378 4786 Hujus
2407 4716 2466 4770 in
2497 4716 2717 4784 diebus,
2751 4716 2812 4771 in
2849 4717 3204 4790 possessione
3249 4719 3427 4790 ipsius
3477 4721 3696 4777 Floria-

2073 4803 2254 4858 censis
2299 4793 2566 4872 cmnobii,
2618 4821 2748 4878 qua:
2800 4805 3235 4861 Hervini-curtis
3289 4807 3389 4878 (V.
3452 4809 3700 4864 Tortarii

429 4711 518 4764 30.
543 4707 934 4764 Monarchiam
949 4709 1117 4782 regni
1131 4710 1482 4766 Francorum
1496 4711 1684 4765 adhuc
1705 4711 1972 4768 Lothario

355 4797 786 4870 regente,gravi
812 4796 1207 4870 perduellione
1237 4797 1522 4870 primores
1537 4799 1860 4871 Aquitanici
1881 4817 1974 4855 re-

353 4885 456 4956 gni
487 4886 732 4959 contigit
760 4885 1002 4956 turbari;
1021 4885 1576 4958 siquidemGiraldus
1594 4887 1972 4944 Lemovicinas

351 4973 510 5031 urbis
539 4974 878 5041 vicecomes,
907 4976 965 5028 et
989 4975 1135 5029 Boso
1157 4973 1457 5029 marcham
1478 4974 1651 5046 ipsius
1676 4977 1974 5048 possidens

349 5061 624 5135 regionis,
655 5062 965 5120 contractis
995 5061 1300 5119 adversum
1317 5079 1374 5118 se
1395 5063 1774 5121 decertabant
1803 5066 1966 5122 odiis.

417 5219 508 5294 (23
516 5219 1117 5294 )Argentomagum,4
1127 5221 1510 5294 rgcalon,aliis
1520 5222 1876 5294 Argentomu
1885 5240 1940 5280 m
1949 5268 1963 5294 ,

343 5291 485 5373 olim
507 5291 981 5373 .castrum,.qu0d
1025 5291 1324 5373 Walferius
1367 5291 1690 5373 Aquitarfjtn
1711 5294 1832 5373 dux
1863 5291 1964 5351 de;

2071 4907 2198 4964 cap.
2230 4892 2286 4965 6)
2318 4891 2545 4960 dicitur,
2574 4909 2666 4948 res
2694 4893 3027 4965 hujusmodi
3081 4894 3352 4950 divinitus
3405 4899 3536 4951 acta
3588 4899 3693 4952 est.

2069 4976 2369 5033 Gauzlinus
2415 4978 2772 5046 monachus,
2833 4978 2886 5034 ei
2941 4979 3088 5036 curti
3141 4983 3275 5035 tunc
3323 4984 3693 5055 praepositus,

2070 5065 2368 5121 conductis
2397 5065 2696 5136 operariis,
2717 5067 2790 5122 ad
2821 5067 3032 5122 ostium
3062 5067 3315 5125 basilicas
3329 5069 3435 5126 sub
3453 5072 3696 5128 nomine

2062 5226 2212 5296 ptas,
2237 5223 2525 5296 nimirum,
2550 5241 2653 5280 xxv
2683 5227 2742 5280 et
2786 5242 2969 5280 xxvm.
3033 5226 3196 5282 Prior
3225 5226 3361 5282 data
3413 5234 3502 5284 est
3552 5247 3693 5286 anno

2062 5295 2283 5374 decimo,
2315 5295 2604 5374 posterior
2623 5313 2766 5374 anno
2788 5298 2980 5374 quinte
2999 5297 3214 5374 decimo
3231 5297 3488 5374 Lotharii
3511 5304 3690 5374 regis,

340 5363 633 5439 struxisse,
663 5362 939 5435 Pippinus
965 5379 1098 5439 vero
1123 5362 1476 5439 Francorum
1497 5364 1962 5439 rexin‘staurasse
2061 5382 2128 5439 ac
2161 5362 2404 5438 proinde
2434 5383 2588 5422 anno
2621 5362 2829 5439 Christi
2873 5369 3170 5439 969.Lege
3201 5367 3370 5424 istius
3404 5362 3690 5427 Chartarii

338 5433 696 5508 perhibetur;
719 5433 1172 5508 nuncoppidum
1195 5434 1330 5508 pagi
1349 5433 1714 5508 Bituricensis
1733 5435 1815 5508 ad,
1829 5436 1962 5493 Cro-

2057 5436 2512 5492 instrumentum
2541 5454 2614 5502 1x,
2643 5440 2702 5492 et
2744 5438 2960 5493 librum
2988 5439 3070 5494 De
3091 5436 3390 5494 miraculis
3422 5441 3481 5496 S.
3518 5442 3684 5498 Maxi-

335 5517 459 5580 sam
489 5503 746 5580 ﬂuvium,
774 5503 946 5580 infra
974 5503 1336 5562 confluentes
1367 5505 1556 5561 Crosas
1607 5506 1848 5562 minoris
1896 5507 1954 5564 in
2057 5507 2202 5580 mini
2235 5507 2466 5580 abbatis
2492 5507 3108 5580 Mitiacensiscap._i2,
3138 5509 3231 5565 ubi
3256 5509 3586 5567 Bichardus
3600 5513 3682 5567 fu-

341 5572 1014 5724 ’ξ’ῗέὲἷῖῗέρίῗῖυδᾷξθῖῗῗῄί
1043 5661 1158 5771 Ἕω
1185 5662 1360 5726 anno.
1375 5648 1438 5700 In
1455 5645 1751 5702 Chartario
1765 5647 1948 5728 Patri-

341 5723 576 5768 ciacensi
601 5712 765 5768 binas
786 5728 1017 5769 invenio
1034 5729 1065 5770 c
1110 5717 1263 5771 artas
1285 5716 1572 5771 Richardo
1603 5717 1799 5771 abbati
1817 5733 1948 5771 scri-

333 5712 576 5768 ciacensi
601 5712 765 5768 binas
786 5712 1017 5769 invenio
1034 5712 1263 5772 chartas
1285 5715 1572 5774 Richardo
1603 5717 1799 5774 abbati
1817 5717 1951 5776 scri-

2055 5578 2181 5632 neri
2239 5577 2501 5633 Aunonis
2552 5579 2780 5635 abbatis
2835 5577 3189 5646 interfuisse,
3242 5581 3302 5634 et
3356 5582 3681 5638 Amalricus

2052 5647 2436 5720 Floriacensis
2469 5649 2744 5720 decanus,
2789 5650 3004 5720 rejecto
3034 5649 3424 5706 Hermenaldo
3473 5669 3678 5708 mona-

2051 5719 2182 5786 cho,
2208 5717 2440 5775 Annoni
2461 5719 2815 5778 successisse
2847 5717 3229 5778 memoratur.
