3882 6212
228 438 331 496 821

1028 438 1119 496 DE
1155 436 1528 496 MIRACULIS
1561 438 1618 493 S.
1654 437 2023 495 BENEDICTI
2051 438 2231 495 LIBRI
2256 432 2420 497 DUO.
2455 472 2500 484 —-
2542 440 2671 499 LIB.
2706 441 2747 499 I.

3460 445 3566 502 822

233 557 463 632 egregii
492 557 844 618 confessoris
869 559 1077 617 Christi
1106 560 1546 628 Benedicti,Deo
1567 560 1626 616 in
1646 559 1850 615 eadem
1874 584 1928 644 Α
1948 560 2249 617 naviculas
2279 579 2411 618 vero
2445 563 2611 629 duas,
2636 580 2811 621 unam
2830 560 3020 619 medio
3041 563 3098 619 in
3121 561 3360 621 ﬂumine
3390 565 3564 621 semi-

232 647 368 702 villa
394 648 847 723 dicatze,gradus
865 649 1091 723 ligneos
1112 650 1237 705 fieri
1262 649 1639 721 disposuerat.
1672 649 1852 703 Faber

232 736 520 807 Iignarius
549 738 603 793 ei
624 738 710 794 rei
726 740 979 795 studium
998 738 1367 810 impendens,
1387 739 1625 809 dejectm
1644 738 1703 793 in
1726 754 1853 810 pro-

230 824 389 879 xima
419 825 564 881 silva
580 827 777 883 arbori
794 828 1033 883 dolabra
1048 828 1338 898 superﬂua
1356 843 1599 899 quaeque
1617 826 1852 881 demere

230 913 503 983 parabat,
539 931 797 989 cumqun
830 932 960 972 eam
992 917 1050 971 in
1068 919 1296 988 partem
1336 916 1584 971 alteram
1631 917 1852 969 vertere

230 1002 516 1070 tentaret,
547 1007 606 1059 et
630 1022 749 1060 non
772 1008 966 1077 posset
996 1022 1008 1060 :
1039 1027 1067 1055 ‹‹
1096 1005 1216 1073 Eia,
1236 1004 1654 1076 inquit,sancte
1672 1004 1850 1058 Bene-

232 1087 554 1162 dicte,quia
566 1109 676 1164 ego
693 1097 1009 1166 nequeo,tu
1028 1094 1187 1148 illam
1204 1097 1419 1149 verte.»
1434 1094 1561 1147 Haec
1580 1091 1718 1146 dicit
1732 1107 1850 1146 non

230 1177 457 1233 orantis
471 1182 746 1246 voto,nec
765 1182 1050 1252 poscentis
1071 1181 1444 1253 affectu,quin
1469 1180 1660 1253 potius
1691 1178 1852 1251 quasi

231 1263 530 1324 difﬁdens.
582 1269 808 1325 Vicinas
868 1270 1022 1325 silvas
1075 1270 1217 1326 adiit
1271 1270 1497 1336 domos,
1552 1267 1853 1323 auxiliares

233 1357 654 1427 accersiturus;
684 1375 818 1413 eum
850 1358 1055 1431 quibus
1073 1357 1607 1431 regressus,reperit
1627 1356 1850 1429 lignum

230 1446 396 1518 quod
418 1446 511 1501 vix
532 1463 629 1501 sex
656 1447 915 1502 virorum
947 1447 1218 1503 movisset
1247 1464 1474 1513 manus,
1516 1445 1709 1500 divina
1734 1444 1852 1499 vir-

226 1538 357 1590 tute
390 1551 523 1590 eam
539 1535 596 1590 in
619 1537 846 1608 partem
868 1552 1097 1590 versum
1122 1552 1297 1607 quam
1313 1535 1433 1606 ipse
1446 1532 1849 1597 volebat.Quid

228 1627 407 1696 putas
421 1624 690 1680 beneficii
721 1623 987 1697 egregius
1012 1624 1116 1678 iste
1136 1625 1304 1678 Pater
1322 1627 1516 1678 noster
1530 1620 1850 1691 illislargiri

230 1712 515 1784 praevalet
543 1712 642 1785 qui
654 1729 788 1769 eum
801 1714 925 1768 tota
941 1712 1154 1767 mentis
1168 1712 1495 1766 intentione
1520 1728 1650 1765 cum
1664 1708 1853 1764 cordis

226 1800 974 1872 1nvocaverintpuritate,si
1006 1803 1234 1855 tantum
1260 1800 1344 1854 illi
1368 1799 1636 1871 pra-stitit
1658 1798 1755 1870 qui
1792 1814 1853 1852 se

1956 666 2233 719 mersam,
2256 653 2429 709 aliam
2452 655 2709 710 ulteriori
2726 655 2783 711 in
2804 654 2929 727 ripa
2946 653 3190 709 detineri
3221 655 3561 711 revinctam.

1943 736 2433 813 Circumspiciens
2456 743 2729 816 undique,
2748 743 2958 798 nullius
2981 742 3234 798 naucleri
3256 759 3451 814 opem,
3467 747 3566 799 aut

1959 827 2196 899 alicujus
2227 833 2647 903 praetereuntis,
2678 832 2853 887 valuit
2890 831 3143 905 reperire
3166 831 3467 903 juvamen.
3499 831 3562 886 In

1957 914 2066 969 hac
2094 916 2289 989 itaque
2316 919 2497 974 animi
2533 920 2819 976 anxietate
2864 920 3223 986 constitutus,
3264 919 3404 974 dum
3454 919 3564 973 iter

1958 1020 2123 1059 suum
2142 1004 2434 1077 impediri,
2449 1011 2507 1063 et
2520 1008 2673 1063 diem
2691 1009 2901 1064 festum
2920 1007 3385 1082 appropinquare
3398 1007 3564 1063 intel-

1956 1091 2194 1164 ligeret;
2220 1112 2342 1150 sese
2364 1096 2423 1150 in
2455 1114 2515 1152 se
2542 1097 2837 1169 colligens,
2865 1101 2923 1152 et
2942 1097 3241 1152 audaciam
3274 1114 3339 1152 ex
3365 1096 3564 1168 despc-

1955 1182 2179 1237 ratione
2196 1200 2450 1249 sumens,
2467 1189 2653 1241 totum
2673 1203 2731 1241 se
2744 1186 2816 1241 ad
2834 1186 3119 1241 orandum
3136 1186 3396 1241 contulit.
3453 1185 3564 1241 Ad-

1955 1269 2027 1324 sit
2048 1288 2223 1340 nunc,
2244 1270 2531 1344 inquiens,
2551 1274 2797 1331 Domine
2815 1276 2983 1342 Deus,
3015 1274 3159 1330 mihi
3200 1273 3441 1346 indigno
3480 1274 3560 1329 fa-

1954 1362 2113 1416 mulo
2136 1365 2234 1417 tuo
2252 1363 2575 1419 auxiliatrix
2591 1366 2828 1420 dextera
2847 1366 2964 1431 tua,
2995 1368 3053 1418 et
3077 1362 3120 1417 si
3142 1363 3280 1435 quid
3302 1378 3557 1435 unquam

1952 1450 2242 1521 majestati
2264 1454 2375 1507 tua:
2396 1452 2546 1508 bene
2567 1453 2839 1525 placitum
2873 1455 3042 1508 Pater
3063 1454 3259 1507 noster
3273 1468 3431 1506 sacer
3454 1452 3559 1505 Be-

1954 1538 2215 1594 nedictus
2244 1542 2511 1612 patravit,
2562 1558 2661 1596 seu
2710 1541 2992 1614 quispiam
3038 1542 3393 1596 servulorum
3438 1540 3559 1611 ejus

1956 1626 2056 1681 tibi
2086 1628 2142 1681 in
2166 1630 2474 1700 preesentia
2498 1629 2642 1685 sacri
2656 1630 2912 1704 corporis
2929 1630 3105 1705 ipsius
3125 1628 3557 1694 famulantium,

1955 1717 2026 1771 ad
2048 1718 2561 1788 praesensdeclara.
2591 1719 2820 1774 Placeat
2846 1720 2948 1774 tibi
2980 1718 3247 1775 eamdem
3265 1735 3439 1786 nunc,
3464 1734 3556 1772 or-

1957 1803 2094 1859 dine
2124 1822 2237 1877 quo
2264 1805 2365 1860 tibi
2389 1807 2688 1877 placuerit,
2721 1825 2984 1863 exercere
3018 1807 3361 1880 potentiam,
3385 1823 3557 1880 quam

229 1903 370 1941 cum
404 1890 681 1960 quadam,
712 1892 777 1943 ut
813 1889 894 1944 ita
924 1889 1140 1956 dicam,
1171 1888 1641 1958 interpellaverat
1669 1885 1852 1941 animi
1879 1901 1932 1961 Β
1957 1893 2253 1963 quondam
2285 1893 2505 1948 meritis
2544 1894 2718 1966 ipsius
2749 1896 2938 1950 dilecti
2963 1896 3044 1949 tui
3070 1896 3388 1963 exercuisti,
3421 1896 3558 1950 dum

228 1974 495 2032 vanitate
513 1977 543 2032 *ἲ
573 1994 679 2033 nec
703 1977 890 2045 nobis,
924 1977 1150 2049 quibus,
1194 1975 1457 2048 quamvis
1485 1973 1853 2037 immeritis,a

225 2064 353 2119 Deo
376 2064 665 2122 donatum
687 2068 772 2121 est
784 2067 961 2121 talem
988 2081 1052 2119 ac
1066 2068 1295 2120 tantum
1322 2062 1852 2137 impraesentiarum

228 2157 455 2212 habere
482 2153 987 2224 Patrem,omnino
1002 2152 1500 2226 desperandum,si
1524 2151 1645 2223 ejus
1672 2167 1854 2223 opem

229 2260 385 2317 pura
422 2260 490 2299 ac
518 2242 765 2315 simplici
796 2242 1295 2314 imploraverimus
1319 2255 1651 2312 prece,cum
1686 2242 1744 2293 et
1764 2255 1853 2294 ex-

227 2338 579 2388 traneorum
608 2348 727 2387 non
755 2334 1093 2401 aspernetur
1121 2329 1378 2403 gemitus
1405 2328 1854 2394 humillimos,et

224 2423 408 2494 longe
439 2418 983 2494 pesitossaepissime
1000 2419 1267 2473 exaudiat
1283 2416 1711 2482 famulos.Quid
1753 2417 1852 2471 de-

226 2511 413 2583 nique
430 2508 666 2565 cuidam
684 2506 972 2563 monacho
995 2508 1083 2561 sui
1098 2506 1595 2579 gregis,vocabnlo
1617 2506 1851 2560 Annoni

225 2599 430 2671 (infra,
459 2598 564 2653 lib.
598 2604 657 2665 h,
686 2611 813 2666 cap.
843 2594 917 2668 6),
941 2594 1204 2667 quinunc
1231 2594 1418 2648 adhuc
1446 2594 1854 2666 supercst,lon-

222 2687 495 2759 giuscule
528 2684 664 2741 hinc
688 2687 938 2751 remoto,
969 2685 1308 2739 maestorum
1327 2683 1585 2737 solamen
1626 2683 1853 2737 animo-

220 2792 387 2842 rum,
419 2789 662 2845 semper
701 2771 1094 2827 nominandus
1125 2770 1433 2826 contulerit
1473 2770 1835 2837 Benedictus,

222 2862 495 2920 breviter
520 2877 809 2934 exponere
840 2860 996 2915 libet.

813 3057 1038 3112 CAPUT
1082 3056 1259 3111 XVIII.

562 3144 839 3202 Navz'cula
869 3144 1070 3201 cautus
1106 3145 1529 3199 subministrata.

295 3276 390 3328 32.
426 3272 565 3327 Post
593 3285 885 3325 excessum
917 3267 1164 3339 pastoris
1196 3263 1535 3330 Amalberti,
1578 3282 1613 3320 a
1643 3283 1758 3338 quo
1788 3268 1849 3322 in

217 3364 439 3416 tenera
465 3361 640 3415 aetate
657 3358 915 3414 babitum
929 3356 1263 3412 monasticae
1279 3354 1501 3426 suscepi
1528 3353 1847 3425 religionis,

222 3455 412 3523 atque
444 3449 676 3504 utinam
699 3464 829 3502 cum
860 3447 1156 3518 proposito
1188 3442 1703 3500 mentis!0ilbodus
1738 3444 1847 3515 (25)

218 3539 299 3595 ad
332 3536 749 3610 praelationem
780 3534 1225 3591 Floriacensium
1278 3533 1547 3598 fratrum,
1592 3532 1850 3604 ipsorum

219 3628 517 3683 electione
549 3629 609 3682 et
635 3624 1084 3697 regiaprincipis
1109 3622 1362 3678 Lotharii
1379 3621 1637 3677 ascendit
1667 3621 1847 3676 dona-

218 3716 412 3787 tione,
448 3713 549 3788 qui
578 3714 675 3786 pia
694 3712 1223 3780 sollicitudine,tam
1247 3710 1534 3783 spiritales
1556 3726 1849 3783 quamque

221 3804 591 3877 temporales
642 3803 1006 3858 subditorum
1046 3815 1361 3874 procurans
1411 3799 1703 3867 utilitates,
1734 3799 1845 3855 im-

218 3894 495 3949 minente
521 3890 736 3948 celebri
759 3891 942 3947 Patris
972 3890 1264 3945 Benedicti
1279 3888 1552 3943 transitus
1571 3888 1844 3944 solemni-

217 3986 368 4051 tate,
422 3997 753 4054 congruum
816 3980 977 4035 duxit
1022 3980 1096 4034 ad
1153 3978 1516 4034 abundantes
1578 3977 1843 4033 uberiore

218 4070 475 4143 piscium
508 4069 677 4141 copia
688 4068 954 4141 regiones
967 4067 1304 4141 quempiam
1319 4082 1553 4122 suorum
1566 4065 1838 4137 dirigere.

218 4160 459 4215 Mittens
478 4157 1061 4231 igiturmemoratum
1086 4156 1352 4223 fratrem,
1377 4159 1435 4209 et
1463 4171 1568 4226 per
1595 4171 1840 4210 manum

218 4248 351 4320 ejus
378 4245 771 4303 sufﬁcientem
800 4246 853 4301 ei
881 4245 1117 4318 negotio
1144 4244 1405 4316 pecuniae
1454 4244 1840 4316 quantitatem

216 4335 463 4391 monuit
492 4337 558 4390 ut
581 4334 827 4407 impigre
858 4334 1118 4406 injuncto
1168 4333 1455 4388 insisteret
1513 4332 1693 4404 operi.
1734 4332 1841 4397 Qui

218 4426 527 4497 praecepto
555 4439 785 4495 parens,
820 4423 1131 4478 ﬂuminum
1158 4422 1460 4495 legumina
1490 4422 1687 4479 solerti
1707 4438 1845 4478 cura
1867 4458 1922 4519 Β

1956 1980 2233 2053 discipulo
2270 1982 2418 2036 illius
2440 1982 2626 2037 undas
2671 1983 2832 2037 siccis
2875 1983 3115 2055 pedibus
3165 1985 3383 2038 calcare
3424 1999 3561 2039 con-

1956 2068 2203 2125 cessisti!
2232 2070 2356 2125 Non
2382 2070 2619 2143 quidem
2643 2071 2715 2126 ad
2731 2072 2852 2126 hmc
2872 2071 3160 2144 poscenda
3182 2071 3253 2125 de
3268 2070 3409 2125 meis
3421 2088 3563 2143 prte-

1955 2174 2194 2212 sumens
2220 2158 2425 2213 accessi
2440 2159 2681 2228 meritis,
2705 2160 2805 2214 sed
2839 2159 3064 2231 majora
3102 2158 3403 2231 egregium
3433 2176 3566 2215 con-

1955 2246 2233 2302 fessorem
2266 2247 2643 2302 Benedictum
2673 2248 2826 2321 apud
2847 2250 2900 2302 te
2932 2247 3420 2321 posseimpetrure
3433 2265 3565 2304 con-

1958 2337 2164 2405 fidens,
2198 2354 2306 2410 ego
2338 2354 2568 2409 quoque
2599 2338 2670 2393 de
2701 2338 3020 2411 patrocinio
3070 2338 3266 2411 ipsius,
3298 2356 3402 2413 pro
3435 2356 3568 2395 mea

1959 2426 2114 2499 apud
2155 2428 2315 2480 tuam
2366 2426 2736 2481 clementiam
2793 2425 3126 2498 fragilitate,
3164 2428 3391 2499 majora
3424 2428 3566 2482 meis

1961 2514 2230 2570 audendo
2251 2514 2463 2569 viribus
2478 2514 2838 2587 praesumpsi.
2864 2534 2894 2567 »
2916 2515 3256 2587 Hujusmodi
3282 2517 3565 2584 oratione,

1959 2621 2024 2658 ac
2049 2606 2350 2659 mansueta
2367 2620 2479 2675 qua
2491 2602 2647 2657 idem
2662 2604 2979 2659 monachus
2991 2605 3169 2676 pollet
3182 2603 3565 2677 simplicitate,

1959 2692 2421 2765 praecedentibus
2438 2692 2671 2763 insuper
2684 2693 3307 2765 beatissimiBenedicti
3326 2694 3568 2762 meritis,

1962 2780 2453 2848 ﬂexusDominus,
2478 2780 2814 2836 citissimum
2862 2781 2942 2836 illi
2967 2799 3082 2837 suae
3104 2782 3304 2854 gratia:
3331 2784 3574 2838 contulit

1957 2869 2500 2943 suifragium.Navis
2520 2869 2738 2925 ctenim
2761 2886 2935 2942 quam
2975 2870 3264 2927 contrario
3299 2871 3359 2925 in
3379 2871 3570 2927 littore

1957 2959 2130 3014 sitam
2169 2974 2291 3012 esse
2323 2957 2590 3026 diximus,
2631 2957 2898 3013 divinitus
2944 2960 3150 3027 soluta,
3194 2960 3409 3032 absque
3456 2960 3571 3015 ullo

1962 3045 2193 3102 mortali
2218 3045 2463 3117 remige,
2492 3046 2565 3101 ad
2608 3062 2739 3102 eam
2769 3046 2827 3102 in
2858 3063 2971 3119 qua
3009 3048 3293 3103 caznobita
3320 3048 3413 3102 ille
3439 3064 3572 3102 cum

1958 3134 2125 3190 sociis
2163 3135 2477 3202 residebat,
2529 3134 2784 3190 ﬂuminis
2831 3139 3059 3208 partem
3089 3136 3335 3191 transiit.
3368 3136 3573 3191 Videre

1958 3226 2084 3279 erat
2116 3222 2323 3294 ingens
2359 3222 2716 3295 prodigium,
2744 3224 2938 3279 navim
2972 3224 3280 3297 aliquando
3304 3224 3478 3281 invito
3507 3242 3574 3280 ac

1959 3311 2174 3366 frustra
2195 3311 2493 3365 obnitente
2521 3312 2935 3383 gubernatore,
2957 3312 3016 3366 in
3031 3312 3261 3368 ﬂuentis
3276 3329 3441 3385 aquaa
3472 3314 3571 3369 de-

1958 3400 2078 3455 vios
2104 3404 2370 3471 agentem
2422 3416 2639 3466 cursus,
2692 3404 2828 3454 tunc
2858 3398 3011 3471 quali
3037 3401 3254 3455 caelitus
3280 3404 3573 3458 ostensam

1957 3488 2064 3544 sibi
2088 3489 2303 3542 lineam
2335 3504 2369 3542 a
2394 3486 2519 3558 ripa
2538 3487 2598 3541 in
2622 3487 2808 3559 ripam
2837 3486 3114 3542 inoffense
3143 3491 3575 3558 teneret,trans-

1957 3579 2257 3643 meavisse,
2292 3577 2476 3631 donec
2507 3575 2782 3646 contigua
2827 3574 3060 3629 famulis
3087 3578 3356 3632 monachi
3399 3578 3571 3645 facta,

1954 3667 2190 3734 lanceis,
2213 3665 2604 3721 attraheretur
2621 3681 2635 3732 ;
2654 3663 2749 3735 qui
2768 3662 2945 3718 hastis
2969 3664 3571 3735 subremigando,uni-

1953 3771 2116 3810 versa
2146 3769 2326 3809 onera
2357 3754 2765 3823 transponunt,
2826 3767 3025 3827 equos.
3059 3752 3279 3807 natatui
3309 3754 3575 3808 commit-

1954 3847 2159 3900 tentes.
2190 3843 2468 3898 Reversus
2497 3841 2570 3897 ad
2602 3844 2831 3897 Patrem
2860 3841 2947 3895 vel
2978 3840 3051 3895 ad
3071 3840 3279 3896 fratres
3308 3841 3436 3896 festi
3447 3836 3573 3913 jani

1951 3933 2065 3989 diei
2098 3932 2324 3988 celebre
2380 3930 2638 3987 officium
2691 3928 2919 3985 initiare
2956 3931 3248 4000 parantes,
3300 3928 3574 4003 prmfatus

1951 4022 2272 4077 monachus
2303 4036 2401 4075 eos
2429 4036 2647 4091 magno
2673 4018 3010 4074 exhilaravit
3032 4017 3267 4091 gaudio,
3302 4035 3419 4075 non
3442 4021 3571 4074 tan-

1946 4116 2074 4168 tum
2125 4110 2462 4167 advectione
2518 4108 2901 4181 tripudiantes
2930 4107 3362 4176 alimentorum,
3398 4124 3574 4180 quan-

1945 4192 2071 4255 tum
2104 4200 2306 4255 devote
2335 4198 2684 4253 exsultantes
2728 4196 2935 4251 virtute
2986 4196 3285 4268 signorum
3333 4211 3562 4269 quoque

1905 4282 1912 4289 ’
1944 4280 2036 4362 ([.,
2071 4287 2437 4361 quocunque)
2485 4289 2775 4342 terrarum
2804 4285 3118 4341 Dominum
3144 4301 3311 4341 suum
3342 4284 3573 4341 sanctis-

1950 4378 2170 4433 simum
2201 4374 2430 4431 radiare
2463 4374 2861 4430 Benedictum.

2583 4446 2807 4500 CAPUT
2839 4444 2970 4500 XIX.

220 4511 514 4585 quaesivit,
548 4511 787 4584 quaesita
816 4511 959 4567 emit
988 4513 1301 4584 emptaque
1335 4513 1398 4566 ut
1447 4511 1521 4565 ad
1551 4513 1782 4566 Patrem
1812 4528 1847 4567 a
1868 4511 1912 4519 '
1949 4518 2196 4589 Amulfo
2244 4519 2479 4589 episcopo
2525 4516 2712 4572 vineas
2742 4516 3041 4589 incutiente,
3092 4515 3334 4588 reliquiae
3360 4516 3570 4586 delata,

220 4616 342 4672 quo
365 4599 578 4655 missus
605 4599 815 4663 fuerat,
847 4600 1151 4656 reveheret
1191 4600 1357 4654 anxie
1410 4599 1685 4667 instabat,
1745 4599 1847 4655 sed

222 4689 349 4759 ejus
380 4686 868 4744 accelerationem
898 4688 1119 4744 itineris
1144 4688 1495 4743 inundantes
1510 4688 1846 4760 profusione

222 4776 510 4833 imbrium
530 4777 898 4832 retardavere
928 4778 1248 4851 Aquitanici
1289 4780 1673 4835 amnes.Inter
1703 4794 1846 4853 quos

223 4865 457 4922 Andria
488 4864 851 4936 despicabilis
879 4864 1115 4938 quidam
1148 4866 1269 4922 visu
1293 4866 1684 4937 ﬂuviolus,sed
1715 4883 1845 4922 cre-

222 4954 332 5009 bra
359 4953 423 5008 in
453 4952 805 5025 multiplices
832 4953 1115 5009 discursus
1141 4954 1282 5010 alvei
1308 4955 1653 5023 sectione,ac
1674 4956 1842 5028 palu-

224 5041 370 5097 dum
402 5040 721 5114 aliquantis
758 5041 819 5096 in
844 5043 981 5099 locis
1030 5044 1496 5116 interpositione,
1528 5044 1602 5100 ad
1656 5048 1842 5100 trans-

225 5130 553 5186 meandum
575 5128 853 5198 difﬁcilis;
883 5131 954 5186 ad
980 5133 1162 5205 cujus,
1192 5135 1255 5188 ut
1276 5133 1588 5206 vulgariter
1617 5135 1842 5206 loquar,

226 5223 480 5277 matrem
495 5234 711 5292 aquam
730 5219 1031 5291 praedictus
1045 5222 1385 5294 perveniens
1395 5222 1848 5291 frater,oﬂ‘endit

226 5309 441 5366 vadum
462 5306 779 5364 inundasse
796 5308 1047 5380 aquis,ac
1061 5308 1192 5367 ideo
1206 5312 1651 5383 impermeabile
1664 5311 1843 5383 cquis;

300 5484 410 5555 ('25)
443 5485 570 5551 Quo
599 5502 759 5540 anno
786 5486 965 5542 factus
985 5488 1057 5543 sit
1088 5490 1265 5546 abbas
1283 5489 1684 5546 Olboldusnon
1705 5489 1851 5547 mihi

239 5556 438 5633 liquet,
455 5559 745 5633 _mortuus
761 5574 910 5633 anno
943 5562 1073 5633 988,
1100 5565 1199 5633 aut
1227 5559 1585 5633 insequenti,_
1606 5560 1775 5617 infra.

243 5697 253 5707 _
292 5626 420 5707 126)
453 5630 609 5683 Duos
626 5626 885 5707 ejusdem
919 5626 1172 5687 nominis
1188 5626 1485 5707 episcopps
1508 5630 1678 5707 fuisse
1692 5636 1853 5707 puto,

242 5696 409 5753 inter'
426 5714 576 5771 quos
590 5696 820 5752 medius
834 5699 1138 5758 Manassses
1152 5720 1167 5771 ;
1198 5696 1276 5758 un
1284 5696 1732 5760 um'Ermenthéi
1752 5696 1854 5762 ne?-

266 5772 468 5839 potem
500 5785 570 5825 ac
605 5782 1015 5840 successorem,
1047 5774 1144 5846 qui
1188 5773 1575 5832 Floriacenses
1596 5791 1662 5830 ac
1685 5776 1859 5834 Mitia-

2236 4588 2378 4659 eger
2406 4594 2644 4656 sanatus,
2676 4588 2910 4644 aedicula
2938 4594 3265 4644 constructa.

2023 4663 2110 4716 33.
2140 4658 2414 4716 Liberalis
2438 4660 2590 4715 circa
2618 4662 2969 4731 aegrotantes
2989 4676 3219 4733 quoque
3248 4658 3423 4733 ipsius
3441 4676 3573 4716 san-

1950 4750 2024 4806 cti
2054 4749 2158 4805 viri
2201 4748 2499 4805 Benedicti
2541 4752 2724 4805 exstat
2751 4749 2957 4821 gratia.
2992 4750 3156 4805 Unde
3185 4765 3367 4804 unum
3399 4765 3572 4805 narro

1947 4839 2318 4905 miraculum,
2352 4839 2510 4911 quod
2540 4841 2899 4894 memoratus
2930 4837 3106 4893 abbas
3150 4837 3422 4893 Oiboldus
3471 4855 3572 4893 suo

1945 4930 2171 4984 laetatus
2204 4930 2289 4983 est
2320 4927 2590 4983 accidisse
2616 4931 2901 5000 tempore.
2926 4927 3200 4983 Arnulfus
3226 4927 3569 4984 Aureliano-

1945 5034 2080 5074 rum
2108 5015 2410 5089 episcopus
2437 5015 2576 5086 (26),
2604 5014 2745 5069 alias
2775 5031 2912 5071 sane
2941 5016 3148 5085 bonus,
3204 5018 3264 5071 et
3304 5016 3571 5073 ecclesia-

1946 5104 2116 5160 sticas
2161 5105 2393 5176 regulas
2442 5101 2682 5157 scientia
2730 5104 2788 5155 et
2836 5118 3010 5173 opere
3058 5105 3276 5175 optime
3319 5108 3571 5162 servansi

1952 5210 2258 5266 nunquam
2307 5192 2379 5248 ad
2424 5206 2633 5262 purum
2679 5190 2948 5262 praelatos
2988 5192 3159 5264 hujus
3200 5193 3573 5250 Floriacensis

1949 5283 2060 5340 loci
2114 5281 2329 5349 dilexit,
2378 5279 2509 5336 ideo
2541 5277 2997 5351 quammaxime,
3040 5280 3197 5352 quod
3245 5280 3327 5335 illi
3365 5281 3573 5339 ditioni

1950 5441 2149 5479 censes
2179 5421 2500 5479 monachos
2543 5419 2863 5492 plurimum
2908 5419 3142 5487 amavit,
3176 5423 3240 5475 ut
3263 5421 3487 5476 constat
3508 5438 3575 5477 ex

1952 5512 2099 5567 libro
2131 5512 2212 5567 De
2243 5509 2535 5566 miraculis
2576 5509 2757 5565 sancti
2796 5508 3089 5565 Maximini
3109 5507 3447 5564 Mitiacensis
3474 5510 3576 5565 ab-

1954 5599 2123 5668 batis,
2156 5615 2281 5672 cap.
2315 5602 2381 5655 l2
2406 5597 2465 5653 in
2497 5597 2718 5655 Steculo
2743 5600 2795 5665 I;
2824 5598 3072 5654 alterum
3102 5600 3233 5671 post
3256 5597 3576 5663 Manassen,

1956 5690 2027 5745 de
2060 5705 2174 5763 quo
2203 5687 2298 5745 hic
2321 5703 2539 5756 sermo,
2580 5691 2639 5745 et
2662 5686 2721 5745 in
2749 5686 2896 5745 libro
2923 5687 3004 5744 De
3025 5686 3154 5745 Vita
3183 5686 3364 5744 sancti
3388 5686 3580 5743 Abbo-

1959 5777 2051 5837 nis
2078 5777 2321 5837 abbatis.
