3882 6212
347 357 452 425 823

1417 361 1688 424 AIMOINI
1713 361 2042 438 MONACHI}
2064 361 2558 422 FLORIACENSIS

3563 360 3678 425 824

340 481 710 544 solummodo
737 483 1008 558 parentes
1037 481 1664 558 regim,subjectionem
1683 485 1811 558 (2‘7),
1843 489 2032 560 quaA
2062 502 2190 542 sum
2221 485 2273 542 ei
2305 489 2391 542 est
2419 489 2680 543 sanctum
2728 484 2962 542 Domini
3004 485 3280 544 dilectum
3333 503 3404 544 eo
3458 486 3680 544 itinere

341 575 462 651 ipse
491 575 614 630 ulta
639 574 883 630 modum
939 573 1350 640 delectabatur,
1400 592 1770 648 nequaquam
1800 575 1848 630 ei
1882 575 1956 631 ad

343 663 518 738 ipsius
555 663 864 720 voluntatis
886 663 1282 736 dependerent
1301 668 1527 719 nutum.
1555 665 1677 729 Qua
1697 665 1768 719 de
1789 682 1851 719 re
1873 664 1954 719 vi-

345 769 484 810 neas
509 752 567 808 S.
592 751 882 808 Benedicti
901 753 958 808 in
980 753 1308 808 suburbano
1329 753 1755 808 Aurelianensis
1779 753 1954 822 urbis,

345 843 404 899 in
431 843 556 898 loco
588 842 684 914 qui
713 841 914 898 Boaria
947 842 1016 912 (te
1054 843 1163 899 clas
1195 843 1258 897 de
1278 843 1512 911 Bourie)
1543 842 1768 909 dicitur,
1799 842 1956 909 sitas,

346 935 412 988 ut
438 931 524 987 sui
555 948 650 988 eas
702 931 1086 1004 pervaderent
1125 931 1418 999 satellites,
1465 949 1761 987 assensum
1810 948 1958 1003 pree-

347 1020 502 1091 buit;
535 1024 774 1094 propter
802 1037 1047 1092 quarum
1091 1019 1591 1093 recuperationem
1647 1037 1779 1076 cum
1810 1038 1956 1093 pras-

349 1109 534 1168 dictus
564 1109 743 1166 abbas
761 1108 836 1164 ad
856 1125 990 1164 eum
1017 1109 1238 1181 legatos
1269 1108 1532 1176 misisset,
1556 1127 1661 1164 nec
1681 1109 1958 1182 impetra-

349 1198 540 1265 visset,
587 1213 718 1253 cum
763 1197 1086 1252 senioribus
1109 1197 1306 1253 habito
1337 1199 1598 1266 consilio,
1627 1199 1964 1254 deliberavit

352 1289 416 1344 ut
443 1287 686 1360 sumptis
709 1288 1040 1342 sanctorum
1067 1287 1428 1360 pignoribus,
1459 1286 1808 1342 imminente
1838 1287 1962 1342 vin-

354 1377 569 1444 demia,
601 1377 674 1431 ad
705 1378 896 1432 locum
927 1391 1058 1430 eum
1091 1376 1372 1448 aliquibus
1394 1393 1425 1431 e
1454 1376 1722 1431 fratribus
1751 1376 1966 1431 fructus

2057 576 2435 632 Benedictum
2475 577 2548 632 ad
2571 577 2902 633 suburbana
2913 577 3422 634 Aurelianensium
3448 578 3525 634 ob
3546 594 3682 634 sua-

2059 682 2189 720 rum
2222 665 2621 721 defensionem
2642 667 2888 722 transire
2925 667 3248 722 vinearum.
3281 666 3406 732 Quo
3437 667 3535 723 ille
3568 685 3677 723 au-

2061 753 2201 822 dito,
2234 771 2394 825 spem
2429 756 2832 826 promerendae
2863 756 3062 811 salutis
3085 757 3352 824 induens,
3381 756 3684 812 imbecilia

2061 843 2328 898 membra
2344 843 2546 898 baculo
2566 845 2942 910 sustentante,
2970 843 3239 916 reliquias
3265 861 3444 917 usque
3477 846 3682 900 beatas

2062 931 2332 1003 protexit,
2367 934 2802 1004 prostratusque
2832 933 2936 986 sub
2969 935 3246 1003 argenteo
3287 949 3401 1004 quo
3460 949 3676 988 recon-

2065 1019 2198 1074 ditae
2231 1022 2398 1073 erant
2427 1018 2658 1087 scrinio,
2688 1021 2748 1074 in
2780 1037 3052 1076 somnum
3084 1021 3412 1076 revolvitur.
3457 1022 3675 1076 Trans-

2065 1111 2192 1162 acta
2221 1123 2354 1160 vero
2371 1124 2486 1161 una
2503 1109 2870 1175 nocte,mane
2893 1108 3082 1180 primo
3100 1109 3683 1180 surgens,incolumi-

2067 1196 2168 1252 tati
2199 1213 2258 1250 se
2285 1195 2461 1250 sensit
2503 1197 2828 1252 restitutum
2859 1197 3136 1269 pristinis,
3166 1215 3228 1252 ac
3287 1199 3504 1270 gratias
3557 1200 3679 1254 Deo

2067 1303 2265 1358 agens,
2288 1285 2524 1340 laudum
2579 1286 2783 1357 quibus
2809 1290 3038 1358 poterat
3063 1287 3366 1358 prteconiis
3408 1293 3682 1344 sanctum

2069 1375 2369 1430 attollebat
2390 1375 2788 1444 Benedictum,
2807 1379 3247 1447 procuratorem
3278 1393 3411 1432 eum
3453 1396 3572 1432 suae
3591 1379 3680 1433 di-

355 1483 556 1522 earum
587 1467 927 1521 collecturus
956 1469 1314 1538 properaret,
1350 1469 1429 1532 ut,
1463 1465 1597 1538 quia
1622 1466 1809 1520 eidem
1843 1463 1964 1520 viro
2070 1463 2278 1519 ctitans
2307 1463 2611 1534 sospitatis.
2647 1465 2756 1519 Nec
2779 1467 3022 1520 multum
3048 1482 3082 1520 a
3103 1483 3237 1521 vero
3266 1467 3389 1537 ejus
3412 1467 3685 1522 deviabat

355 1555 568 1610 viribus
593 1557 954 1610 armatorum
1008 1553 1191 1608 obniti
1243 1553 1478 1608 difﬁcile
1507 1555 1651 1620 erat,
1685 1569 1815 1608 cum
1847 1553 1968 1625 ipse
2072 1551 2290 1624 opinio.
2316 1553 2492 1623 Ipsius
2518 1551 2672 1606 enim
2705 1569 2814 1623 ope
2865 1571 2928 1608 ac
2951 1554 3217 1625 precibus
3263 1558 3494 1610 constat
3546 1573 3685 1610 eum

357 1643 555 1698 multis
583 1641 838 1698 saeculari
880 1641 1142 1714 potentia
1191 1641 1450 1713 praeditis
1475 1641 1708 1712 regibus
1738 1657 1969 1713 quoque
2073 1639 2322 1712 propria;
2370 1640 2662 1695 redditum
2690 1640 2903 1708 virtuti,
2955 1643 3114 1712 cujus
3144 1641 3366 1698 meritis
3418 1644 3560 1698 ﬁsus
3585 1660 3689 1698 seu

359 1747 618 1805 persazpe
655 1729 924 1786 restitisse
968 1730 1398 1801 comprobetur,
1440 1730 1644 1784 saltem
1690 1730 1798 1784 hac
1847 1731 1970 1784 arte
1998 1715 2048 1776 Β
2074 1728 2233 1784 fama
2259 1733 2524 1783 evocatus
2551 1729 2625 1784 ad
2650 1729 2748 1784 illa
2775 1733 3187 1801 properaverat
3234 1731 3384 1798 loca,
3417 1731 3553 1786 licet
3581 1749 3691 1786 nos

359 1819 591 1876 obviam
630 1819 840 1882 iretur;
870 1817 959 1873 cui
1007 1817 1163 1872 idem
1215 1817 1492 1888 pontifex,
1541 1820 1777 1872 cunctos
1824 1833 1972 1889 pene
2074 1834 2246 1889 supra
2272 1817 2602 1873 nominatos
2627 1817 2880 1873 veritatis
2904 1821 3077 1873 testes
3094 1837 3465 1892 nequaquam
3489 1821 3566 1875 ab
3588 1822 3693 1876 hu-

359 1907 644 1962 antistites
671 1907 980 1961 Galliarum
1011 1923 1114 1962 suo
1155 1905 1462 1961 existentes
1505 1910 1768 1978 tempore
1797 1904 1856 1958 in
1887 1905 1975 1960 his

361 2013 488 2068 qua!
512 1997 645 2050 Jesu
677 1993 881 2049 Christi
909 1997 1062 2062 sunt,
1091 1993 1374 2067 sapientia
1404 1994 1976 2057 antecedens,refra-

357 2083 483 2156 gari
511 2083 722 2138 intuitu
747 2082 920 2138 divini
935 2086 1224 2154 respectus
1249 2082 1534 2156 nequiret.
1557 2083 1789 2138 Levatis'
1804 2081 1977 2154 igitur

361 2174 609 2229 duorum
665 2171 1002 2246 corporibus
1041 2176 1365 2246 martyrum
1413 2172 1591 2228 Mauri
1640 2175 1749 2238 (28)
1804 2174 1978 2242 atque

361 2261 696 2336 Frongentii
728 2261 864 2334 ('29),
892 2261 998 2318 sub
1026 2261 1266 2317 nomine
1290 2261 1488 2332 inclyti
1511 2259 1855 2316 confessoris
1880 2258 1980 2315 Dei

365 2351 680 2419 Benedicti,
708 2349 936 2406 venitur
957 2350 1030 2406 ad
1046 2352 1259 2420 locum,
1279 2352 1338 2404 et
1358 2349 1512 2404 inter
1531 2349 1642 2404 iter
1663 2349 1978 2420 agendum,

363 2438 579 2505 vicinis,
608 2443 667 2494 et
692 2437 790 2510 qui
815 2437 918 2492 vim
949 2437 1276 2510 propinqua
1304 2436 1638 2492 incolebant
1664 2435 1979 2504 domicilia,

362 2526 838 2598 percontantibus
867 2525 1159 2596 cujustam
1173 2525 1415 2581 celebris
1465 2528 1978 2598 oretpompapras-

364 2614 744 2682 tereuntium,
771 2612 1252 2684 respondebatur,
1284 2612 1469 2668 sancti
1485 2612 1800 2668 Benedicti.
1830 2615 1984 2668 lntcr

365 2718 510 2773 quos
529 2699 767 2774 quidam
788 2717 965 2771 aeger,
984 2701 1162 2772 longo
1183 2701 1437 2756 attristus
1458 2701 1601 2756 vires
1621 2700 1872 2756 febrium
1890 2719 1982 2756 ar-

369 2791 532 2859 dore,
553 2789 945 2844 sciscitabatur
969 2789 1711 2862 praetergradientesmujus
1735 2789 1792 2843 in
1826 2790 1986 2844 obse-

371 2879 506 2954 quio
525 2882 686 2935 tanta
701 2894 831 2935 cum
855 2875 1116 2934 crucibus
1134 2877 1286 2932 viam
1307 2881 1518 2934 tereret
1532 2879 1718 2932 turba.
1735 2877 1989 2949 Respon-

2069 1907 2164 1978 jus
2181 1906 2543 1962 secludamus
2569 1907 2908 1977 operatione
2935 1907 3342 1972 miraculi,imo
3357 1925 3462 1980 per
3486 1909 3694 1964 omnia

2079 1997 2327 2066 aequales
2342 1998 2398 2049 et
2427 1995 2634 2049 merito
2657 1995 2984 2066 judicemus
3010 1999 3067 2052 et
3105 1999 3442 2052 actu.Porro
3473 1997 3692 2052 fratres

2080 2101 2212 2140 cum
2245 2087 2571 2139 memorato
2605 2084 3082 2157 abbate,peractis
3105 2086 3320 2158 absque
3335 2085 3698 2142 ulliusinter-

2083 2172 2375 2246 pellatoris
2400 2171 2820 2244 impedimento
2844 2190 2948 2245 pro
2981 2173 3184 2246 quibus
3206 2173 3419 2241 ierant,
3447 2175 3698 2246 gemino

2081 2261 2392 2318 laetabundi
2427 2261 2660 2333 gaudio,
2681 2262 2752 2316 ad
2773 2279 2875 2317 sua
2887 2261 3698 2334 regrediuntur.Verumpau-

2083 2367 2188 2423 per
2215 2349 2419 2421 spiritu
2448 2348 2544 2420 qui
2574 2351 2806 2403 sanatus
2837 2349 3342 2422 erat,tuguriolum
3365 2349 3562 2406 eoloci
3581 2367 3700 2422 quo

2083 2438 2204 2510 ipse
2225 2439 2442 2493 cubans
2471 2438 2860 2510 superpositos
2875 2439 3045 2510 capiti
3061 2443 3392 2494 sanctorum
3409 2439 3702 2494 habuerat

2085 2523 2262 2594 artus,
2293 2525 2490 2597 ligneo
2517 2526 2834 2581 construxit
2883 2527 3183 2596 tabulatu;
3213 2528 3318 2582 sub
3363 2544 3478 2598 quo
3523 2527 3702 2582 simili

2086 2615 2305 2670 detenti
2337 2617 2619 2686 languore
2637 2615 3060 2688 quiescentes,si
3091 2619 3288 2670 tamen
3305 2617 3703 2687 plenaeorum

2087 2703 2195 2758 hoc
2225 2703 2365 2758 ﬁdes
2389 2703 2662 2774 exegerit,
2690 2703 3026 2758 citissimam
3053 2703 3472 2776 opitulantibus
3519 2704 3708 2758 tribus

2091 2791 2427 2846 memoratis
2457 2791 2666 2844 sanctis
2695 2791 2932 2864 capiunt
2983 2793 3294 2859 medelam,
3356 2793 3438 2846 uti
3490 2794 3706 2848 accola:

2093 2880 2434 2934 corumdem
2451 2881 2737 2933 testantur
2766 2880 3048 2934 locorum.

1519 3006 1868 3094 LIBER
1911 3005 2543 3094 SECUNDUS.

902 3156 1135 3212 CAPUT
1166 3155 1453 3213 PRIMUM.

371 3245 696 3312 Floriam,
708 3244 880 3302 Vallis
895 3260 1084 3302 aurea.
1103 3245 1226 3300 Sibi
1237 3252 1366 3300 uota
1380 3249 1578 3301 narrat
1593 3249 1802 3302 auctor.
1819 3242 1994 3299 Fran-

615 3333 798 3373 corum
817 3333 988 3389 reges.
1015 3317 1066 3371 A
1080 3316 1170 3371 bbo
1197 3316 1441 3374 Oilbotdi
1464 3332 1748 3372 successor.

453 3411 502 3466 l.
535 3405 850 3462 Favorabili
879 3422 1143 3479 superna:
1172 3405 1528 3479 dignationis
1555 3405 1858 3478 praesagio,
1882 3405 1992 3468 hoc

378 3495 437 3551 in
470 3513 583 3569 quo
605 3495 724 3551 Deo
755 3498 989 3551 auctore
1019 3494 1378 3550 famulemur
1400 3494 1752 3562 coenobium,
1782 3495 1846 3548 ut
1865 3493 1990 3548 Flo-

379 3585 564 3640 riacus
591 3583 727 3659 (29')
755 3586 1055 3640 vocaretur
1080 3584 1330 3656 accepit;
1385 3583 1483 3656 qui
1531 3580 1735 3655 [quod)
1794 3581 1996 3654 priscis

381 3674 884 3748 temporibus,non
902 3671 1190 3728 dissimilis
1201 3670 1402 3744 gratim
1414 3668 1996 3744 prmrogavitaﬂallis

381 3761 794 3818 nominabatur
817 3763 1026 3817 Aurea.
1076 3760 1308 3815 Retinet
1353 3759 1512 3814 enim
1555 3758 1612 3811 in
1667 3775 1724 3812 se
1755 3775 1996 3813 aureum

386 3853 635 3932 paradisi
655 3852 860 3906 ﬂorem
872 3893 886 3916 ,
908 3848 1334 3904 sanctissimum
1349 3849 1579 3902 Patrem
1596 3846 1997 3916 Benedictum;

385 3941 483 4013 qui
511 3939 941 4012 gratantissime
963 3937 1238 3990 virtutum
1268 3935 1446 3990 odore
1466 3950 1722 4006 quosque
1743 3936 2005 3990 remotis-

388 4028 564 4084 simos
587 4027 662 4082 ad
687 4025 774 4081 sui
799 4022 1186 4080 reverentiam
1219 4022 1441 4078 invitat.
1470 4022 1727 4086 Quarum
1749 4023 2006 4095 proprie‘

391 4119 575 4171 tatem
593 4113 1000 4188 operationum
1013 4111 1055 4166 si
1074 4128 1177 4184 per
1189 4111 1415 4185 singula
1441 4111 1722 4182 explicare
1743 4111 2002 4177 velimus,

390 4204 658 4258 chartam
701 4200 868 4256 nobis
893 4215 1344 4272 sermonemque
1374 4203 1690 4273 antequam
1723 4200 2008 4256 sermonis

392 4289 700 4346 materiam
732 4289 978 4345 deﬁcere
1009 4304 1114 4362 pro
1148 4291 1302 4345 certo
1339 4288 1758 4362 intelligemus.
1793 4289 1906 4344 Sed
1937 4307 2007 4344 ne

2023 3141 2070 3200 Ο
2093 3154 2386 3211 beneficiis
2409 3155 2518 3226 pize
2551 3153 2916 3225 paternitatis
2938 3155 3082 3226 ejus,
3110 3155 3182 3210 ab
3213 3154 3337 3227 ipso
3365 3155 3534 3212 nobis
3591 3156 3708 3212 im-

2092 3244 2314 3300 meritis
2339 3243 2634 3316 impensis,
2665 3243 2880 3314 ingrati
2913 3260 3034 3298 esse
3084 3243 3404 3310 videamur,
3444 3261 3518 3300 ea
3572 3263 3702 3318 qua:

2092 3336 2347 3388 nostram
2359 3332 2600 3404 attigere
2619 3331 2906 3398 notitiam,
2933 3331 2992 3386 in
3008 3335 3290 3404 quantum
3320 3332 3499 3404 ipsius
3533 3333 3712 3389 beni-

2091 3421 2191 3494 gni
2219 3421 2449 3492 patroni
2487 3421 2741 3475 clemens
2771 3420 3108 3492 supplicatio
3129 3421 3278 3475 vires
3309 3424 3510 3477 nostro
3551 3423 3708 3477 tenui

2091 3509 2384 3581 ingeniolo
2435 3525 2469 3564 a
2521 3508 2744 3563 Christo
2829 3507 3164 3572 obtinuerit,
3218 3508 3513 3564 rusticano
3576 3510 3709 3565 licet

2094 3598 2748 3670 sermone,posterorum
2768 3596 3046 3650 mandare
3059 3596 3394 3652 adoriemur
3405 3599 3706 3654 memoriae

2095 3687 2164 3741 Et
2187 3685 2398 3758 primo,
2430 3683 2674 3756 qualiter
2687 3683 2775 3738 his
2797 3683 3156 3756 temporibus
3172 3685 3498 3757 respublica
3535 3687 3711 3742 Fran-

2099 3791 2298 3830 corum
2331 3773 2664 3839 substiterit,
2716 3772 3050 3827 succinctim
3111 3772 3597 3844 perstringamus,
3652 3775 3714 3828 ut

2103 3867 2231 3936 post
2253 3861 2488 3917 liberius
2516 3878 2586 3916 ea
2617 3877 2744 3933 quae
2780 3861 3206 3933 proposuimus,
3225 3878 3636 3933 exsequamur.

2173 3957 2226 4008 2.
2261 3951 2529 4006 Lothario
2563 3950 2706 4020 regi,
2739 3951 2987 4026 caeleste,
3023 3954 3082 4004 ut
3109 3950 3425 4018 credimus,
3457 3968 3567 4023 pro
3601 3956 3711 4007 ter-

2105 4057 2248 4096 reno
2277 4037 2661 4094 cummutanti
2692 4038 3283 4108 regnum,Ludovicus
3302 4038 3453 4093 ﬁlius
3496 4055 3713 4094 succes-

2105 4130 2194 4184 sit.
2229 4128 2336 4193 Qui
2363 4128 2677 4182 immatura
2725 4129 3050 4197 praiventus
3105 4129 3318 4192 morte,
3375 4127 3722 4184 destitutum

2107 4218 2340 4290 proprio
2385 4215 2614 4271 haerede
2673 4214 3041 4286 Francigenae
3068 4215 3258 4284 gentis
3295 4215 3718 4288 principatum,

2107 4309 2306 4379 utpote
2329 4304 2606 4360 naturalis
2633 4319 2832 4374 expers
2887 4303 3508 4376 conjugii,dereliquit.
3572 4305 3720 4360 Sane

466 4505 578 4578 (27)
601 4506 680 4560 De
701 4501 1056 4578 subjectione
1079 4501 1582 4578 spiritu_ali,_quam
1603 4503 1841 4578 abbates
1861 4503 2008 4578 tum,
2032 4481 2085 4541 D
2113 4572 2124 4578 _
2181 4499 2294 4578 [29)
2321 4501 2399 4555 De
2431 4499 2540 4578 hoc
2593 4498 2791 4578 sancto
2829 4495 3178 4578 [frongentifo
3241 4497 3725 4578 seunFergcnlio

393 4571 526 4632 cum
561 4571 1074 4646 benedicebantur,
1105 4571 1528 4646 promittebant
1544 4574 1850 4646 episcopo,
1872 4571 2012 4627 alias

395 4646 709 4717 dicendum
735 4664 749 4710 ;
785 4645 876 4701 hic
905 4645 978 4700 de
1011 4644 1592 4717 temporaliqumstio
1623 4644 1866 4698 videtur.

465 4721 576 4784 (‘28)
621 4716 855 4784 Quidam
885 4715 1153 4786 ponti/cc
1182 4717 1246 4770 de
1296 4715 1590 4770 Britannia
1649 4717 1878 4780 veniens,
1919 4715 2014 4769 cui

393 4805 584 4845 nomen
618 4795 734 4844 erat
783 4786 1046 4856 Hcitrem,
1105 4793 1154 4842 et
1206 4789 1262 4841 in
1311 4786 1647 4843 Floriacensz
1688 4786 1798 4839 loco
1825 4801 2011 4856 mona-

393 4861 582 4916 cltilem
611 4861 837 4918 inducns
864 4861 1128 4927 tunicam,
1159 4875 1346 4928 corpus
1387 4857 1527 4911 beati
1545 4859 1797 4926 martyris
1823 4855 2018 4928 Mauri

392 4947 574 5004 secum
601 4931 818 5000 detulit,
850 4947 1008 5004 Quem
1043 4923 1258 5004 constat
1301 4928 1490 5004 Romo:
1526 4923 1755 5004 passum
1784 4927 1880 5004 sub
1910 4923 2014 5004 Ce-

396 5003 561 5076 lerino
591 4995 881 5076 praefecto:
903 4999 1312 5076 ‘irnperantibus
1363 4997 1766 5076 imperatoribus
1813 4995 2013 5052 Carino

395 5083 446 5129 et
496 5069 1017 5130 NumerianmSed'
1039 5079 1090 5126 et
1145 5070 1280 5126 alter
1331 5069 1403 5124 ad
1431 5070 1568 5124 idem
1595 5069 1805 5123 veniens
1841 5083 2014 5124 cano-

395 5145 562 5214 bium,
625 5145 750 5201 Otto
805 5145 1041 5210 nomine,
1108 5149 1157 5196 et
1202 5157 1425 5214 _corpus
1498 5139 1784 5214 cujusdam
1806 5210 1817 5214 Α
1841 5143 2015 5214 sancti

395 5210 706 5287 Frotyentii
741 5223 922 5270 sancto
951 5230 1124 5268 secum
1163 5211 1352 5287 obtulit
1371 5210 1683 5287 Benedicto,
1704 5215 1778 5287 _ut
1805 5210 2014 5287 legitur

396 5289 458 5342 in
490 5280 788 5360 praecitato
821 5287 1149 5368 fragmento
1177 5280 1718 5362 Chesniano.Mau.ri
1743 5281 2012 5362 martyris

396 5358 523 5413 Vita
544 5359 782 5413 metrice
803 5359 1014 5413 scripta
1033 5359 1120 5410 est
1139 5372 1173 5410 a
1201 5353 1442 5409 Rodolfo
1453 5354 1736 5413 Tortarlo,
1753 5355 1810 5406 et
1833 5352 2010 5407 histo-

1723 5393 1736 5418 ν

403 5373 523 5413 Vita
544 5373 782 5413 metrice
803 5373 1014 5439 scripta
1033 5373 1120 5410 ess
1139 5373 1173 5410 a
1203 5373 1442 5409 noaouo
1463 5373 1484 5407 ι
1499 5373 1736 5435 artano,
1753 5373 1810 5432 et
1833 5373 2010 5407 1115ιο-

398 5429 485 5482 ria
510 5429 636 5497 ejus
673 5426 1086 5490 translationis,
1138 5425 1220 5480 uti
1272 5425 1516 5497 habetur
1567 5442 1625 5478 in
1665 5424 2012 5497 Bibliotheca

400 5493 764 5568 Floriacensi.
822 5500 883 5552 In
944 5498 1237 5568 catalogo,
1269 5495 1630 5568 Bibliotheca:
1660 5493 2009 5568 “Petavianze

400 5567 740 5638 Framberto
769 5568 1056 5638 monacho
1082 5563 1342 5638 ejusdem
1365 5565 1637 5638 martyris
1660 5563 2010 5638 Vita‘mctri-

401 5654 468 5694 ca
497 5635 794 5710 tribuitur;
825 5655 898 5695 an
929 5655 964 5695 a
989 5633 1232 5696 Tortarii
1264 5633 1534 5694 carmine
1553 5633 1816 5692 diversa?

2111 4565 2556 4638 intelligendum
2591 4567 2815 4638 videtur
2837 4567 3095 4638 diploma
3125 4565 3498 4638 CaroliCalvi
3518 4565 3723 4624 conce-

2113 4637 2584 4700 dentisi’llilboldo
2599 4637 2788 4691 abbati
2809 4637 3010 4708 Deensi
3025 4641 3226 4706 rogatu
3247 4637 3596 4708 Erispologii
3616 4640 3725 4693 Bri-

2112 4713 2328 4768 tannia:
2353 4711 2510 4764 ducis
2523 4708 2936 4780 cellammpoqo
2961 4705 3352 4780 Cenomannico
3371 4705 3540 4780 sitan}
3578 4709 3726 4780 apud

2112 4782 2494 4853 Bussogilum,
2515 4782 2582 4853 in
2605 4777 2807 4853 [tonare
2837 4778 2974 4853 beati
2981 4847 2988 4853 Α
3022 4777 3180 4853 Petri
3203 4796 3234 4831 α
3262 4777 3724 4853 ειιΤιείο-Ίῖιξοάρ-ιίο

2113 4847 2446 4926 (legendum
2475 4850 2700 4926 videtur
2723 4847 3482 4926 I'Trogetiojfundatamﬁipud
3503 4847 3724 4926 ghifqe.

2111 4919 2260 4982 tium
2310 4923 2368 4978 in
2457 4919 2894 4994 probationibus
2958 4919 3220 4974 Historia:
3304 4921 3722 4985 Tornutiensis,

2113 5013 2246 5070 Pag-
2273 4997 2396 5070 295.:

2364 5065 2478 5120 Hoc
2505 5061 2750 5146 nomine
2777 5061 2934 5142 locus
2958 5059 3306 5146 censebatur
3366 5060 3551 5146 etiam
3572 5063 3722 5146 ’θρὶξ

2113 5129 2508 5194 conditionem
2531 5131 2887 5197 monasterii,
2916 5133 2978 5184 ut
3020 5132 3246 5185 constat
3271 5145 3338 5182 ex
3375 5129 3721 5186 Leodeboldi

2113 5206 2336 5264 abbatis
2367 5207 2734 5261 testamento.
2761 5203 3011 5256 Joannes
3033 5218 3068 5255 a
3093 5202 3270 5254 Bosco
3321 5203 3574 5255 testatur
3621 5199 3716 5255 sibi

2112 5282 2322 5335 lectam
2349 5277 2520 5331 fuisse
2561 5272 3002 5342 inscriptionem
3047 5271 3105 5324 in
3151 5287 3285 5342 arcu
3313 5273 3508 5325 sacelli
3543 5273 3716 5326 Beata:

2110 5349 2297 5420 Mariae.
2345 5347 2498 5420 apud
2533 5339 2881 5420 Floriacum:
2909 5343 3028 5395 Haec
3080 5357 3173 5401 Es'r
3204 5339 3398 5420 Vapnis
3432 5347 3642 5420 atinas.
3677 5343 3718 5392 A

2109 5411 2786 5476 conditionemonasterii
2813 5427 3234 5480 nonnunquam
3255 5411 3715 5467 Vctusli‘loriacus

2111 5492 2295 5546 dictus
2326 5493 2411 5544 est
2441 5491 2616 5551 locus,
2651 5484 2746 5538 ubi
2787 5499 2937 5537 nunc
2987 5481 3248 5552 cpidum,
3277 5481 3578 5537 Floriacus
3602 5498 3712 5536 nlo-

2109 5561 2446 5616 naslerium.
2482 5555 2817 5611 C(euobium
2842 5554 2913 5607 de
2938 5551 3178 5617 Paredo,
3213 5551 3284 5604 de
3315 5569 3433 5622 quo
3485 5554 3635 5608 infra
3658 5552 3706 5604 iu

2107 5633 2253 5690 libro
2265 5628 2506 5686 Tortarii
2517 5629 2610 5696 ,ab
2623 5625 2787 5682 initio
2801 5624 3003 5682 itidem
3022 5621 3190 5677 Vallis
3205 5621 3397 5678 Aurea
3410 5622 3710 5683 dicebatur.
