3882 6212
131 387 228 448 825

926 389 1016 448 DE
1041 387 1418 448 MIRACULIS
1451 389 1510 448 S.
1546 388 1908 449 BENEDICTI
1935 389 2115 448 LIBRI
2137 387 2302 448 DUO.
2333 419 2402 434 -
2440 387 2570 447 LIB.
2596 386 2664 450 ll.

3357 385 3464 448 820

135 517 369 588 patruus
399 513 527 587 ejus
557 513 812 584 Carolus,
839 531 1014 590 quem
1056 518 1346 590 privatum
1377 519 1628 576 senuisse
1653 536 1744 574 su-
1765 524 1821 584 Α
1849 523 2058 575 sanctae
2073 518 2174 576 Dei
2199 517 2498 574 Genitricis
2525 517 2714 574 Mariae
2733 513 3033 573 holoseriis
3075 512 3277 588 palieis
3315 513 3456 572 alio-

135 622 242 679 pra
261 603 710 679 prwlibavimus,
754 605 1092 674 conabatur,
1123 607 1169 662 si
1209 612 1416 679 posset,
1447 625 1480 664 a
1525 609 1610 665 sui
1640 626 1741 681 ge-

137 695 292 749 neris
310 695 648 750 auctoribus
677 693 774 750 diu
806 712 1130 767 possessum
1162 696 1268 751 sibi
1306 697 1596 752 vindicare
1631 698 1743 753 im-

134 783 390 855 perium;
417 783 520 836 sed
538 783 588 854 ej
601 801 661 837 us
674 785 936 838 voluntas
953 784 1178 838 nullum
1199 785 1434 838 sortitur
1455 786 1744 841 effectum.

136 871 278 926 Nam
311 871 510 926 Franci
529 871 826 942 primates,
849 889 918 926 eo
947 871 1168 939 relicto,
1205 872 1278 926 ad
1310 873 1612 944 Hugouem
1649 874 1748 945 qui

138 962 410 1016 ducatum
439 959 695 1014 Francia:
726 963 958 1014 strenue
989 964 1125 1015 tunc
1157 962 1750 1034 gubernabat,magni

138 1048 286 1102 illius
307 1047 571 1119 Hngonis
589 1047 794 1113 ﬁlium,
817 1048 1115 1118 cujusjam
1147 1049 1366 1104 mentio
1384 1050 1535 1105 facta
1561 1054 1664 1116 est,
1690 1067 1748 1105 se

139 1137 527 1205 conferentes,
551 1151 686 1190 eum
718 1136 1066 1190 Noviocomo
1101 1137 1337 1208 (Noyon)
1379 1137 1519 1193 solio
1575 1139 1748 1192 subli-

141 1230 298 1281 mant
329 1225 517 1297 regio.
549 1226 600 1278 Is
631 1225 837 1279 eodem
869 1242 1023 1280 anno
1057 1227 1396 1281 Rotbertum
1428 1227 1610 1282 ﬁlium
1645 1226 1753 1282 sibi

141 1317 468 1370 consortem
498 1313 665 1383 regni
696 1313 854 1383 legit.
889 1314 955 1367 Et
971 1313 1124 1385 quia,
1150 1318 1431 1386 quantum
1451 1315 1522 1369 ad
1553 1319 1752 1386 coepta:

141 1403 217 1456 rei
245 1417 485 1456 causam
519 1401 749 1468 attinet,
782 1401 852 1456 de
885 1401 1116 1472 regibus
1174 1403 1439 1469 diximus,
1497 1402 1570 1457 ad
1621 1419 1753 1458 eam

140 1489 612 1562 prosequendam
639 1489 982 1545 veniendum
1007 1493 1110 1544 est.

207 1581 259 1632 3.
289 1577 480 1650 Igitur
517 1576 780 1632 Oildoldo
824 1578 1031 1632 abbate
1058 1578 1116 1632 in
1151 1577 1372 1634 Christo
1404 1577 1752 1651 quiescente,

137 1666 297 1720 Abbo
329 1668 468 1737 (30),
500 1665 619 1719 Deo
650 1668 708 1719 et
736 1665 1068 1720 hominibus
1097 1667 1184 1722 vir
1239 1667 1522 1734 amabilis,
1555 1684 1589 1722 a
1647 1668 1758 1722 fra-

137 1755 318 1810 tribus
349 1755 596 1826 Hugone
618 1757 911 1809 annuente
965 1773 1102 1828 rege
1135 1757 1367 1823 electus,
1409 1757 1468 1811 in
1507 1756 1755 1828 gradum

134 1842 408 1898 successit
464 1842 770 1896 monastici
813 1842 1134 1914 rcgiminis.

132 1933 287 1986 hunc
317 1948 438 2002 quo
472 1929 594 1984 haec
617 1929 919 1985 scribimus
947 1949 1102 1988 anno
1134 1931 1231 2004 qui
1251 1930 1358 1988 mn
1388 1934 1460 1986 ab
1483 1935 1756 1986 lncarna-

138 2021 294 2074 tione
345 2017 585 2074 Domini
643 2019 983 2074 millesimus
1045 2025 1300 2092 quartus,
1353 2021 1408 2075 in
1467 2020 1755 2075 Vasconia:

135 2107 398 2179 partibus
429 2125 466 2161 a
491 2107 728 2178 perﬁdis
759 2107 906 2162 illius
933 2109 1184 2164 nationis
1204 2109 1558 2176 hominibus,
1591 2109 1758 2164 nobis

137 2195 545 2269 praesentibus,
578 2195 920 2252 innocenter
939 2198 1172 2266 occisus,
1203 2198 1458 2270 martyrii
1477 2198 1758 2268 sanguine

140 2287 460 2351 laureatus,
504 2285 578 2340 ad
612 2302 792 2356 regna
821 2289 905 2340 est
933 2289 1153 2342 aeterna
1179 2305 1212 2342 a
1251 2287 1471 2342 Christo
1505 2290 1753 2342 vocatus.

141 2375 202 2428 1n
231 2373 398 2444 cujus
429 2373 635 2427 diebus
666 2391 756 2428 res
781 2373 1074 2430 mirabiles
1102 2392 1208 2446 per
1249 2373 1758 2446 prmeminentissi-

143 2478 304 2518 mum
339 2463 579 2516 Patrem
612 2465 876 2516 nostrum
932 2464 1324 2530 Benedictum,
1371 2465 1444 2518 ab
1493 2463 1760 2534 omnipo-

147 2554 299 2604 tente
335 2549 591 2605 Domino
620 2553 894 2621 patratas,
930 2551 1065 2624 quia
1085 2553 1213 2622 jam
1249 2555 1382 2607 tunc
1414 2569 1520 2606 nos
1552 2552 1762 2606 intelli-

152 2639 344 2710 gibilis
357 2638 608 2710 contigit
622 2641 944 2710 pervenisse
961 2643 1032 2696 ad
1072 2645 1255 2696 metas
1288 2642 1489 2708 aetatis,
1509 2640 1760 2708 certiori,

153 2732 354 2799 utpote
381 2727 671 2798 aliquibus
692 2732 1024 2799 praesentes,
1046 2729 1362 2799 digerimus
1413 2731 1578 2800 style.

835 2819 1056 2872 CAPUT
1102 2820 1166 2872 ll.

156 2903 507 2978 Floriacemie
538 2906 866 2978 incendium.
921 2909 1236 2978 Apparatus
1266 2910 1320 2960 in
1345 2908 1478 2976 festo
1525 2905 1762 2963 transla-

359 2977 551 3032 tionis.
583 2977 902 3034 Incendium
931 2977 1192 3033 divmz’tus
1219 2980 1525 3033 restinctum

217 3065 270 3118 4.
299 3064 554 3118 Festivus
573 3065 777 3120 mstivis
791 3067 1082 3121 mensibus
1095 3066 1484 3122 translationis
1503 3065 1762 3137 ejusdem

153 3152 382 3224 gloriosi
411 3152 600 3207 Patris
630 3169 824 3208 annuo
857 3171 1114 3209 successu
1135 3156 1470 3210 recurrebat
1499 3154 1653 3221 dies;
1692 3154 1766 3209 ad
1793 3135 1841 3194 Ο

153 3241 312 3312 cujus
323 3241 644 3313 spectanda
655 3242 1007 3313 gaudia,non
1027 3245 1212 3298 solum
1229 3243 1441 3315 quique
1461 3259 1764 3314 pagenses,

154 3332 211 3382 ut
233 3329 475 3401 quidam
527 3329 587 3383 in
643 3328 816 3400 ipsius
867 3331 1036 3386 laude
1065 3332 1146 3386 ait
1175 3331 1401 3403 sapiens
1430 3331 1509 3403 (S.
1540 3331 1656 3386 Ouo
1700 3331 1766 3386 in

151 3433 300 3472 εει-ηε.
329 3420 409 3472 De
441 3419 646 3473 transl.
681 3419 738 3472 S.
775 3419 1108 3490 Benedicti),
1128 3436 1326 3474 verum
1356 3420 1520 3491 plebs
1544 3419 1768 3474 urbana

152 3505 403 3560 honestis
423 3505 768 3560 clericorum
799 3507 1156 3562 conﬂuxerat
1183 3507 1442 3580 personis
1471 3507 1763 3562 inﬂorata.

155 3593 366 3658 Quibus
393 3594 606 3666 vigiliis
624 3595 1021 3651 insistentibus
1045 3599 1342 3652 nocturnes
1361 3595 1564 3663 laudis,
1589 3611 1765 3667 quam

159 3681 358 3738 devota
372 3683 798 3738 monachorum
820 3684 1361 3740 catervaitentidem
1382 3685 1766 3755 undecunque

158 3771 229 3826 ob
261 3771 534 3826 Iustitiam
563 3774 738 3826 tanta:
762 3771 1141 3828 solemnitatis
1169 3763 1534 3827 adventando
1557 3771 1767 3826 nostris

158 3859 388 3927 sociata,
426 3859 486 3914 in
537 3860 623 3914 sui
661 3860 1001 3930 legislatoris
1030 3863 1296 3932 explebat
1323 3863 1652 3933 obsequela,
1682 3877 1767 3914 re-

160 3951 326 4018 pente
349 3965 458 4019 per
475 3947 837 4020 aquilonales
855 3950 1100 4004 basilica:
1116 3950 1396 4005 fenestras
1415 3951 1598 4005 nocivi
1619 3950 1768 4021 ignis

159 4037 245 4090 lux
263 4037 1186 4111 resplenduithorrenda.Quippe
1211 4038 1267 4092 in
1283 4039 1576 4111 quoddam
1594 4038 1766 4092 fenile

156 4141 280 4180 casu
318 4125 566 4198 quidam
589 4125 738 4197 ignis
755 4127 1046 4196 decidens,
1061 4127 1238 4182 aridis
1255 4131 1452 4184 auctus
1466 4127 1766 4196 fomentis,

154 4213 588 4284 circumpositas
615 4229 737 4268 sese
764 4213 991 4268 diffudit
1016 4213 1074 4270 in
1102 4215 1269 4270 aedes.
1297 4215 1409 4269 Nec
1469 4215 1769 4270 laborabat

153 4302 416 4368 ﬂamma,
453 4304 518 4354 ut
548 4319 680 4355 snas
727 4305 966 4374 angeret
996 4302 1162 4369 vires,
1194 4321 1327 4358 cum
1357 4303 1567 4358 aestatis
1595 4303 1768 4358 ardor

1845 626 2092 682 rumque
2105 609 2362 664 velorum
2377 612 2496 663 tam
2513 608 2722 662 decora
2735 607 3014 662 introrsus
3029 604 3465 676 circumamicta

1848 698 2388 765 varietatc,utmulti
2409 715 2611 754 eorum
2637 696 2734 769 qui
2765 697 2838 751 ad
2869 696 3024 750 diem
3055 694 3452 749 convenerant

1847 788 2059 843 festum
2075 788 2398 842 faterentur
2412 803 2709 858 nunquam
2726 787 2897 840 antea
2918 784 2994 838 sic
3009 783 3284 838 decenter
3311 797 3468 836 eam-

1851 877 1984 930 dem
2016 876 2216 930 vidisse
2238 879 2502 931 ornatam
2539 873 2948 929 basilicam.Ad
2969 872 3127 942 cujus
3150 870 3467 942 pulchritu-

1850 964 2048 1019 dinem
2064 965 2442 1030 decoris,cum
2461 963 2862 1035 lampadarum
2882 978 2948 1016 ac
2959 976 3262 1015 cereorum
3276 959 3462 1027 stella,

1851 1056 1912 1107 ut
1925 1053 2000 1107 sic
2018 1054 2234 1108 dictum
2249 1051 2813 1119 sit,area,accedebat
2825 1067 2963 1106 auro
2978 1067 3042 1104 ac
3060 1048 3310 1122 gemmis
3321 1065 3467 1120 pra:-

1851 1141 2083 1212 fulgens
2107 1159 2139 1196 a
2157 1142 2349 1195 fronte
2371 1142 2590 1208 lectica,
2612 1141 2944 1194 thesaurum
2957 1138 3204 1193 Arabico
3231 1138 3466 1192 metallo

1852 1229 2146 1301 lapidique
2179 1229 2609 1299 praeferendum
2642 1229 2860 1298 topasio
2893 1228 2952 1281 in
2986 1243 3044 1280 se
3073 1225 3349 1280 retinens.
3395 1224 3462 1280 ld

1853 1317 2108 1390 primum
2127 1334 2256 1372 cum
2275 1319 2618 1372 cmterorum
2638 1316 2891 1388 reliquiis
2915 1317 3245 1370 sanctorum
3265 1313 3466 1367 hume-

1853 1405 1930 1459 ris
1950 1405 2268 1460 dolentinm
2284 1422 2522 1460 suorum
2556 1405 2795 1461 offertur
2817 1404 3369 1473 servulorum,atque
3391 1399 3467 1455 ad

1855 1493 2198 1548 orientalem
2221 1494 2471 1549 ecclesia:
2490 1497 2719 1564 partem
2737 1493 2794 1547 in
2812 1490 3141 1548 cmmeterio
3159 1487 3466 1561 exponitur

1855 1582 2122 1637 fratrum.
2153 1581 2292 1636 lude
2325 1582 2573 1637 universi
2608 1583 2681 1637 ad
2713 1580 3125 1654 deponendum
3155 1575 3466 1633 sanctuarii

1857 1672 2129 1724 ornatum
2167 1686 2270 1724 ora
2294 1669 2731 1742 conversi,quod
2760 1670 2938 1724 solers
2967 1666 3314 1723 aedituorum
3336 1663 3464 1720 dili-

1856 1757 2055 1829 gentia
2066 1773 2170 1828 per
2182 1759 2310 1812 octo
2325 1758 2573 1828 spatium
2589 1757 2812 1812 dierum
2827 1757 3126 1828 eleganter
3137 1753 3468 1826 compserat

1216 1844 1344 1910 Qui,
1396 1844 1756 1916 praecedente
1779 1853 1831 1913 Β
1856 1845 2037 1899 idnos
2051 1845 2226 1900 trium
2249 1847 2348 1899 aut
2373 1861 2489 1900 non
2522 1846 2705 1899 multo
2732 1844 2978 1914 amplius
3008 1843 3257 1914 quatuor
3285 1841 3460 1895 hora-

1857 1950 1988 1988 rum
2008 1931 2193 1987 noctis
2208 1933 2508 1987 intervallo
2523 1929 3244 2003 deposuimus.Perspicere
3259 1930 3384 1982 erat
3398 1943 3465 1981 ac

1859 2038 2093 2092 gemere
2125 2020 2346 2092 regiam
2368 2021 2506 2092 (30‘)
2527 2019 2682 2074 illam
2709 2018 2897 2074 Matris
2916 2015 3168 2083 Domini,
3192 2015 3467 2086 stigmata

1859 2111 1962 2166 via:
1990 2109 2138 2164 illius
2162 2126 2276 2181 qua
2305 2109 2602 2181 quondam
2653 2107 2893 2163 dilectus
2945 2105 3194 2161 Domino
3253 2103 3462 2159 coelum

1861 2198 2202 2254 Benedictus
2232 2196 2566 2252 conscendit
2596 2195 2891 2251 nocturnis
2916 2195 2975 2249 in
3003 2192 3264 2249 laudibus
3313 2207 3465 2264 pra:-

1859 2288 2303 2357 ferentem,post
2323 2285 2617 2340 modicum
2633 2286 2988 2341 desertarum
3007 2282 3220 2338 mdium
3249 2281 3464 2336 factam

1861 2375 2132 2431 similem.
2163 2377 2232 2431 Et
2263 2375 2398 2448 quia
2427 2376 2601 2447 igneo
2633 2375 2856 2429 fervore
2886 2373 2946 2427 in
2972 2371 3164 2426 vitreis
3201 2369 3328 2440 jam
3383 2369 3467 2423 fe-

1863 2463 2069 2518 nestris
2093 2465 2396 2534 plumbum
2427 2462 2632 2534 liquari
2661 2479 2823 2534 posse
2875 2458 3308 2530 conjiciebatur,
3341 2471 3466 2510 ma-

1862 2554 2015 2608 xime
2065 2570 2198 2608 cum
2237 2552 2479 2608 victricis
2505 2553 2759 2607 ﬂamma:
2790 2565 3004 2620 vorago
3035 2549 3242 2602 cuncta
3269 2544 3467 2600 exina-

1865 2641 2140 2712 nirct,spe
2172 2642 2440 2712 sublapsa
2467 2639 2729 2695 mortalis
2775 2637 2992 2708 auxilii,
3019 2636 3272 2708 supellex
3314 2631 3472 2688 varia

1863 2729 2216 2800 longiuscule
2249 2746 2280 2784 a
2311 2727 2665 2784 monasterio
2713 2729 2865 2781 inter
2916 2739 3248 2780 memorum
3295 2721 3474 2776 densa

1864 2817 2163 2885 occulitur,
2195 2834 2327 2872 cum
2377 2820 2615 2888 repente
2645 2815 2744 2870 uni
2777 2832 2844 2870 ex
2867 2812 3191 2879 abbatibus,
3244 2809 3340 2881 qui
3400 2824 3469 2862 ex

1862 2907 2059 2962 vicinis
2079 2907 2350 2962 cmnobiis
2367 2905 2609 2961 emerito
2633 2904 2760 2959 duci
2778 2921 2879 2958 suo
2896 2899 3194 2957 militaturi
3227 2899 3472 2954 advene-

1863 2999 2016 3059 rant,
2040 2993 2277 3050 nomine
2291 2993 2580 3049 Rainardo
2603 2992 2884 3065 (3t),visio
2901 3005 3164 3063 superum
3207 2984 3478 3059 apparuit

1866 3083 2295 3140 consolationis.
2323 3083 2560 3155 Aspexit
2595 3098 2849 3154 namque
2875 3097 3007 3135 cum
3065 3079 3210 3145 aliis,
3270 3073 3476 3148 quibus

1866 3173 1989 3226 haec
2019 3170 2219 3225 datum
2241 3173 2327 3225 est
2355 3169 2718 3236 videre,duas
2767 3169 3064 3224 columbas
3111 3180 3282 3238 super
3331 3160 3480 3218 nivis

1868 3258 2183 3314 candorem
2243 3257 2577 3326 albicantes,
2610 3274 2739 3330 qua:
2785 3257 2936 3311 trino
2962 3256 3154 3311 volatu
3185 3250 3475 3308 ambitum

1867 3345 2386 3417 circumcingentes
2414 3347 2641 3418 templi,
2669 3347 2742 3401 ad
2783 3344 3043 3400 Africum
3096 3341 3183 3397 sui
3221 3339 3474 3410 impetus

1868 3434 2128 3491 direxere
2145 3449 2397 3500 cursum,
2425 3422 2522 3488 ubi
2544 3433 2671 3504 jam
2701 3431 2967 3505 proxima
2985 3428 3209 3484 horreis
3225 3428 3472 3482 fratrum

1866 3519 2140 3578 violentia
2157 3520 2315 3575 stetit
2358 3521 2581 3592 ignium
2614 3563 2628 3589 ,
2660 3536 2767 3575 nec
2805 3519 3075 3574 divinitus
3105 3514 3471 3586 designatum

1867 3627 2005 3666 ausa
2027 3613 2112 3665 est
2137 3608 2516 3682 prietergredi
2571 3608 2913 3664 terminum.
2959 3607 3202 3675 Jamque
3230 3600 3473 3656 humani

1865 3701 2186 3754 cessaverat
2209 3714 2302 3753 ars
2339 3696 2580 3770 ingenii,
2609 3697 2888 3768 laborque
2917 3691 3334 3765 conquieverat
3373 3689 3474 3743 ho-

1869 3787 2116 3854 minum,
2149 3790 2212 3842 ut
2241 3787 2429 3858 major
2459 3785 2666 3840 divinae
2700 3781 3085 3840 miserationis
3119 3779 3298 3833 virtus
3353 3777 3469 3831 cla-

1867 3880 2117 3932 resceret
2144 3892 2246 3947 per
2266 3874 2664 3930 beatissimum
2713 3858 3108 3935 Benedictum,
3141 3883 3317 3939 quem
3369 3881 3476 3921 nos

1867 3965 2062 4020 miseri
2077 3964 2532 4019 criminabamur
2551 3963 2680 4017 iisse
2696 3959 3154 4016 dormitum.Nec
3171 3953 3472 4026 quidpiam

1868 4071 2069 4110 eorum
2101 4069 2228 4126 qum
2257 4051 2479 4108 ambitu
2516 4052 2746 4107 claustri
2807 4047 3224 4104 claudebantur
3280 4044 3476 4098 uillam

1869 4143 2148 4198 sustinere
2167 4142 2477 4214 jacturam,
2512 4158 2578 4196 ac
2598 4141 2642 4196 si
2673 4141 2903 4196 illarum
2929 4134 3174 4209 angelici
3213 4133 3477 4206 aspectus

1869 4234 2059 4288 volatu
2083 4231 2272 4286 avium
2299 4231 2727 4287 circumvallata
2757 4229 3220 4302 protegerentur.

2541 4335 2764 4390 CAPUT
2804 4338 2894 4390 lll.

150 4393 442 4445 tectorum
453 4389 582 4460 jam
609 4391 903 4446 torruisset
925 4392 1010 4445 cul
1021 4391 1198 4458 mina,
1222 4396 1280 4446 et
1314 4392 1520 4447 domus
1539 4390 1762 4446 sibimet

1872 4409 2194 4466 Contractus
2265 4415 2485 4464 erectus.
2544 4389 3020 4478 Ϊὴξᾷνάιίτιεηάὲηιιο
3073 4407 3212 4463 male
3266 4407 3476 4471 habet;

153 4479 463 4550 copulam,
479 4495 598 4533 una
611 4477 774 4533 alteri
792 4479 1101 4534 exustionis
1112 4478 1470 4534 occasionem
1485 4480 1772 4552 prmbcret

155 4567 407 4622 facilem.
467 4568 699 4622 Interea
776 4567 1212 4622 matutinalibus
1283 4568 1490 4623 relictis
1541 4568 1772 4640 hymnis

158 4655 342 4710 cuncti
372 4674 404 4708 e
440 4655 616 4708 sacris
640 4655 946 4727 prosiliunt
965 4657 1254 4727 adytis,ad
1286 4675 1388 4712 sua
1412 4657 1650 4729 quisque
1681 4659 1770 4711 tu-

162 4743 334 4798 tanda
366 4742 507 4797 totis
540 4742 744 4797 intenti
769 4743 994 4797 animis.
1030 4744 1198 4798 Pauci
1216 4745 1506 4800 seniorum
1536 4763 1649 4800 una
1669 4762 1770 4800 no-

161 4829 378 4886 biscum
413 4830 680 4902 pueritiae
724 4831 783 4886 in
818 4832 983 4886 annis
1009 4833 1331 4888 constitutis
1384 4834 1774 4903 matutinales,

161 4923 330 4988 prout
361 4918 634 4991 exigebat
652 4936 765 4986 res,
794 4920 1147 4989 laudes,licet
1175 4921 1368 4976 minus
1386 4922 1612 4977 decenti
1636 4923 1773 4991 ﬁne,

159 5008 588 5062 concluscrunt.
623 5009 762 5063 Inde
791 5008 863 5063 ad
880 5009 1271 5064 subtrahenda
1284 5007 1514 5082 ignibus
1535 5027 1777 5083 qumque

160 5095 491 5150 necessaria
521 5099 811 5167 prompta:
862 5099 1164 5152 vertuntur
1215 5113 1441 5154 manus.
1463 5099 1609 5152 Aula
1654 5100 1780 5153 erat

227 5253 344 5323 (30)
375 5254 546 5306 Anno
565 5255 669 5307 988
703 5252 944 5308 Oiboldo
976 5255 1241 5308 successit
1260 5256 1428 5322 Albo,
1452 5272 1581 5309 cum
1613 5255 1782 5310 annis

160 5323 454 5396 sexdecim
476 5323 832 5396 Floriacensi
887 5327 1586 5396 monasteriopraafuerit,
1622 5343 1780 5380 mor-

161 5395 410 5465 tuusque
433 5394 515 5466 sit
547 5411 702 5466 anno
730 5397 885 5466 limi,
918 5399 1058 5450 teste
1077 5394 1344 5452 Aimoino
1363 5397 1422 5450 in
1445 5395 1617 5466 ipsius
1633 5397 1779 5451 Vita.

241 5464 353 5538 (30)
390 5465 445 5538 id
481 5467 590 5538 est,
629 5464 920 5519 basilicam
951 5467 1354 5536 principalem,
1419 5464 1546 5538 qua:
1601 5466 1782 5520 beata:

163 5535 356 5594 Maria:
390 5535 656 5608 lleiparge
687 5540 906 5608 saerata
933 5535 1078 5608 erat,
1111 5535 1602 5608 quanqnanfrcgia
1634 5553 1778 5591 non-

161 5624 465 5678 nunquam
503 5605 761 5658 ccclesia:
785 5609 1011 5678 portam
1038 5605 1340 5678 signiﬁcat.

311 5675 396 5758 {3‘1
411 5681 435 5758 )_
456 5678 581 5758 Duo
601 5679 743 5754 tum
766 5677 1042 5755 temporis
1061 5677 1296 5758 abbates
1323 5675 1582 5758 eiusdem
1597 5677 1783 5758 nornis

161 5751 249 5809 nis
283 5747 565 5804 videbant
595 5747 659 5801 in
691 5747 888 5802 vicinis
932 5747 1316 5820 monasteriis,
1345 5747 1694 5806 Ferrariensi
1725 5757 1783 5808 et

2453 4480 2645 4532 iterum
2681 4483 2924 4533 sanatus.

1943 4571 1994 4622 5.
2030 4566 2245 4622 Nostris
2277 4566 2450 4621 modo
2484 4566 2682 4620 diebus
2706 4563 3478 4622 ArchembertumAntissio-

1874 4655 2690 4712 dorcnsisterritoriiincolam
2721 4655 2891 4710 fuisse
2938 4655 3200 4710 novimus
3257 4653 3480 4709 diutino

1873 4745 2150 4816 languore
2163 4744 2411 4817 graviter
2428 4743 2705 4799 afﬂictum
2727 4761 2741 4810 ;
2759 4744 2848 4799 cui
2873 4760 3004 4798 cum
3036 4743 3359 4799 amicorum
3379 4757 3482 4796 seu

1875 4833 2342 4906 propinquorum
2381 4833 2560 4887 solers
2577 4831 2848 4886 defuisset
2866 4847 3023 4897 cura,
3044 4829 3124 4885 ita
3140 4829 3366 4886 assidua
3386 4845 3484 4885 cu-

1878 4921 2111 4977 batione
2126 4919 2372 4976 curvatis
2402 4919 2651 4991 genibus
2674 4917 2829 4972 ‘coxis
2850 4917 3006 4972 tibia:
3030 4917 3398 4972 adhaeserunt
3422 4919 3486 4973 ut

1880 5009 2250 5065 latitudinem
2263 5008 2475 5080 palma:
2494 5004 2748 5062 hominis
2763 5005 3220 5060 subtercrescens
3244 5005 3484 5060 excede-

1879 5101 1970 5153 ret
1983 5096 2328 5162 caro.Quem
2349 5095 2488 5150 dum
2505 5096 2775 5168 parentes
2794 5093 2868 5149 ad
2888 5091 3185 5164 cujusdam
3204 5091 3386 5154 sancti
3404 5091 3490 5148 Si-

1881 5255 2202 5312 Senonensi
2223 5251 2417 5308 Sancti
2437 5249 2935 5306 Petri.Bainardus
2949 5245 3298 5304 Senonensis
3309 5247 3488 5304 abbas

1879 5329 2070 5382 fuerat
2105 5325 2350 5396 quidem
2417 5323 2594 5396 abbas
2629 5321 2874 5396 coenobii
2907 5321 3145 5396 Sanctae
3191 5318 3488 5374 Columba:

1924 5413 2064 5466 rope
2095 5391 2524 5466 senonas‘;_sed
2553 5391 2792 5466 Sevinus
2809 5391 3267 5466 archiepiscopus
3291 5405 3485 5445 coeno-

1924 5414 2064 5466 I'Opc
2095 5414 2354 5448 benonas
2387 5414 2400 5457 ᾖ
2425 5414 2524 5446 seu
2553 5414 2792 5446 DGVIHUS
2809 5414 3267 5462 arcmeplscupus
3291 5414 3485 5445 cwuu-

1883 5414 1962 5521 iiii
1995 5465 2186 5521 Sancti
2229 5462 2375 5518 Petri
2407 5462 2777 5533 instaurator,
2833 5463 2990 5533 istuc,
3017 5461 3303 5533 monachos
3329 5476 3490 5533 regu-

1885 5538 2028 5593 lares
2059 5554 2123 5590 es:
2153 5535 2382 5588 cwnobio
2401 5531 2463 5586 S.
2499 5531 2784 5589 Benedicti
2801 5538 2848 5588 et
2877 5533 2939 5587 S.
2961 5532 3123 5587 Petri
3139 5531 3490 5589 Ctuniascen-
3525 5578 3528 5582 .

1883 5612 1952 5665 sis
1975 5608 2300 5666 adduceret,
2317 5604 2655 5677 testeClario
2677 5603 3036 5677 monachoin
3063 5603 3368 5677 Chronico,
3390 5602 3488 5662 ubi

1887 5677 2202 5737 Rainardus
2230 5677 2334 5735 iste
2360 5675 2567 5734 dicitur
2597 5675 2805 5734 obiisse
2835 5691 2989 5734 anno
3021 5677 3176 5735 1025.
