3882 6212
477 434 581 492 827

1581 427 1850 486 ᾹΙΜΟΙΝΙ
1890 427 2092 485 ΜΟΝΑι

2239 424 2738 483 FLORIACENSIS
3669 435 3742 488 828

480 551 705 612 meonis
721 549 829 625 (32)
853 547 1375 624 sepulcrum,quod
1397 549 1707 607 sanitatum
1727 549 1912 622 gratia
1937 549 2088 605 illus-
2113 559 2166 616 Α
2195 547 2268 602 ad
2294 547 2642 601 memoriam
2692 547 2773 616 (id
2813 552 2886 600 est
2916 546 3232 618 ecclesiam)
3289 546 3508 620 inclytae
3552 549 3747 623 Virginis

475 642 617 699 trari
632 643 790 697 fama
802 643 1074 714 vulgante
1096 639 1548 707 didicerant,eﬂ‘e
1557 657 1615 694 re
1630 639 2087 705 destinavissent,

478 748 546 787 eo
570 729 726 802 quod
766 730 918 785 intra
964 745 1124 783 suam
1159 745 1280 783 esse
1307 727 1630 800 regionem,
1671 727 1870 782 abnuit
1913 743 2086 797 aeger,

477 838 650 892 seque
682 821 755 875 ad
789 819 1146 874 Floriacense
1198 819 1460 889 poposcit
1499 817 1703 873 deduci
1736 816 2087 872 coenobium.

477 911 682 966 Aiebat
701 924 952 979 namque
971 924 1073 979 per
1088 911 1436 961 nocturnum
1454 923 1512 961 se
1538 906 1895 977 conspexisse
1927 923 2091 977 sopo-

478 1015 628 1065 rem,
657 996 795 1068 quia
811 1012 877 1050 eo
900 998 1087 1051 stante
1111 998 1244 1050 ante
1260 995 1699 1050 sacratissimam
1716 994 1902 1049 Patris
1917 996 2092 1048 Bene-

478 1087 612 1142 dicti
628 1085 892 1140 tumbam
910 1100 1106 1138 coram
1131 1086 1307 1139 altare
1325 1085 1609 1155 praecelsas
1621 1081 2087 1154 VirginisMariac,

477 1176 648 1232 rectis
662 1173 1010 1230 constitisset
1030 1173 1260 1244 plantis,
1284 1172 1668 1243 immensique
1683 1172 1903 1226 decoris
1923 1170 2091 1224 intui-

478 1269 569 1320 tus
585 1268 731 1320 esset
749 1264 1068 1329 basilicam,
1100 1278 1166 1316 ex
1192 1278 1305 1334 qua
1331 1261 1695 1316 sibiexeundi
1718 1261 1955 1338 facultas
1988 1276 2090 1314 ne-

478 1355 741 1426 gabatur.
770 1354 882 1408 Nec
913 1369 1060 1407 vana
1081 1351 1176 1405 illa
1196 1350 1403 1422 quibus
1451 1367 1599 1420 saepe
1627 1341 1894 1403 ludimur'
1928 1349 2088 1402 fuere

477 1443 734 1510 somnia;
765 1443 885 1510 sed,
906 1442 1222 1513 opitulante
1248 1442 1366 1496 Deo
1399 1440 1954 1511 suffragantibusque
1973 1455 2090 1492 me-

479 1533 603 1587 ritis
630 1532 862 1604 Regina:
883 1531 1170 1603 virginum
1184 1547 1246 1584 ac
1264 1528 1703 1584 eminentissimi
1729 1528 2085 1592 confessoris,

479 1622 769 1676 salubrem
806 1621 1062 1674 habuere
1113 1618 1534 1689 operationem.
1589 1616 1847 1686 Denique
1902 1617 2085 1669 locato

481 1711 653 1766 asello
683 1710 755 1764 ad
794 1708 1182 1763 desideratum
1217 1707 1480 1760 devectus
1510 1707 1718 1770 locum,
1749 1721 1781 1757 a
1815 1704 2089 1773 proximis

479 1798 574 1869 qui
595 1814 728 1853 eum
741 1797 1115 1861 deduxerant,
1140 1811 1243 1866 pro
1261 1794 1477 1849 foribus
1496 1792 1830 1847 monasterii
1853 1792 2088 1862 exponi-

2194 637 2381 692 Mariaa
2414 635 2702 701 deferens,
2722 638 2855 690 ante
2883 636 3206 707 sepulcrum
3225 637 3748 707 gloriosiconfessoris

2198 725 2400 780 Christi
2421 725 2708 780 Benedicti
2724 724 3003 791 accendit;
3020 725 3432 798 adluerensque
3447 729 3746 798 pavimento,

2194 814 2418 868 veniam
2434 813 2670 869 admissi
2685 818 2876 868 reatus
2889 830 3020 868 cum
3033 814 3518 885 redintegratione
3530 820 3748 888 poscebat

2193 904 2677 974 sospitatis.Facto
2701 919 2838 973 ergo
2858 904 2987 956 voto
3003 919 3301 972 nunquam
3318 920 3375 957 se
3398 921 3461 957 ex
3485 904 3664 960 eodem
3677 923 3744 960 re-

2192 1008 2486 1047 cessurum
2512 992 2658 1057 vico,
2683 1007 2982 1061 gressuum
2994 991 3205 1044 meruit
3219 991 3485 1045 redonari
3505 992 3748 1064 integerri-

2192 1099 2288 1135 mo
2324 1081 2875 1151 supplementolloc
2901 1095 3004 1132 nos
3025 1079 3096 1133 ab
3130 1078 3303 1148 ipsius
3333 1080 3656 1151 contigitore
3677 1100 3748 1136 au-

2193 1169 2316 1224 dire
2349 1186 2417 1223 eo
2449 1160 2569 1240 ipso
2599 1168 2690 1222 die
2723 1169 2971 1239 quoheec
2985 1167 3262 1237 coepimus
3289 1168 3526 1222 scribere
3553 1170 3748 1241 :eiquo-

2192 1273 2302 1328 que
2319 1256 2640 1311 narrationi
2659 1256 2974 1310 interfuere
3004 1254 3411 1310 Constantinus
3429 1257 3535 1326 (34)
3563 1258 3750 1327 presby-

2192 1361 2279 1411 ter
2341 1347 2399 1398 et
2454 1344 2770 1411 Letherius,
2805 1345 2958 1411 levit,
2993 1343 3178 1415 gradu
3237 1345 3541 1397 monachus
3574 1344 3747 1408 habitu,

2192 1432 2689 1503 suscipiendorum
2702 1433 2990 1503 hospitum
3009 1436 3141 1484 tunc
3159 1431 3452 1502 delegatus
3464 1431 3747 1486 ministerio.

2189 1591 2448 1660 Sacergz'i
2491 1591 2640 1644 situs.
2682 1591 2931 1644 Otherius
2976 1590 3339 1660 paralyticus,
3401 1588 3750 1660 Caputcercium

2264 1670 2416 1716 vovet
2463 1661 2524 1716 S.
2551 1661 2837 1715 Benedicto
2866 1679 2882 1720 ;
2913 1662 3057 1730 facto
3087 1661 3227 1714 dono
3258 1677 3378 1713 mox
3402 1667 3617 1714 sanatus.
3644 1660 3743 1714 Alia

2480 1733 2665 1787 relatio
2705 1733 2767 1785 de
2814 1733 3097 1785 traditione
3137 1731 3286 1785 illius
3314 1731 3520 1802 praedii.

2261 1808 2314 1856 ‘7.
2353 1803 2419 1856 Et
2446 1802 2600 1874 quia,
2637 1805 2696 1856 ut
2718 1803 2894 1856 refert
2912 1803 3110 1856 beatus
3130 1817 3284 1873 papa
3299 1799 3584 1872 Gregorius
3611 1799 3746 1870 (lib.u

477 1891 590 1941 tur.
626 1885 786 1940 Unde
807 1885 940 1957 quia
965 1884 1215 1938 necdum
1244 1881 1529 1937 scamellis
1558 1898 1686 1936 usus
1710 1884 1918 1947 fuerat,
1944 1880 2088 1934 nati-
2119 1877 2170 1936 B
2191 1891 2341 1947 Dial,
2366 1907 2490 1961 cap,
2517 1890 2663 1961 um),
2682 1890 2861 1944 sancti
2882 1893 3165 1960 martyres
3181 1889 3562 1960 frequentiora
3589 1891 3744 1942 osten-

477 1974 582 2028 bus
601 1975 884 2046 reptando
898 1989 962 2027 ac
980 1971 1267 2038 manibus,
1292 1971 1364 2025 ad
1383 1987 1563 2025 unum
1580 1987 1610 2024 e
1633 1969 1873 2041 publicis
1893 1986 1951 2022 se
1965 1986 2093 2039 pro-

477 2062 711 2117 trahens
723 2061 1136 2132 pistrinum,ab
1153 2060 1275 2130 ejus
1295 2059 1530 2113 custode
1546 2057 1923 2113 humanitatis
1939 2073 2093 2112 com-

478 2150 743 2222 passione
775 2152 1064 2221 susceptus
1087 2152 1197 2212 est;
1229 2146 1324 2202 ubi
1346 2147 1442 2202 diu
1463 2145 1774 2201 curationis
1806 2163 1920 2200 suae
1953 2162 2093 2216 pra:-

477 2239 741 2294 stolando
765 2238 1098 2304 adventum,
1139 2235 1421 2291 desiderio
1468 2251 1737 2290 accensus
1773 2238 1854 2290 est
1885 2235 2095 2288 adeun-

481 2326 539 2381 di
574 2326 764 2381 Matris
803 2325 1008 2380 Christi
1067 2325 1281 2390 aulam,
1323 2325 1380 2378 in
1430 2340 1543 2394 qua
1591 2339 1720 2393 spes
1764 2322 2096 2376 dircctionis

481 2413 529 2484 ej
541 2432 604 2468 us
624 2418 851 2469 sanctus
871 2413 1110 2484 quiescit
1128 2411 1672 2474 Benedictus.Quam
1691 2410 2093 2480 introgressus,

491 2503 779 2556 minutum
813 2501 903 2571 [αἱ.
920 2541 934 2567 ,
956 2500 1265 2559 minutam]
1291 2499 1393 2553 sibi
1421 2516 1454 2552 a
1469 2498 1678 2552 vicario
1694 2498 1950 2568 ejusdem
1967 2497 2092 2564 vici,

487 2588 867 2644 Ermenfredo
895 2586 1154 2649 nomine,
1170 2587 1412 2641 obtentu
1431 2586 1831 2640 transmissum
1851 2587 2098 2641 eleemo-

486 2692 643 2749 synaa
666 2676 891 2742 altario,
919 2676 1074 2748 quod
1095 2677 1211 2730 Deo
1231 2675 1332 2729 sub
1365 2675 1647 2728 honorem
1665 2677 1876 2728 sancta:
1909 2675 2096 2728 Marias

486 2764 867 2834 omniumque
911 2766 1239 2818 sanctorum
1276 2761 1566 2832 virginum
1589 2761 1839 2816 dicatum
1864 2766 1968 2828 est,
2002 2780 2096 2816 su—

487 2869 810 2925 perponere
825 2851 1082 2922 cupiens,
1110 2851 1285 2905 sensit
1301 2867 1430 2904 suos
1445 2851 1646 2905 resolvi
1673 2867 1894 2905 nervos.
1917 2851 2089 2906 Cum-

482 2958 592 3012 que
614 2940 1116 3010 circumspectaret
1133 2939 1228 3009 qui
1248 2938 1356 2993 sibi
1374 2937 1649 2992 auxilium
1672 2938 1882 3005 ferret;
1907 2956 1939 2993 a
1965 2955 2088 2993 ma-

479 3027 770 3082 triculario
803 3027 1052 3081 ecclesiae
1071 3028 1339 3095 elevatus,
1357 3028 1659 3082 scamellos
1690 3027 1926 3100 quidem
1967 3043 2097 3081 suos

481 3117 754 3172 cancellts
777 3115 1105 3182 sanctuarii,
1145 3131 1353 3170 munus
1392 3131 1550 3182 vero,
1572 3116 1726 3170 haud
1755 3132 1914 3170 secus
1961 3133 2096 3187 qua-

487 3205 692 3260 drante
715 3203 863 3259 illius
880 3203 1225 3276 evangelicae
1253 3202 1457 3268 viduae,
1497 3202 1716 3257 Christo
1745 3203 2093 3274 acceptabile

483 3293 651 3349 altari
666 3293 958 3366 imposuit;
971 3293 1176 3348 dehinc
1192 3292 1354 3347 humi
1368 3294 1686 3363 prostratus
1699 3308 1828 3346 cum
1843 3291 2094 3347 orationi

486 3383 854 3452 incubuisset,
880 3382 1233 3438 resolutusin
1253 3384 1700 3443 somnum,salso
1726 3382 2094 3452 perfunditur

481 3472 1090 3544 sudore.Experrectus
1116 3473 1334 3537 autem,
1359 3486 1475 3524 non
1489 3471 1612 3541 jam
1643 3472 1948 3526 scamellos
1968 3487 2095 3542 pos-

487 3577 642 3628 cens,
675 3560 775 3614 sed
812 3560 1012 3614 baculo
1050 3576 1083 3614 a
1127 3558 1381 3630 quodam
1441 3558 1939 3612 circumstantium
1989 3558 2093 3613 sibi

479 3651 747 3720 porrecto
767 3650 952 3702 semet
969 3646 1397 3714 sustentans,ad
1414 3645 1728 3717 hospitium
1753 3647 2097 3718 abiit,pede-

482 3739 808 3809 tentimque
829 3735 1190 3790 firmissimas
1211 3734 1546 3789 ambulandi
1568 3734 1714 3788 vires
1731 3735 1975 3806 adeptus
1989 3739 2093 3789 est.

548 3829 600 3880 6.
640 3825 897 3895 Cumque
937 3823 1202 3879 sensisset
1231 3821 1460 3894 copiam
1521 3822 1840 3892 peragendi
1878 3822 2099 3878 itineris

483 3915 712 3970 sibimet
749 3929 867 3968 non
902 3912 1122 3978 deesse,
1155 3910 1413 3981 ingratus
1433 3909 1652 3976 salutis,
1675 3911 1890 3981 absque
1920 3910 2094 3965 licen-

481 4000 813 4071 tiahospitis
841 4001 930 4054 vel
958 4001 1292 4054 sanctorum
1309 3997 1406 4069 qui
1431 3997 1482 4051 ei
1507 3999 1749 4053 medelas
1778 3999 2096 4054 tribuerant

482 4088 823 4152 efﬁcaciam,
872 4087 1022 4140 clam
1053 4084 1360 4152 abscessit;
1393 4086 1740 4158 veniensque
1773 4087 1845 4141 ad
1900 4087 2093 4142 villam

483 4173 1023 4248 quazDominipetri
1051 4174 1412 4244 (Dompz'erre)
1442 4174 1671 4238 dicitur,
1697 4176 1900 4231 iterato
1935 4177 2092 4231 debi-

482 4264 549 4318 lis
595 4261 876 4318 redditur.
918 4261 1020 4316 Cui
1061 4262 1383 4333 presbyter,
1413 4263 1605 4319 Teudo
1633 4265 1895 4328 nomine,
1918 4265 2015 4336 qui
2047 4265 2097 4318 ei

486 4355 677 4408 locum
697 4349 1029 4405 metandiin
1048 4368 1150 4406 sua
1167 4355 1525 4407 concesserat
1556 4353 1752 4421 domo,
1771 4355 1850 4409 ita
1881 4356 2099 4408 locutus

2194 1980 2340 2034 dunt
2366 1979 2649 2033 miracula
2677 1979 2771 2032 ubi
2793 1995 2995 2033 eorum
3024 1980 3252 2031 tantum
3285 1977 3520 2031 habetur
3570 1992 3749 2029 memo-

2195 2067 2300 2134 ria,
2332 2084 2506 2139 quam
2552 2067 2648 2122 ubi
2688 2083 2891 2121 eorum
2923 2082 3082 2120 sacra
3102 2068 3506 2120 conservantur
3539 2079 3750 2135 corpora,

2195 2156 2555 2226 liquet-idem
2591 2155 2660 2209 de
2684 2154 2905 2209 caeteris
2936 2154 3264 2223 intelligere
3285 2153 3504 2218 sanctis,
3553 2151 3752 2205 maxime

2196 2260 2263 2297 ex
2295 2245 2404 2298 hoc
2428 2248 2589 2316 patre
2624 2247 2821 2297 nostro
2853 2241 3250 2313 multipliciter
3317 2239 3605 2295 excolendo
3654 2255 3751 2292 san-

2198 2333 2451 2387 ctissimo
2522 2332 2849 2387 Benedicto.
2886 2333 3056 2401 Cujus
3095 2329 3557 2385 excellentissima
3599 2329 3747 2398 signo-

2199 2438 2354 2489 rum,
2385 2439 2417 2474 a
2443 2422 2560 2475 Deo
2593 2438 2695 2492 per
2727 2421 2847 2491 ejus
2871 2419 3142 2473 meritum
3170 2419 3293 2473 aliis
3313 2419 3370 2472 in
3392 2417 3520 2472 locis
3546 2418 3745 2489 patrato-

2200 2525 2353 2577 rum,
2389 2509 2606 2563 notitia)
2636 2507 3252 2580 posterorumtradere
3272 2510 3461 2561 noster
3488 2505 3637 2576 gestit
3662 2503 3749 2557 ani-

2200 2613 2348 2652 mus.
2383 2596 2822 2667 Caputccrvinm
2873 2594 3138 2667 (Sacerge)
3187 2595 3390 2649 dicitur
3423 2593 3670 2665 praedium
3707 2591 3747 2642 in

2197 2685 2409 2739 ﬁnibus
2430 2685 2747 2756 Biturigum
2766 2685 2958 2750 situm,
2991 2683 3365 2738 Lemovicinis
3394 2683 3704 2752 coutingum,
3725 2695 3748 2731 a

2199 2791 2311 2845 quo
2346 2774 2531 2828 vicina
2559 2774 2739 2844 regio,
2768 2777 3036 2843 corrupto
3065 2773 3365 2839 vocabulo,
3404 2767 3744 2841 Capcergensis

2197 2863 2498 2916 vocitatur.
2531 2863 2658 2916 Hoc
2687 2863 2759 2915 ad
2791 2860 3112 2916 dominium
3144 2861 3506 2916 Floriacensis
3533 2855 3745 2921 coenobii,

2201 2950 2586 3020 omnipotenti
2634 2952 2750 3005 Deo
2789 2951 2891 3004 sub
2923 2947 3162 3003 nomine
3225 2951 3504 3020 perpetua:
3552 2944 3744 3016 Virginis

2196 3039 2381 3094 Marias
2433 3039 2891 3110 sanctissimique
2940 3036 3234 3092 Benedicti
3263 3037 3521 3101 dicatum,
3557 3036 3645 3089 hac
3691 3032 3742 3086 de

2197 3145 2365 3182 causa
2395 3128 2578 3180 relatu
2625 3126 2922 3180 seniorum
2953 3124 3114 3179 valde
3176 3125 3548 3197 antiquorum
3596 3136 3746 3193 pervc-

2197 3217 2345 3271 nisse
2374 3215 2785 3286 comperimus.

2267 3307 2318 3360 8.
2351 3303 2482 3373 Ejus
2511 3302 2882 3374 possessionis
2905 3302 3175 3357 dominus
3197 3304 3340 3358 Othe
3365 3302 3476 3357 rius
3494 3299 3746 3356 dicebatur.

2195 3391 2344 3446 inter
2372 3392 2739 3464 Aquitanicos
2787 3391 3062 3463 primates
3111 3393 3269 3447 clara
3319 3387 3604 3446 nobilitatis
3652 3383 3743 3456 pol-

2197 3483 2321 3535 lens
2347 3480 2632 3552 prosapia.
2654 3481 2701 3533 ls
2731 3496 2763 3533 a
2779 3480 3399 3550 primaevzejuventutis
3423 3478 3552 3532 ﬂore
3578 3474 3746 3546 paraly-

2196 3570 2270 3624 sis
2291 3585 2585 3640 percussus
2607 3570 2904 3639 languore,
2949 3584 3233 3623 manuum
3258 3585 3321 3624 ac
3361 3566 3560 3639 pedum
3584 3570 3739 3614 carue-

2197 3661 2287 3713 rat
2300 3657 2600 3728 juvamine
2625 3675 2639 3724 ;
2666 3656 2838 3711 solius
2869 3656 2950 3710 illi
2978 3656 3216 3728 linguae,
3244 3655 3463 3711 auditus
3487 3661 3677 3725 quoque
3699 3653 3742 3694 ac

2198 3746 2370 3813 visus,
2395 3763 2462 3802 ex
2495 3749 2659 3817 parte
2693 3745 3008 3799 manebant
3037 3744 3248 3800 officia.
3275 3743 3495 3799 Diutino
3520 3737 3664 3808 igitur
3686 3731 3738 3782 la-

2201 3834 2416 3888 borans
2445 3831 2674 3896 morbo,
2711 3830 2848 3884 dum
2881 3847 3025 3884 vana
3067 3831 3421 3885 medicorum
3451 3823 3615 3881 studia
3639 3831 3738 3889 pro-

2200 3919 2428 3991 pensius
2451 3918 2554 3974 sibi
2574 3918 2831 3972 adhibita
2850 3917 2992 3972 nihil
3019 3917 3388 3973 intellexisset
3423 3912 3650 3969 conferre
3673 3919 3735 3954 va-

2198 4007 2492 4074 letudinis,
2526 4006 2720 4060 audita
2750 4006 2908 4060 fama
2933 4005 3366 4071 miraculorum,
3402 4017 3518 4075 qua:
3539 3995 3738 4053 Salvato-

2198 4096 2274 4149 ris
2309 4095 2488 4149 nostri
2515 4093 2941 4167 omnipotentia
2971 4095 3122 4166 apud
3165 4091 3531 4149 sacratissima
3557 4076 3733 4158 patroni

2199 4183 2528 4237 communis
2576 4182 2867 4236 Benedicti
2899 4181 3250 4236 creberrime
3293 4185 3424 4235 tunc
3453 4171 3736 4248 cperabatur

2201 4288 2344 4338 ossa,
2377 4271 2456 4325 ait
2475 4271 2660 4325 suiszu
2695 4271 3200 4337 Videtis,lidissimi
3235 4269 3392 4335 mihi,
3420 4267 3620 4334 vitaque
3651 4256 3739 4325 ipsa

2202 4377 2314 4432 qua
2347 4375 2498 4412 nunc
2529 4360 2690 4412 fruor
2713 4358 3038 4413 miserrima
3085 4359 3374 4412 chariores
3423 4350 3594 4414 amici,
3625 4338 3740 4432 quod

484 4445 570 4496 est
597 4457 610 4496 :
633 4438 1200 4510 «Quid,inquit,mali
1225 4442 1963 4510 commeruisti,ohomo,ut
1983 4444 2102 4496 lan-
2123 4467 2177 4526 Β
2204 4427 2507 4502 medicinze
2528 4445 2802 4517 impensis
2835 4446 2975 4500 nihil
2998 4445 3258 4518 proficio,
3283 4446 3396 4498 imo
3420 4443 3474 4496 in
3501 4427 3741 4500 dieszrgri'

485 4543 730 4601 guorem
745 4526 1054 4598 pristinum
1077 4528 1287 4584 evitare
1312 4531 1916 4602 nequas‘?»Respondit
1931 4531 2025 4585 ille
2042 4549 2099 4586 se

485 4618 610 4672 sine
641 4615 958 4688 gratiarum
980 4617 1248 4672 actionea
1265 4619 1473 4673 sanctis
1496 4634 1612 4672 sua:
1635 4619 1944 4673 curationis
1966 4636 2098 4691 pro-

489 4705 768 4761 visoribus
796 4705 1110 4760 recessisse.
1155 4707 1380 4760 Interea
1414 4706 1675 4778 sequenti
1718 4711 1906 4773 nocte,
1939 4707 2098 4777 quie-

483 4793 663 4850 scenti
687 4791 736 4848 ei
756 4792 1055 4849 videbatur
1068 4794 1223 4866 quod
1247 4794 1422 4848 sacris
1461 4811 1494 4847 a
1523 4793 1728 4865 quibus
1759 4794 2102 4851 discessisset

484 4883 623 4939 locis
654 4885 868 4938 astaret
901 4881 1227 4948 incolumis,
1276 4885 1480 4936 tenens
1514 4883 1807 4936 lucernam
1845 4886 1959 4953 (33)
1982 4901 2100 4956 pra:

479 4973 774 5038 manibus,
815 4973 996 5026 status
1054 4969 1138 5023 sui
1189 4986 1480 5026 mensuras
1540 4971 1844 5042 aequalem.
1886 4973 2101 5026 Monitu

482 5061 660 5134 igitur
689 5063 747 5115 et
766 5057 1053 5130 adiutorio
1086 5056 1346 5127 praedicti
1375 5058 1685 5114 sacerdotis
1711 5076 1960 5115 carrucae
1989 5061 2102 5114 im-

483 5149 725 5221 positus,
757 5146 831 5201 ad
860 5145 986 5200 loca
1019 5145 1172 5199 male
1205 5162 1238 5199 a
1262 5163 1321 5200 se
1371 5147 1597 5200 deserta
1653 5147 1961 5202 reducitur.
1992 5150 2101 5203 De-

483 5253 650 5292 mum
672 5236 931 5306 emptam
952 5249 1174 5300 ceram,
1185 5233 1346 5304 juxta
1365 5237 1778 5303 praeostensam
1797 5235 2097 5305 visionem,

550 5394 670 5467 (32)
719 5393 857 5467 Quis
886 5394 957 5447 sit
1008 5396 1238 5448 sanctus
1277 5392 1380 5448 iste
1413 5393 1672 5460 Simeon,
1704 5395 1965 5448 nondum
2013 5395 2101 5450 di-

487 5466 656 5521 scere
676 5466 857 5536 potui.
1258 5534 1273 5536 Α
1294 5535 1301 5536 γ
1615 5477 1618 5480 ·

557 5534 758 5606 (33)”Ι(1
785 5537 899 5606 est
942 5551 1195 5606 cereum.
1250 5534 1339 5589 Sic
1366 5536 1440 5590 ad
1488 5551 1822 5589 mensuram
1851 5536 2103 5590 hominis

489 5605 825 5675 mgrotantis
851 5621 1047 5658 cereos
1074 5605 1314 5659 formari
1365 5622 1492 5660 mos
1517 5609 1660 5660 erat.

561 5675 675 5748 (34)
706 5677 801 5731 An
834 5675 1239 5730 Constantinus
1261 5675 1648 5744 scholasticus,
1676 5675 1746 5731 ad
1781 5693 1955 5748 quem
2007 5693 2101 5733 ex-

2201 4535 2415 4590 tudinis
2454 4534 2812 4606 protrahitur
2845 4534 3165 4606 longitudo.
3208 4533 3550 4604 QuaprOpter
3589 4521 3626 4576 si
3658 4531 3740 4611 qua

2202 4640 2447 4679 voscura
2465 4623 2632 4677 vestri
2656 4622 2843 4693 tangit
2863 4623 3099 4690 Otherii,
3129 4638 3409 4687 mearum,
3447 4628 3632 4690 quasso,
3658 4620 3738 4660 In"

2200 4715 2458 4764 serantes
2495 4726 2910 4776 aerumnarum,
2944 4711 3116 4763 celeri
3137 4711 3275 4764 calle
3297 4707 3594 4778 sepulcrum
3619 4693 3737 4749 adire

2201 4802 2396 4852 curate
2427 4797 2659 4869 gloriosi
2704 4797 3048 4852 confessoris
3079 4797 3282 4853 Christi
3314 4787 3597 4851 Benedicti.
3621 4783 3669 4836 Et
3686 4792 3736 4830 ne

2201 4888 2349 4942 forte
2378 4904 2475 4942 vos
2501 4887 2848 4941 conturbent
2881 4886 3080 4957 ignota
3108 4887 3350 4951 viarum,
3384 4882 3564 4937 scitote
3613 4870 3734 4938 Lige-

2201 4975 2300 5029 rici
2323 4975 2510 5029 amnis
2540 4975 2612 5046 (la
2633 4974 2806 5040 Loz're)
2843 4974 3057 5040 littora,
3081 4988 3408 5046 pagumquc
3433 4961 3736 5048 Aurelianen-

2202 5080 2344 5131 sem,
2371 5063 2479 5117 hoc
2500 5044 2775 5134 praeclaro
2799 5062 3063 5116 irradiari
3081 5044 3375 5117 thesauro.
3398 5057 3454 5111 Id
3484 5049 3606 5108 mihi
3628 5044 3732 5098 divi-

2201 5168 2341 5206 num
2365 5150 2770 5223 praenuntiavit
2799 5152 3119 5218 oraculum,
3159 5150 3295 5205 dum
3325 5149 3490 5202 fessos
3529 5140 3656 5223 artus
3671 5142 3735 5180 50'

2201 5239 2325 5314 pori
2345 5239 2731 5306 mandassem,
2765 5239 2972 5293 debere
3007 5255 3100 5293 me
3131 5255 3198 5294 eo
3229 5253 3356 5292 cum
3379 5232 3513 5288 votis
3539 5221 3731 5289 diriz‘a’ere

2205 5400 2357 5451 stant
2398 5399 2589 5469 plures
2613 5397 2871 5469 Cerberti
2903 5396 3215 5469 epistolas}7
3246 5385 3729 5469 Constanlih‘llﬁ

2203 5450 2962 5549 sbyteﬁlaudaturinllier
3005 5468 3092 5549 “ac
3143 5450 3274 5545 Vita
3309 5450 3728 5549 551991151)??ng

2203 5525 2331 5619 Cal):
2366 5543 2452 5604 10,
2488 5539 2582 5592 Ubi
2617 5538 2897 5619 Bernardi
2927 5536 3306 5618 Bellilocensis
3348 5525 3549 5586 abbatis
3589 5525 3718 5573 come.‘

2205 5611 2383 5664 Italize
2418 5609 2906 5681 peregrinationis
2936 5609 3105 5663 fuisse
3137 5607 3354 5662 dieitur.
