3882 6212
132 452 247 512 829
942 446 1035 507 DE
1066 447 1440 509 MlRACULlS
1471 448 1530 510 S.
1562 448 1923 509 BENEDICTI
1953 447 2135 509 LIBRI
2167 447 2331 508 DUO.
2360 478 2429 492 —
2458 447 2587 510 LIB.
2618 445 2684 506 ll.
3365 450 3470 511 830

134 588 291 630 mea
309 568 598 643 petitores
625 568 841 640 salutis,
868 570 1003 644 quia
1045 570 1181 626 inde
1207 570 1393 626 forem
1447 554 1763 645 adepturus
1784 577 1841 638 Α
1868 570 2033 638 Quod
2061 588 2195 628 vero
2230 571 2291 627 in
2321 570 2444 645 ipso
2469 569 2652 644 regali
2680 570 2972 643 praecepto
3015 568 3329 630 Aotharius
3359 573 3476 647 (37)

136 658 483 718 remedium
514 658 799 716 sanitatis.
834 660 901 715 Et
937 659 1072 732 quia
1098 660 1251 715 solus
1280 676 1411 715 cum
1440 660 1771 717 dulcissima
1869 665 2128 729 vocatur,
2173 659 2525 733 permutatio
2565 662 2827 716 veterum
2870 660 3007 717 facit
3040 662 3370 730 verborum,
3420 664 3484 717 ut

138 749 435 822 genitrice
467 747 683 817 recedi,
728 752 893 820 patre
934 749 1169 803 orbatus
1207 751 1265 803 et
1312 748 1607 817 fratribus,
1646 749 1771 822 ipsa
1877 751 2008 822 post
2034 749 2204 804 latius
2231 748 2620 804 ostendemus.
2643 750 2779 804 Post
2801 749 2961 820 cujus
2991 749 3481 818 excessum,vicini

142 855 265 894 non
287 837 611 904 abnuente,
643 853 843 891 verum
892 838 1002 892 hoc
1033 836 1219 909 ipsum
1254 836 1378 891 fieri
1408 837 1606 892 sedulo
1670 837 1768 893 de-

141 927 636 999 poscente,voveo
662 927 778 980 Deo
801 928 859 979 et
880 925 1007 996 jam
1036 925 1189 980 dicto
1222 924 1410 980 eximo
1431 924 1761 993 Benedicto,

141 1012 510 1068 bmreditatis
541 1030 689 1068 mea).
720 1013 1173 1085 portionem,cui
1192 1013 1634 1086 Caputcervium
1666 1031 1767 1070 no-

140 1119 284 1156 men
317 1103 428 1167 est,
453 1118 588 1155 cum
637 1101 905 1156 omnibus
934 1101 1007 1155 ad
1038 1118 1168 1155 eam
1226 1101 1667 1173 pertinentibus,
1701 1119 1770 1158 eo

143 1188 421 1244 videlicet
454 1192 659 1243 tenore
682 1192 742 1243 ut
774 1188 1104 1258 superstites
1138 1190 1311 1243 ambo
1346 1191 1768 1245 usumfructum

137 1294 207 1332 ac
229 1277 545 1350 praesentis
575 1275 703 1331 vitae
735 1276 1093 1331 exactionem
1126 1276 1466 1345 retinentes,
1498 1277 1771 1333 fratribus

136 1364 613 1420 Floriacensibus
666 1368 795 1435 post
837 1365 1017 1420 nostri
1069 1364 1508 1420 dissolutionem
1565 1368 1771 1421 cuncta

133 1451 373 1508 restitui
398 1451 821 1524 faciamus.Spe
834 1451 1054 1507 etenim
1077 1452 1451 1524 suscipienda:
1471 1453 1649 1524 prolis
1666 1468 1771 1526 per

137 1557 323 1612 supra
344 1542 741 1595 memoratam
766 1539 1020 1611 privatus
1046 1540 1479 1608 revelationem,
1496 1541 1767 1596 sollicitu-

136 1629 348 1686 dinem
375 1628 660 1683 ducendaa
710 1628 902 1683 uxoris
931 1629 1188 1684 funditus
1219 1630 1422 1700 abjeci.
1457 1631 1770 1702 Properate

136 1717 325 1789 igitur
356 1715 792 1788 quantocius.et
817 1716 1013 1770 vestris
1030 1732 1444 1789 servorumque
1475 1718 1577 1772 Dei
1630 1717 1770 1772 inibi

139 1803 491 1877 degentium
514 1803 780 1876 precibus
810 1819 982 1875 opem
1014 1804 1330 1875 efflagitata
1362 1804 1597 1860 misero.
1631 1826 1660 1855 ››

218 1896 273 1959 9,
315 1892 585 1962 Acceptis
635 1892 757 1962 ejus
803 1892 1002 1946 fideles
1055 1892 1391 1963 hujusmodi
1446 1891 1769 1965 prccceptis,

1872 838 2086 911 quique
2112 837 2221 891 hoc
2267 838 2349 891 eis
2394 834 2680 910 priedium
2724 837 2949 893 auferre
2997 836 3205 908 moliti,
3257 837 3333 894 ad
3373 837 3481 894 sibi

1872 925 2011 980 utile
2038 928 2355 997 coegerunt
2383 925 2673 981 declinare
2691 926 3015 984 consilium.

1873 1086 2173 1145 Ademarus
2203 1084 2459 1141 Brucciae
2486 1014 2961 1155 e?%gggtﬁ:crvz'i
2988 1086 3221 1141 invasor.
3252 1084 3479 1143 Otherio

1934 1157 2226 1228 praeposito
2246 1155 2539 1228 Hugonem
2558 1156 2823 1228 hortante,
2853 1157 2966 1228 viso
2978 1156 3262 1228 accidente.
3286 1156 3478 1228 Terri-

1941 1224 2260 1282 tus'audito
2300 1224 2516 1281 nemine
2557 1224 2621 1281 S.
2677 1226 2977 1282 Benedicti.
3013 1226 3202 1282 ϐαδινὶ
3227 1227 3292 1282 de
3331 1227 3481 1285 Salis

1944 1300 2089 1352 situs.
2141 1297 2445 1352 Ademarus
2475 1297 2684 1353 tandem
2716 1301 2886 1352 victus
2934 1305 2983 1352 et
3023 1304 3224 1369 captus,
3264 1299 3480 1369 favente

1940 1386 2167 1440 superna
2190 1371 2416 1432 virtute;
2433 1369 2567 1424 socii
2586 1369 2764 1422 itidem
2794 1371 3063 1439 castigati.

1946 1460 2031 1510 ll.
2066 1455 2346 1527 Denique,
2394 1458 2457 1509 ut
2496 1456 2807 1527 superioris
2854 1457 3185 1513 continetur
3223 1458 3370 1514 serie
3418 1459 3481 1514 li-

1869 1543 1959 1599 bri
1985 1545 2118 1615 (cap.
2150 1543 2260 1617 15),
2286 1543 2627 1621 habitaculis
2646 1545 2987 1601 monachico
3008 1546 3277 1619 congruis
3290 1546 3479 1603 ordini

1868 1631 2011 1686 inibi
2031 1632 2391 1699 constructis,
2409 1647 2577 1702 spem
2586 1632 2996 1705 potiendarum
3008 1651 3204 1690 rerum
3223 1634 3478 1708 ipsarum

1870 1719 2208 1774 adversariis
2253 1721 2530 1776 sustulere
2562 1737 2739 1794 usque
2779 1722 2855 1777 ad
2899 1725 3171 1795 tempora
3218 1724 3477 1781 llotberti

1870 1806 2021 1878 regis
2035 1806 2134 1861 filii
2150 1806 2424 1878 Hugonis.
2447 1806 2569 1871 Quo
2592 1824 2737 1863 onus
2758 1809 3478 1883 gubernandisuscipiente

1871 1894 2058 1966 regni,
2088 1894 2410 1949 Ademarus
2449 1893 2687 1967 quidam
2712 1896 2952 1967 juventa
2993 1898 3327 1971 pariterque
3352 1916 3478 1955 cor-

146 1996 286 2034 cum
316 1960 529 2033 wantis
557 1960 681 2050 (35):
700 1977 877 2050 ipsius
892 1994 1031 2033 auro
1060 1960 1301 2047 ornatis,
1336 1960 1464 2050 per—
1493 1960 1769 2051 quos-do?-
1797 1960 1847 2019 B
1872 1960 2232 2054 poriselatus
2255 1960 2652 2053 forma,.cujus
2674 1960 2903 2056 genitor
2917 1960 3125 2052 Wildo,
3143 1985 3201 2040 in
3225 1960 3365 2042 urbe
3384 1988 3485 2042 Le-

147 2068 464 2123 nationem
497 2069 957 2122 memoratarum
982 2083 1179 2122 rerum
1200 2067 1377 2121 sacris
1398 2068 1773 2140 imponerent
1869 2069 2159 2126 movicina
2190 2069 2537 2125 vicecomitis
2556 2070 2908 2143 fungebatur
2922 2073 3166 2142 honore,
3192 2074 3481 2131 nefarium

149 2156 458 2223 altaribus,
488 2156 704 2227 absque
727 2155 1000 2210 dilatione
1012 2157 1411 2211 venerandum
1430 2156 1646 2211 adeunt
1663 2172 1771 2211 cos-

143 2243 419 2311 nobium,
453 2244 732 2299 mandata
764 2258 1075 2316 precesque
1114 2244 1199 2298 sui
1250 2244 1474 2299 domini
1528 2248 1769 2299 catervae

146 2332 584 2388 innotescentes
611 2332 880 2387 fratrum.
913 2331 1286 2387 Memorabite
1313 2332 1466 2387 dictu
1491 2332 1504 2387 l
1562 2333 1768 2388 eadem

146 2419 258 2487 die,
289 2420 540 2491 ipsoque
566 2419 723 2473 horas
746 2422 1068 2485 momento,
1101 2436 1215 2491 quo
1248 2419 1348 2492 qui
1373 2420 1531 2475 missi
1577 2422 1763 2487 erant,

144 2508 370 2563 donum
396 2523 533 2562 cum
563 2507 920 2562 orationibus
950 2510 1085 2561 ante
1117 2509 1298 2563 sancti
1339 2510 1767 2579 praesentarunt

146 2597 468 2662 tumulum,
500 2611 657 2672 aeger
676 2595 772 2667 qui
796 2595 1114 2667 nonaginta
1144 2595 1397 2651 millibus
1421 2597 1653 2668 jacebat
1671 2613 1763 2651 se-

148 2687 345 2739 motus
374 2700 409 2737 a
439 2684 567 2737 loco
593 2682 1033 2755 integerrimam
1055 2683 1294 2756 adeptus
1311 2688 1396 2739 est
1420 2684 1731 2741 sanitatem
1747 2727 1760 2741 .

147 2772 251 2837 Qui
268 2772 519 2827 laudum
532 2772 648 2827 Deo
661 2772 950 2844 praeconia
963 2776 1273 2846 sanctoque
1295 2773 1437 2828 dans
1453 2773 1762 2829 Benedicto

147 2860 475 2932 gratiarum
491 2859 736 2926 cantica,
764 2860 1186 2915 exercitationis
1211 2862 1601 2917 venationisve
1627 2879 1759 2933 gra-

148 2948 226 3003 tia
241 2949 524 3003 silvarum
544 2946 709 3019 petiit
758 2948 1083 3003 abdita.Cui
1115 2948 1257 3002 dum
1304 2950 1496 3004 studet
1525 2967 1767 3023 operam

153 3038 289 3092 dare
318 3036 432 3104 rei,
460 3036 707 3091 occurrit
725 3036 838 3091 suis
858 3054 892 3091 a
921 3041 1119 3092 nostro
1171 3038 1570 3095 remeantibus
1637 3057 1767 3095 m0-

148 3125 630 3197 nasterio,quem
684 3125 763 3180 illi
812 3126 1124 3198 conspicati
1176 3127 1494 3199 equitando
1549 3129 1766 3182 saltum

140 3196 489 3287 peragrare,
508 3216 741 3286 stupore
771 3196 995 3285 ingenti
1043 3196 1288 3286 perculsi
1317 3196 1474 3283 sunt,
1507 3216 1767 3270 videntes

137 3302 468 3367 hominem,
497 3301 720 3356 dudum
742 3302 956 3374 absque
988 3302 1224 3357 alterius
1253 3303 1602 3358 adminiculo
1636 3304 1766 3357 ele-

141 3391 291 3445 ctulo
317 3407 442 3444 non
457 3391 748 3444 valentem
779 3394 1179 3462 surgere,tunc
1204 3408 1323 3447 non
1354 3394 1541 3447 solum
1571 3390 1754 3445 ﬁrmi-

140 3483 226 3533 ter
254 3478 551 3545 incedere,
583 3495 785 3533 verum
818 3477 997 3533 etiam
1032 3495 1246 3551 equum
1294 3497 1463 3534 cursu
1492 3479 1762 3550 fatigare.

141 3566 547 3621 Hazsitantibus
564 3565 681 3621 illis
706 3569 764 3620 ct
788 3567 972 3621 vultus
993 3567 1376 3623 similitudine
1409 3585 1468 3623 se
1495 3569 1765 3638 deceptos

142 3653 602 3722 autumantibus,
639 3654 872 3709 obvium
902 3672 960 3709 se
990 3654 1083 3709 ille
1120 3656 1765 3727 gratulabundusolfert

140 3742 385 3815 Inquirit
406 3741 618 3797 deinde
641 3742 939 3797 sollicitius
964 3742 1121 3797 diem
1155 3761 1270 3816 quo
1288 3760 1392 3816 pro
1426 3760 1484 3798 sc
1506 3746 1638 3798 vota
1659 3745 1767 3799 sol-

141 3830 390 3898 vissent;
422 3829 729 3902 ipsumque
762 3830 933 3885 fuisse
973 3832 1291 3887 certissime
1333 3832 1619 3903 comperit
1648 3848 1762 3904 quo

140 3918 239 3973 sibi
262 3919 517 3973 salutem
550 3916 826 3988 obtigisse
848 3918 1159 3989 gaudebat.

210 4010 296 4062 l0.
340 4006 482 4061 Huic
510 4006 764 4078 antiquae
791 4012 1051 4063 veterum
1075 4006 1346 4063 relationi
1384 4008 1639 4064 virorum
1664 4026 1757 4065 re-

141 4095 441 4168 pugnabat
483 4093 775 4166 antiquius
830 4096 982 4151 tertii
1031 4094 1268 4151 Clotarii
1308 4096 1418 4168 (36)
1460 4096 1613 4169 regis
1633 4096 1753 4152 edi-

141 4188 319 4254 ctum,
350 4183 414 4237 in
462 4198 577 4254 quo
623 4183 953 4238 continetur
982 4184 1141 4257 quod
1190 4188 1548 4240 memoratus
1580 4185 1753 4241 Othe-

137 4270 249 4326 rius
270 4271 347 4325 ob
378 4269 691 4341 perfidiam
722 4271 794 4325 ab
826 4270 952 4341 ipso
982 4288 1120 4343 rege
1144 4270 1388 4327 interfici
1418 4273 1609 4343 jussus
1639 4272 1749 4341 sit;

139 4360 424 4431 rebusque
466 4358 590 4428 ejus
623 4359 892 4414 omnibus
922 4358 1264 4426 confiscatis,
1297 4359 1437 4414 illud
1467 4360 1754 4431 prtedium

139 4448 206 4503 ab
231 4446 444 4503 eodem
474 4446 759 4519 principe,
788 4450 987 4503 sancto
1016 4450 1103 4503 est
1124 4447 1433 4503 Benedicto
1457 4449 1751 4503 collatum.

1869 2158 2103 2212 molitus
2121 2162 2207 2212 est
2226 2158 2425 2212 scelus.
2446 2158 2705 2230 Namque
2724 2160 3098 2215 Lemovicinis
3111 2178 3481 2235 nequaquam

1869 2248 2178 2301 contentus
2206 2245 2577 2301 facultatibus
2613 2263 2679 2301 ex
2718 2251 2963 2317 paterna
2990 2249 3097 2305 sibi
3143 2250 3482 2306 haereditate

1862 2335 1994 2407 jure
2008 2334 2376 2406 suppetentib
2385 2352 2466 2402 us,
2483 2335 2622 2390 dum
2634 2340 2897 2392 cerneret
2911 2354 3285 2394 numerosam
3298 2340 3484 2395 colue-

1868 2423 2074 2478 redum
2087 2424 2335 2478 fratrum
2348 2440 2586 2479 suorum
2599 2442 2955 2480 succrescere
2966 2425 3292 2498 stirpem,in
3305 2428 3484 2483 subri-

1866 2511 2107 2583 piendas
2121 2528 2212 2566 res
2226 2511 2440 2567 alienas
2455 2512 2715 2569 animum
2731 2513 3238 2587 intendit,dolique
3256 2516 3456 2571 artifex
3467 2557 3482 2584 ,

1865 2602 2119 2654 castrum
2159 2600 2317 2671 quod
2364 2616 2398 2654 a
2443 2600 2746 2656 rusticanis
2770 2602 3004 2657 Bruccia
3022 2602 3131 2674 (38)
3161 2602 3370 2659 dicitur
3393 2603 3481 2657 in-

1866 2704 2115 2759 gressus,
2148 2686 2455 2743 dominum
2482 2704 2543 2742 se
2570 2689 2798 2761 agebat.
2826 2690 2958 2744 Erat
2988 2689 3048 2745 in
3080 2706 3149 2745 ea
3165 2690 3481 2763 provincia,

1866 2776 1951 2831 vir
1967 2775 2206 2848 quidam
2222 2776 2379 2830 haud
2405 2778 2855 2832 contemnenda:
2879 2778 3177 2849 potentiae,
3196 2780 3356 2851 Hugo
3381 2797 3482 2834 no-

1868 2864 2049 2932 mine,
2086 2863 2178 2920 cui
2205 2864 2401 2919 media
2424 2881 2555 2938 pars
2584 2864 2759 2938 ipsius
2783 2866 2951 2921 castri
2983 2867 3355 2923 haereditaria
3374 2868 3478 2923 ob-

1866 2956 2107 3009 venerat
2148 2954 2524 3009 successione.
2576 2955 2732 3009 Hanc
2764 2954 2880 3027 ille,
2931 2954 3014 3010 uti
3058 2959 3117 3011 et
3165 2973 3296 3012 eam
3351 2973 3480 3030 quae

1866 3041 2195 3112 genitorem
2214 3043 2583 3114 competebat
2597 3059 2787 3110 suum,
2804 3060 2944 3099 ausu
2956 3044 3268 3100 temerario
3282 3060 3483 3116 perva-

1868 3128 1972 3183 dit.
1999 3128 2143 3184 Toto
2185 3129 2379 3201 itaque
2414 3129 2628 3200 potitus
2653 3133 2862 3194 castro,
2888 3131 3084 3204 c0pias
3114 3132 3363 3188 duorum
3384 3150 3482 3188 co-

1868 3216 2076 3270 mitum
2127 3216 2225 3287 qui
2269 3234 2403 3271 eum
2465 3216 2603 3273 inde
2655 3219 2870 3288 pellere
2930 3219 3286 3290 nitebantur,
3340 3221 3476 3276 Wil-

1864 3303 2027 3358 lelmi
2056 3304 2163 3376 (39)
2197 3303 2463 3360 videlicet
2492 3304 2881 3375 Pictaviensis,
2913 3310 2971 3363 et
3019 3309 3257 3364 Bosonis
3280 3310 3483 3365 Petra-

1867 3390 2069 3463 gorici,
2108 3408 2212 3463 per
2251 3391 2583 3464 quindecim
2632 3393 2860 3450 dierum
2907 3395 3147 3451 eludens
3201 3397 3478 3468 spatium,

1866 3478 2233 3534 obsidionem
2249 3495 2346 3534 eos
2363 3480 2583 3534 solvere
2603 3481 2820 3552 coegit:
2856 3500 2971 3554 qua
2990 3483 3265 3538 liberatus
3289 3503 3484 3541 neces-

1864 3567 2330 3634 sitate,audendo
2347 3567 2574 3637 majora
2594 3567 2980 3639 municipium
2995 3570 3175 3625 Patris
3190 3572 3482 3628 Benedicti

1866 3658 2111 3728 quatuor
2122 3658 2180 3709 et
2192 3655 2363 3709 semis
2375 3653 2625 3710 millibus
2644 3659 3005 3710 amemorato
3021 3656 3237 3712 distans
3249 3660 3479 3716 castello

1866 3743 2189 3799 absentiam
2218 3741 2513 3815 prmpositi
2539 3742 2757 3798 Otherii
2772 3748 3109 3815 aucupatus,
3131 3744 3483 3803 latrocinan-

1864 3830 2009 3887 tium
2028 3848 2191 3887 more
2216 3830 2561 3902 ingreditur.
2578 3829 2881 3903 Municipio
2904 3831 2986 3886 illi
3004 3832 3317 3905 antiquitas
3339 3834 3483 3891 Salis

1864 3934 2081 3974 nomen
2100 3918 2603 3991 indiderat,eoque
2618 3920 2890 3974 monachi
2905 3919 3325 3976 habitationem
3342 3922 3480 3977 assi-

1862 4006 2038 4061 duam
2072 4023 2105 4061 a
2148 4006 2522 4078 Caputcervio
2574 4011 3094 4076 commutaverant,
3141 4025 3209 4064 eo
3242 4010 3398 4081 quod
3432 4009 3481 4064 is

1858 4094 2017 4149 locus
2046 4110 2267 4167 magna
2296 4111 2364 4149 ex
2393 4098 2559 4165 parte
2591 4096 2800 4149 natura
2826 4094 2979 4150 foret
3010 4096 3290 4156 munitus.
3317 4098 3479 4153 Hunc

1854 4182 2131 4252 priefatus
2160 4182 2484 4237 Ademarus
2504 4181 2740 4251 idcirco,
2774 4185 2837 4239 ut
2853 4184 3123 4257 postipse
3151 4185 3367 4253 retulit,
3390 4185 3478 4241 in-

1857 4270 2064 4325 vadere
2096 4269 2252 4325 nisus
2271 4273 2377 4338 est,
2411 4273 2475 4326 ut
2503 4270 2682 4343 copiis
2710 4271 2989 4328 frumenti
3020 4289 3085 4328 ac
3117 4272 3253 4342 vini,
3291 4291 3420 4347 qua:
3448 4291 3483 4330 δ

1856 4357 2089 4429 circumj
2098 4358 2394 4414 acentibus
2412 4358 2617 4414 incolis
2628 4358 2772 4414 inibi
2785 4361 2857 4415 ob
2872 4362 3135 4417 tutamen
3147 4365 3482 4418 sanctorum

1857 4447 2116 4502 locorum
2135 4449 2454 4519 aggregata
2471 4449 2639 4503 erant
2674 4464 2928 4521 pervasa:
2951 4448 3198 4505 Brucciaz
3212 4450 3474 4523 inOpiam

140 4537 201 4590 Et
219 4536 329 4589 hoc
354 4537 445 4588 est
475 4517 632 4606 quod
654 4534 713 4588 in
745 4536 996 4606 quadam
1030 4536 1319 4591 sententia
1332 4536 1653 4608 primilibri
1678 4538 1757 4592 le-
1780 4517 1833 4576 Ῑ)
1856 4517 2342 4602 sublevaret‘pre‘
2362 4537 2557 4591 autem
2582 4517 2719 4592 vera
2751 4539 2814 4591 ut
2862 4537 3214 4594 arctissimos
3258 4517 3479 4612 posses-

140 4624 286 4694 gitur
308 4622 410 4694 (V.
442 4622 810 4691 Andrevatd.,
842 4639 972 4695 cap,
1006 4624 1094 4691 38)
1151 4624 1592 4695 Caputcervium
1612 4626 1756 4681 libe-

137 4713 358 4767 ralitate
394 4710 958 4782 regiaFloriacenses
989 4713 1379 4785 promeruisse
1414 4714 1756 4770 fratres.Po-

143 4802 248 4856 tuit
275 4805 476 4856 tamen
508 4800 632 4855 fieri
667 4803 729 4855 ut
758 4801 1240 4874 posthancquam
1274 4818 1427 4856 nunc
1453 4802 1757 4857 retulimus

139 4890 540 4955 donationem,
571 4887 692 4957 ipse
708 4888 973 4943 Otherius
991 4888 1144 4960 apud
1165 4905 1367 4960 regem
1401 4888 1754 4946 inﬁdelitatis

140 4977 502 5032 insimulatus
506 4977 814 5047 juberetur
831 4976 1161 5044 interfici,et
1190 4976 1352 5049 quasi
1371 4994 1437 5031 ex
1454 4995 1556 5033 sua
1586 4983 1753 5051 parte

138 5065 403 5120 eamdem
420 5065 619 5120 villam
638 5064 796 5119 idem
821 5081 921 5119 rex
936 5068 1132 5120 nostro
1147 5064 1438 5121 conferret
1463 5067 1749 5123 coenobio.

204 5188 318 5259 (35)
360 5186 526 5259 Ritus
553 5186 906 5259 investituraa
938 5203 1037 5259 seu
1084 5186 1427 5259 traditionis
1445 5204 1551 5259 per
1598 5205 1751 5243 wan-

138 5263 243 5326 tos,
258 5258 316 5313 id
331 5263 418 5313 est
432 5258 1034 5330 chirothecas,passim
1059 5258 1261 5330 obvius
1281 5258 1748 5330 apud’auctores.

231 5330 335 5401 36),
352 5330 403 5382 Is
416 5329 570 5382 filius
590 5328 999 5401 eratClo’dovei
1032 5328 1289 5401 secundi,
1319 5328 1483 5401 cujus
1534 5329 1752 5401 princig

136 5398 469 5525 patgalll'acta
500 5400 586 5453 est
616 5398 912 5453 translatio
964 5399 1217 5470 corporis
1258 5398 1438 5455 sancti
1462 5398 1756 5455 Benedicti

140 5488 195 5525 in
346 5486 491 5524 iam.

140 5488 195 5525 in
224 5486 491 5525 naniam.

203 5539 316 5622 (57)
350 5537 873 5622 Neque‘ftotharii,‘
902 5556 1089 5622 neque
1118 5539 1352 5622 Otherii.
1378 5542 1513 5622 ulla‘
1539 5537 1759 5619 mentio

265 5608 311 5735 sti
344 5608 475 5666 non
492 5611 682 5677 fallor,
725 5611 879 5681 apud
907 5608 1122 5666 veteres
1174 5610 1407 5666 Hitoriaa
1473 5608 1756 5664 Francicee

142 5698 283 5735 δοιοιο
314 5698 465 5735 ores.

142 5698 465 5751 scriptores.

1862 4624 2038 4681 sionis
2062 4641 2178 4680 suae
2204 4625 2347 4680 ﬁnes
2376 4625 2685 4697 ampliaret
2709 4643 2950 4700 operam
2992 4628 3185 4684 dabat.

1934 4717 2022 4768 l2.
2055 4714 2298 4770 Interim
2333 4714 2673 4786 praepositus
2718 4715 2827 4770 loci
2850 4716 3162 4788 jamdictus
3188 4716 3478 4790 Otherius,

1858 4806 2037 4859 tantae
2085 4803 2430 4859 calamitatis
2473 4807 2708 4874 accepto
2753 4804 2980 4871 nuntio,
3035 4806 3236 4861 dolore
3283 4806 3478 4862 cordis

1858 4893 2044 4946 tactus
2074 4890 2416 4946 intrinsecus
2433 4891 3076 4963 quodcommendatum
3099 4893 3203 4947 sibi
3231 4910 3267 4949 a
3293 4910 3466 4951 vene-

1856 4979 2024 5035 rabili
2053 4979 2259 5034 abbate
2278 4979 2519 5034 Abbone
2536 4981 2675 5033 tunc
2689 4978 3138 5034 Floriacensium
3168 4985 3395 5038 rectore
3420 4986 3481 5039 et

1854 5066 2129 5122 fratribus
2148 5067 2341 5122 locum
2370 5065 2630 5121 funditus
2660 5064 2914 5120 amisisse
2945 5066 3259 5138 videretur,
3291 5067 3351 5124 in
3383 5069 3470 5124 di-

1926 5188 2037 5261 (38)
2067 5187 2271 5245 Brocia
2302 5195 2540 5261 castrum
2566 5187 2912 5261 voea_tur_ab
2941 5187 3231 5261 Ademaro
3263 5203 3470 5245 mona-

1854 5256 1961 5315 cho
1982 5256 2042 5314 in
2062 5264 2223 5316 tomo
2245 5261 2292 5314 ll
2309 5258 2677 5314 Bibliotheca
2697 5256 3147 5325 Labbeanas,ubi
3170 5257 3291 5327 ejus
3304 5260 3477 5315 castri

1857 5330 2106 5408 obsessio
2131 5329 2493 5408 describitur,
2508 5344 2626 5384 non
2647 5328 2778 5395 alia,
2800 5328 3125 5408 ut‘vide-tur,
3149 5342 3325 5408 quam
3346 5327 3475 5408 ista,

1856 5405 2014 5456 tame
2024 5401 2094 5455 tsi
2117 5418 2235 5456 non
2247 5416 2350 5471 per
2364 5400 2723 5471 Ademarum
2741 5400 2927 5471 soluta
2942 5399 3112 5471 fuisse
3135 5399 3468 5471 dicitur_,sed

1859 5487 1966 5595 per
1992 5469 2539 5551 Aidonernpatrem,
2557 5469 2993 5525 nullaAdemari
3004 5470 3156 5525 facta
3170 5469 3469 5550 mentione

1906 5557 2011 5595 age
2042 5543 2292 5595 AlIIlOlnl
2326 5541 2424 5595 lib.
2459 5559 2496 5595 ι.
2527 5556 2651 5595 can.
2690 5543 2775 5595 l6.
2827 5557 3019 5595 supra.
3052 5542 3272 5595 Brocla.
3303 5543 3469 5595 vulgo

1862 5541 2011 5611 Lege
2042 5541 2292 5620 Aimoini
2326 5541 2424 5595 lib.
2459 5559 2496 5607 ι,
2527 5556 2651 5628 cap.
2690 5543 2775 5604 l6,
2807 5557 3019 5667 supra.
3052 5541 3272 5623 Brpcia,
3303 5543 3472 5615 vulgo

1862 5610 2109 5679 Brousse,
2132 5611 2357 5681 adjacet
2385 5616 2571 5668 castro
2599 5612 2843 5679 balensn,
2908 5629 2941 5667 e
2972 5630 3089 5681 quo
3118 5611 3290 5669 infra.

1933 5630 2109 5679 ~ousse,
2132 5630 2357 5681 aajacet
2385 5630 2571 5668 casu-0
2600 5630 2843 5679 aanensn,
2868 5630 2941 5667 ne
2972 5630 3089 5685 quo
3118 5630 3290 5669 mira.

1933 5682 2116 5809 [(3131:
2141 5683 2458 5741 Willclmus
2486 5684 2869 5742 Ferabrachia
2897 5684 3102 5757 dictus,
3133 5701 3202 5743 eo
3230 5684 3471 5747 nomine

1862 5770 2119 5828 quartus.
