3882 6212
439 459 536 518 831

1542 456 1806 518 ΑΙΜΟΙΝΙ
1843 454 2154 520 MONACIII
2191 455 2686 520 FLORIACENSIS

3663 463 3777 525 832

431 597 594 640 versa
611 582 1026 657 cogitationum
1039 584 1269 643 turbine
1279 588 1503 660 rapitur
1520 606 1534 657 ;
1549 589 1900 660 tandemque
1916 607 2031 645 non
2049 591 2106 651 Α
2157 588 2624 659 Quadragesimm
2646 587 3234 662 vertebatur,quando
3259 587 3433 645 factio
3463 589 3776 646 latronum

436 675 722 744 mnaroris,
749 676 848 732 sed
881 677 1103 733 consilii
1143 681 1372 750 tempus
1406 679 1676 750 ingruere
1711 679 1815 733 sibi
1849 679 2055 734 intelli-

444 782 608 838 gens,
641 767 714 822 ad
735 768 995 838 superius
1026 769 1390 824 nominatum
1417 770 1718 842 Hugonem
1742 773 1897 824 recta
1919 787 2050 841 pro-

438 853 708 910 ﬁciscitur
737 855 847 912 via.
895 856 995 912 Cui
1043 859 1536 929 opportunitatem
1577 859 1838 930 capiendi
1887 859 2050 913 inno-

442 945 666 998 tescens
691 943 932 1012 inimici,
969 947 1126 1016 quod
1169 947 1383 1003 scilicet
1427 949 1670 1003 Brucciae
1719 947 2046 1004 firmissimo

437 1031 711 1088 derelicto
741 1033 1008 1103 praesidio
1041 1035 1100 1090 in
1131 1035 1380 1092 Salensis
1412 1037 1706 1109 municipii
1728 1039 2047 1106 demigras-

433 1125 518 1176 set
545 1123 930 1186 domicilium,
989 1125 1064 1180 ad
1112 1129 1598 1198 prmoccupandos
1642 1128 1764 1197 ejus
1811 1130 2048 1182 conatus

436 1210 715 1280 proficissi
747 1213 1110 1268 hortabatur.
1137 1215 1249 1268 Nec
1276 1216 1369 1270 ille
1400 1215 1618 1269 distulit
1646 1215 1742 1287 qui
1765 1216 2048 1286 intellige-

438 1301 528 1353 ret
550 1315 652 1355 suo
685 1301 810 1355 usui
842 1302 1142 1374 proficere,
1168 1303 1212 1357 si
1237 1321 1369 1358 eum
1392 1304 1450 1360 in
1472 1304 1665 1358 minus
1683 1307 1805 1359 tuto
1835 1305 2050 1359 valeret

437 1405 842 1460 praeoccupare
880 1391 1028 1446 loco’.
1063 1392 1209 1457 Quid
1236 1393 1450 1463 plura?
1499 1411 1614 1448 non
1647 1395 1829 1448 solum
1863 1394 2045 1460 illum,

443 1493 643 1532 verum
684 1495 940 1550 quosque
998 1481 1522 1536 circummanentes
1565 1481 1798 1548 vicinos,
1845 1481 2048 1552 quibus

439 1564 598 1620 cordi
633 1582 753 1620 esse
786 1567 968 1622 Patris
1022 1568 1310 1623 Benedicti
1370 1571 1758 1624 venerandam
1793 1567 2048 1624 dilectio-

437 1669 573 1708 nem
607 1657 1010 1724 cognoscebat,
1039 1657 1108 1711 ad
1139 1657 1222 1712 sui
1248 1657 1598 1728 adjutorium
1617 1657 1888 1722 alliciens,
1909 1657 2050 1712 dilu-

433 1742 565 1797 culo
598 1741 759 1798 feriaa
783 1743 970 1799 tertiae
989 1750 1316 1817 praemonet
1334 1745 2048 1801 hostibusoccurrendum.

513 1851 600 1906 13.
633 1851 859 1904 Interea
885 1849 1110 1905 cuidam
1141 1851 1306 1906 militi
1341 1868 1406 1906 ex
1441 1850 1807 1906 auxiliaribus
1839 1857 2048 1906 nostra:

439 1937 814 2006 partis,nocte
845 1955 971 2009 quae
992 1939 1148 1994 diem
1184 1941 1317 1996 belli
1350 1940 1728 2012 praecedebat,
1758 1941 2050 2008 hujusmo-

440 2023 498 2078 di
529 2042 634 2096 per
659 2026 917 2097 quietem
939 2030 1167 2083 ostensa
1185 2031 1270 2082 est
1295 2029 1455 2084 visio.
1489 2029 1798 2083 Videbatur
1817 2029 1866 2083 ei
1894 2031 2048 2100 quod

440 2113 600 2185 quasi
633 2131 766 2168 cum
797 2116 1109 2186 praeposito
1152 2117 1402 2173 ecclesia:
1427 2119 1622 2174 Sancti
1642 2119 1918 2190 Stephani
1952 2119 2050 2174 Le-

435 2202 736 2258 movicinae
759 2203 1174 2270 sedis,nomine
1191 2206 1670 2274 Ainardo,silvam
1692 2211 2048 2278 peragraret,

437 2291 891 2364 opportunisque
913 2291 971 2346 in
988 2293 1153 2360 locis,
1180 2295 1396 2350 retibus
1415 2295 1704 2366 oppansis,
1729 2296 2050 2351 multitudi-

441 2395 582 2436 nem
605 2396 879 2451 aprorum
913 2399 1032 2453 prae
1053 2400 1112 2437 se
1127 2387 1347 2450 ageret,
1372 2401 1618 2454 quorum
1643 2385 1874 2454 quidem
1911 2384 2054 2440 alios

437 2467 515 2522 ad
547 2471 900 2540 praeparatas
919 2469 1156 2524 insidias
1181 2471 1456 2526 deductos
1473 2472 1625 2526 vivos
1646 2475 1896 2544 caperet,
1913 2473 2052 2529 alios

434 2573 571 2610 vero
605 2555 904 2611 venabulis
945 2557 1250 2612 transfixos
1301 2559 1426 2613 neci
1459 2561 1731 2615 traderet.
1770 2561 2052 2632 Evigilans

435 2641 613 2713 igitur
626 2643 764 2698 dum
786 2643 1014 2700 cuidam
1028 2645 1311 2700 sodalium
1333 2664 1459 2718 quae
1475 2647 2048 2718 videratenarrasset,

435 2730 548 2785 hoc
562 2730 635 2784 ab
656 2747 724 2784 eo
736 2747 1079 2802 responsum
1097 2734 1348 2806 accepit:
1365 2753 1393 2786 (ς
1407 2735 1668 2801 Visionis,
1686 2735 1894 2807 inquit,
1912 2741 2048 2806 tuae,

437 2819 555 2874 Deo
589 2817 910 2888 opitulante
938 2829 995 2874 et
1012 2822 1352 2876 sanctissimi
1377 2824 1666 2878 Benedicti
1681 2825 2050 2896 suffraganti-

439 2907 545 2960 bus
571 2906 810 2974 meritis,
830 2908 1174 2963 manifestus
1194 2911 1250 2964 in
1272 2911 1533 2982 proximo
1558 2916 1955 2986 propalabitur
1971 2917 2054 2970 in-

439 2995 721 3049 tellectus.
745 2995 888 3050 Nam
907 2997 1062 3068 quod
1086 2997 1190 3052 tibi
1212 2999 1281 3053 de
1309 3001 1497 3070 porcis
1523 3005 1939 3073 praeostensum
1969 3007 2056 3058 est

439 3081 812 3150 silvestribus,
839 3084 948 3140 hoc
981 3087 1042 3140 tu
1091 3087 1308 3158 patrari
1335 3089 1654 3160 conspicies
1702 3091 1772 3146 de
1821 3091 2054 3162 perfidis

2155 681 2547 732 memoratum
2607 679 2902 750 occupavit
2955 678 3313 747 coenobium;
3349 682 3408 734 et
3451 695 3586 734 ecce
3645 695 3779 735 cre—

2152 767 2578 837 pusculotcrtim
2603 766 2761 821 ferize
2790 767 3078 838 sequentis
3096 767 3434 838 septimana:
3469 769 3780 823 undecun-

2150 871 2259 924 que
2291 855 2489 908 adsciti
2538 855 2857 920 auxiliares,
2914 855 3209 927 improvisi
3259 857 3492 910 astitere
3549 857 3769 928 portis.

2144 940 2302 995 Tunc
2332 942 2676 1013 quibusdam
2710 943 2887 998 nostri
2909 943 3158 1013 agminis
3193 943 3524 998 virisadhuc
3564 945 3776 1016 procul

2148 1047 2181 1084 a
2199 1032 2382 1084 castro
2414 1029 2736 1084 constitutis
2755 1047 2868 1084 una
2891 1047 3020 1084 cum
3039 1030 3347 1103 pralposito
3393 1030 3664 1098 Otherio,
3687 1032 3778 1086 di-

2147 1118 2341 1172 vinum
2387 1118 2653 1189 apparuit
2673 1118 3026 1190 prodigium.
3065 1120 3780 1191 Videruntnamque,sole

2147 1207 2320 1260 totius
2343 1208 2510 1260 terra:
2542 1205 2788 1277 reliquas
2817 1206 3131 1260 clarissime
3176 1206 3496 1261 illustrante
3551 1213 3778 1279 partes,

2149 1294 2453 1348 ambitium
2469 1295 2640 1349 castri
2661 1295 2998 1350 densissima
3010 1295 3208 1350 vallari
3224 1297 3452 1362 nebula,
3480 1313 3614 1367 qua:
3635 1299 3769 1370 qui-

2149 1383 2280 1436 dem
2314 1385 2538 1437 nullum
2563 1383 2665 1437 sibi
2685 1383 2984 1454 pugnandi
3018 1383 3251 1438 afferret
3272 1383 3774 1456 impedimentum

2147 1471 2402 1525 hostium
2431 1489 2567 1527 vero
2601 1473 2966 1527 obnubilaret
3013 1473 3305 1528 intuitum.
3341 1474 3449 1530 Olli
3479 1475 3608 1529 haec
3653 1475 3778 1529 dies

2149 1561 2432 1632 aequanda
2449 1561 2673 1615 videtur
2688 1561 2758 1616 de
2782 1579 2895 1634 qua
2917 1561 3496 1633 antiquuslegislator
3525 1562 3768 1618 scribit:

2151 1649 2295 1712 Quia
2325 1648 2604 1719 [Egyptiis
2631 1653 2797 1703 erant
2827 1649 3082 1703 tenebrae
3104 1665 3306 1704 crassae
3339 1654 3396 1704 et
3422 1651 3772 1722 palpabiles,

2150 1737 2280 1792 ﬁliis
2311 1741 2503 1792 autem
2533 1739 2704 1792 Israel
2731 1741 2852 1792 erat
2883 1739 2975 1791 lux
2997 1737 3057 1791 in
3092 1738 3362 1792 omnibus
3406 1737 3626 1794 ﬁnibus
3659 1740 3775 1794 suis

2149 1825 2350 1893 (Exod.
2391 1843 2445 1892 x,
2475 1829 2564 1889 22,
2625 1826 2736 1896 23).
2796 1826 3099 1881 Roboratis
3154 1827 3263 1880 hoc
3311 1825 3477 1898 signo
3526 1827 3772 1885 animis.

2149 1917 2412 1968 statuunt
2440 1917 2633 1968 hostes
2663 1913 2860 1986 praetio
2899 1913 3167 1985 aggredi;
3197 1917 3254 1968 et
3296 1913 3606 1986 praemisso
3630 1932 3775 1986 pra--

2149 2002 2359 2073 posito,
2395 2003 2491 2074 qui
2520 2003 2762 2073 praevius
2793 2003 3008 2057 dudum
3038 2001 3145 2056 sibi
3177 2002 3340 2069 ﬁdos,
3401 2006 3538 2058 tunc
3571 2008 3772 2058 autem

2150 2091 2383 2146 hostiles
2407 2091 2750 2162 aggrediens
2781 2107 2996 2158 muros,
3031 2090 3186 2144 beati
3217 2091 3511 2146 Benedicti
3547 2110 3771 2147 nomen

2151 2179 2731 2244 celsiusinclamaret,
2765 2179 2887 2250 ipsa
2916 2180 3066 2233 elata
3089 2178 3148 2233 in
3176 2179 3459 2234 excelsum
3478 2197 3648 2248 voce,
3671 2183 3774 2236 Be-

2153 2267 2444 2322 nedictum
2479 2267 2746 2322 invocant
2775 2267 3199 2322 monachorum
3227 2269 3482 2334 Patrem,
3525 2269 3777 2324 Benedi-

2153 2357 2310 2407 ctum
2331 2357 2606 2408 resonant
2634 2357 2754 2408 tum
2786 2353 3020 2408 vallium
3069 2369 3340 2421 concava,
3375 2357 3777 2426 respondent-

2155 2459 2264 2512 que
2291 2442 2660 2496 Benedictum
2684 2441 2959 2513 proximm
2997 2441 3146 2496 silva:
3164 2442 3516 2506 abdita.Quo
3535 2443 3776 2517 fragore

2152 2530 2370 2586 vicinos
2387 2531 2709 2586 consedisse
2725 2533 2951 2585 montes
2967 2530 3310 2603 infernaque
3326 2531 3590 2602 patuisse
3602 2534 3776 2588 hosti-

2155 2619 2260 2674 bus
2275 2621 2488 2688 visum;
2522 2620 2572 2674 ei
2605 2619 2740 2692 quia
2769 2621 3055 2675 montium
3083 2621 3230 2675 facta
3261 2621 3485 2676 mentio
3517 2625 3632 2689 est,
3661 2640 3774 2677 non

2155 2707 2225 2761 sit
2256 2707 2622 2762 audientibus
2650 2724 2961 2764 onerosum
2984 2708 3116 2780 jum
3143 2709 3280 2764 dicti
3317 2709 3578 2766 Salensis
3605 2711 3774 2767 castri

2155 2812 2480 2850 memorare
2501 2798 2693 2850 situm.

2230 2903 2314 2956 l5.
2335 2904 2492 2958 Mons
2510 2907 2594 2957 est
2625 2921 2740 2958 non
2767 2905 2962 2958 multa:
2994 2903 3331 2970 altitudinis,
3357 2903 3418 2957 in
3463 2904 3636 2974 cujus
3678 2904 3774 2958 de-

2154 2990 2322 3045 clivio
2361 2995 2610 3046 castrum
2662 2992 3040 3047 constitutum
3059 2995 3164 3059 est,
3197 2991 3350 3063 quod
3393 2992 3648 3063 quidem
3705 2993 3774 3046 ab

2155 3079 2421 3134 orientali
2433 3079 2736 3134 australive
2753 3083 2912 3151 parte
2929 3079 3014 3134 dif
3015 3080 3221 3134 ticilem
3240 3079 3315 3134 ad
3326 3097 3386 3134 se
3401 3081 3774 3136 venientibus

438 3169 804 3240 hominibus;
825 3172 1094 3246 quodque
1115 3177 1348 3230 auctore
1366 3176 1618 3233 Ainardo
1640 3181 1696 3232 te
1709 3195 1880 3249 agere
1898 3196 2050 3234 som-

2158 3171 2388 3238 praastat
2418 3184 2701 3223 accesum.
2732 3171 2818 3223 Ab
2858 3168 3170 3240 aquilonali
3209 3185 3346 3224 sane
3377 3170 3564 3224 latere
3606 3170 3775 3224 deve-

442 3259 796 3326 niabas,hoc
813 3263 1055 3318 ventura
1083 3263 1230 3331 luce,
1264 3264 1500 3320 Otherio
1532 3265 1714 3321 sancti
1745 3267 1848 3321 viri
1872 3268 2054 3323 Bene-

442 3345 580 3402 dicti
611 3349 898 3404 monacho
930 3349 1096 3414 duce,
1127 3367 1244 3407 una
1291 3353 1595 3409 nobiscum
1640 3353 1864 3410 Christo
1897 3355 2054 3410 auxi-

439 3433 620 3490 liante
646 3435 928 3506 perficies.
955 3460 982 3488 »
998 3439 1257 3512 Cumque
1279 3441 1376 3496 ille
1396 3442 1493 3514 qui
1512 3442 1806 3498 somnium
1834 3442 2055 3499 viderat

442 3539 569 3578 rem
600 3524 708 3578 sibi
756 3526 1120 3582 manifestius
1151 3529 1430 3584 declarari
1461 3533 1706 3602 peteret,
1733 3533 1859 3586 erat
1895 3532 2052 3587 enim

445 3618 645 3668 earum
669 3629 797 3685 qum
827 3619 1178 3686 gerebantur
1199 3617 1409 3672 inscius
1429 3635 1647 3686 rerum,
1666 3619 1951 3692 interpres
1979 3620 2052 3676 ad

443 3715 610 3756 cum:
643 3719 675 3754 α
696 3701 866 3770 Num,
901 3702 1002 3769 ait,
1032 3704 1105 3758 ad
1137 3722 1304 3760 aures
1354 3706 1540 3760 adhuc
1594 3707 1858 3778 pervenit
1902 3711 2050 3776 tuas,

445 3787 801 3844 Ademarum
821 3790 1094 3846 Guidonis
1123 3791 1305 3846 tilium
1339 3792 1559 3864 egregii
1577 3794 1920 3850 confessoris
1949 3797 2053 3852 Be-

449 3876 659 3932 nedicti
684 3877 995 3949 pervasisse
1027 3879 1474 3946 monasterium,
1499 3884 1557 3935 et
1587 3881 1882 3937 Otherium
1915 3901 2056 3955 pras-

450 3964 700 4034 positum
744 3964 957 4019 idcirco
1003 3965 1228 4020 domini
1279 3968 1458 4022 nostri
1504 3969 1712 4039 petisse
1742 3972 2055 4028 auxilium?

444 4051 760 4106 Gaufredus
785 4052 860 4106 ob
891 4051 1294 4108 fortitudinem
1334 4057 1614 4126 corporis,
1643 4058 1798 4112 Asini
1826 4076 2052 4129 pramo-

447 4137 602 4192 mine
632 4138 1018 4207 vocitabatur;
1055 4139 1114 4192 in
1145 4141 1305 4212 cujus
1335 4147 1519 4199 castro
1553 4148 1908 4202 memoratus
1936 4165 2056 4202 mo-

446 4225 662 4279 nachus
691 4227 814 4279 tum
845 4226 996 4282 forte
1028 4227 1290 4297 adherat,
1323 4247 1456 4286 cum
1504 4233 1627 4288 haec
1658 4233 1821 4290 miles
1851 4239 2056 4290 contu-

446 4311 670 4366 bernali
699 4311 944 4368 referret
971 4331 1093 4370 suo.
1113 4339 1140 4366 ››
1190 4317 1410 4389 Quique
1441 4321 1564 4376 haec
1593 4321 1804 4391 adjecit
1829 4323 2050 4378 dicens:

449 4420 479 4448 ‹‹
511 4399 623 4454 Nos
645 4416 896 4472 quoque,
915 4404 1144 4458 volente
1173 4406 1290 4460 Deo
1314 4424 1378 4462 ac
1402 4414 1600 4463 sancto
1613 4410 1850 4480 juvante
1873 4412 2052 4464 Bene-

447 4485 626 4558 dicto,
671 4489 814 4544 sacri
862 4506 1196 4562 pcrvasores
1225 4495 1334 4548 loci
1379 4499 1478 4550 aut
1517 4497 1744 4552 vindice
1783 4497 2056 4553 feriemus

446 4573 662 4646 gladio,
685 4579 788 4632 aut
807 4581 1003 4650 captos
1022 4581 1199 4636 nobili
1218 4583 1472 4639 dicemus
1489 4584 1546 4638 in
1565 4583 1918 4656 triumpho.»
1939 4585 2054 4641 Hoc

447 4660 664 4718 dictum
693 4665 1010 4722 multorum
1043 4669 1338 4724 roboravit
1364 4671 1678 4741 pavitantia
1698 4671 1873 4726 corda
1907 4672 2052 4726 viro-

447 4765 598 4804 rum.
624 4751 904 4808 Videntur
926 4755 1067 4810 mihi
1085 4757 1406 4812 somniator
1421 4759 1525 4812 isto
1539 4759 1730 4828 acejus
1747 4758 2050 4831 interpres,

449 4838 1063 4899 duobusorientalibus
1086 4845 1210 4899 fore
1241 4844 1476 4912 similes,
1502 4863 1750 4917 quorum
1775 4865 1922 4902 unus
1937 4849 2050 4904 vic-

447 4927 661 4985 toriam
683 4929 966 4988 Gedeonis
988 4930 1318 4995 somniavit,
1342 4931 1487 4987 alter
1516 4931 1926 5004 interpretatus
1941 4938 2048 4996 est.

521 5035 607 5090 14.
621 5034 782 5092 Feria
797 5052 969 5108 porro
982 5039 1140 5092 sexta
1151 5036 1422 5092 secundae
1439 5037 1827 5095 hebdomadis
1839 5045 2050 5098 sanctae

513 5269 632 5344 (4ο)
661 5269 956 5344 Ejusmodi
985 5271 1422 5344 prOpinationes
1451 5272 1629 5328 etiam
1679 5272 1738 5328 in
1764 5274 2050 5330 honorem

443 5341 802 5408 sanctorum,
831 5341 876 5396 si
907 5341 1113 5398 tamen
1139 5342 1186 5398 is
1213 5344 1402 5398 honor
1428 5345 1533 5411 est,
1565 5344 1744 5399 factas
1774 5345 2054 5400 hactenus

441 5411 654 5486 retinet
670 5429 796 5466 mos
823 5413 1195 5486 compotandi
1225 5415 1278 5468 in
1298 5415 1592 5486 pervigilio
1609 5415 1790 5470 sancti
1804 5417 2050 5484 Martini,

443 5483 517 5536 ad
541 5499 855 5568 nosnulsque
881 5483 1205 5568 traductus;
1239 5483 1315 5540 de
1343 5483 1618 5568 quo'lege
1649 5483 2050 5568 Spondanum,

447 5568 601 5606 anno
633 5553 950 5620 580,'num.
981 5555 1040 5618 2,
1083 5560 1142 5610 et
1193 5573 1260 5609 ex
1291 5553 1798 5623 eo_Cointium,'ad
1833 5553 2052 5612 annum

449 5625 756 5699 577,_num.
778 5626 866 5699 @5.
892 5625 1032 5679 Hinc
1053 5628 1202 5699 natae
1214 5626 1354 5680 olim
1374 5628 1611 5699 potandi
1625 5627 2052 5697 coniurationes

449 5706 552 5763 per
567 5692 625 5748 S.
645 5692 1004 5766 Stephanum
1023 5695 1277 5768 altosque
1299 5692 1668 5766 sanctos,imo
1693 5692 1750 5752 et
1766 5714 1871 5769 per
1887 5715 2052 5771 reges

2077 4451 2126 4509 D

2154 3272 2256 3310 xus
2293 3257 2524 3323 montis,
2571 3257 3180 3312 machinamentorum
3230 3256 3499 3312 omnium
3547 3256 3778 3313 inhibet

2157 3343 2546 3412 evectionem;
2573 3347 2630 3398 at
2651 3345 3010 3400 occidentem
3034 3362 3247 3412 versus,
3272 3345 3370 3400 ubi
3397 3347 3668 3402 hostium
3687 3347 3771 3402 fa-

2156 3431 2276 3484 cilis
2292 3431 2714 3487 formidabatur
2739 3433 3312 3505 progressus,domus
3325 3439 3453 3489 erat
3482 3435 3776 3506 lapidibus

2155 3517 2842 3588 firmissimeconslructa,
2867 3521 2940 3576 ad
2963 3526 3220 3576 austrum
3265 3521 3323 3576 in
3355 3524 3607 3596 longum
3645 3541 3773 3596 por-

2155 3612 2332 3675 recta,
2357 3609 2431 3663 ad
2465 3609 3108 3681 repellendosinimicos
3139 3611 3274 3665 satis
3303 3610 3541 3666 idonea.
3580 3613 3776 3683 Hujus-

2155 3695 2486 3752 modienim
2510 3697 2753 3754 munitio
2772 3699 3114 3754 adversariis
3139 3699 3292 3754 facta
3313 3701 3400 3754 est
3428 3701 3774 3770 perditionis

2156 3784 2399 3852 occasio,
2429 3785 2568 3840 dum
2600 3785 2672 3840 ob
2696 3785 2940 3841 nimiam
2970 3787 3338 3842 securitatem
3364 3787 3770 3860 priushostem

2159 3871 2356 3926 adesse
2379 3879 2684 3930 senserunt.
2715 3891 2892 3946 quam
2923 3875 3342 3948 praevidissent.

2161 3979 2243 4030 16.
2280 3977 2566 4032 Primatus
2580 3979 2824 4034 ferratas
2845 3981 3158 4052 aquilonali
3189 3985 3352 4051 parte
3399 3981 3610 4057 intulit
3629 3984 3772 4038 acies

2155 4065 2488 4133 Gaufredus,
2522 4072 2760 4139 prepter
2787 4068 2954 4136 vires,
2997 4086 3117 4124 non
3161 4073 3404 4142 propter
3447 4071 3768 4143 pigritiam,

2155 4153 2359 4208 Asinus
2395 4155 2740 4226 agnomina;
2769 4157 3106 4228 ignemque,
3152 4160 3214 4212 ut
3243 4157 3432 4229 pridie
3461 4159 3582 4214 suis
3626 4161 3771 4215 inter

2155 4243 2488 4316 poculatliO)
2519 4244 2578 4298 in
2609 4261 2810 4299 amore
2843 4245 3026 4300 Patris
3057 4245 3350 4300 Benedicti
3381 4251 3624 4318 sumpta
3640 4264 3768 4303 con-

2157 4329 2700 4398 dixerat,admorevi
2731 4333 3027 4404 praecepit.
3056 4335 3190 4388 Post
3221 4349 3354 4388 eum
3377 4335 3594 4406 reliqui
3619 4334 3766 4389 auxi-

2154 4419 2343 4486 liares,
2371 4420 2630 4476 Giraldus
2664 4421 2878 4475 scilicet
2909 4421 3165 4476 Cluensis
3181 4421 3349 4475 castri
3376 4423 3684 4489 Dominus,
3710 4425 3766 4476 et

2157 4507 2314 4578 Ilugo
2342 4507 2718 4579 Gargelcnsis,
2749 4509 3090 4581 reliquique,
3119 4525 3368 4580 quorum
3412 4511 3660 4566 nomina
3681 4510 3760 4565 di-

2155 4611 2284 4650 cere
2305 4596 2630 4669 supersedi;
2664 4597 2762 4668 qui
2793 4585 3176 4652 ducentorum
3200 4596 3390 4650 vallati
3423 4601 3659 4652 caterva
3681 4612 3765 4651 ar-

2154 4688 2467 4749 matorum,
2525 4686 2882 4740 adversarios
2912 4687 3035 4757 pari
3068 4686 3311 4740 ﬁdentes
3349 4703 3625 4754 numero,
3665 4684 3760 4740 sed

2153 4771 2359 4826 virtute
2389 4774 2724 4828 constantia:
2776 4773 3046 4845 impares,
3070 4791 3102 4829 e
3150 4776 3607 4846 propugnaculis
3638 4789 3760 4846 quae

2153 4862 2299 4916 tueri
2331 4862 2839 4934 parabant,jaculis
2869 4879 2934 4916 ac
2963 4862 3251 4934 lapidibus
3267 4863 3563 4934 repellere
3584 4879 3759 4934 cnspe-

2150 4954 2306 5006 runt:
2353 4953 2422 5006 Et
2479 4968 2610 5006 ecce
2667 4951 3030 5024 providentia
3088 4951 3283 5006 divina
3315 4951 3757 5026 interventuque

2151 5039 2368 5112 egregii
2389 5040 2733 5096 confessoris
2754 5043 2956 5095 ventus
2973 5039 3164 5112 aquilo
3194 5055 3462 5112 surgens,
3494 5042 3756 5098 ﬂammas

2151 5288 2469 5346 eorumque
2496 5271 2664 5346 ﬁlios,
2710 5272 2877 5346 quod
2907 5275 3103 5346 vetant
3149 5271 3385 5346 Carolus
3407 5273 3648 5346 Magnus
3695 5270 3748 5346 in

2154 5342 2465 5416 capitulari
2487 5345 2626 5398 anni
2656 5342 2868 5416 789,1le
2897 5342 3133 5416 diversis
3162 5345 3356 5410 rebus,
3397 5342 3530 5416 cap:
3560 5348 3642 5410 l0,
3697 5345 3750 5416 et

2155 5413 3142 5483 HinmnarusﬂemensisinCapitulr
3179 5420 3225 5468 t.
3259 5429 3388 5484 cap.
3430 5413 3516 5481 14,
3548 5415 3746 5470 elante

2153 5489 2463 5567 utrumque
2493 5485 2841 5567 Augustinus
2861 5485 3112 5567 ill-88111].
3261 5485 3334 5564 de
3347 5484 3749 5567 temporalem

2155 5557 2321 5632 datus
2351 5555 2387 5610 εἰ
2415 5555 2640 5632 Gauisio
2661 5557 2720 5632 in
2743 5555 3045 5632 Notatione
3077 5555 3150 5608 ad
3179 5555 3400 5632 Alcuini
3438 5555 3743 5632 epistolam

2155 5631 2242 5681 22.
2277 5627 2426 5697 Lege
2447 5627 2788 5698 Gregorium
2807 5626 2848 5680 Τ
2852 5641 3224 5691 uronensem,
3251 5626 3330 5680 lib
3361 5641 3399 5679 ιι
3437 5627 3519 5681 De
3574 5626 3743 5698 gloria

2151 5699 2494 5769 martyrum,
2516 5713 2642 5769 cap.
2672 5701 2759 5754 35.
