  <div class='ocr_page' id='page_1' title='image "/cluster/home/n/w/nwhite01/storage/ocr_20150623/139/uva.x000829787/424.png"; bbox 0 0 3882 6212; ppageno 0'>
   <div class='ocr_carea' id='block_1_1' title="bbox 124 447 240 504">
    <p class='ocr_par' dir='ltr' id='par_1_1' title="bbox 124 447 240 504">
     <span class='ocr_line' id='line_1_1' title="bbox 124 447 240 504; baseline 0 0"><span class='ocrx_word' id='word_1_1' title='bbox 124 447 240 504; x_wconf 68' lang='grc'>833</span> 
     </span>
    </p>
   </div>
   <div class='ocr_carea' id='block_1_2' title="bbox 930 438 2652 510">
    <p class='ocr_par' dir='ltr' id='par_1_2' title="bbox 930 438 2652 510">
     <span class='ocr_line' id='line_1_2' title="bbox 930 438 2652 510; baseline 0.004 -8"><span class='ocrx_word' id='word_1_2' title='bbox 930 442 1022 502; x_wconf 85' lang='lat' dir='ltr'>DE</span> <span class='ocrx_word' id='word_1_3' title='bbox 1046 442 1413 503; x_wconf 78' lang='lat' dir='ltr'>MIRACULIS</span> <span class='ocrx_word' id='word_1_4' title='bbox 1445 446 1503 502; x_wconf 89' lang='lat' dir='ltr'>s.</span> <span class='ocrx_word' id='word_1_5' title='bbox 1531 439 1883 505; x_wconf 77' lang='lat' dir='ltr'>BENEDICTI</span> <span class='ocrx_word' id='word_1_6' title='bbox 1913 441 2093 507; x_wconf 83' lang='lat' dir='ltr'>LIBRI</span> <span class='ocrx_word' id='word_1_7' title='bbox 2123 438 2285 509; x_wconf 86' lang='lat' dir='ltr'>DUo.</span> <span class='ocrx_word' id='word_1_8' title='bbox 2330 481 2396 496; x_wconf 85' lang='lat'><strong>-</strong></span> <span class='ocrx_word' id='word_1_9' title='bbox 2419 452 2553 510; x_wconf 86' lang='lat' dir='ltr'>LIB.</span> <span class='ocrx_word' id='word_1_10' title='bbox 2588 439 2652 509; x_wconf 80' lang='lat' dir='ltr'>ll.</span> 
     </span>
    </p>
   </div>
   <div class='ocr_carea' id='block_1_3' title="bbox 3360 460 3464 522">
    <p class='ocr_par' dir='ltr' id='par_1_3' title="bbox 3360 460 3464 522">
     <span class='ocr_line' id='line_1_3' title="bbox 3360 460 3464 522; baseline 0.029 -3"><span class='ocrx_word' id='word_1_11' title='bbox 3360 460 3464 522; x_wconf 60' lang='lat'>834</span> 
     </span>
    </p>
   </div>
   <div class='ocr_carea' id='block_1_4' title="bbox 130 568 3462 658">
    <p class='ocr_par' dir='ltr' id='par_1_4' title="bbox 130 568 3462 658">
     <span class='ocr_line' id='line_1_4' title="bbox 130 568 3462 658; baseline 0.006 -32"><span class='ocrx_word' id='word_1_12' title='bbox 130 568 377 645; x_wconf 84' lang='lat' dir='ltr'>quidem</span> <span class='ocrx_word' id='word_1_13' title='bbox 406 571 642 644; x_wconf 82' lang='lat' dir='ltr'>ignium</span> <span class='ocrx_word' id='word_1_14' title='bbox 676 572 855 647; x_wconf 87' lang='lat' dir='ltr'>portis</span> <span class='ocrx_word' id='word_1_15' title='bbox 874 574 1191 646; x_wconf 80' lang='lat' dir='ltr'>ingerebat,</span> <span class='ocrx_word' id='word_1_16' title='bbox 1223 575 1452 632; x_wconf 88' lang='lat' dir='ltr'>hostilia</span> <span class='ocrx_word' id='word_1_17' title='bbox 1472 592 1605 632; x_wconf 88' lang='lat' dir='ltr'>vero</span> <span class='ocrx_word' id='word_1_18' title='bbox 1638 576 1750 631; x_wconf 89' lang='lat' dir='ltr'>tela</span> <span class='ocrx_word' id='word_1_19' title='bbox 1770 578 1828 637; x_wconf 79' lang='grc' dir='ltr'><strong>Δ</strong></span> <span class='ocrx_word' id='word_1_20' title='bbox 1858 574 2153 649; x_wconf 85' lang='lat' dir='ltr'>Siquidem</span> <span class='ocrx_word' id='word_1_21' title='bbox 2176 578 2495 636; x_wconf 89' lang='lat' dir='ltr'>Guidonem</span> <span class='ocrx_word' id='word_1_22' title='bbox 2509 597 2626 638; x_wconf 91' lang='lat' dir='ltr'>non</span> <span class='ocrx_word' id='word_1_23' title='bbox 2641 583 2869 639; x_wconf 90' lang='lat' dir='ltr'>tantum</span> <span class='ocrx_word' id='word_1_24' title='bbox 2884 583 3158 642; x_wconf 87' lang='lat' dir='ltr'>orationis</span> <span class='ocrx_word' id='word_1_25' title='bbox 3178 588 3462 658; x_wconf 85' lang='lat' dir='ltr'>quantum</span> 
     </span>
    </p>
   </div>
   <div class='ocr_carea' id='block_1_5' title="bbox 130 660 1765 735">
    <p class='ocr_par' dir='ltr' id='par_1_5' title="bbox 130 660 1765 735">
     <span class='ocr_line' id='line_1_5' title="bbox 130 660 1765 735; baseline 0.002 -20"><span class='ocrx_word' id='word_1_26' title='bbox 130 665 298 716; x_wconf 85' lang='lat' dir='ltr'>retro</span> <span class='ocrx_word' id='word_1_27' title='bbox 328 663 564 733; x_wconf 78' lang='lat' dir='ltr'>agebat.</span> <span class='ocrx_word' id='word_1_28' title='bbox 596 661 857 735; x_wconf 81' lang='lat' dir='ltr'>Cumque</span> <span class='ocrx_word' id='word_1_29' title='bbox 884 664 1077 734; x_wconf 85' lang='lat' dir='ltr'>ignem</span> <span class='ocrx_word' id='word_1_30' title='bbox 1107 666 1520 731; x_wconf 82' lang='lat' dir='ltr'>convalescere,</span> <span class='ocrx_word' id='word_1_31' title='bbox 1535 660 1765 735; x_wconf 75' lang='lat' dir='ltr'>jacula-&#39;</span> 
     </span>
    </p>
   </div>
   <div class='ocr_carea' id='block_1_6' title="bbox 132 750 1753 824">
    <p class='ocr_par' dir='ltr' id='par_1_6' title="bbox 132 750 1753 824">
     <span class='ocr_line' id='line_1_6' title="bbox 132 750 1753 824; baseline 0.002 -21"><span class='ocrx_word' id='word_1_32' title='bbox 132 767 253 820; x_wconf 87' lang='lat' dir='ltr'>que</span> <span class='ocrx_word' id='word_1_33' title='bbox 284 766 386 804; x_wconf 90' lang='lat' dir='ltr'>sua</span> <span class='ocrx_word' id='word_1_34' title='bbox 414 751 476 805; x_wconf 92' lang='lat' dir='ltr'>in</span> <span class='ocrx_word' id='word_1_35' title='bbox 502 750 735 806; x_wconf 89' lang='lat' dir='ltr'>irritum</span> <span class='ocrx_word' id='word_1_36' title='bbox 760 753 962 807; x_wconf 79' lang='lat' dir='ltr'>cadere</span> <span class='ocrx_word' id='word_1_37' title='bbox 984 752 1257 824; x_wconf 84' lang='lat' dir='ltr'>oppidani</span> <span class='ocrx_word' id='word_1_38' title='bbox 1279 756 1603 819; x_wconf 76' lang='lat' dir='ltr'>cernerent,</span> <span class='ocrx_word' id='word_1_39' title='bbox 1638 753 1753 807; x_wconf 87' lang='lat' dir='ltr'>for-</span> 
     </span>
    </p>
   </div>
   <div class='ocr_carea' id='block_1_7' title="bbox 132 838 1756 912">
    <p class='ocr_par' dir='ltr' id='par_1_7' title="bbox 132 838 1756 912">
     <span class='ocr_line' id='line_1_7' title="bbox 132 838 1756 912; baseline 0.002 -21"><span class='ocrx_word' id='word_1_40' title='bbox 132 838 425 892; x_wconf 88' lang='lat' dir='ltr'>midinem</span> <span class='ocrx_word' id='word_1_41' title='bbox 453 840 670 894; x_wconf 88' lang='lat' dir='ltr'>animis</span> <span class='ocrx_word' id='word_1_42' title='bbox 690 840 1012 908; x_wconf 90' lang='lat' dir='ltr'>induentes,</span> <span class='ocrx_word' id='word_1_43' title='bbox 1037 841 1316 896; x_wconf 77' lang='lat' dir='ltr'>introrsus</span> <span class='ocrx_word' id='word_1_44' title='bbox 1350 842 1568 912; x_wconf 79' lang='lat' dir='ltr'>fugere.</span> <span class='ocrx_word' id='word_1_45' title='bbox 1594 842 1756 896; x_wconf 90' lang='lat' dir='ltr'>Sedi-</span> 
     </span>
    </p>
   </div>
   <div class='ocr_carea' id='block_1_8' title="bbox 136 925 1753 1000">
    <p class='ocr_par' dir='ltr' id='par_1_8' title="bbox 136 925 1753 1000">
     <span class='ocr_line' id='line_1_8' title="bbox 136 925 1753 1000; baseline 0.004 -23"><span class='ocrx_word' id='word_1_46' title='bbox 136 925 300 979; x_wconf 89' lang='lat' dir='ltr'>tiosis</span> <span class='ocrx_word' id='word_1_47' title='bbox 321 927 627 981; x_wconf 82' lang='lat' dir='ltr'>ecclesiam</span> <span class='ocrx_word' id='word_1_48' title='bbox 662 929 1007 999; x_wconf 76' lang='lat' dir='ltr'>petentibus,</span> <span class='ocrx_word' id='word_1_49' title='bbox 1043 930 1220 983; x_wconf 88' lang='lat' dir='ltr'>nostri</span> <span class='ocrx_word' id='word_1_50' title='bbox 1251 948 1284 983; x_wconf 88' lang='lat' dir='ltr'>a</span> <span class='ocrx_word' id='word_1_51' title='bbox 1310 933 1471 999; x_wconf 88' lang='lat' dir='ltr'>tergo</span> <span class='ocrx_word' id='word_1_52' title='bbox 1504 946 1753 1000; x_wconf 87' lang='lat' dir='ltr'>sequun-</span> 
     </span>
    </p>
   </div>
   <div class='ocr_carea' id='block_1_9' title="bbox 135 1015 1753 1089">
    <p class='ocr_par' dir='ltr' id='par_1_9' title="bbox 135 1015 1753 1089">
     <span class='ocr_line' id='line_1_9' title="bbox 135 1015 1753 1089; baseline 0.002 -22"><span class='ocrx_word' id='word_1_53' title='bbox 135 1018 233 1067; x_wconf 88' lang='lat' dir='ltr'>tur</span> <span class='ocrx_word' id='word_1_54' title='bbox 260 1015 559 1081; x_wconf 76' lang='lat' dir='ltr'>attentius,</span> <span class='ocrx_word' id='word_1_55' title='bbox 584 1017 856 1087; x_wconf 70' lang='lat' dir='ltr'>cmsisque</span> <span class='ocrx_word' id='word_1_56' title='bbox 881 1018 937 1071; x_wconf 88' lang='lat' dir='ltr'>in</span> <span class='ocrx_word' id='word_1_57' title='bbox 961 1018 1201 1073; x_wconf 90' lang='lat' dir='ltr'>introitu</span> <span class='ocrx_word' id='word_1_58' title='bbox 1222 1020 1402 1089; x_wconf 67' lang='lat' dir='ltr'>portre</span> <span class='ocrx_word' id='word_1_59' title='bbox 1427 1017 1753 1088; x_wconf 78' lang='lat' dir='ltr'>aliquantis,</span> 
     </span>
    </p>
   </div>
   <div class='ocr_carea' id='block_1_10' title="bbox 134 1101 1756 1175">
    <p class='ocr_par' dir='ltr' id='par_1_10' title="bbox 134 1101 1756 1175">
     <span class='ocr_line' id='line_1_10' title="bbox 134 1101 1756 1175; baseline 0.003 -21"><span class='ocrx_word' id='word_1_60' title='bbox 134 1118 240 1155; x_wconf 89' lang='lat' dir='ltr'>eos</span> <span class='ocrx_word' id='word_1_61' title='bbox 270 1101 370 1172; x_wconf 89' lang='lat' dir='ltr'>qui</span> <span class='ocrx_word' id='word_1_62' title='bbox 402 1102 703 1157; x_wconf 86' lang='lat' dir='ltr'>basilicam</span> <span class='ocrx_word' id='word_1_63' title='bbox 743 1104 1018 1173; x_wconf 86' lang='lat' dir='ltr'>petebant</span> <span class='ocrx_word' id='word_1_64' title='bbox 1063 1105 1524 1173; x_wconf 84' lang='lat' dir='ltr'>insectabantur;</span> <span class='ocrx_word' id='word_1_65' title='bbox 1560 1106 1616 1159; x_wconf 91' lang='lat' dir='ltr'>in</span> <span class='ocrx_word' id='word_1_66' title='bbox 1645 1121 1756 1175; x_wconf 89' lang='lat' dir='ltr'>qua</span> 
     </span>
    </p>
   </div>
   <div class='ocr_carea' id='block_1_11' title="bbox 137 1190 1753 1263">
    <p class='ocr_par' dir='ltr' id='par_1_11' title="bbox 137 1190 1753 1263">
     <span class='ocr_line' id='line_1_11' title="bbox 137 1190 1753 1263; baseline 0.002 -21"><span class='ocrx_word' id='word_1_67' title='bbox 137 1206 263 1243; x_wconf 85' lang='lat' dir='ltr'>non</span> <span class='ocrx_word' id='word_1_68' title='bbox 281 1192 470 1244; x_wconf 89' lang='lat' dir='ltr'>tutam</span> <span class='ocrx_word' id='word_1_69' title='bbox 498 1191 603 1244; x_wconf 88' lang='lat' dir='ltr'>sibi</span> <span class='ocrx_word' id='word_1_70' title='bbox 622 1190 909 1246; x_wconf 84' lang='lat' dir='ltr'>latebram</span> <span class='ocrx_word' id='word_1_71' title='bbox 926 1192 1050 1245; x_wconf 86' lang='lat' dir='ltr'>fore</span> <span class='ocrx_word' id='word_1_72' title='bbox 1072 1192 1394 1263; x_wconf 87' lang='lat' dir='ltr'>auspicatus</span> <span class='ocrx_word' id='word_1_73' title='bbox 1413 1193 1753 1258; x_wconf 84' lang='lat' dir='ltr'>Ademarus,</span> 
     </span>
    </p>
   </div>
   <div class='ocr_carea' id='block_1_12' title="bbox 137 1277 1757 1352">
    <p class='ocr_par' dir='ltr' id='par_1_12' title="bbox 137 1277 1757 1352">
     <span class='ocr_line' id='line_1_12' title="bbox 137 1277 1757 1352; baseline 0.004 -23"><span class='ocrx_word' id='word_1_74' title='bbox 137 1277 349 1331; x_wconf 89' lang='lat' dir='ltr'>turrim</span> <span class='ocrx_word' id='word_1_75' title='bbox 366 1279 624 1348; x_wconf 83' lang='lat' dir='ltr'>ligneam</span> <span class='ocrx_word' id='word_1_76' title='bbox 646 1279 716 1332; x_wconf 90' lang='lat' dir='ltr'>de</span> <span class='ocrx_word' id='word_1_77' title='bbox 736 1296 847 1350; x_wconf 86' lang='lat' dir='ltr'>qua</span> <span class='ocrx_word' id='word_1_78' title='bbox 868 1280 1030 1350; x_wconf 85' lang='lat' dir='ltr'>signa</span> <span class='ocrx_word' id='word_1_79' title='bbox 1048 1282 1472 1352; x_wconf 84' lang='lat' dir='ltr'>dependebant,</span> <span class='ocrx_word' id='word_1_80' title='bbox 1498 1297 1627 1334; x_wconf 89' lang='lat' dir='ltr'>cum</span> <span class='ocrx_word' id='word_1_81' title='bbox 1662 1298 1757 1335; x_wconf 86' lang='lat' dir='ltr'>sex</span> 
     </span>
    </p>
   </div>
   <div class='ocr_carea' id='block_1_13' title="bbox 134 1364 1757 1440">
    <p class='ocr_par' dir='ltr' id='par_1_13' title="bbox 134 1364 1757 1440">
     <span class='ocr_line' id='line_1_13' title="bbox 134 1364 1757 1440; baseline 0.004 -24"><span class='ocrx_word' id='word_1_82' title='bbox 134 1364 537 1421; x_wconf 71' lang='lat' dir='ltr'>factionissuae</span> <span class='ocrx_word' id='word_1_83' title='bbox 554 1368 718 1421; x_wconf 85' lang='lat' dir='ltr'>sociis</span> <span class='ocrx_word' id='word_1_84' title='bbox 734 1368 1137 1422; x_wconf 79' lang='lat' dir='ltr'>formidolosus</span> <span class='ocrx_word' id='word_1_85' title='bbox 1152 1370 1503 1423; x_wconf 88' lang='lat' dir='ltr'>conscendit.</span> <span class='ocrx_word' id='word_1_86' title='bbox 1524 1370 1599 1423; x_wconf 94' lang='lat' dir='ltr'>lbi</span> <span class='ocrx_word' id='word_1_87' title='bbox 1620 1386 1757 1440; x_wconf 86' lang='lat' dir='ltr'>quo-</span> 
     </span>
    </p>
   </div>
   <div class='ocr_carea' id='block_1_14' title="bbox 136 1455 1757 1526">
    <p class='ocr_par' dir='ltr' id='par_1_14' title="bbox 136 1455 1757 1526">
     <span class='ocr_line' id='line_1_14' title="bbox 136 1455 1757 1526; baseline 0.002 -21"><span class='ocrx_word' id='word_1_88' title='bbox 136 1469 251 1522; x_wconf 86' lang='lat' dir='ltr'>que</span> <span class='ocrx_word' id='word_1_89' title='bbox 278 1471 339 1506; x_wconf 91' lang='lat' dir='ltr'>se</span> <span class='ocrx_word' id='word_1_90' title='bbox 358 1456 539 1507; x_wconf 86' lang='lat' dir='ltr'>latere</span> <span class='ocrx_word' id='word_1_91' title='bbox 574 1472 736 1526; x_wconf 81' lang='lat' dir='ltr'>posse</span> <span class='ocrx_word' id='word_1_92' title='bbox 767 1455 1054 1517; x_wconf 80' lang='lat' dir='ltr'>difﬁdens,</span> <span class='ocrx_word' id='word_1_93' title='bbox 1089 1460 1238 1513; x_wconf 88' lang='lat' dir='ltr'>tecta</span> <span class='ocrx_word' id='word_1_94' title='bbox 1272 1473 1433 1511; x_wconf 90' lang='lat' dir='ltr'>more</span> <span class='ocrx_word' id='word_1_95' title='bbox 1462 1458 1757 1510; x_wconf 74' lang='lat' dir='ltr'>architecti</span> 
     </span>
    </p>
   </div>
   <div class='ocr_carea' id='block_1_15' title="bbox 140 1543 1757 1617">
    <p class='ocr_par' dir='ltr' id='par_1_15' title="bbox 140 1543 1757 1617">
     <span class='ocr_line' id='line_1_15' title="bbox 140 1543 1757 1617; baseline 0.002 -23"><span class='ocrx_word' id='word_1_96' title='bbox 140 1543 615 1611; x_wconf 84' lang='lat' dir='ltr'>perambulabat,</span> <span class='ocrx_word' id='word_1_97' title='bbox 637 1544 818 1598; x_wconf 89' lang='lat' dir='ltr'>donec</span> <span class='ocrx_word' id='word_1_98' title='bbox 838 1546 908 1598; x_wconf 86' lang='lat' dir='ltr'>ab</span> <span class='ocrx_word' id='word_1_99' title='bbox 933 1545 1168 1615; x_wconf 87' lang='lat' dir='ltr'>Hugone</span> <span class='ocrx_word' id='word_1_100' title='bbox 1189 1547 1284 1617; x_wconf 89' lang='lat' dir='ltr'>qui</span> <span class='ocrx_word' id='word_1_101' title='bbox 1309 1545 1610 1599; x_wconf 83' lang='lat' dir='ltr'>studiosius</span> <span class='ocrx_word' id='word_1_102' title='bbox 1628 1545 1757 1598; x_wconf 87' lang='lat' dir='ltr'>reli-</span> 
     </span>
    </p>
   </div>
   <div class='ocr_carea' id='block_1_16' title="bbox 139 1631 1756 1703">
    <p class='ocr_par' dir='ltr' id='par_1_16' title="bbox 139 1631 1756 1703">
     <span class='ocr_line' id='line_1_16' title="bbox 139 1631 1756 1703; baseline 0.002 -20"><span class='ocrx_word' id='word_1_103' title='bbox 139 1631 272 1700; x_wconf 86' lang='lat' dir='ltr'>quis</span> <span class='ocrx_word' id='word_1_104' title='bbox 306 1648 446 1685; x_wconf 90' lang='lat' dir='ltr'>eum</span> <span class='ocrx_word' id='word_1_105' title='bbox 478 1632 881 1703; x_wconf 87' lang='lat' dir='ltr'>investigabat,</span> <span class='ocrx_word' id='word_1_106' title='bbox 915 1633 1083 1699; x_wconf 71' lang='lat' dir='ltr'>visus,</span> <span class='ocrx_word' id='word_1_107' title='bbox 1118 1638 1285 1703; x_wconf 85' lang='lat' dir='ltr'>pacta</span> <span class='ocrx_word' id='word_1_108' title='bbox 1316 1634 1441 1687; x_wconf 67' lang='lat' dir='ltr'>vitae</span> <span class='ocrx_word' id='word_1_109' title='bbox 1473 1650 1537 1687; x_wconf 91' lang='lat' dir='ltr'>ac</span> <span class='ocrx_word' id='word_1_110' title='bbox 1571 1650 1756 1687; x_wconf 89' lang='lat' dir='ltr'>mem-</span> 
     </span>
    </p>
   </div>
   <div class='ocr_carea' id='block_1_17' title="bbox 142 1720 1755 1793">
    <p class='ocr_par' dir='ltr' id='par_1_17' title="bbox 142 1720 1755 1793">
     <span class='ocr_line' id='line_1_17' title="bbox 142 1720 1755 1793; baseline 0.001 -20"><span class='ocrx_word' id='word_1_111' title='bbox 142 1720 387 1774; x_wconf 84' lang='lat' dir='ltr'>brorum</span> <span class='ocrx_word' id='word_1_112' title='bbox 422 1722 727 1775; x_wconf 85' lang='lat' dir='ltr'>securitate</span> <span class='ocrx_word' id='word_1_113' title='bbox 772 1725 969 1792; x_wconf 88' lang='lat' dir='ltr'>captus</span> <span class='ocrx_word' id='word_1_114' title='bbox 1012 1726 1115 1775; x_wconf 88' lang='lat' dir='ltr'>est.</span> <span class='ocrx_word' id='word_1_115' title='bbox 1170 1724 1310 1776; x_wconf 89' lang='lat' dir='ltr'>Cum</span> <span class='ocrx_word' id='word_1_116' title='bbox 1356 1739 1469 1793; x_wconf 90' lang='lat' dir='ltr'>quo</span> <span class='ocrx_word' id='word_1_117' title='bbox 1501 1722 1755 1793; x_wconf 88' lang='lat' dir='ltr'>quinque</span> 
     </span>
    </p>
   </div>
   <div class='ocr_carea' id='block_1_18' title="bbox 141 1810 1753 1879">
    <p class='ocr_par' dir='ltr' id='par_1_18' title="bbox 141 1810 1753 1879">
     <span class='ocr_line' id='line_1_18' title="bbox 141 1810 1753 1879; baseline 0 -17"><span class='ocrx_word' id='word_1_118' title='bbox 141 1810 682 1879; x_wconf 86' lang='lat' dir='ltr'>commanipulares</span> <span class='ocrx_word' id='word_1_119' title='bbox 696 1826 759 1863; x_wconf 86' lang='lat' dir='ltr'>ex</span> <span class='ocrx_word' id='word_1_120' title='bbox 774 1810 1251 1864; x_wconf 89' lang='lat' dir='ltr'>eminentioribus</span> <span class='ocrx_word' id='word_1_121' title='bbox 1266 1812 1404 1865; x_wconf 92' lang='lat' dir='ltr'>tenti</span> <span class='ocrx_word' id='word_1_122' title='bbox 1425 1814 1577 1875; x_wconf 89' lang='lat' dir='ltr'>sunt,</span> <span class='ocrx_word' id='word_1_123' title='bbox 1594 1810 1753 1879; x_wconf 87' lang='lat' dir='ltr'>llngo</span> 
     </span>
    </p>
   </div>
   <div class='ocr_carea' id='block_1_19' title="bbox 1858 666 3467 747">
    <p class='ocr_par' dir='ltr' id='par_1_19' title="bbox 1858 666 3467 747">
     <span class='ocr_line' id='line_1_19' title="bbox 1858 666 3467 747; baseline 0.008 -28"><span class='ocrx_word' id='word_1_124' title='bbox 1858 666 2342 737; x_wconf 88' lang='lat' dir='ltr'>dissimulationis,</span> <span class='ocrx_word' id='word_1_125' title='bbox 2376 671 2535 742; x_wconf 87' lang='lat' dir='ltr'>quasi</span> <span class='ocrx_word' id='word_1_126' title='bbox 2564 672 2807 728; x_wconf 88' lang='lat' dir='ltr'>nesciret</span> <span class='ocrx_word' id='word_1_127' title='bbox 2829 689 2957 746; x_wconf 68' lang='lat' dir='ltr'>qua:</span> <span class='ocrx_word' id='word_1_128' title='bbox 2989 691 3023 729; x_wconf 92' lang='lat' dir='ltr'>a</span> <span class='ocrx_word' id='word_1_129' title='bbox 3056 674 3172 729; x_wconf 84' lang='lat' dir='ltr'>filio</span> <span class='ocrx_word' id='word_1_130' title='bbox 3197 690 3467 747; x_wconf 88' lang='lat' dir='ltr'>gereren-</span> 
     </span>
    </p>
   </div>
   <div class='ocr_carea' id='block_1_20' title="bbox 1855 756 3470 830">
    <p class='ocr_par' dir='ltr' id='par_1_20' title="bbox 1855 756 3470 830">
     <span class='ocr_line' id='line_1_20' title="bbox 1855 756 3470 830; baseline 0.008 -23"><span class='ocrx_word' id='word_1_131' title='bbox 1855 757 1968 821; x_wconf 85' lang='lat' dir='ltr'>tur,</span> <span class='ocrx_word' id='word_1_132' title='bbox 2002 756 2206 825; x_wconf 88' lang='lat' dir='ltr'>gratia,</span> <span class='ocrx_word' id='word_1_133' title='bbox 2226 758 2469 813; x_wconf 84' lang='lat' dir='ltr'>Romam</span> <span class='ocrx_word' id='word_1_134' title='bbox 2512 761 2834 830; x_wconf 86' lang='lat' dir='ltr'>profectum</span> <span class='ocrx_word' id='word_1_135' title='bbox 2896 763 3470 820; x_wconf 87' lang='lat' dir='ltr'>morbusadeovitili-</span> 
     </span>
    </p>
   </div>
   <div class='ocr_carea' id='block_1_21' title="bbox 1855 841 3467 922">
    <p class='ocr_par' dir='ltr' id='par_1_21' title="bbox 1855 841 3467 922">
     <span class='ocr_line' id='line_1_21' title="bbox 1855 841 3467 922; baseline 0.008 -27"><span class='ocrx_word' id='word_1_136' title='bbox 1855 841 2005 912; x_wconf 84' lang='lat' dir='ltr'>ginis</span> <span class='ocrx_word' id='word_1_137' title='bbox 2036 844 2348 900; x_wconf 87' lang='lat' dir='ltr'>debilitavit</span> <span class='ocrx_word' id='word_1_138' title='bbox 2382 850 2575 902; x_wconf 91' lang='lat' dir='ltr'>utnon</span> <span class='ocrx_word' id='word_1_139' title='bbox 2595 850 2758 903; x_wconf 84' lang='lat' dir='ltr'>aliter</span> <span class='ocrx_word' id='word_1_140' title='bbox 2774 868 2948 922; x_wconf 88' lang='lat' dir='ltr'>quam</span> <span class='ocrx_word' id='word_1_141' title='bbox 2967 850 3024 905; x_wconf 90' lang='lat' dir='ltr'>in</span> <span class='ocrx_word' id='word_1_142' title='bbox 3042 852 3244 907; x_wconf 89' lang='lat' dir='ltr'>lectica</span> <span class='ocrx_word' id='word_1_143' title='bbox 3271 853 3341 907; x_wconf 89' lang='lat' dir='ltr'>ad</span> <span class='ocrx_word' id='word_1_144' title='bbox 3361 870 3467 909; x_wconf 88' lang='lat' dir='ltr'>sua</span> 
     </span>
    </p>
   </div>
   <div class='ocr_carea' id='block_1_22' title="bbox 1856 931 3464 1013">
    <p class='ocr_par' dir='ltr' id='par_1_22' title="bbox 1856 931 3464 1013">
     <span class='ocr_line' id='line_1_22' title="bbox 1856 931 3464 1013; baseline 0.008 -30"><span class='ocrx_word' id='word_1_145' title='bbox 1856 931 2083 999; x_wconf 84' lang='lat' dir='ltr'>regredi</span> <span class='ocrx_word' id='word_1_146' title='bbox 2123 934 2354 990; x_wconf 88' lang='lat' dir='ltr'>valeret.</span> <span class='ocrx_word' id='word_1_147' title='bbox 2375 935 2667 990; x_wconf 82' lang='lat' dir='ltr'>Giraldum</span> <span class='ocrx_word' id='word_1_148' title='bbox 2712 955 2844 991; x_wconf 88' lang='lat' dir='ltr'>vero</span> <span class='ocrx_word' id='word_1_149' title='bbox 2898 938 3142 993; x_wconf 89' lang='lat' dir='ltr'>obtentu</span> <span class='ocrx_word' id='word_1_150' title='bbox 3200 940 3464 1013; x_wconf 85' lang='lat' dir='ltr'>ejusdem</span> 
     </span>
    </p>
   </div>
   <div class='ocr_carea' id='block_1_23' title="bbox 1856 1018 3463 1096">
    <p class='ocr_par' dir='ltr' id='par_1_23' title="bbox 1856 1018 3463 1096">
     <span class='ocr_line' id='line_1_23' title="bbox 1856 1018 3463 1096; baseline 0.008 -24"><span class='ocrx_word' id='word_1_151' title='bbox 1856 1018 2237 1075; x_wconf 82' lang='lat' dir='ltr'>simulationis</span> <span class='ocrx_word' id='word_1_152' title='bbox 2253 1023 2406 1092; x_wconf 89' lang='lat' dir='ltr'>apud</span> <span class='ocrx_word' id='word_1_153' title='bbox 2428 1023 2740 1079; x_wconf 88' lang='lat' dir='ltr'>Pictavium</span> <span class='ocrx_word' id='word_1_154' title='bbox 2758 1026 3069 1096; x_wconf 85' lang='lat' dir='ltr'>degentem</span> <span class='ocrx_word' id='word_1_155' title='bbox 3101 1030 3159 1082; x_wconf 89' lang='lat' dir='ltr'>et</span> <span class='ocrx_word' id='word_1_156' title='bbox 3190 1028 3271 1083; x_wconf 90' lang='lat' dir='ltr'>rei</span> <span class='ocrx_word' id='word_1_157' title='bbox 3290 1046 3463 1085; x_wconf 86' lang='lat' dir='ltr'>even-</span> 
     </span>
    </p>
   </div>
   <div class='ocr_carea' id='block_1_24' title="bbox 1857 1108 3467 1189">
    <p class='ocr_par' dir='ltr' id='par_1_24' title="bbox 1857 1108 3467 1189">
     <span class='ocr_line' id='line_1_24' title="bbox 1857 1108 3467 1189; baseline 0.009 -30"><span class='ocrx_word' id='word_1_158' title='bbox 1857 1108 1978 1161; x_wconf 87' lang='lat' dir='ltr'>tum</span> <span class='ocrx_word' id='word_1_159' title='bbox 2053 1111 2505 1178; x_wconf 73' lang='lat' dir='ltr'>przestolantem,</span> <span class='ocrx_word' id='word_1_160' title='bbox 2556 1112 2717 1167; x_wconf 85' lang='lat' dir='ltr'>ferox</span> <span class='ocrx_word' id='word_1_161' title='bbox 2774 1131 2954 1186; x_wconf 89' lang='lat' dir='ltr'>equus</span> <span class='ocrx_word' id='word_1_162' title='bbox 3017 1116 3308 1171; x_wconf 90' lang='lat' dir='ltr'>mordicus</span> <span class='ocrx_word' id='word_1_163' title='bbox 3362 1135 3467 1189; x_wconf 87' lang='lat' dir='ltr'>per</span> 
     </span>
    </p>
   </div>
   <div class='ocr_carea' id='block_1_25' title="bbox 1857 1201 3465 1273">
    <p class='ocr_par' dir='ltr' id='par_1_25' title="bbox 1857 1201 3465 1273">
     <span class='ocr_line' id='line_1_25' title="bbox 1857 1201 3465 1273; baseline 0.009 -26"><span class='ocrx_word' id='word_1_164' title='bbox 1857 1210 2057 1249; x_wconf 85' lang='lat' dir='ltr'>coxam</span> <span class='ocrx_word' id='word_1_165' title='bbox 2090 1202 2407 1267; x_wconf 89' lang='lat' dir='ltr'>arreptum,</span> <span class='ocrx_word' id='word_1_166' title='bbox 2459 1216 2565 1269; x_wconf 90' lang='lat' dir='ltr'>per</span> <span class='ocrx_word' id='word_1_167' title='bbox 2618 1201 2840 1273; x_wconf 86' lang='lat' dir='ltr'>aliquot</span> <span class='ocrx_word' id='word_1_168' title='bbox 2889 1203 3009 1257; x_wconf 90' lang='lat' dir='ltr'>dies</span> <span class='ocrx_word' id='word_1_169' title='bbox 3066 1206 3212 1259; x_wconf 89' lang='lat' dir='ltr'>lecto</span> <span class='ocrx_word' id='word_1_170' title='bbox 3255 1206 3465 1261; x_wconf 87' lang='lat' dir='ltr'>cubare</span> 
     </span>
    </p>
   </div>
   <div class='ocr_carea' id='block_1_26' title="bbox 1857 1284 3465 1362">
    <p class='ocr_par' dir='ltr' id='par_1_26' title="bbox 1857 1284 3465 1362">
     <span class='ocr_line' id='line_1_26' title="bbox 1857 1284 3465 1362; baseline 0.008 -27"><span class='ocrx_word' id='word_1_171' title='bbox 1857 1284 2066 1351; x_wconf 77' lang='lat' dir='ltr'>coegit.</span> <span class='ocrx_word' id='word_1_172' title='bbox 2100 1286 2458 1341; x_wconf 82' lang='lat' dir='ltr'>Hildebertus</span> <span class='ocrx_word' id='word_1_173' title='bbox 2494 1305 2724 1360; x_wconf 91' lang='lat' dir='ltr'>quoque</span> <span class='ocrx_word' id='word_1_174' title='bbox 2757 1292 3312 1362; x_wconf 84' lang='lat' dir='ltr'>Argentomagensis</span> <span class='ocrx_word' id='word_1_175' title='bbox 3336 1295 3465 1361; x_wconf 66' lang='lat' dir='ltr'>[Bov</span> 
     </span>
    </p>
   </div>
   <div class='ocr_carea' id='block_1_27' title="bbox 1860 1374 3503 1456">
    <p class='ocr_par' dir='ltr' id='par_1_27' title="bbox 1860 1374 3503 1456">
     <span class='ocr_line' id='line_1_27' title="bbox 1860 1374 3503 1456; baseline 0.008 -33"><span class='ocrx_word' id='word_1_176' title='bbox 1860 1388 1972 1423; x_wconf 82' lang='lat' dir='ltr'>SClO</span> <span class='ocrx_word' id='word_1_177' title='bbox 1997 1375 2284 1444; x_wconf 81' lang='lat' dir='ltr'>Argensis]</span> <span class='ocrx_word' id='word_1_178' title='bbox 2316 1374 2524 1443; x_wconf 88' lang='lat' dir='ltr'>incola,</span> <span class='ocrx_word' id='word_1_179' title='bbox 2553 1377 2722 1447; x_wconf 82' lang='lat' dir='ltr'>hujus</span> <span class='ocrx_word' id='word_1_180' title='bbox 2767 1377 3032 1432; x_wconf 85' lang='lat' dir='ltr'>factionis</span> <span class='ocrx_word' id='word_1_181' title='bbox 3054 1379 3309 1451; x_wconf 86' lang='lat' dir='ltr'>signifer,</span> <span class='ocrx_word' id='word_1_182' title='bbox 3367 1382 3465 1453; x_wconf 89' lang='lat' dir='ltr'>qui</span> <span class='ocrx_word' id='word_1_183' title='bbox 3486 1438 3503 1456; x_wconf 49' lang='lat'><strong><em>&#39;</em></strong></span> 
     </span>
    </p>
   </div>
   <div class='ocr_carea' id='block_1_28' title="bbox 1859 1459 3465 1537">
    <p class='ocr_par' dir='ltr' id='par_1_28' title="bbox 1859 1459 3465 1537">
     <span class='ocr_line' id='line_1_28' title="bbox 1859 1459 3465 1537; baseline 0.008 -25"><span class='ocrx_word' id='word_1_184' title='bbox 1859 1459 2013 1527; x_wconf 81' lang='lat' dir='ltr'>pacis</span> <span class='ocrx_word' id='word_1_185' title='bbox 2048 1462 2269 1515; x_wconf 89' lang='lat' dir='ltr'>medius</span> <span class='ocrx_word' id='word_1_186' title='bbox 2289 1464 2477 1535; x_wconf 87' lang='lat' dir='ltr'>palam</span> <span class='ocrx_word' id='word_1_187' title='bbox 2495 1464 2731 1535; x_wconf 90' lang='lat' dir='ltr'>quidem</span> <span class='ocrx_word' id='word_1_188' title='bbox 2759 1465 3060 1521; x_wconf 88' lang='lat' dir='ltr'>videbatur</span> <span class='ocrx_word' id='word_1_189' title='bbox 3084 1470 3227 1537; x_wconf 81' lang='lat' dir='ltr'>fore,</span> <span class='ocrx_word' id='word_1_190' title='bbox 3246 1472 3465 1525; x_wconf 88' lang='lat' dir='ltr'>occulte</span> 
     </span>
    </p>
   </div>
   <div class='ocr_carea' id='block_1_29' title="bbox 1859 1551 3467 1626">
    <p class='ocr_par' dir='ltr' id='par_1_29' title="bbox 1859 1551 3467 1626">
     <span class='ocr_line' id='line_1_29' title="bbox 1859 1551 3467 1626; baseline 0.009 -27"><span class='ocrx_word' id='word_1_191' title='bbox 1859 1551 2052 1602; x_wconf 90' lang='lat' dir='ltr'>autem</span> <span class='ocrx_word' id='word_1_192' title='bbox 2085 1551 2474 1619; x_wconf 85' lang='lat' dir='ltr'>proditionem</span> <span class='ocrx_word' id='word_1_193' title='bbox 2504 1554 2715 1621; x_wconf 88' lang='lat' dir='ltr'>alebat,</span> <span class='ocrx_word' id='word_1_194' title='bbox 2739 1554 2874 1626; x_wconf 88' lang='lat' dir='ltr'>igne</span> <span class='ocrx_word' id='word_1_195' title='bbox 2907 1554 3101 1611; x_wconf 89' lang='lat' dir='ltr'>divino</span> <span class='ocrx_word' id='word_1_196' title='bbox 3133 1557 3191 1611; x_wconf 91' lang='lat' dir='ltr'>in</span> <span class='ocrx_word' id='word_1_197' title='bbox 3233 1558 3467 1614; x_wconf 83' lang='lat' dir='ltr'>maxilla</span> 
     </span>
    </p>
   </div>
   <div class='ocr_carea' id='block_1_30' title="bbox 1858 1636 3466 1710">
    <p class='ocr_par' dir='ltr' id='par_1_30' title="bbox 1858 1636 3466 1710">
     <span class='ocr_line' id='line_1_30' title="bbox 1858 1636 3466 1710; baseline 0.009 -22"><span class='ocrx_word' id='word_1_198' title='bbox 1858 1636 2110 1704; x_wconf 85' lang='lat' dir='ltr'>adustus,</span> <span class='ocrx_word' id='word_1_199' title='bbox 2173 1656 2349 1710; x_wconf 87' lang='lat' dir='ltr'>usque</span> <span class='ocrx_word' id='word_1_200' title='bbox 2395 1642 2469 1695; x_wconf 89' lang='lat' dir='ltr'>ad</span> <span class='ocrx_word' id='word_1_201' title='bbox 2528 1642 2682 1696; x_wconf 90' lang='lat' dir='ltr'>diem</span> <span class='ocrx_word' id='word_1_202' title='bbox 2723 1660 2838 1697; x_wconf 71' lang='lat' dir='ltr'>sua:</span> <span class='ocrx_word' id='word_1_203' title='bbox 2884 1645 3088 1700; x_wconf 87' lang='lat' dir='ltr'>mortis</span> <span class='ocrx_word' id='word_1_204' title='bbox 3139 1645 3466 1704; x_wconf 89' lang='lat' dir='ltr'>incurabilis</span> 
     </span>
    </p>
   </div>
   <div class='ocr_carea' id='block_1_31' title="bbox 1856 1728 3462 1808">
    <p class='ocr_par' dir='ltr' id='par_1_31' title="bbox 1856 1728 3462 1808">
     <span class='ocr_line' id='line_1_31' title="bbox 1856 1728 3462 1808; baseline 0.01 -32"><span class='ocrx_word' id='word_1_205' title='bbox 1856 1728 2257 1795; x_wconf 85' lang='lat' dir='ltr'>perseveravit,</span> <span class='ocrx_word' id='word_1_206' title='bbox 2290 1728 2465 1797; x_wconf 88' lang='lat' dir='ltr'>itaut,</span> <span class='ocrx_word' id='word_1_207' title='bbox 2494 1734 3253 1802; x_wconf 88' lang='lat' dir='ltr'>eonsumptacarne,dentes</span> <span class='ocrx_word' id='word_1_208' title='bbox 3272 1737 3462 1808; x_wconf 86' lang='lat' dir='ltr'>specie</span> 
     </span>
    </p>
   </div>
   <div class='ocr_carea' id='block_1_32' title="bbox 1855 1810 3460 1891">
    <p class='ocr_par' dir='ltr' id='par_1_32' title="bbox 1855 1810 3460 1891">
     <span class='ocr_line' id='line_1_32' title="bbox 1855 1810 3460 1891; baseline 0.01 -29"><span class='ocrx_word' id='word_1_209' title='bbox 1855 1810 2165 1865; x_wconf 87' lang='lat' dir='ltr'>miserabili</span> <span class='ocrx_word' id='word_1_210' title='bbox 2192 1813 2685 1869; x_wconf 91' lang='lat' dir='ltr'>nudarentur.Per</span> <span class='ocrx_word' id='word_1_211' title='bbox 2706 1818 2904 1872; x_wconf 88' lang='lat' dir='ltr'>omnia</span> <span class='ocrx_word' id='word_1_212' title='bbox 2933 1819 3269 1877; x_wconf 90' lang='lat' dir='ltr'>benedictus</span> <span class='ocrx_word' id='word_1_213' title='bbox 3293 1825 3460 1891; x_wconf 86' lang='lat' dir='ltr'>Deus,</span> 
     </span>
    </p>
   </div>
   <div class='ocr_carea' id='block_1_33' title="bbox 137 1898 3318 1973">
    <p class='ocr_par' dir='ltr' id='par_1_33' title="bbox 137 1898 3318 1973">
     <span class='ocr_line' id='line_1_33' title="bbox 137 1898 3318 1973; baseline 0.005 -23"><span class='ocrx_word' id='word_1_214' title='bbox 137 1898 411 1952; x_wconf 78' lang='lat' dir='ltr'>videlicet</span> <span class='ocrx_word' id='word_1_215' title='bbox 437 1899 970 1953; x_wconf 76' lang='lat' dir='ltr'>acArchembaldus</span> <span class='ocrx_word' id='word_1_216' title='bbox 993 1900 1062 1953; x_wconf 91' lang='lat' dir='ltr'>de</span> <span class='ocrx_word' id='word_1_217' title='bbox 1086 1899 1345 1966; x_wconf 89' lang='lat' dir='ltr'>Buciaco,</span> <span class='ocrx_word' id='word_1_218' title='bbox 1362 1899 1680 1973; x_wconf 21' lang='lat' dir='ltr'>Rain‘ardus</span> <span class='ocrx_word' id='word_1_219' title='bbox 1698 1901 1756 1952; x_wconf 93' lang='lat' dir='ltr'>et</span> <span class='ocrx_word' id='word_1_220' title='bbox 1780 1905 1829 1963; x_wconf 86' lang='grc' dir='ltr'>Β</span> <span class='ocrx_word' id='word_1_221' title='bbox 1854 1898 1948 1967; x_wconf 87' lang='lat' dir='ltr'>qui</span> <span class='ocrx_word' id='word_1_222' title='bbox 1982 1898 2087 1953; x_wconf 89' lang='lat' dir='ltr'>sibi</span> <span class='ocrx_word' id='word_1_223' title='bbox 2118 1900 2505 1972; x_wconf 86' lang='lat' dir='ltr'>beneplacitos</span> <span class='ocrx_word' id='word_1_224' title='bbox 2531 1903 2753 1959; x_wconf 90' lang='lat' dir='ltr'>assidue</span> <span class='ocrx_word' id='word_1_225' title='bbox 2781 1906 3051 1963; x_wconf 79' lang='lat' dir='ltr'>miriﬁcat</span> <span class='ocrx_word' id='word_1_226' title='bbox 3073 1915 3318 1968; x_wconf 87' lang='lat' dir='ltr'>sanctos.</span> 
     </span>
    </p>
   </div>
   <div class='ocr_carea' id='block_1_34' title="bbox 136 1987 1752 2058">
    <p class='ocr_par' dir='ltr' id='par_1_34' title="bbox 136 1987 1752 2058">
     <span class='ocr_line' id='line_1_34' title="bbox 136 1987 1752 2058; baseline 0 -18"><span class='ocrx_word' id='word_1_227' title='bbox 136 1987 444 2042; x_wconf 77' lang='lat' dir='ltr'>Americus</span> <span class='ocrx_word' id='word_1_228' title='bbox 470 1988 652 2041; x_wconf 78' lang='lat' dir='ltr'>frater</span> <span class='ocrx_word' id='word_1_229' title='bbox 675 1988 815 2058; x_wconf 86' lang='lat' dir='ltr'>ejus,</span> <span class='ocrx_word' id='word_1_230' title='bbox 840 1988 936 2041; x_wconf 84' lang='lat' dir='ltr'>filii</span> <span class='ocrx_word' id='word_1_231' title='bbox 961 1988 1448 2057; x_wconf 85' lang='lat' dir='ltr'>Heldegariihaud</span> <span class='ocrx_word' id='word_1_232' title='bbox 1484 1988 1752 2058; x_wconf 86' lang='lat' dir='ltr'>ignobilis</span> 
     </span>
    </p>
   </div>
   <div class='ocr_carea' id='block_1_35' title="bbox 137 2075 1750 2147">
    <p class='ocr_par' dir='ltr' id='par_1_35' title="bbox 137 2075 1750 2147">
     <span class='ocr_line' id='line_1_35' title="bbox 137 2075 1750 2147; baseline -0.001 -19"><span class='ocrx_word' id='word_1_233' title='bbox 137 2075 241 2129; x_wconf 78' lang='lat' dir='ltr'>viri</span> <span class='ocrx_word' id='word_1_234' title='bbox 283 2076 866 2147; x_wconf 80' lang='lat' dir='ltr'>Argentomagensis,</span> <span class='ocrx_word' id='word_1_235' title='bbox 909 2081 1078 2147; x_wconf 89' lang='lat' dir='ltr'>atque</span> <span class='ocrx_word' id='word_1_236' title='bbox 1125 2077 1385 2131; x_wconf 82' lang='lat' dir='ltr'>Giraldus</span> <span class='ocrx_word' id='word_1_237' title='bbox 1422 2075 1750 2141; x_wconf 86' lang='lat' dir='ltr'>Tirinensis,</span> 
     </span>
    </p>
   </div>
   <div class='ocr_carea' id='block_1_36' title="bbox 135 2164 1754 2236">
    <p class='ocr_par' dir='ltr' id='par_1_36' title="bbox 135 2164 1754 2236">
     <span class='ocr_line' id='line_1_36' title="bbox 135 2164 1754 2236; baseline 0 -19"><span class='ocrx_word' id='word_1_238' title='bbox 135 2164 220 2217; x_wconf 87' lang='lat' dir='ltr'>his</span> <span class='ocrx_word' id='word_1_239' title='bbox 249 2164 529 2234; x_wconf 87' lang='lat' dir='ltr'>exceptis,</span> <span class='ocrx_word' id='word_1_240' title='bbox 562 2181 704 2235; x_wconf 85' lang='lat' dir='ltr'>quos</span> <span class='ocrx_word' id='word_1_241' title='bbox 755 2167 850 2218; x_wconf 89' lang='lat' dir='ltr'>aut</span> <span class='ocrx_word' id='word_1_242' title='bbox 901 2165 1097 2219; x_wconf 90' lang='lat' dir='ltr'>minor</span> <span class='ocrx_word' id='word_1_243' title='bbox 1122 2165 1400 2236; x_wconf 88' lang='lat' dir='ltr'>potentia,</span> <span class='ocrx_word' id='word_1_244' title='bbox 1435 2169 1532 2218; x_wconf 87' lang='lat' dir='ltr'>aut</span> <span class='ocrx_word' id='word_1_245' title='bbox 1564 2164 1754 2218; x_wconf 91' lang='lat' dir='ltr'>minus</span> 
     </span>
    </p>
   </div>
   <div class='ocr_carea' id='block_1_37' title="bbox 138 2251 1754 2325">
    <p class='ocr_par' dir='ltr' id='par_1_37' title="bbox 138 2251 1754 2325">
     <span class='ocr_line' id='line_1_37' title="bbox 138 2251 1754 2325; baseline -0.001 -18"><span class='ocrx_word' id='word_1_246' title='bbox 138 2253 365 2322; x_wconf 86' lang='lat' dir='ltr'>pollens</span> <span class='ocrx_word' id='word_1_247' title='bbox 388 2251 461 2304; x_wconf 92' lang='lat' dir='ltr'>de</span> <span class='ocrx_word' id='word_1_248' title='bbox 494 2251 795 2307; x_wconf 89' lang='lat' dir='ltr'>nobilitate</span> <span class='ocrx_word' id='word_1_249' title='bbox 812 2256 1119 2325; x_wconf 88' lang='lat' dir='ltr'>parentum</span> <span class='ocrx_word' id='word_1_250' title='bbox 1138 2252 1369 2324; x_wconf 89' lang='lat' dir='ltr'>sanguis</span> <span class='ocrx_word' id='word_1_251' title='bbox 1389 2255 1597 2306; x_wconf 64' lang='lat' dir='ltr'>nostra:</span> <span class='ocrx_word' id='word_1_252' title='bbox 1621 2253 1754 2306; x_wconf 88' lang='lat' dir='ltr'>sub-</span> 
     </span>
    </p>
   </div>
   <div class='ocr_carea' id='block_1_38' title="bbox 138 2340 1753 2413">
    <p class='ocr_par' dir='ltr' id='par_1_38' title="bbox 138 2340 1753 2413">
     <span class='ocr_line' id='line_1_38' title="bbox 138 2340 1753 2413; baseline 0.001 -19"><span class='ocrx_word' id='word_1_253' title='bbox 138 2341 308 2394; x_wconf 83' lang='lat' dir='ltr'>traxit</span> <span class='ocrx_word' id='word_1_254' title='bbox 342 2340 588 2406; x_wconf 81' lang='lat' dir='ltr'>notitiae,</span> <span class='ocrx_word' id='word_1_255' title='bbox 615 2357 861 2412; x_wconf 89' lang='lat' dir='ltr'>quorum</span> <span class='ocrx_word' id='word_1_256' title='bbox 896 2359 1168 2396; x_wconf 90' lang='lat' dir='ltr'>numerus</span> <span class='ocrx_word' id='word_1_257' title='bbox 1211 2343 1283 2396; x_wconf 89' lang='lat' dir='ltr'>ad</span> <span class='ocrx_word' id='word_1_258' title='bbox 1333 2342 1535 2413; x_wconf 85' lang='lat' dir='ltr'>viginti</span> <span class='ocrx_word' id='word_1_259' title='bbox 1584 2346 1640 2395; x_wconf 90' lang='lat' dir='ltr'>et</span> <span class='ocrx_word' id='word_1_260' title='bbox 1684 2358 1753 2396; x_wconf 91' lang='lat' dir='ltr'>eo</span> 
     </span>
    </p>
   </div>
   <div class='ocr_carea' id='block_1_39' title="bbox 137 2429 1751 2502">
    <p class='ocr_par' dir='ltr' id='par_1_39' title="bbox 137 2429 1751 2502">
     <span class='ocr_line' id='line_1_39' title="bbox 137 2429 1751 2502; baseline 0.002 -20"><span class='ocrx_word' id='word_1_261' title='bbox 137 2429 393 2500; x_wconf 86' lang='lat' dir='ltr'>amplius</span> <span class='ocrx_word' id='word_1_262' title='bbox 412 2429 585 2483; x_wconf 83' lang='lat' dir='ltr'>fuisse</span> <span class='ocrx_word' id='word_1_263' title='bbox 605 2430 851 2484; x_wconf 82' lang='lat' dir='ltr'>refertur</span> <span class='ocrx_word' id='word_1_264' title='bbox 862 2459 879 2497; x_wconf 85' lang='lat'>,-</span> <span class='ocrx_word' id='word_1_265' title='bbox 908 2430 1037 2501; x_wconf 90' lang='lat' dir='ltr'>equi</span> <span class='ocrx_word' id='word_1_266' title='bbox 1069 2430 1218 2502; x_wconf 91' lang='lat' dir='ltr'>capti</span> <span class='ocrx_word' id='word_1_267' title='bbox 1247 2447 1488 2485; x_wconf 90' lang='lat' dir='ltr'>numero</span> <span class='ocrx_word' id='word_1_268' title='bbox 1520 2434 1751 2485; x_wconf 85' lang='lat' dir='ltr'>centum</span> 
     </span>
    </p>
   </div>
   <div class='ocr_carea' id='block_1_40' title="bbox 135 2517 1749 2590">
    <p class='ocr_par' dir='ltr' id='par_1_40' title="bbox 135 2517 1749 2590">
     <span class='ocr_line' id='line_1_40' title="bbox 135 2517 1749 2590; baseline 0.001 -19"><span class='ocrx_word' id='word_1_269' title='bbox 135 2517 360 2589; x_wconf 83' lang='lat' dir='ltr'>viginti,</span> <span class='ocrx_word' id='word_1_270' title='bbox 384 2522 600 2589; x_wconf 68' lang='lat' dir='ltr'>praeter</span> <span class='ocrx_word' id='word_1_271' title='bbox 629 2534 727 2572; x_wconf 90' lang='lat' dir='ltr'>eos</span> <span class='ocrx_word' id='word_1_272' title='bbox 741 2519 837 2590; x_wconf 90' lang='lat' dir='ltr'>qui</span> <span class='ocrx_word' id='word_1_273' title='bbox 876 2520 961 2572; x_wconf 85' lang='lat' dir='ltr'>vel</span> <span class='ocrx_word' id='word_1_274' title='bbox 1006 2536 1039 2573; x_wconf 87' lang='lat' dir='ltr'>a</span> <span class='ocrx_word' id='word_1_275' title='bbox 1065 2519 1367 2573; x_wconf 88' lang='lat' dir='ltr'>victoribus</span> <span class='ocrx_word' id='word_1_276' title='bbox 1392 2519 1590 2573; x_wconf 87' lang='lat' dir='ltr'>furtim</span> <span class='ocrx_word' id='word_1_277' title='bbox 1619 2520 1749 2573; x_wconf 91' lang='lat' dir='ltr'>sub-</span> 
     </span>
    </p>
   </div>
   <div class='ocr_carea' id='block_1_41' title="bbox 137 2606 1749 2678">
    <p class='ocr_par' dir='ltr' id='par_1_41' title="bbox 137 2606 1749 2678">
     <span class='ocr_line' id='line_1_41' title="bbox 137 2606 1749 2678; baseline 0.001 -18"><span class='ocrx_word' id='word_1_278' title='bbox 137 2606 315 2669; x_wconf 89' lang='lat' dir='ltr'>ducti,</span> <span class='ocrx_word' id='word_1_279' title='bbox 342 2607 435 2660; x_wconf 81' lang='lat' dir='ltr'>vel</span> <span class='ocrx_word' id='word_1_280' title='bbox 464 2623 498 2660; x_wconf 89' lang='lat' dir='ltr'>a</span> <span class='ocrx_word' id='word_1_281' title='bbox 524 2606 682 2661; x_wconf 89' lang='lat' dir='ltr'>victis</span> <span class='ocrx_word' id='word_1_282' title='bbox 707 2606 843 2678; x_wconf 83' lang='lat' dir='ltr'>fuga</span> <span class='ocrx_word' id='word_1_283' title='bbox 901 2606 1009 2662; x_wconf 88' lang='lat' dir='ltr'>sibi</span> <span class='ocrx_word' id='word_1_284' title='bbox 1066 2607 1495 2662; x_wconf 88' lang='lat' dir='ltr'>consulentibus</span> <span class='ocrx_word' id='word_1_285' title='bbox 1521 2608 1749 2661; x_wconf 90' lang='lat' dir='ltr'>abducti</span> 
     </span>
    </p>
   </div>
   <div class='ocr_carea' id='block_1_42' title="bbox 134 2694 1745 2767">
    <p class='ocr_par' dir='ltr' id='par_1_42' title="bbox 134 2694 1745 2767">
     <span class='ocr_line' id='line_1_42' title="bbox 134 2694 1745 2767; baseline 0.001 -19"><span class='ocrx_word' id='word_1_286' title='bbox 134 2698 299 2762; x_wconf 89' lang='lat' dir='ltr'>sunt;</span> <span class='ocrx_word' id='word_1_287' title='bbox 334 2711 367 2748; x_wconf 92' lang='lat' dir='ltr'>e</span> <span class='ocrx_word' id='word_1_288' title='bbox 396 2694 605 2767; x_wconf 88' lang='lat' dir='ltr'>quibus</span> <span class='ocrx_word' id='word_1_289' title='bbox 634 2698 692 2749; x_wconf 91' lang='lat' dir='ltr'>et</span> <span class='ocrx_word' id='word_1_290' title='bbox 715 2695 1022 2750; x_wconf 91' lang='lat' dir='ltr'>multitudo</span> <span class='ocrx_word' id='word_1_291' title='bbox 1054 2696 1303 2750; x_wconf 90' lang='lat' dir='ltr'>hostium</span> <span class='ocrx_word' id='word_1_292' title='bbox 1322 2695 1511 2766; x_wconf 90' lang='lat' dir='ltr'>colligi</span> <span class='ocrx_word' id='word_1_293' title='bbox 1540 2696 1745 2765; x_wconf 91' lang='lat' dir='ltr'>potuit,</span> 
     </span>
    </p>
   </div>
   <div class='ocr_carea' id='block_1_43' title="bbox 137 2784 1747 2855">
    <p class='ocr_par' dir='ltr' id='par_1_43' title="bbox 137 2784 1747 2855">
     <span class='ocr_line' id='line_1_43' title="bbox 137 2784 1747 2855; baseline 0.001 -18"><span class='ocrx_word' id='word_1_294' title='bbox 137 2787 191 2837; x_wconf 92' lang='lat' dir='ltr'>et</span> <span class='ocrx_word' id='word_1_295' title='bbox 204 2784 383 2837; x_wconf 87' lang='lat' dir='ltr'>virtus</span> <span class='ocrx_word' id='word_1_296' title='bbox 399 2799 651 2853; x_wconf 89' lang='lat' dir='ltr'>superna</span> <span class='ocrx_word' id='word_1_297' title='bbox 665 2784 993 2855; x_wconf 85' lang='lat' dir='ltr'>pariterque</span> <span class='ocrx_word' id='word_1_298' title='bbox 1008 2785 1550 2839; x_wconf 86' lang='lat' dir='ltr'>excellentissimum</span> <span class='ocrx_word' id='word_1_299' title='bbox 1569 2785 1747 2839; x_wconf 87' lang='lat' dir='ltr'>Patris</span> 
     </span>
    </p>
   </div>
   <div class='ocr_carea' id='block_1_44' title="bbox 140 2872 1746 2945">
    <p class='ocr_par' dir='ltr' id='par_1_44' title="bbox 140 2872 1746 2945">
     <span class='ocr_line' id='line_1_44' title="bbox 140 2872 1746 2945; baseline 0.001 -19"><span class='ocrx_word' id='word_1_300' title='bbox 140 2872 433 2926; x_wconf 87' lang='lat' dir='ltr'>Benedicti</span> <span class='ocrx_word' id='word_1_301' title='bbox 468 2874 739 2927; x_wconf 90' lang='lat' dir='ltr'>meritum</span> <span class='ocrx_word' id='word_1_302' title='bbox 770 2874 1069 2928; x_wconf 88' lang='lat' dir='ltr'>evidenter</span> <span class='ocrx_word' id='word_1_303' title='bbox 1098 2874 1353 2943; x_wconf 88' lang='lat' dir='ltr'>agnosci,</span> <span class='ocrx_word' id='word_1_304' title='bbox 1387 2875 1539 2945; x_wconf 90' lang='lat' dir='ltr'>quod</span> <span class='ocrx_word' id='word_1_305' title='bbox 1562 2891 1594 2927; x_wconf 89' lang='lat' dir='ltr'>a</span> <span class='ocrx_word' id='word_1_306' title='bbox 1624 2877 1746 2927; x_wconf 89' lang='lat' dir='ltr'>tam</span> 
     </span>
    </p>
   </div>
   <div class='ocr_carea' id='block_1_45' title="bbox 136 2963 1747 3032">
    <p class='ocr_par' dir='ltr' id='par_1_45' title="bbox 136 2963 1747 3032">
     <span class='ocr_line' id='line_1_45' title="bbox 136 2963 1747 3032; baseline 0.001 -16"><span class='ocrx_word' id='word_1_307' title='bbox 136 2963 330 3032; x_wconf 84' lang='lat' dir='ltr'>paucis</span> <span class='ocrx_word' id='word_1_308' title='bbox 358 2963 684 3017; x_wconf 65' lang='lat' dir='ltr'>exercitatae</span> <span class='ocrx_word' id='word_1_309' title='bbox 710 2963 928 3017; x_wconf 65' lang='lat' dir='ltr'>militiae</span> <span class='ocrx_word' id='word_1_310' title='bbox 976 2964 1106 3018; x_wconf 89' lang='lat' dir='ltr'>viris</span> <span class='ocrx_word' id='word_1_311' title='bbox 1138 2964 1441 3018; x_wconf 86' lang='lat' dir='ltr'>adversarii</span> <span class='ocrx_word' id='word_1_312' title='bbox 1476 2965 1652 3032; x_wconf 85' lang='lat' dir='ltr'>copiis</span> <span class='ocrx_word' id='word_1_313' title='bbox 1683 2981 1747 3018; x_wconf 90' lang='lat' dir='ltr'>ac</span> 
     </span>
    </p>
   </div>
   <div class='ocr_carea' id='block_1_46' title="bbox 139 3051 1745 3124">
    <p class='ocr_par' dir='ltr' id='par_1_46' title="bbox 139 3051 1745 3124">
     <span class='ocr_line' id='line_1_46' title="bbox 139 3051 1745 3124; baseline 0.001 -21"><span class='ocrx_word' id='word_1_314' title='bbox 139 3055 346 3104; x_wconf 88' lang='lat' dir='ltr'>natura</span> <span class='ocrx_word' id='word_1_315' title='bbox 372 3051 582 3104; x_wconf 90' lang='lat' dir='ltr'>muniti</span> <span class='ocrx_word' id='word_1_316' title='bbox 615 3051 721 3105; x_wconf 90' lang='lat' dir='ltr'>loci</span> <span class='ocrx_word' id='word_1_317' title='bbox 754 3054 873 3105; x_wconf 91' lang='lat' dir='ltr'>tam</span> <span class='ocrx_word' id='word_1_318' title='bbox 890 3053 1055 3106; x_wconf 81' lang='lat' dir='ltr'>facile</span> <span class='ocrx_word' id='word_1_319' title='bbox 1079 3053 1192 3107; x_wconf 90' lang='lat' dir='ltr'>sint</span> <span class='ocrx_word' id='word_1_320' title='bbox 1220 3053 1637 3124; x_wconf 77' lang='lat' dir='ltr'>superatiJllnd</span> <span class='ocrx_word' id='word_1_321' title='bbox 1658 3054 1745 3105; x_wconf 89' lang='lat' dir='ltr'>ni-</span> 
     </span>
    </p>
   </div>
   <div class='ocr_carea' id='block_1_47' title="bbox 139 3140 1744 3211">
    <p class='ocr_par' dir='ltr' id='par_1_47' title="bbox 139 3140 1744 3211">
     <span class='ocr_line' id='line_1_47' title="bbox 139 3140 1744 3211; baseline 0.002 -18"><span class='ocrx_word' id='word_1_322' title='bbox 139 3140 454 3194; x_wconf 85' lang='lat' dir='ltr'>hilominus</span> <span class='ocrx_word' id='word_1_323' title='bbox 491 3141 677 3211; x_wconf 89' lang='lat' dir='ltr'>gratia</span> <span class='ocrx_word' id='word_1_324' title='bbox 712 3141 811 3194; x_wconf 91' lang='lat' dir='ltr'>Dei</span> <span class='ocrx_word' id='word_1_325' title='bbox 852 3142 1102 3211; x_wconf 88' lang='lat' dir='ltr'>gratuita</span> <span class='ocrx_word' id='word_1_326' title='bbox 1130 3142 1295 3195; x_wconf 87' lang='lat' dir='ltr'>nobis</span> <span class='ocrx_word' id='word_1_327' title='bbox 1317 3143 1588 3196; x_wconf 88' lang='lat' dir='ltr'>collatum</span> <span class='ocrx_word' id='word_1_328' title='bbox 1622 3158 1744 3196; x_wconf 90' lang='lat' dir='ltr'>cre-</span> 
     </span>
    </p>
   </div>
   <div class='ocr_carea' id='block_1_48' title="bbox 139 3229 1736 3303">
    <p class='ocr_par' dir='ltr' id='par_1_48' title="bbox 139 3229 1736 3303">
     <span class='ocr_line' id='line_1_48' title="bbox 139 3229 1736 3303; baseline -0.001 -21"><span class='ocrx_word' id='word_1_329' title='bbox 139 3229 327 3283; x_wconf 88' lang='lat' dir='ltr'>dimus</span> <span class='ocrx_word' id='word_1_330' title='bbox 357 3230 514 3300; x_wconf 90' lang='lat' dir='ltr'>quod</span> <span class='ocrx_word' id='word_1_331' title='bbox 544 3229 793 3282; x_wconf 86' lang='lat' dir='ltr'>hostium</span> <span class='ocrx_word' id='word_1_332' title='bbox 824 3230 1061 3301; x_wconf 87' lang='lat' dir='ltr'>triginta</span> <span class='ocrx_word' id='word_1_333' title='bbox 1094 3231 1370 3285; x_wconf 86' lang='lat' dir='ltr'>militibus</span> <span class='ocrx_word' id='word_1_334' title='bbox 1401 3231 1736 3303; x_wconf 85' lang='lat' dir='ltr'>peremptis,</span> 
     </span>
    </p>
   </div>
   <div class='ocr_carea' id='block_1_49' title="bbox 138 3319 1742 3386">
    <p class='ocr_par' dir='ltr' id='par_1_49' title="bbox 138 3319 1742 3386">
     <span class='ocr_line' id='line_1_49' title="bbox 138 3319 1742 3386; baseline 0.001 -16"><span class='ocrx_word' id='word_1_335' title='bbox 138 3322 471 3372; x_wconf 88' lang='lat' dir='ltr'>nostrorum</span> <span class='ocrx_word' id='word_1_336' title='bbox 502 3334 677 3371; x_wconf 90' lang='lat' dir='ltr'>nemo</span> <span class='ocrx_word' id='word_1_337' title='bbox 707 3319 910 3371; x_wconf 89' lang='lat' dir='ltr'>saltem</span> <span class='ocrx_word' id='word_1_338' title='bbox 936 3321 1264 3373; x_wconf 88' lang='lat' dir='ltr'>vulneratus</span> <span class='ocrx_word' id='word_1_339' title='bbox 1296 3323 1400 3386; x_wconf 85' lang='lat' dir='ltr'>est,</span> <span class='ocrx_word' id='word_1_340' title='bbox 1434 3319 1615 3373; x_wconf 91' lang='lat' dir='ltr'>tribus</span> <span class='ocrx_word' id='word_1_341' title='bbox 1647 3336 1742 3372; x_wconf 86' lang='lat' dir='ltr'>ex-</span> 
     </span>
    </p>
   </div>
   <div class='ocr_carea' id='block_1_50' title="bbox 137 3407 1741 3482">
    <p class='ocr_par' dir='ltr' id='par_1_50' title="bbox 137 3407 1741 3482">
     <span class='ocr_line' id='line_1_50' title="bbox 137 3407 1741 3482; baseline -0.002 -17"><span class='ocrx_word' id='word_1_342' title='bbox 137 3409 333 3482; x_wconf 88' lang='lat' dir='ltr'>ceptis,</span> <span class='ocrx_word' id='word_1_343' title='bbox 364 3425 512 3463; x_wconf 88' lang='lat' dir='ltr'>unus</span> <span class='ocrx_word' id='word_1_344' title='bbox 540 3407 802 3462; x_wconf 87' lang='lat' dir='ltr'>videlicet</span> <span class='ocrx_word' id='word_1_345' title='bbox 822 3407 1167 3462; x_wconf 87' lang='lat' dir='ltr'>militaribus</span> <span class='ocrx_word' id='word_1_346' title='bbox 1180 3408 1403 3464; x_wconf 89' lang='lat' dir='ltr'>deditus</span> <span class='ocrx_word' id='word_1_347' title='bbox 1422 3408 1741 3479; x_wconf 91' lang='lat' dir='ltr'>stipendiis,</span> 
     </span>
    </p>
   </div>
   <div class='ocr_carea' id='block_1_51' title="bbox 138 3496 1744 3570">
    <p class='ocr_par' dir='ltr' id='par_1_51' title="bbox 138 3496 1744 3570">
     <span class='ocr_line' id='line_1_51' title="bbox 138 3496 1744 3570; baseline -0.001 -17"><span class='ocrx_word' id='word_1_348' title='bbox 138 3500 230 3570; x_wconf 90' lang='lat' dir='ltr'>qui</span> <span class='ocrx_word' id='word_1_349' title='bbox 260 3496 463 3553; x_wconf 89' lang='lat' dir='ltr'>lethali</span> <span class='ocrx_word' id='word_1_350' title='bbox 487 3498 720 3567; x_wconf 90' lang='lat' dir='ltr'>accepto</span> <span class='ocrx_word' id='word_1_351' title='bbox 749 3498 984 3551; x_wconf 89' lang='lat' dir='ltr'>vulnere</span> <span class='ocrx_word' id='word_1_352' title='bbox 1014 3496 1087 3551; x_wconf 90' lang='lat' dir='ltr'>ad</span> <span class='ocrx_word' id='word_1_353' title='bbox 1102 3497 1337 3568; x_wconf 91' lang='lat' dir='ltr'>propria</span> <span class='ocrx_word' id='word_1_354' title='bbox 1367 3497 1598 3552; x_wconf 91' lang='lat' dir='ltr'>rediens</span> <span class='ocrx_word' id='word_1_355' title='bbox 1626 3498 1744 3553; x_wconf 89' lang='lat' dir='ltr'>vita</span> 
     </span>
    </p>
   </div>
   <div class='ocr_carea' id='block_1_52' title="bbox 137 3585 1743 3658">
    <p class='ocr_par' dir='ltr' id='par_1_52' title="bbox 137 3585 1743 3658">
     <span class='ocr_line' id='line_1_52' title="bbox 137 3585 1743 3658; baseline 0 -17"><span class='ocrx_word' id='word_1_356' title='bbox 137 3587 396 3655; x_wconf 88' lang='lat' dir='ltr'>decessit,</span> <span class='ocrx_word' id='word_1_357' title='bbox 424 3603 491 3641; x_wconf 88' lang='lat' dir='ltr'>ac</span> <span class='ocrx_word' id='word_1_358' title='bbox 521 3585 635 3640; x_wconf 91' lang='lat' dir='ltr'>duo</span> <span class='ocrx_word' id='word_1_359' title='bbox 690 3585 1052 3655; x_wconf 69' lang='lat' dir='ltr'>agriculturae</span> <span class='ocrx_word' id='word_1_360' title='bbox 1102 3586 1291 3656; x_wconf 90' lang='lat' dir='ltr'>potius</span> <span class='ocrx_word' id='word_1_361' title='bbox 1322 3603 1498 3658; x_wconf 89' lang='lat' dir='ltr'>quam</span> <span class='ocrx_word' id='word_1_362' title='bbox 1525 3587 1743 3641; x_wconf 87' lang='lat' dir='ltr'>bellicis</span> 
     </span>
    </p>
   </div>
   <div class='ocr_carea' id='block_1_53' title="bbox 138 3673 1744 3747">
    <p class='ocr_par' dir='ltr' id='par_1_53' title="bbox 138 3673 1744 3747">
     <span class='ocr_line' id='line_1_53' title="bbox 138 3673 1744 3747; baseline 0 -17"><span class='ocrx_word' id='word_1_363' title='bbox 138 3675 291 3731; x_wconf 88' lang='lat' dir='ltr'>dedit</span> <span class='ocrx_word' id='word_1_364' title='bbox 319 3673 643 3747; x_wconf 88' lang='lat' dir='ltr'>stipendiis,</span> <span class='ocrx_word' id='word_1_365' title='bbox 670 3673 767 3744; x_wconf 89' lang='lat' dir='ltr'>qui</span> <span class='ocrx_word' id='word_1_366' title='bbox 799 3690 928 3727; x_wconf 91' lang='lat' dir='ltr'>cum</span> <span class='ocrx_word' id='word_1_367' title='bbox 962 3673 1154 3727; x_wconf 90' lang='lat' dir='ltr'>multis</span> <span class='ocrx_word' id='word_1_368' title='bbox 1175 3674 1299 3728; x_wconf 86' lang='lat' dir='ltr'>aliis</span> <span class='ocrx_word' id='word_1_369' title='bbox 1324 3674 1462 3729; x_wconf 89' lang='lat' dir='ltr'>artis</span> <span class='ocrx_word' id='word_1_370' title='bbox 1493 3675 1744 3731; x_wconf 88' lang='lat' dir='ltr'>homini-</span> 
     </span>
    </p>
   </div>
   <div class='ocr_carea' id='block_1_54' title="bbox 136 3760 1741 3834">
    <p class='ocr_par' dir='ltr' id='par_1_54' title="bbox 136 3760 1741 3834">
     <span class='ocr_line' id='line_1_54' title="bbox 136 3760 1741 3834; baseline 0 -15"><span class='ocrx_word' id='word_1_371' title='bbox 136 3763 236 3819; x_wconf 88' lang='lat' dir='ltr'>bus</span> <span class='ocrx_word' id='word_1_372' title='bbox 248 3764 411 3819; x_wconf 79' lang='lat' dir='ltr'>fama</span> <span class='ocrx_word' id='word_1_373' title='bbox 438 3761 622 3834; x_wconf 71' lang='lat' dir='ltr'>prmlii</span> <span class='ocrx_word' id='word_1_374' title='bbox 642 3760 828 3829; x_wconf 83' lang='lat' dir='ltr'>exciti,</span> <span class='ocrx_word' id='word_1_375' title='bbox 850 3762 1181 3816; x_wconf 86' lang='lat' dir='ltr'>auxiliatum</span> <span class='ocrx_word' id='word_1_376' title='bbox 1203 3762 1412 3817; x_wconf 88' lang='lat' dir='ltr'>nostris</span> <span class='ocrx_word' id='word_1_377' title='bbox 1442 3769 1741 3831; x_wconf 89' lang='lat' dir='ltr'>venerant;</span> 
     </span>
    </p>
   </div>
   <div class='ocr_carea' id='block_1_55' title="bbox 139 3850 1743 3921">
    <p class='ocr_par' dir='ltr' id='par_1_55' title="bbox 139 3850 1743 3921">
     <span class='ocr_line' id='line_1_55' title="bbox 139 3850 1743 3921; baseline 0.001 -15"><span class='ocrx_word' id='word_1_378' title='bbox 139 3852 269 3908; x_wconf 88' lang='lat' dir='ltr'>dum</span> <span class='ocrx_word' id='word_1_379' title='bbox 298 3851 551 3907; x_wconf 88' lang='lat' dir='ltr'>nimium</span> <span class='ocrx_word' id='word_1_380' title='bbox 573 3850 791 3921; x_wconf 71' lang='lat' dir='ltr'>rapinae</span> <span class='ocrx_word' id='word_1_381' title='bbox 820 3850 1073 3917; x_wconf 88' lang='lat' dir='ltr'>student,</span> <span class='ocrx_word' id='word_1_382' title='bbox 1100 3850 1385 3907; x_wconf 89' lang='lat' dir='ltr'>incertum</span> <span class='ocrx_word' id='word_1_383' title='bbox 1418 3869 1452 3906; x_wconf 91' lang='lat' dir='ltr'>a</span> <span class='ocrx_word' id='word_1_384' title='bbox 1476 3853 1640 3908; x_wconf 90' lang='lat' dir='ltr'>sociis</span> <span class='ocrx_word' id='word_1_385' title='bbox 1669 3870 1743 3908; x_wconf 91' lang='lat' dir='ltr'>an</span> 
     </span>
    </p>
   </div>
   <div class='ocr_carea' id='block_1_56' title="bbox 138 3939 1743 4014">
    <p class='ocr_par' dir='ltr' id='par_1_56' title="bbox 138 3939 1743 4014">
     <span class='ocr_line' id='line_1_56' title="bbox 138 3939 1743 4014; baseline 0.001 -17"><span class='ocrx_word' id='word_1_386' title='bbox 138 3942 204 3997; x_wconf 86' lang='lat' dir='ltr'>ab</span> <span class='ocrx_word' id='word_1_387' title='bbox 234 3941 524 3997; x_wconf 82' lang='lat' dir='ltr'>extraneis</span> <span class='ocrx_word' id='word_1_388' title='bbox 575 3939 912 4011; x_wconf 90' lang='lat' dir='ltr'>interempti</span> <span class='ocrx_word' id='word_1_389' title='bbox 960 3942 1115 3994; x_wconf 89' lang='lat' dir='ltr'>sunt.</span> <span class='ocrx_word' id='word_1_390' title='bbox 1165 3940 1282 3995; x_wconf 81' lang='lat' dir='ltr'>Hoc</span> <span class='ocrx_word' id='word_1_391' title='bbox 1332 3941 1525 4014; x_wconf 90' lang='lat' dir='ltr'>itaque</span> <span class='ocrx_word' id='word_1_392' title='bbox 1566 3943 1743 3998; x_wconf 91' lang='lat' dir='ltr'>modo</span> 
     </span>
    </p>
   </div>
   <div class='ocr_carea' id='block_1_57' title="bbox 140 4029 1739 4102">
    <p class='ocr_par' dir='ltr' id='par_1_57' title="bbox 140 4029 1739 4102">
     <span class='ocr_line' id='line_1_57' title="bbox 140 4029 1739 4102; baseline 0.001 -17"><span class='ocrx_word' id='word_1_393' title='bbox 140 4036 386 4085; x_wconf 88' lang='lat' dir='ltr'>castrum</span> <span class='ocrx_word' id='word_1_394' title='bbox 420 4030 575 4084; x_wconf 87' lang='lat' dir='ltr'>intra</span> <span class='ocrx_word' id='word_1_395' title='bbox 597 4033 813 4083; x_wconf 82' lang='lat' dir='ltr'>sextam</span> <span class='ocrx_word' id='word_1_396' title='bbox 838 4029 949 4083; x_wconf 89' lang='lat' dir='ltr'>diei</span> <span class='ocrx_word' id='word_1_397' title='bbox 982 4044 1095 4102; x_wconf 92' lang='lat' dir='ltr'>quo</span> <span class='ocrx_word' id='word_1_398' title='bbox 1116 4031 1371 4101; x_wconf 88' lang='lat' dir='ltr'>primum</span> <span class='ocrx_word' id='word_1_399' title='bbox 1394 4030 1476 4085; x_wconf 91' lang='lat' dir='ltr'>ibi</span> <span class='ocrx_word' id='word_1_400' title='bbox 1494 4031 1739 4087; x_wconf 84' lang='lat' dir='ltr'>advene-</span> 
     </span>
    </p>
   </div>
   <div class='ocr_carea' id='block_1_58' title="bbox 138 4118 1740 4190">
    <p class='ocr_par' dir='ltr' id='par_1_58' title="bbox 138 4118 1740 4190">
     <span class='ocr_line' id='line_1_58' title="bbox 138 4118 1740 4190; baseline 0.001 -14"><span class='ocrx_word' id='word_1_401' title='bbox 138 4124 267 4176; x_wconf 87' lang='lat' dir='ltr'>rant</span> <span class='ocrx_word' id='word_1_402' title='bbox 286 4121 495 4174; x_wconf 90' lang='lat' dir='ltr'>horam</span> <span class='ocrx_word' id='word_1_403' title='bbox 508 4120 805 4188; x_wconf 89' lang='lat' dir='ltr'>receptum</span> <span class='ocrx_word' id='word_1_404' title='bbox 819 4118 1140 4190; x_wconf 88' lang='lat' dir='ltr'>nostrisque</span> <span class='ocrx_word' id='word_1_405' title='bbox 1157 4118 1447 4173; x_wconf 91' lang='lat' dir='ltr'>redditum</span> <span class='ocrx_word' id='word_1_406' title='bbox 1463 4123 1567 4187; x_wconf 83' lang='lat' dir='ltr'>est,</span> <span class='ocrx_word' id='word_1_407' title='bbox 1588 4137 1740 4178; x_wconf 89' lang='lat' dir='ltr'>anno</span> 
     </span>
    </p>
   </div>
   <div class='ocr_carea' id='block_1_59' title="bbox 139 4206 1249 4265">
    <p class='ocr_par' dir='ltr' id='par_1_59' title="bbox 139 4206 1249 4265">
     <span class='ocr_line' id='line_1_59' title="bbox 139 4206 1249 4265; baseline -0.003 0"><span class='ocrx_word' id='word_1_408' title='bbox 139 4206 555 4265; x_wconf 87' lang='lat' dir='ltr'>lncarnationis</span> <span class='ocrx_word' id='word_1_409' title='bbox 584 4206 897 4261; x_wconf 70' lang='lat' dir='ltr'>Dominieee</span> <span class='ocrx_word' id='word_1_410' title='bbox 925 4207 1249 4262; x_wconf 88' lang='lat' dir='ltr'>millesimo.</span> 
     </span>
    </p>
   </div>
   <div class='ocr_carea' id='block_1_60' title="bbox 206 4295 1745 4367">
    <p class='ocr_par' dir='ltr' id='par_1_60' title="bbox 206 4295 1745 4367">
     <span class='ocr_line' id='line_1_60' title="bbox 206 4295 1745 4367; baseline 0.001 -16"><span class='ocrx_word' id='word_1_411' title='bbox 206 4304 292 4354; x_wconf 81' lang='grc'>17.</span> <span class='ocrx_word' id='word_1_412' title='bbox 336 4297 407 4350; x_wconf 88' lang='lat' dir='ltr'>Et</span> <span class='ocrx_word' id='word_1_413' title='bbox 433 4312 507 4349; x_wconf 91' lang='lat' dir='ltr'>ne</span> <span class='ocrx_word' id='word_1_414' title='bbox 529 4296 655 4367; x_wconf 85' lang='lat' dir='ltr'>quis</span> <span class='ocrx_word' id='word_1_415' title='bbox 680 4295 924 4348; x_wconf 68' lang='lat' dir='ltr'>testimet</span> <span class='ocrx_word' id='word_1_416' title='bbox 953 4297 1175 4349; x_wconf 81' lang='lat' dir='ltr'>tantam</span> <span class='ocrx_word' id='word_1_417' title='bbox 1208 4295 1506 4351; x_wconf 85' lang='lat' dir='ltr'>victoriam</span> <span class='ocrx_word' id='word_1_418' title='bbox 1554 4298 1745 4354; x_wconf 90' lang='lat' dir='ltr'>homi-</span> 
     </span>
    </p>
   </div>
   <div class='ocr_carea' id='block_1_61' title="bbox 143 4382 1741 4456">
    <p class='ocr_par' dir='ltr' id='par_1_61' title="bbox 143 4382 1741 4456">
     <span class='ocr_line' id='line_1_61' title="bbox 143 4382 1741 4456; baseline 0 -14"><span class='ocrx_word' id='word_1_419' title='bbox 143 4403 277 4442; x_wconf 90' lang='lat' dir='ltr'>num</span> <span class='ocrx_word' id='word_1_420' title='bbox 303 4385 502 4456; x_wconf 87' lang='lat' dir='ltr'>potius</span> <span class='ocrx_word' id='word_1_421' title='bbox 524 4382 716 4438; x_wconf 90' lang='lat' dir='ltr'>virtuti</span> <span class='ocrx_word' id='word_1_422' title='bbox 738 4400 909 4454; x_wconf 90' lang='lat' dir='ltr'>quam</span> <span class='ocrx_word' id='word_1_423' title='bbox 930 4383 1135 4438; x_wconf 82' lang='lat' dir='ltr'>divinae</span> <span class='ocrx_word' id='word_1_424' title='bbox 1158 4384 1363 4439; x_wconf 85' lang='lat' dir='ltr'>ascribi</span> <span class='ocrx_word' id='word_1_425' title='bbox 1400 4385 1609 4441; x_wconf 89' lang='lat' dir='ltr'>debere</span> <span class='ocrx_word' id='word_1_426' title='bbox 1631 4388 1741 4442; x_wconf 87' lang='lat' dir='ltr'>lar-</span> 
     </span>
    </p>
   </div>
   <div class='ocr_carea' id='block_1_62' title="bbox 2494 1991 2820 2047">
    <p class='ocr_par' dir='ltr' id='par_1_62' title="bbox 2494 1991 2820 2047">
     <span class='ocr_line' id='line_1_62' title="bbox 2494 1991 2820 2047; baseline 0.006 -2"><span class='ocrx_word' id='word_1_427' title='bbox 2494 1991 2715 2047; x_wconf 82' lang='lat' dir='ltr'>CAPUT</span> <span class='ocrx_word' id='word_1_428' title='bbox 2734 1993 2820 2047; x_wconf 88' lang='lat' dir='ltr'>Vl.</span> 
     </span>
    </p>
   </div>
   <div class='ocr_carea' id='block_1_63' title="bbox 1889 2074 3425 2155">
    <p class='ocr_par' dir='ltr' id='par_1_63' title="bbox 1889 2074 3425 2155">
     <span class='ocr_line' id='line_1_63' title="bbox 1889 2074 3425 2155; baseline 0.008 -25"><span class='ocrx_word' id='word_1_429' title='bbox 1889 2074 2150 2132; x_wconf 79' lang='lat' dir='ltr'>Ademari</span> <span class='ocrx_word' id='word_1_430' title='bbox 2177 2085 2407 2132; x_wconf 79' lang='lat' dir='ltr'>castrum</span> <span class='ocrx_word' id='word_1_431' title='bbox 2439 2078 2703 2138; x_wconf 76' lang='lat' dir='ltr'>dirutum.</span> <span class='ocrx_word' id='word_1_432' title='bbox 2736 2082 2925 2154; x_wconf 79' lang='lat' dir='ltr'>Equus</span> <span class='ocrx_word' id='word_1_433' title='bbox 2956 2102 2983 2138; x_wconf 80' lang='grc' dir='ltr'><em>ε</em></span> <span class='ocrx_word' id='word_1_434' title='bbox 2996 2093 3162 2155; x_wconf 82' lang='lat' dir='ltr'>puteo</span> <span class='ocrx_word' id='word_1_435' title='bbox 3209 2086 3425 2144; x_wconf 79' lang='lat' dir='ltr'>eductus</span> 
     </span>
    </p>
   </div>
   <div class='ocr_carea' id='block_1_64' title="bbox 1931 2164 3459 2245">
    <p class='ocr_par' dir='ltr' id='par_1_64' title="bbox 1931 2164 3459 2245">
     <span class='ocr_line' id='line_1_64' title="bbox 1931 2164 3459 2245; baseline 0.01 -29"><span class='ocrx_word' id='word_1_436' title='bbox 1931 2166 2014 2217; x_wconf 82' lang='grc'>19.</span> <span class='ocrx_word' id='word_1_437' title='bbox 2054 2164 2197 2228; x_wconf 86' lang='lat' dir='ltr'>Quia</span> <span class='ocrx_word' id='word_1_438' title='bbox 2226 2183 2360 2221; x_wconf 90' lang='lat' dir='ltr'>vero</span> <span class='ocrx_word' id='word_1_439' title='bbox 2379 2169 2557 2222; x_wconf 90' lang='lat' dir='ltr'>semel</span> <span class='ocrx_word' id='word_1_440' title='bbox 2587 2168 2959 2240; x_wconf 85' lang='lat' dir='ltr'>Aquitaniam</span> <span class='ocrx_word' id='word_1_441' title='bbox 2978 2172 3220 2245; x_wconf 89' lang='lat' dir='ltr'>ingressi</span> <span class='ocrx_word' id='word_1_442' title='bbox 3240 2192 3459 2245; x_wconf 89' lang='lat' dir='ltr'>sumus,</span> 
     </span>
    </p>
   </div>
   <div class='ocr_carea' id='block_1_65' title="bbox 1857 2253 3460 2331">
    <p class='ocr_par' dir='ltr' id='par_1_65' title="bbox 1857 2253 3460 2331">
     <span class='ocr_line' id='line_1_65' title="bbox 1857 2253 3460 2331; baseline 0.01 -27"><span class='ocrx_word' id='word_1_443' title='bbox 1857 2268 1972 2305; x_wconf 89' lang='lat' dir='ltr'>non</span> <span class='ocrx_word' id='word_1_444' title='bbox 2005 2253 2077 2307; x_wconf 90' lang='lat' dir='ltr'>ab</span> <span class='ocrx_word' id='word_1_445' title='bbox 2121 2270 2183 2307; x_wconf 90' lang='lat' dir='ltr'>re</span> <span class='ocrx_word' id='word_1_446' title='bbox 2216 2270 2335 2309; x_wconf 87' lang='lat' dir='ltr'>esse</span> <span class='ocrx_word' id='word_1_447' title='bbox 2357 2255 2599 2324; x_wconf 88' lang='lat' dir='ltr'>videtur,</span> <span class='ocrx_word' id='word_1_448' title='bbox 2655 2258 2700 2311; x_wconf 91' lang='lat' dir='ltr'>si</span> <span class='ocrx_word' id='word_1_449' title='bbox 2752 2258 2835 2313; x_wconf 91' lang='lat' dir='ltr'>rei</span> <span class='ocrx_word' id='word_1_450' title='bbox 2865 2263 3042 2331; x_wconf 80' lang='lat' dir='ltr'>gestae</span> <span class='ocrx_word' id='word_1_451' title='bbox 3091 2262 3460 2331; x_wconf 86' lang='lat' dir='ltr'>miraculum,</span> 
     </span>
    </p>
   </div>
   <div class='ocr_carea' id='block_1_66' title="bbox 1856 2341 3460 2420">
    <p class='ocr_par' dir='ltr' id='par_1_66' title="bbox 1856 2341 3460 2420">
     <span class='ocr_line' id='line_1_66' title="bbox 1856 2341 3460 2420; baseline 0.009 -26"><span class='ocrx_word' id='word_1_452' title='bbox 1856 2341 2011 2411; x_wconf 90' lang='lat' dir='ltr'>quod</span> <span class='ocrx_word' id='word_1_453' title='bbox 2042 2342 2184 2397; x_wconf 88' lang='lat' dir='ltr'>ordo</span> <span class='ocrx_word' id='word_1_454' title='bbox 2215 2360 2516 2400; x_wconf 90' lang='lat' dir='ltr'>causarum</span> <span class='ocrx_word' id='word_1_455' title='bbox 2562 2347 2843 2418; x_wconf 88' lang='lat' dir='ltr'>superiori</span> <span class='ocrx_word' id='word_1_456' title='bbox 2873 2350 3068 2420; x_wconf 89' lang='lat' dir='ltr'>paucis</span> <span class='ocrx_word' id='word_1_457' title='bbox 3100 2353 3460 2409; x_wconf 90' lang='lat' dir='ltr'>elabentibus</span> 
     </span>
    </p>
   </div>
   <div class='ocr_carea' id='block_1_67' title="bbox 1855 2428 3460 2514">
    <p class='ocr_par' dir='ltr' id='par_1_67' title="bbox 1855 2428 3460 2514">
     <span class='ocr_line' id='line_1_67' title="bbox 1855 2428 3460 2514; baseline 0.01 -33"><span class='ocrx_word' id='word_1_458' title='bbox 1855 2428 2020 2482; x_wconf 90' lang='lat' dir='ltr'>annis</span> <span class='ocrx_word' id='word_1_459' title='bbox 2049 2431 2373 2500; x_wconf 80' lang='lat' dir='ltr'>subnexuit,</span> <span class='ocrx_word' id='word_1_460' title='bbox 2419 2435 2903 2493; x_wconf 88' lang='lat' dir='ltr'>enarraverimus.</span> <span class='ocrx_word' id='word_1_461' title='bbox 2930 2437 3161 2508; x_wconf 88' lang='lat' dir='ltr'>Captus,</span> <span class='ocrx_word' id='word_1_462' title='bbox 3194 2444 3256 2494; x_wconf 90' lang='lat' dir='ltr'>ut</span> <span class='ocrx_word' id='word_1_463' title='bbox 3288 2458 3460 2514; x_wconf 91' lang='lat' dir='ltr'>supra</span> 
     </span>
    </p>
   </div>
   <div class='ocr_carea' id='block_1_68' title="bbox 1855 2517 3459 2596">
    <p class='ocr_par' dir='ltr' id='par_1_68' title="bbox 1855 2517 3459 2596">
     <span class='ocr_line' id='line_1_68' title="bbox 1855 2517 3459 2596; baseline 0.009 -26"><span class='ocrx_word' id='word_1_464' title='bbox 1855 2517 2072 2572; x_wconf 91' lang='lat' dir='ltr'>dictum</span> <span class='ocrx_word' id='word_1_465' title='bbox 2120 2522 2224 2586; x_wconf 91' lang='lat' dir='ltr'>est,</span> <span class='ocrx_word' id='word_1_466' title='bbox 2268 2521 2592 2577; x_wconf 88' lang='lat' dir='ltr'>Ademarus</span> <span class='ocrx_word' id='word_1_467' title='bbox 2656 2524 2728 2578; x_wconf 92' lang='lat' dir='ltr'>ab</span> <span class='ocrx_word' id='word_1_468' title='bbox 2774 2524 3035 2596; x_wconf 90' lang='lat' dir='ltr'>Hugone,</span> <span class='ocrx_word' id='word_1_469' title='bbox 3091 2527 3165 2581; x_wconf 90' lang='lat' dir='ltr'>ad</span> <span class='ocrx_word' id='word_1_470' title='bbox 3208 2532 3459 2584; x_wconf 89' lang='lat' dir='ltr'>castrum</span> 
     </span>
    </p>
   </div>
   <div class='ocr_carea' id='block_1_69' title="bbox 1852 2604 3459 2687">
    <p class='ocr_par' dir='ltr' id='par_1_69' title="bbox 1852 2604 3459 2687">
     <span class='ocr_line' id='line_1_69' title="bbox 1852 2604 3459 2687; baseline 0.009 -29"><span class='ocrx_word' id='word_1_471' title='bbox 1852 2604 2100 2661; x_wconf 75' lang='lat' dir='ltr'>Bruccize</span> <span class='ocrx_word' id='word_1_472' title='bbox 2128 2608 2405 2664; x_wconf 91' lang='lat' dir='ltr'>deductus</span> <span class='ocrx_word' id='word_1_473' title='bbox 2429 2614 2533 2665; x_wconf 90' lang='lat' dir='ltr'>est.</span> <span class='ocrx_word' id='word_1_474' title='bbox 2556 2611 2618 2665; x_wconf 92' lang='lat' dir='ltr'>1d</span> <span class='ocrx_word' id='word_1_475' title='bbox 2647 2611 2912 2667; x_wconf 87' lang='lat' dir='ltr'>Giraldus</span> <span class='ocrx_word' id='word_1_476' title='bbox 2937 2613 3173 2685; x_wconf 90' lang='lat' dir='ltr'>quidam</span> <span class='ocrx_word' id='word_1_477' title='bbox 3200 2617 3459 2687; x_wconf 87' lang='lat' dir='ltr'>partibus</span> 
     </span>
    </p>
   </div>
   <div class='ocr_carea' id='block_1_70' title="bbox 1848 2692 3459 2768">
    <p class='ocr_par' dir='ltr' id='par_1_70' title="bbox 1848 2692 3459 2768">
     <span class='ocr_line' id='line_1_70' title="bbox 1848 2692 3459 2768; baseline 0.01 -22"><span class='ocrx_word' id='word_1_478' title='bbox 1848 2692 2047 2748; x_wconf 86' lang='lat' dir='ltr'>favens</span> <span class='ocrx_word' id='word_1_479' title='bbox 2096 2696 2499 2752; x_wconf 83' lang='lat' dir='ltr'>Ademarianis</span> <span class='ocrx_word' id='word_1_480' title='bbox 2553 2700 2811 2768; x_wconf 90' lang='lat' dir='ltr'>tenebat,</span> <span class='ocrx_word' id='word_1_481' title='bbox 2863 2703 3100 2756; x_wconf 88' lang='lat' dir='ltr'>exclusis</span> <span class='ocrx_word' id='word_1_482' title='bbox 3145 2704 3459 2762; x_wconf 82' lang='lat' dir='ltr'>factoribus</span> 
     </span>
    </p>
   </div>
   <div class='ocr_carea' id='block_1_71' title="bbox 1847 2782 3456 2861">
    <p class='ocr_par' dir='ltr' id='par_1_71' title="bbox 1847 2782 3456 2861">
     <span class='ocr_line' id='line_1_71' title="bbox 1847 2782 3456 2861; baseline 0.009 -26"><span class='ocrx_word' id='word_1_483' title='bbox 1847 2782 2207 2847; x_wconf 84' lang='lat' dir='ltr'>[fautoribus]</span> <span class='ocrx_word' id='word_1_484' title='bbox 2236 2785 2510 2857; x_wconf 87' lang='lat' dir='ltr'>Hugonis,</span> <span class='ocrx_word' id='word_1_485' title='bbox 2546 2786 2644 2858; x_wconf 91' lang='lat' dir='ltr'>qui</span> <span class='ocrx_word' id='word_1_486' title='bbox 2673 2793 2901 2859; x_wconf 90' lang='lat' dir='ltr'>partem</span> <span class='ocrx_word' id='word_1_487' title='bbox 2925 2791 3184 2861; x_wconf 90' lang='lat' dir='ltr'>ejusdem</span> <span class='ocrx_word' id='word_1_488' title='bbox 3201 2793 3456 2850; x_wconf 88' lang='lat' dir='ltr'>castriab</span> 
     </span>
    </p>
   </div>
   <div class='ocr_carea' id='block_1_72' title="bbox 1846 2871 3460 2955">
    <p class='ocr_par' dir='ltr' id='par_1_72' title="bbox 1846 2871 3460 2955">
     <span class='ocr_line' id='line_1_72' title="bbox 1846 2871 3460 2955; baseline 0.009 -32"><span class='ocrx_word' id='word_1_489' title='bbox 1846 2871 2133 2927; x_wconf 87' lang='lat' dir='ltr'>Ademaro</span> <span class='ocrx_word' id='word_1_490' title='bbox 2160 2873 2264 2927; x_wconf 91' lang='lat' dir='ltr'>sidi</span> <span class='ocrx_word' id='word_1_491' title='bbox 2288 2880 2638 2948; x_wconf 61' lang='lat' dir='ltr'>praereptam</span> <span class='ocrx_word' id='word_1_492' title='bbox 2669 2894 2786 2932; x_wconf 89' lang='lat' dir='ltr'>non</span> <span class='ocrx_word' id='word_1_493' title='bbox 2820 2880 3460 2955; x_wconf 83' lang='lat' dir='ltr'>mediocriterindigna—</span> 
     </span>
    </p>
   </div>
   <div class='ocr_carea' id='block_1_73' title="bbox 1849 2960 3457 3042">
    <p class='ocr_par' dir='ltr' id='par_1_73' title="bbox 1849 2960 3457 3042">
     <span class='ocr_line' id='line_1_73' title="bbox 1849 2960 3457 3042; baseline 0.008 -29"><span class='ocrx_word' id='word_1_494' title='bbox 1849 2960 2037 3013; x_wconf 88' lang='lat' dir='ltr'>batur.</span> <span class='ocrx_word' id='word_1_495' title='bbox 2073 2962 2332 3032; x_wconf 88' lang='lat' dir='ltr'>Denique</span> <span class='ocrx_word' id='word_1_496' title='bbox 2377 2964 2651 3019; x_wconf 90' lang='lat' dir='ltr'>eumdem</span> <span class='ocrx_word' id='word_1_497' title='bbox 2678 2967 2976 3036; x_wconf 88' lang='lat' dir='ltr'>juvenem,</span> <span class='ocrx_word' id='word_1_498' title='bbox 3028 2986 3201 3041; x_wconf 92' lang='lat' dir='ltr'>quem</span> <span class='ocrx_word' id='word_1_499' title='bbox 3225 2976 3457 3042; x_wconf 90' lang='lat' dir='ltr'>captum</span> 
     </span>
    </p>
   </div>
   <div class='ocr_carea' id='block_1_74' title="bbox 1847 3047 3458 3122">
    <p class='ocr_par' dir='ltr' id='par_1_74' title="bbox 1847 3047 3458 3122">
     <span class='ocr_line' id='line_1_74' title="bbox 1847 3047 3458 3122; baseline 0.009 -23"><span class='ocrx_word' id='word_1_500' title='bbox 1847 3047 2116 3116; x_wconf 82' lang='lat' dir='ltr'>habebat,</span> <span class='ocrx_word' id='word_1_501' title='bbox 2151 3067 2180 3103; x_wconf 92' lang='lat' dir='ltr'>e</span> <span class='ocrx_word' id='word_1_502' title='bbox 2208 3050 2446 3120; x_wconf 89' lang='lat' dir='ltr'>regione</span> <span class='ocrx_word' id='word_1_503' title='bbox 2482 3069 2803 3122; x_wconf 90' lang='lat' dir='ltr'>murorum,</span> <span class='ocrx_word' id='word_1_504' title='bbox 2839 3056 2991 3110; x_wconf 91' lang='lat' dir='ltr'>unde</span> <span class='ocrx_word' id='word_1_505' title='bbox 3019 3072 3053 3109; x_wconf 88' lang='lat' dir='ltr'>a</span> <span class='ocrx_word' id='word_1_506' title='bbox 3101 3058 3214 3111; x_wconf 90' lang='lat' dir='ltr'>suis</span> <span class='ocrx_word' id='word_1_507' title='bbox 3246 3058 3458 3115; x_wconf 88' lang='lat' dir='ltr'>intueri</span> 
     </span>
    </p>
   </div>
   <div class='ocr_carea' id='block_1_75' title="bbox 1848 3139 3456 3219">
    <p class='ocr_par' dir='ltr' id='par_1_75' title="bbox 1848 3139 3456 3219">
     <span class='ocr_line' id='line_1_75' title="bbox 1848 3139 3456 3219; baseline 0.009 -31"><span class='ocrx_word' id='word_1_508' title='bbox 1848 3142 2059 3207; x_wconf 89' lang='lat' dir='ltr'>posset,</span> <span class='ocrx_word' id='word_1_509' title='bbox 2094 3139 2296 3192; x_wconf 92' lang='lat' dir='ltr'>deduci</span> <span class='ocrx_word' id='word_1_510' title='bbox 2325 3140 3114 3213; x_wconf 69' lang='lat' dir='ltr'>prmcipiens,interminatus</span> <span class='ocrx_word' id='word_1_511' title='bbox 3135 3150 3219 3201; x_wconf 89' lang='lat' dir='ltr'>est</span> <span class='ocrx_word' id='word_1_512' title='bbox 3233 3164 3292 3202; x_wconf 92' lang='lat' dir='ltr'>se</span> <span class='ocrx_word' id='word_1_513' title='bbox 3332 3149 3456 3219; x_wconf 90' lang='lat' dir='ltr'>ejus</span> 
     </span>
    </p>
   </div>
   <div class='ocr_carea' id='block_1_76' title="bbox 1848 3226 3453 3295">
    <p class='ocr_par' dir='ltr' id='par_1_76' title="bbox 1848 3226 3453 3295">
     <span class='ocr_line' id='line_1_76' title="bbox 1848 3226 3453 3295; baseline 0.009 -18"><span class='ocrx_word' id='word_1_514' title='bbox 1848 3229 2019 3295; x_wconf 88' lang='lat' dir='ltr'>caput</span> <span class='ocrx_word' id='word_1_515' title='bbox 2040 3226 2446 3295; x_wconf 89' lang='lat' dir='ltr'>abscissurum,</span> <span class='ocrx_word' id='word_1_516' title='bbox 2474 3229 2533 3282; x_wconf 91' lang='lat' dir='ltr'>ni</span> <span class='ocrx_word' id='word_1_517' title='bbox 2565 3233 2859 3286; x_wconf 91' lang='lat' dir='ltr'>maturato</span> <span class='ocrx_word' id='word_1_518' title='bbox 2882 3233 2990 3287; x_wconf 91' lang='lat' dir='ltr'>sibi</span> <span class='ocrx_word' id='word_1_519' title='bbox 3036 3235 3453 3292; x_wconf 89' lang='lat' dir='ltr'>munitionibus</span> 
     </span>
    </p>
   </div>
   <div class='ocr_carea' id='block_1_77' title="bbox 1846 3313 3454 3396">
    <p class='ocr_par' dir='ltr' id='par_1_77' title="bbox 1846 3313 3454 3396">
     <span class='ocr_line' id='line_1_77' title="bbox 1846 3313 3454 3396; baseline 0.01 -31"><span class='ocrx_word' id='word_1_520' title='bbox 1846 3313 2137 3367; x_wconf 88' lang='lat' dir='ltr'>cederent.</span> <span class='ocrx_word' id='word_1_521' title='bbox 2172 3314 2294 3377; x_wconf 87' lang='lat' dir='ltr'>Qua</span> <span class='ocrx_word' id='word_1_522' title='bbox 2316 3332 2405 3368; x_wconf 90' lang='lat' dir='ltr'>res</span> <span class='ocrx_word' id='word_1_523' title='bbox 2421 3316 2713 3371; x_wconf 89' lang='lat' dir='ltr'>Giraldum</span> <span class='ocrx_word' id='word_1_524' title='bbox 2731 3322 2789 3372; x_wconf 91' lang='lat' dir='ltr'>et</span> <span class='ocrx_word' id='word_1_525' title='bbox 2813 3336 2911 3374; x_wconf 90' lang='lat' dir='ltr'>eos</span> <span class='ocrx_word' id='word_1_526' title='bbox 2939 3320 3037 3392; x_wconf 92' lang='lat' dir='ltr'>qui</span> <span class='ocrx_word' id='word_1_527' title='bbox 3068 3321 3220 3378; x_wconf 90' lang='lat' dir='ltr'>intus</span> <span class='ocrx_word' id='word_1_528' title='bbox 3264 3330 3454 3396; x_wconf 89' lang='lat' dir='ltr'>erant,</span> 
     </span>
    </p>
   </div>
   <div class='ocr_carea' id='block_1_78' title="bbox 1844 3401 3456 3472">
    <p class='ocr_par' dir='ltr' id='par_1_78' title="bbox 1844 3401 3456 3472">
     <span class='ocr_line' id='line_1_78' title="bbox 1844 3401 3456 3472; baseline 0.011 -19"><span class='ocrx_word' id='word_1_529' title='bbox 1844 3401 2095 3472; x_wconf 87' lang='lat' dir='ltr'>graviter</span> <span class='ocrx_word' id='word_1_530' title='bbox 2135 3404 2465 3472; x_wconf 89' lang='lat' dir='ltr'>perterruit,</span> <span class='ocrx_word' id='word_1_531' title='bbox 2536 3405 2789 3459; x_wconf 88' lang='lat' dir='ltr'>maxime</span> <span class='ocrx_word' id='word_1_532' title='bbox 2846 3407 3104 3463; x_wconf 88' lang='lat' dir='ltr'>videntes</span> <span class='ocrx_word' id='word_1_533' title='bbox 3151 3412 3456 3470; x_wconf 88' lang='lat' dir='ltr'>dominum</span> 
     </span>
    </p>
   </div>
   <div class='ocr_carea' id='block_1_79' title="bbox 1844 3490 3453 3567">
    <p class='ocr_par' dir='ltr' id='par_1_79' title="bbox 1844 3490 3453 3567">
     <span class='ocr_line' id='line_1_79' title="bbox 1844 3490 3453 3567; baseline 0.009 -24"><span class='ocrx_word' id='word_1_534' title='bbox 1844 3507 2010 3544; x_wconf 91' lang='lat' dir='ltr'>suum</span> <span class='ocrx_word' id='word_1_535' title='bbox 2042 3506 2172 3544; x_wconf 92' lang='lat' dir='ltr'>cum</span> <span class='ocrx_word' id='word_1_536' title='bbox 2204 3490 2610 3546; x_wconf 86' lang='lat' dir='ltr'>totexercitate</span> <span class='ocrx_word' id='word_1_537' title='bbox 2640 3493 2861 3549; x_wconf 57' lang='lat' dir='ltr'>militia;</span> <span class='ocrx_word' id='word_1_538' title='bbox 2882 3496 3133 3567; x_wconf 84' lang='lat' dir='ltr'>egregiis</span> <span class='ocrx_word' id='word_1_539' title='bbox 3154 3498 3453 3557; x_wconf 87' lang='lat' dir='ltr'>bellatori-</span> 
     </span>
    </p>
   </div>
   <div class='ocr_carea' id='block_1_80' title="bbox 1843 3577 3450 3652">
    <p class='ocr_par' dir='ltr' id='par_1_80' title="bbox 1843 3577 3450 3652">
     <span class='ocr_line' id='line_1_80' title="bbox 1843 3577 3450 3652; baseline 0.009 -21"><span class='ocrx_word' id='word_1_540' title='bbox 1843 3578 1949 3632; x_wconf 89' lang='lat' dir='ltr'>bus</span> <span class='ocrx_word' id='word_1_541' title='bbox 1969 3577 2156 3633; x_wconf 90' lang='lat' dir='ltr'>subita</span> <span class='ocrx_word' id='word_1_542' title='bbox 2180 3594 2375 3633; x_wconf 92' lang='lat' dir='ltr'>rerum</span> <span class='ocrx_word' id='word_1_543' title='bbox 2408 3579 2777 3635; x_wconf 89' lang='lat' dir='ltr'>conversione</span> <span class='ocrx_word' id='word_1_544' title='bbox 2808 3582 3119 3652; x_wconf 89' lang='lat' dir='ltr'>dejectum.</span> <span class='ocrx_word' id='word_1_545' title='bbox 3145 3585 3308 3642; x_wconf 91' lang='lat' dir='ltr'>Unde</span> <span class='ocrx_word' id='word_1_546' title='bbox 3330 3606 3450 3645; x_wconf 89' lang='lat' dir='ltr'>non</span> 
     </span>
    </p>
   </div>
   <div class='ocr_carea' id='block_1_81' title="bbox 1843 3667 3452 3741">
    <p class='ocr_par' dir='ltr' id='par_1_81' title="bbox 1843 3667 3452 3741">
     <span class='ocr_line' id='line_1_81' title="bbox 1843 3667 3452 3741; baseline 0.006 -19"><span class='ocrx_word' id='word_1_547' title='bbox 1843 3668 2031 3722; x_wconf 87' lang='lat' dir='ltr'>solum</span> <span class='ocrx_word' id='word_1_548' title='bbox 2057 3667 2356 3740; x_wconf 90' lang='lat' dir='ltr'>oppidum,</span> <span class='ocrx_word' id='word_1_549' title='bbox 2384 3668 2485 3722; x_wconf 92' lang='lat' dir='ltr'>sed</span> <span class='ocrx_word' id='word_1_550' title='bbox 2514 3667 2690 3723; x_wconf 88' lang='lat' dir='ltr'>etiam</span> <span class='ocrx_word' id='word_1_551' title='bbox 2708 3684 2767 3723; x_wconf 93' lang='lat' dir='ltr'>se</span> <span class='ocrx_word' id='word_1_552' title='bbox 2797 3685 3015 3741; x_wconf 90' lang='lat' dir='ltr'>suaque</span> <span class='ocrx_word' id='word_1_553' title='bbox 3049 3672 3248 3729; x_wconf 89' lang='lat' dir='ltr'>omnia</span> <span class='ocrx_word' id='word_1_554' title='bbox 3266 3676 3452 3733; x_wconf 89' lang='lat' dir='ltr'>territi</span> 
     </span>
    </p>
   </div>
   <div class='ocr_carea' id='block_1_82' title="bbox 1844 3755 3454 3835">
    <p class='ocr_par' dir='ltr' id='par_1_82' title="bbox 1844 3755 3454 3835">
     <span class='ocr_line' id='line_1_82' title="bbox 1844 3755 3454 3835; baseline 0.007 -26"><span class='ocrx_word' id='word_1_555' title='bbox 1844 3755 2139 3810; x_wconf 86' lang='lat' dir='ltr'>dedidere.</span> <span class='ocrx_word' id='word_1_556' title='bbox 2172 3756 2333 3827; x_wconf 84' lang='lat' dir='ltr'>Hugo</span> <span class='ocrx_word' id='word_1_557' title='bbox 2379 3756 2597 3828; x_wconf 89' lang='lat' dir='ltr'>potitus</span> <span class='ocrx_word' id='word_1_558' title='bbox 2636 3760 2845 3825; x_wconf 89' lang='lat' dir='ltr'>castro,</span> <span class='ocrx_word' id='word_1_559' title='bbox 2883 3758 3089 3813; x_wconf 88' lang='lat' dir='ltr'>turrim</span> <span class='ocrx_word' id='word_1_560' title='bbox 3127 3777 3256 3832; x_wconf 68' lang='lat' dir='ltr'>quae</span> <span class='ocrx_word' id='word_1_561' title='bbox 3307 3764 3454 3835; x_wconf 88' lang='lat' dir='ltr'>juris</span> 
     </span>
    </p>
   </div>
   <div class='ocr_carea' id='block_1_83' title="bbox 1842 3843 3454 3912">
    <p class='ocr_par' dir='ltr' id='par_1_83' title="bbox 1842 3843 3454 3912">
     <span class='ocr_line' id='line_1_83' title="bbox 1842 3843 3454 3912; baseline 0.007 -16"><span class='ocrx_word' id='word_1_562' title='bbox 1842 3843 2115 3898; x_wconf 83' lang='lat' dir='ltr'>Ademari</span> <span class='ocrx_word' id='word_1_563' title='bbox 2146 3844 2316 3898; x_wconf 85' lang='lat' dir='ltr'>fuisse</span> <span class='ocrx_word' id='word_1_564' title='bbox 2368 3844 2689 3912; x_wconf 88' lang='lat' dir='ltr'>videbatur,</span> <span class='ocrx_word' id='word_1_565' title='bbox 2720 3846 3027 3902; x_wconf 89' lang='lat' dir='ltr'>confestim</span> <span class='ocrx_word' id='word_1_566' title='bbox 3061 3847 3255 3905; x_wconf 91' lang='lat' dir='ltr'>diruit.</span> <span class='ocrx_word' id='word_1_567' title='bbox 3287 3852 3454 3911; x_wconf 80' lang='lat' dir='ltr'>Juxta</span> 
     </span>
    </p>
   </div>
   <div class='ocr_carea' id='block_1_84' title="bbox 1844 3932 3452 4014">
    <p class='ocr_par' dir='ltr' id='par_1_84' title="bbox 1844 3932 3452 4014">
     <span class='ocr_line' id='line_1_84' title="bbox 1844 3932 3452 4014; baseline 0.007 -26"><span class='ocrx_word' id='word_1_568' title='bbox 1844 3949 1976 3988; x_wconf 90' lang='lat' dir='ltr'>eam</span> <span class='ocrx_word' id='word_1_569' title='bbox 2003 3932 2251 3988; x_wconf 87' lang='lat' dir='ltr'>cisterna</span> <span class='ocrx_word' id='word_1_570' title='bbox 2272 3937 2396 3988; x_wconf 92' lang='lat' dir='ltr'>erat</span> <span class='ocrx_word' id='word_1_571' title='bbox 2452 3934 2526 3988; x_wconf 92' lang='lat' dir='ltr'>ad</span> <span class='ocrx_word' id='word_1_572' title='bbox 2558 3933 2908 4006; x_wconf 87' lang='lat' dir='ltr'>colligendas</span> <span class='ocrx_word' id='word_1_573' title='bbox 2958 3935 3234 3994; x_wconf 88' lang='lat' dir='ltr'>imbrium</span> <span class='ocrx_word' id='word_1_574' title='bbox 3274 3957 3452 4014; x_wconf 89' lang='lat' dir='ltr'>aquas</span> 
     </span>
    </p>
   </div>
   <div class='ocr_carea' id='block_1_85' title="bbox 1846 4020 3450 4097">
    <p class='ocr_par' dir='ltr' id='par_1_85' title="bbox 1846 4020 3450 4097">
     <span class='ocr_line' id='line_1_85' title="bbox 1846 4020 3450 4097; baseline 0.007 -21"><span class='ocrx_word' id='word_1_575' title='bbox 1846 4022 2068 4090; x_wconf 76' lang='lat' dir='ltr'>effossa,</span> <span class='ocrx_word' id='word_1_576' title='bbox 2101 4020 2486 4095; x_wconf 87' lang='lat' dir='ltr'>quadraginta</span> <span class='ocrx_word' id='word_1_577' title='bbox 2517 4023 2774 4096; x_wconf 90' lang='lat' dir='ltr'>quinque</span> <span class='ocrx_word' id='word_1_578' title='bbox 2800 4027 2858 4079; x_wconf 89' lang='lat' dir='ltr'>et</span> <span class='ocrx_word' id='word_1_579' title='bbox 2880 4041 2949 4080; x_wconf 91' lang='lat' dir='ltr'>eo</span> <span class='ocrx_word' id='word_1_580' title='bbox 2989 4026 3233 4097; x_wconf 89' lang='lat' dir='ltr'>amplius</span> <span class='ocrx_word' id='word_1_581' title='bbox 3246 4030 3450 4087; x_wconf 88' lang='lat' dir='ltr'>cubitis</span> 
     </span>
    </p>
   </div>
   <div class='ocr_carea' id='block_1_86' title="bbox 1843 4109 2530 4182">
    <p class='ocr_par' dir='ltr' id='par_1_86' title="bbox 1843 4109 2530 4182">
     <span class='ocr_line' id='line_1_86' title="bbox 1843 4109 2530 4182; baseline 0.001 -18"><span class='ocrx_word' id='word_1_582' title='bbox 1843 4109 1899 4164; x_wconf 88' lang='lat' dir='ltr'>in</span> <span class='ocrx_word' id='word_1_583' title='bbox 1928 4110 2281 4182; x_wconf 86' lang='lat' dir='ltr'>profundum</span> <span class='ocrx_word' id='word_1_584' title='bbox 2305 4116 2530 4182; x_wconf 90' lang='lat' dir='ltr'>patens.</span> 
     </span>
    </p>
   </div>
   <div class='ocr_carea' id='block_1_87' title="bbox 1916 4199 3448 4276">
    <p class='ocr_par' dir='ltr' id='par_1_87' title="bbox 1916 4199 3448 4276">
     <span class='ocr_line' id='line_1_87' title="bbox 1916 4199 3448 4276; baseline 0.008 -21"><span class='ocrx_word' id='word_1_585' title='bbox 1916 4204 2002 4257; x_wconf 83' lang='lat'>20.</span> <span class='ocrx_word' id='word_1_586' title='bbox 2032 4200 2197 4254; x_wconf 87' lang='lat' dir='ltr'>Forte</span> <span class='ocrx_word' id='word_1_587' title='bbox 2222 4203 2353 4271; x_wconf 88' lang='lat' dir='ltr'>post</span> <span class='ocrx_word' id='word_1_588' title='bbox 2383 4199 2618 4272; x_wconf 90' lang='lat' dir='ltr'>aliquod</span> <span class='ocrx_word' id='word_1_589' title='bbox 2640 4202 2918 4273; x_wconf 90' lang='lat' dir='ltr'>temporis</span> <span class='ocrx_word' id='word_1_590' title='bbox 2957 4206 3206 4276; x_wconf 90' lang='lat' dir='ltr'>spatium</span> <span class='ocrx_word' id='word_1_591' title='bbox 3237 4208 3348 4265; x_wconf 88' lang='lat' dir='ltr'>duo</span> <span class='ocrx_word' id='word_1_592' title='bbox 3380 4228 3448 4268; x_wconf 83' lang='lat' dir='ltr'>ex</span> 
     </span>
    </p>
   </div>
   <div class='ocr_carea' id='block_1_88' title="bbox 1843 4288 3447 4360">
    <p class='ocr_par' dir='ltr' id='par_1_88' title="bbox 1843 4288 3447 4360">
     <span class='ocr_line' id='line_1_88' title="bbox 1843 4288 3447 4360; baseline 0.009 -16"><span class='ocrx_word' id='word_1_593' title='bbox 1843 4289 2113 4344; x_wconf 80' lang='lat' dir='ltr'>fratribus</span> <span class='ocrx_word' id='word_1_594' title='bbox 2139 4288 2346 4344; x_wconf 89' lang='lat' dir='ltr'>nostris</span> <span class='ocrx_word' id='word_1_595' title='bbox 2373 4289 2525 4360; x_wconf 89' lang='lat' dir='ltr'>apud</span> <span class='ocrx_word' id='word_1_596' title='bbox 2578 4295 2969 4347; x_wconf 89' lang='lat' dir='ltr'>memoratum</span> <span class='ocrx_word' id='word_1_597' title='bbox 3025 4298 3204 4351; x_wconf 87' lang='lat' dir='ltr'>sancti</span> <span class='ocrx_word' id='word_1_598' title='bbox 3262 4302 3447 4358; x_wconf 89' lang='lat' dir='ltr'>Patris</span> 
     </span>
    </p>
   </div>
   <div class='ocr_carea' id='block_1_89' title="bbox 1845 4378 3449 4454">
    <p class='ocr_par' dir='ltr' id='par_1_89' title="bbox 1845 4378 3449 4454">
     <span class='ocr_line' id='line_1_89' title="bbox 1845 4378 3449 4454; baseline 0.008 -22"><span class='ocrx_word' id='word_1_599' title='bbox 1845 4378 2133 4433; x_wconf 89' lang='lat' dir='ltr'>Benedicti</span> <span class='ocrx_word' id='word_1_600' title='bbox 2164 4378 2394 4432; x_wconf 90' lang='lat' dir='ltr'>Salense</span> <span class='ocrx_word' id='word_1_601' title='bbox 2423 4379 2836 4434; x_wconf 84' lang='lat' dir='ltr'>monasterium</span> <span class='ocrx_word' id='word_1_602' title='bbox 2852 4380 3210 4454; x_wconf 86' lang='lat' dir='ltr'>degentibus,</span> <span class='ocrx_word' id='word_1_603' title='bbox 3236 4389 3449 4446; x_wconf 88' lang='lat' dir='ltr'>utilita-</span> 
     </span>
    </p>
   </div>
   <div class='ocr_carea' id='block_1_90' title="bbox 144 4469 3446 4547">
    <p class='ocr_par' dir='ltr' id='par_1_90' title="bbox 144 4469 3446 4547">
     <span class='ocr_line' id='line_1_90' title="bbox 144 4469 3446 4547; baseline 0.002 -19"><span class='ocrx_word' id='word_1_604' title='bbox 144 4474 368 4547; x_wconf 90' lang='lat' dir='ltr'>gitioni,</span> <span class='ocrx_word' id='word_1_605' title='bbox 404 4473 547 4527; x_wconf 88' lang='lat' dir='ltr'>sciat</span> <span class='ocrx_word' id='word_1_606' title='bbox 578 4472 831 4542; x_wconf 88' lang='lat' dir='ltr'>ipsorum</span> <span class='ocrx_word' id='word_1_607' title='bbox 865 4471 1029 4526; x_wconf 86' lang='lat' dir='ltr'>nobis</span> <span class='ocrx_word' id='word_1_608' title='bbox 1076 4472 1356 4527; x_wconf 86' lang='lat' dir='ltr'>relatione</span> <span class='ocrx_word' id='word_1_609' title='bbox 1387 4474 1743 4530; x_wconf 85' lang='lat' dir='ltr'>adversorio-</span> <span class='ocrx_word' id='word_1_610' title='bbox 1769 4485 1820 4544; x_wconf 85' lang='lat'>1)</span> <span class='ocrx_word' id='word_1_611' title='bbox 1846 4471 1917 4523; x_wconf 77' lang='lat' dir='ltr'>tis</span> <span class='ocrx_word' id='word_1_612' title='bbox 1940 4469 2274 4523; x_wconf 68' lang='lat' dir='ltr'>monasterii</span> <span class='ocrx_word' id='word_1_613' title='bbox 2290 4469 2813 4539; x_wconf 66' lang='lat' dir='ltr'>gl‘atia,prmfatum</span> <span class='ocrx_word' id='word_1_614' title='bbox 2829 4472 3132 4543; x_wconf 79' lang='lat' dir='ltr'>Hugonem</span> <span class='ocrx_word' id='word_1_615' title='bbox 3151 4475 3446 4536; x_wconf 84' lang='lat' dir='ltr'>Brucciam</span> 
     </span>
    </p>
   </div>
   <div class='ocr_carea' id='block_1_91' title="bbox 143 4560 1745 4635">
    <p class='ocr_par' dir='ltr' id='par_1_91' title="bbox 143 4560 1745 4635">
     <span class='ocr_line' id='line_1_91' title="bbox 143 4560 1745 4635; baseline 0.002 -17"><span class='ocrx_word' id='word_1_616' title='bbox 143 4578 266 4618; x_wconf 87' lang='lat' dir='ltr'>rum</span> <span class='ocrx_word' id='word_1_617' title='bbox 293 4564 597 4633; x_wconf 88' lang='lat' dir='ltr'>vulgatum</span> <span class='ocrx_word' id='word_1_618' title='bbox 617 4576 713 4614; x_wconf 88' lang='lat' dir='ltr'>eos</span> <span class='ocrx_word' id='word_1_619' title='bbox 734 4560 925 4631; x_wconf 88' lang='lat' dir='ltr'>vigore</span> <span class='ocrx_word' id='word_1_620' title='bbox 946 4560 1025 4615; x_wconf 91' lang='lat' dir='ltr'>ita</span> <span class='ocrx_word' id='word_1_621' title='bbox 1058 4561 1358 4617; x_wconf 88' lang='lat' dir='ltr'>destitutos</span> <span class='ocrx_word' id='word_1_622' title='bbox 1380 4566 1459 4630; x_wconf 88' lang='lat' dir='ltr'>ut,</span> <span class='ocrx_word' id='word_1_623' title='bbox 1489 4567 1745 4635; x_wconf 86' lang='lat' dir='ltr'>quamvis</span> 
     </span>
    </p>
   </div>
   <div class='ocr_carea' id='block_1_92' title="bbox 144 4648 1741 4723">
    <p class='ocr_par' dir='ltr' id='par_1_92' title="bbox 144 4648 1741 4723">
     <span class='ocr_line' id='line_1_92' title="bbox 144 4648 1741 4723; baseline 0.002 -17"><span class='ocrx_word' id='word_1_624' title='bbox 144 4655 387 4708; x_wconf 89' lang='lat' dir='ltr'>telorum</span> <span class='ocrx_word' id='word_1_625' title='bbox 423 4667 525 4704; x_wconf 89' lang='lat' dir='ltr'>seu</span> <span class='ocrx_word' id='word_1_626' title='bbox 546 4648 806 4719; x_wconf 89' lang='lat' dir='ltr'>lapidum</span> <span class='ocrx_word' id='word_1_627' title='bbox 838 4651 989 4703; x_wconf 90' lang='lat' dir='ltr'>mole</span> <span class='ocrx_word' id='word_1_628' title='bbox 1012 4650 1305 4704; x_wconf 90' lang='lat' dir='ltr'>abundare</span> <span class='ocrx_word' id='word_1_629' title='bbox 1335 4668 1393 4705; x_wconf 91' lang='lat' dir='ltr'>se</span> <span class='ocrx_word' id='word_1_630' title='bbox 1419 4658 1741 4723; x_wconf 89' lang='lat' dir='ltr'>cernerent,</span> 
     </span>
    </p>
   </div>
   <div class='ocr_carea' id='block_1_93' title="bbox 142 4737 1742 4809">
    <p class='ocr_par' dir='ltr' id='par_1_93' title="bbox 142 4737 1742 4809">
     <span class='ocr_line' id='line_1_93' title="bbox 142 4737 1742 4809; baseline 0 -12"><span class='ocrx_word' id='word_1_631' title='bbox 142 4744 353 4797; x_wconf 88' lang='lat' dir='ltr'>nullam</span> <span class='ocrx_word' id='word_1_632' title='bbox 402 4744 604 4795; x_wconf 89' lang='lat' dir='ltr'>tamen</span> <span class='ocrx_word' id='word_1_633' title='bbox 641 4737 957 4792; x_wconf 83' lang='lat' dir='ltr'>efﬁcaciam</span> <span class='ocrx_word' id='word_1_634' title='bbox 1006 4737 1064 4791; x_wconf 89' lang='lat' dir='ltr'>in</span> <span class='ocrx_word' id='word_1_635' title='bbox 1098 4738 1366 4809; x_wconf 86' lang='lat' dir='ltr'>jaciendo</span> <span class='ocrx_word' id='word_1_636' title='bbox 1411 4740 1517 4795; x_wconf 90' lang='lat' dir='ltr'>sibi</span> <span class='ocrx_word' id='word_1_637' title='bbox 1559 4743 1742 4797; x_wconf 90' lang='lat' dir='ltr'>inesse</span> 
     </span>
    </p>
   </div>
   <div class='ocr_carea' id='block_1_94' title="bbox 142 4828 1741 4898">
    <p class='ocr_par' dir='ltr' id='par_1_94' title="bbox 142 4828 1741 4898">
     <span class='ocr_line' id='line_1_94' title="bbox 142 4828 1741 4898; baseline 0.001 -13"><span class='ocrx_word' id='word_1_638' title='bbox 142 4832 439 4885; x_wconf 87' lang='lat' dir='ltr'>sentirent.</span> <span class='ocrx_word' id='word_1_639' title='bbox 474 4828 701 4881; x_wconf 73' lang='lat' dir='ltr'>Anima:</span> <span class='ocrx_word' id='word_1_640' title='bbox 733 4842 960 4898; x_wconf 88' lang='lat' dir='ltr'>quoque</span> <span class='ocrx_word' id='word_1_641' title='bbox 993 4833 1428 4898; x_wconf 87' lang='lat' dir='ltr'>peremptorum</span> <span class='ocrx_word' id='word_1_642' title='bbox 1460 4835 1741 4887; x_wconf 89' lang='lat' dir='ltr'>nocturno</span> 
     </span>
    </p>
   </div>
   <div class='ocr_carea' id='block_1_95' title="bbox 141 4915 1742 4993">
    <p class='ocr_par' dir='ltr' id='par_1_95' title="bbox 141 4915 1742 4993">
     <span class='ocr_line' id='line_1_95' title="bbox 141 4915 1742 4993; baseline 0.001 -18"><span class='ocrx_word' id='word_1_643' title='bbox 141 4923 400 4993; x_wconf 89' lang='lat' dir='ltr'>tempore</span> <span class='ocrx_word' id='word_1_644' title='bbox 420 4919 481 4972; x_wconf 90' lang='lat' dir='ltr'>in</span> <span class='ocrx_word' id='word_1_645' title='bbox 497 4915 703 4970; x_wconf 90' lang='lat' dir='ltr'>eadem</span> <span class='ocrx_word' id='word_1_646' title='bbox 720 4916 848 4968; x_wconf 87' lang='lat' dir='ltr'>villa</span> <span class='ocrx_word' id='word_1_647' title='bbox 863 4915 1217 4986; x_wconf 87' lang='lat' dir='ltr'>quiescentes</span> <span class='ocrx_word' id='word_1_648' title='bbox 1230 4918 1495 4973; x_wconf 88' lang='lat' dir='ltr'>homines</span> <span class='ocrx_word' id='word_1_649' title='bbox 1509 4936 1742 4976; x_wconf 89' lang='lat' dir='ltr'>somnos</span> 
     </span>
    </p>
   </div>
   <div class='ocr_carea' id='block_1_96' title="bbox 142 5002 1739 5080">
    <p class='ocr_par' dir='ltr' id='par_1_96' title="bbox 142 5002 1739 5080">
     <span class='ocr_line' id='line_1_96' title="bbox 142 5002 1739 5080; baseline 0.001 -16"><span class='ocrx_word' id='word_1_650' title='bbox 142 5024 408 5080; x_wconf 88' lang='lat' dir='ltr'>rumpere</span> <span class='ocrx_word' id='word_1_651' title='bbox 429 5002 742 5075; x_wconf 60' lang='lat' dir='ltr'>saepissime</span> <span class='ocrx_word' id='word_1_652' title='bbox 774 5003 1081 5074; x_wconf 86' lang='lat' dir='ltr'>cogebant,</span> <span class='ocrx_word' id='word_1_653' title='bbox 1116 5005 1385 5060; x_wconf 89' lang='lat' dir='ltr'>ﬂebiliter</span> <span class='ocrx_word' id='word_1_654' title='bbox 1416 5007 1739 5065; x_wconf 86' lang='lat' dir='ltr'>oberrando</span> 
     </span>
    </p>
   </div>
   <div class='ocr_carea' id='block_1_97' title="bbox 140 5092 1738 5164">
    <p class='ocr_par' dir='ltr' id='par_1_97' title="bbox 140 5092 1738 5164">
     <span class='ocr_line' id='line_1_97' title="bbox 140 5092 1738 5164; baseline 0.001 -12"><span class='ocrx_word' id='word_1_655' title='bbox 140 5098 506 5152; x_wconf 87' lang='lat' dir='ltr'>inclimantcs</span> <span class='ocrx_word' id='word_1_656' title='bbox 536 5109 595 5146; x_wconf 89' lang='lat' dir='ltr'>se</span> <span class='ocrx_word' id='word_1_657' title='bbox 614 5092 850 5146; x_wconf 88' lang='lat' dir='ltr'>miseras</span> <span class='ocrx_word' id='word_1_658' title='bbox 884 5094 1007 5146; x_wconf 86' lang='lat' dir='ltr'>fore</span> <span class='ocrx_word' id='word_1_659' title='bbox 1034 5092 1212 5163; x_wconf 80' lang='lat' dir='ltr'>(esse),</span> <span class='ocrx_word' id='word_1_660' title='bbox 1237 5110 1363 5164; x_wconf 67' lang='lat' dir='ltr'>quin</span> <span class='ocrx_word' id='word_1_661' title='bbox 1386 5098 1738 5153; x_wconf 85' lang='lat' dir='ltr'>excellentis-</span> 
     </span>
    </p>
   </div>
   <div class='ocr_carea' id='block_1_98' title="bbox 140 5179 1741 5252">
    <p class='ocr_par' dir='ltr' id='par_1_98' title="bbox 140 5179 1741 5252">
     <span class='ocr_line' id='line_1_98' title="bbox 140 5179 1741 5252; baseline 0.001 -12"><span class='ocrx_word' id='word_1_662' title='bbox 140 5186 261 5241; x_wconf 87' lang='lat' dir='ltr'>simi</span> <span class='ocrx_word' id='word_1_663' title='bbox 296 5183 484 5239; x_wconf 87' lang='lat' dir='ltr'>Patris</span> <span class='ocrx_word' id='word_1_664' title='bbox 510 5179 801 5236; x_wconf 88' lang='lat' dir='ltr'>Benedicti</span> <span class='ocrx_word' id='word_1_665' title='bbox 827 5196 918 5235; x_wconf 88' lang='lat' dir='ltr'>res</span> <span class='ocrx_word' id='word_1_666' title='bbox 944 5182 1255 5252; x_wconf 84' lang='lat' dir='ltr'>pervadere</span> <span class='ocrx_word' id='word_1_667' title='bbox 1288 5199 1405 5237; x_wconf 91' lang='lat' dir='ltr'>non</span> <span class='ocrx_word' id='word_1_668' title='bbox 1434 5184 1741 5242; x_wconf 86' lang='lat' dir='ltr'>dubitavis-</span> 
     </span>
    </p>
   </div>
   <div class='ocr_carea' id='block_1_99' title="bbox 138 5279 279 5330">
    <p class='ocr_par' dir='ltr' id='par_1_99' title="bbox 138 5279 279 5330">
     <span class='ocr_line' id='line_1_99' title="bbox 138 5279 279 5330; baseline 0.007 -1"><span class='ocrx_word' id='word_1_669' title='bbox 138 5279 279 5330; x_wconf 90' lang='lat' dir='ltr'>sent.</span> 
     </span>
    </p>
   </div>
   <div class='ocr_carea' id='block_1_100' title="bbox 208 5360 1740 5433">
    <p class='ocr_par' dir='ltr' id='par_1_100' title="bbox 208 5360 1740 5433">
     <span class='ocr_line' id='line_1_100' title="bbox 208 5360 1740 5433; baseline 0 -14"><span class='ocrx_word' id='word_1_670' title='bbox 208 5367 292 5419; x_wconf 79' lang='grc'>18.</span> <span class='ocrx_word' id='word_1_671' title='bbox 327 5363 445 5417; x_wconf 80' lang='lat' dir='ltr'>Nec</span> <span class='ocrx_word' id='word_1_672' title='bbox 475 5360 657 5416; x_wconf 85' lang='lat' dir='ltr'>Guido</span> <span class='ocrx_word' id='word_1_673' title='bbox 673 5360 899 5433; x_wconf 86' lang='lat' dir='ltr'>genitor</span> <span class='ocrx_word' id='word_1_674' title='bbox 912 5360 1204 5428; x_wconf 83' lang='lat' dir='ltr'>Ademari,</span> <span class='ocrx_word' id='word_1_675' title='bbox 1227 5360 1342 5416; x_wconf 89' lang='lat' dir='ltr'>sive</span> <span class='ocrx_word' id='word_1_676' title='bbox 1364 5362 1541 5416; x_wconf 89' lang='lat' dir='ltr'>etiam</span> <span class='ocrx_word' id='word_1_677' title='bbox 1563 5364 1740 5419; x_wconf 88' lang='lat' dir='ltr'>Giral-</span> 
     </span>
    </p>
   </div>
   <div class='ocr_carea' id='block_1_101' title="bbox 140 5449 1739 5521">
    <p class='ocr_par' dir='ltr' id='par_1_101' title="bbox 140 5449 1739 5521">
     <span class='ocr_line' id='line_1_101' title="bbox 140 5449 1739 5521; baseline -0.003 -12"><span class='ocrx_word' id='word_1_678' title='bbox 140 5454 239 5509; x_wconf 91' lang='lat' dir='ltr'>dus</span> <span class='ocrx_word' id='word_1_679' title='bbox 262 5454 451 5507; x_wconf 82' lang='lat' dir='ltr'>frater</span> <span class='ocrx_word' id='word_1_680' title='bbox 480 5451 624 5521; x_wconf 89' lang='lat' dir='ltr'>ejus,</span> <span class='ocrx_word' id='word_1_681' title='bbox 672 5450 951 5520; x_wconf 89' lang='lat' dir='ltr'>patrimus</span> <span class='ocrx_word' id='word_1_682' title='bbox 993 5450 1119 5519; x_wconf 87' lang='lat' dir='ltr'>jam</span> <span class='ocrx_word' id='word_1_683' title='bbox 1165 5449 1298 5503; x_wconf 91' lang='lat' dir='ltr'>dicti</span> <span class='ocrx_word' id='word_1_684' title='bbox 1343 5451 1739 5519; x_wconf 82' lang='lat' dir='ltr'>adolescentis,</span> 
     </span>
    </p>
   </div>
   <div class='ocr_carea' id='block_1_102' title="bbox 139 5537 1743 5608">
    <p class='ocr_par' dir='ltr' id='par_1_102' title="bbox 139 5537 1743 5608">
     <span class='ocr_line' id='line_1_102' title="bbox 139 5537 1743 5608; baseline -0.004 -10"><span class='ocrx_word' id='word_1_685' title='bbox 139 5543 432 5598; x_wconf 89' lang='lat' dir='ltr'>immunes</span> <span class='ocrx_word' id='word_1_686' title='bbox 444 5537 807 5593; x_wconf 90' lang='lat' dir='ltr'>miseriarum</span> <span class='ocrx_word' id='word_1_687' title='bbox 824 5538 1013 5604; x_wconf 86' lang='lat' dir='ltr'>fuere;</span> <span class='ocrx_word' id='word_1_688' title='bbox 1032 5553 1229 5591; x_wconf 91' lang='lat' dir='ltr'>verum</span> <span class='ocrx_word' id='word_1_689' title='bbox 1246 5537 1421 5591; x_wconf 89' lang='lat' dir='ltr'>secuti</span> <span class='ocrx_word' id='word_1_690' title='bbox 1443 5538 1743 5608; x_wconf 85' lang='lat' dir='ltr'>participes</span> 
     </span>
    </p>
   </div>
   <div class='ocr_carea' id='block_1_103' title="bbox 140 5626 1743 5702">
    <p class='ocr_par' dir='ltr' id='par_1_103' title="bbox 140 5626 1743 5702">
     <span class='ocr_line' id='line_1_103' title="bbox 140 5626 1743 5702; baseline -0.003 -16"><span class='ocrx_word' id='word_1_691' title='bbox 140 5631 257 5702; x_wconf 87' lang='lat' dir='ltr'>ejus</span> <span class='ocrx_word' id='word_1_692' title='bbox 286 5631 454 5684; x_wconf 80' lang='lat' dir='ltr'>fuere</span> <span class='ocrx_word' id='word_1_693' title='bbox 476 5626 719 5694; x_wconf 90' lang='lat' dir='ltr'>consilii,</span> <span class='ocrx_word' id='word_1_694' title='bbox 736 5626 814 5679; x_wconf 92' lang='lat' dir='ltr'>sic</span> <span class='ocrx_word' id='word_1_695' title='bbox 846 5626 1211 5697; x_wconf 89' lang='lat' dir='ltr'>quoque,Dei</span> <span class='ocrx_word' id='word_1_696' title='bbox 1221 5626 1540 5695; x_wconf 88' lang='lat' dir='ltr'>justissima</span> <span class='ocrx_word' id='word_1_697' title='bbox 1558 5626 1743 5698; x_wconf 86' lang='lat' dir='ltr'>dispo-</span> 
     </span>
    </p>
   </div>
   <div class='ocr_carea' id='block_1_104' title="bbox 140 5713 1740 5793">
    <p class='ocr_par' dir='ltr' id='par_1_104' title="bbox 140 5713 1740 5793">
     <span class='ocr_line' id='line_1_104' title="bbox 140 5713 1740 5793; baseline -0.001 -17"><span class='ocrx_word' id='word_1_698' title='bbox 140 5721 314 5777; x_wconf 86' lang='lat' dir='ltr'>nente</span> <span class='ocrx_word' id='word_1_699' title='bbox 364 5713 751 5793; x_wconf 87' lang='lat' dir='ltr'>providentia,</span> <span class='ocrx_word' id='word_1_700' title='bbox 795 5713 1185 5787; x_wconf 87' lang='lat' dir='ltr'>periculorum</span> <span class='ocrx_word' id='word_1_701' title='bbox 1232 5714 1392 5771; x_wconf 85' lang='lat' dir='ltr'>fuere</span> <span class='ocrx_word' id='word_1_702' title='bbox 1429 5718 1740 5774; x_wconf 89' lang='lat' dir='ltr'>consortes.</span> 
     </span>
    </p>
   </div>
   <div class='ocr_carea' id='block_1_105' title="bbox 1843 4558 3444 4637">
    <p class='ocr_par' dir='ltr' id='par_1_105' title="bbox 1843 4558 3444 4637">
     <span class='ocr_line' id='line_1_105' title="bbox 1843 4558 3444 4637; baseline 0.008 -25"><span class='ocrx_word' id='word_1_703' title='bbox 1843 4562 1981 4613; x_wconf 89' lang='lat' dir='ltr'>tunc</span> <span class='ocrx_word' id='word_1_704' title='bbox 2010 4558 2359 4613; x_wconf 89' lang='lat' dir='ltr'>incolentem</span> <span class='ocrx_word' id='word_1_705' title='bbox 2382 4558 2685 4627; x_wconf 88' lang='lat' dir='ltr'>adierunt;</span> <span class='ocrx_word' id='word_1_706' title='bbox 2716 4560 2788 4615; x_wconf 90' lang='lat' dir='ltr'>ob</span> <span class='ocrx_word' id='word_1_707' title='bbox 2820 4562 3444 4637; x_wconf 87' lang='lat' dir='ltr'>cujuscolloquiumsu-</span> 
     </span>
    </p>
   </div>
   <div class='ocr_carea' id='block_1_106' title="bbox 1844 4647 3447 4723">
    <p class='ocr_par' dir='ltr' id='par_1_106' title="bbox 1844 4647 3447 4723">
     <span class='ocr_line' id='line_1_106' title="bbox 1844 4647 3447 4723; baseline 0.007 -21"><span class='ocrx_word' id='word_1_708' title='bbox 1844 4649 2074 4721; x_wconf 89' lang='lat' dir='ltr'>periora</span> <span class='ocrx_word' id='word_1_709' title='bbox 2121 4647 2290 4701; x_wconf 90' lang='lat' dir='ltr'>turris</span> <span class='ocrx_word' id='word_1_710' title='bbox 2344 4651 2630 4718; x_wconf 77' lang='lat' dir='ltr'>petentes,</span> <span class='ocrx_word' id='word_1_711' title='bbox 2686 4649 2852 4704; x_wconf 87' lang='lat' dir='ltr'>binos</span> <span class='ocrx_word' id='word_1_712' title='bbox 2895 4668 3071 4723; x_wconf 90' lang='lat' dir='ltr'>equos</span> <span class='ocrx_word' id='word_1_713' title='bbox 3120 4655 3447 4714; x_wconf 90' lang='lat' dir='ltr'>retinaculis</span> 
     </span>
    </p>
   </div>
   <div class='ocr_carea' id='block_1_107' title="bbox 1842 4737 3446 4812">
    <p class='ocr_par' dir='ltr' id='par_1_107' title="bbox 1842 4737 3446 4812">
     <span class='ocr_line' id='line_1_107' title="bbox 1842 4737 3446 4812; baseline 0.006 -21"><span class='ocrx_word' id='word_1_714' title='bbox 1842 4738 2370 4792; x_wconf 87' lang='lat' dir='ltr'>sibimetconnexos</span> <span class='ocrx_word' id='word_1_715' title='bbox 2384 4737 2442 4791; x_wconf 94' lang='lat' dir='ltr'>in</span> <span class='ocrx_word' id='word_1_716' title='bbox 2456 4737 2825 4793; x_wconf 88' lang='lat' dir='ltr'>inferioribus</span> <span class='ocrx_word' id='word_1_717' title='bbox 2843 4741 3446 4812; x_wconf 71' lang='lat' dir='ltr'>reliqueruntJiorum</span> 
     </span>
    </p>
   </div>
   <div class='ocr_carea' id='block_1_108' title="bbox 1843 4825 3445 4902">
    <p class='ocr_par' dir='ltr' id='par_1_108' title="bbox 1843 4825 3445 4902">
     <span class='ocr_line' id='line_1_108' title="bbox 1843 4825 3445 4902; baseline 0.007 -21"><span class='ocrx_word' id='word_1_718' title='bbox 1843 4843 1989 4881; x_wconf 90' lang='lat' dir='ltr'>unus</span> <span class='ocrx_word' id='word_1_719' title='bbox 2019 4825 2224 4897; x_wconf 88' lang='lat' dir='ltr'>quietis</span> <span class='ocrx_word' id='word_1_720' title='bbox 2253 4825 2581 4897; x_wconf 89' lang='lat' dir='ltr'>impatiens,</span> <span class='ocrx_word' id='word_1_721' title='bbox 2604 4825 2743 4879; x_wconf 90' lang='lat' dir='ltr'>dum</span> <span class='ocrx_word' id='word_1_722' title='bbox 2773 4827 2883 4880; x_wconf 91' lang='lat' dir='ltr'>huc</span> <span class='ocrx_word' id='word_1_723' title='bbox 2920 4828 3166 4902; x_wconf 90' lang='lat' dir='ltr'>illucque</span> <span class='ocrx_word' id='word_1_724' title='bbox 3197 4837 3445 4891; x_wconf 90' lang='lat' dir='ltr'>errando</span> 
     </span>
    </p>
   </div>
   <div class='ocr_carea' id='block_1_109' title="bbox 1841 4913 3444 4993">
    <p class='ocr_par' dir='ltr' id='par_1_109' title="bbox 1841 4913 3444 4993">
     <span class='ocr_line' id='line_1_109' title="bbox 1841 4913 3444 4993; baseline 0.007 -25"><span class='ocrx_word' id='word_1_725' title='bbox 1841 4915 2059 4970; x_wconf 88' lang='lat' dir='ltr'>socium</span> <span class='ocrx_word' id='word_1_726' title='bbox 2094 4914 2287 4980; x_wconf 87' lang='lat' dir='ltr'>trahit,</span> <span class='ocrx_word' id='word_1_727' title='bbox 2323 4919 2617 4982; x_wconf 87' lang='lat' dir='ltr'>postrema</span> <span class='ocrx_word' id='word_1_728' title='bbox 2636 4913 2893 4983; x_wconf 86' lang='lat' dir='ltr'>corporis</span> <span class='ocrx_word' id='word_1_729' title='bbox 2918 4920 3080 4984; x_wconf 90' lang='lat' dir='ltr'>parte</span> <span class='ocrx_word' id='word_1_730' title='bbox 3113 4918 3170 4973; x_wconf 90' lang='lat' dir='ltr'>in</span> <span class='ocrx_word' id='word_1_731' title='bbox 3188 4924 3444 4993; x_wconf 88' lang='lat' dir='ltr'>superius</span> 
     </span>
    </p>
   </div>
   <div class='ocr_carea' id='block_1_110' title="bbox 1842 5001 3444 5083">
    <p class='ocr_par' dir='ltr' id='par_1_110' title="bbox 1842 5001 3444 5083">
     <span class='ocr_line' id='line_1_110' title="bbox 1842 5001 3444 5083; baseline -0.001 -24"><span class='ocrx_word' id='word_1_732' title='bbox 1842 5004 2208 5059; x_wconf 89' lang='lat' dir='ltr'>nominatam</span> <span class='ocrx_word' id='word_1_733' title='bbox 2226 5002 2535 5056; x_wconf 87' lang='lat' dir='ltr'>cisternam</span> <span class='ocrx_word' id='word_1_734' title='bbox 2567 5001 2799 5067; x_wconf 88' lang='lat' dir='ltr'>labitur,</span> <span class='ocrx_word' id='word_1_735' title='bbox 2824 5018 2927 5054; x_wconf 89' lang='lat' dir='ltr'>nec</span> <span class='ocrx_word' id='word_1_736' title='bbox 2956 5004 3189 5061; x_wconf 88' lang='lat' dir='ltr'>alterius</span> <span class='ocrx_word' id='word_1_737' title='bbox 3218 5025 3327 5081; x_wconf 88' lang='lat' dir='ltr'>ope</span> <span class='ocrx_word' id='word_1_738' title='bbox 3345 5014 3444 5083; x_wconf 79' lang='lat' dir='ltr'>ju-</span> 
     </span>
    </p>
   </div>
   <div class='ocr_carea' id='block_1_111' title="bbox 1840 5088 3444 5161">
    <p class='ocr_par' dir='ltr' id='par_1_111' title="bbox 1840 5088 3444 5161">
     <span class='ocr_line' id='line_1_111' title="bbox 1840 5088 3444 5161; baseline 0.007 -15"><span class='ocrx_word' id='word_1_739' title='bbox 1840 5094 1961 5148; x_wconf 90' lang='lat' dir='ltr'>vari</span> <span class='ocrx_word' id='word_1_740' title='bbox 1982 5091 2155 5147; x_wconf 90' lang='lat' dir='ltr'>valuit</span> <span class='ocrx_word' id='word_1_741' title='bbox 2176 5091 2315 5161; x_wconf 88' lang='lat' dir='ltr'>quin</span> <span class='ocrx_word' id='word_1_742' title='bbox 2338 5089 2411 5143; x_wconf 91' lang='lat' dir='ltr'>ad</span> <span class='ocrx_word' id='word_1_743' title='bbox 2431 5088 2674 5143; x_wconf 90' lang='lat' dir='ltr'>fundum</span> <span class='ocrx_word' id='word_1_744' title='bbox 2700 5104 2875 5159; x_wconf 88' lang='lat' dir='ltr'>usque</span> <span class='ocrx_word' id='word_1_745' title='bbox 2895 5089 3444 5157; x_wconf 87' lang='lat' dir='ltr'>decideret.Clamor</span> 
     </span>
    </p>
   </div>
   <div class='ocr_carea' id='block_1_112' title="bbox 1840 5178 3445 5257">
    <p class='ocr_par' dir='ltr' id='par_1_112' title="bbox 1840 5178 3445 5257">
     <span class='ocr_line' id='line_1_112' title="bbox 1840 5178 3445 5257; baseline -0.004 -20"><span class='ocrx_word' id='word_1_746' title='bbox 1840 5182 1989 5238; x_wconf 92' lang='lat' dir='ltr'>illico</span> <span class='ocrx_word' id='word_1_747' title='bbox 2016 5178 2365 5233; x_wconf 91' lang='lat' dir='ltr'>intuentium</span> <span class='ocrx_word' id='word_1_748' title='bbox 2386 5178 2567 5231; x_wconf 90' lang='lat' dir='ltr'>oritur</span> <span class='ocrx_word' id='word_1_749' title='bbox 2579 5192 2793 5246; x_wconf 88' lang='lat' dir='ltr'>equum</span> <span class='ocrx_word' id='word_1_750' title='bbox 2816 5178 3233 5234; x_wconf 87' lang='lat' dir='ltr'>monachorum</span> <span class='ocrx_word' id='word_1_751' title='bbox 3262 5184 3321 5237; x_wconf 89' lang='lat' dir='ltr'>in</span> <span class='ocrx_word' id='word_1_752' title='bbox 3344 5204 3445 5257; x_wconf 83' lang='lat' dir='ltr'>pu-</span> 
     </span>
    </p>
   </div>
   <div class='ocr_carea' id='block_1_113' title="bbox 1841 5265 3442 5337">
    <p class='ocr_par' dir='ltr' id='par_1_113' title="bbox 1841 5265 3442 5337">
     <span class='ocr_line' id='line_1_113' title="bbox 1841 5265 3442 5337; baseline 0.002 -12"><span class='ocrx_word' id='word_1_753' title='bbox 1841 5274 1999 5325; x_wconf 90' lang='lat' dir='ltr'>teum</span> <span class='ocrx_word' id='word_1_754' title='bbox 2034 5283 2155 5321; x_wconf 86' lang='lat' dir='ltr'>esse</span> <span class='ocrx_word' id='word_1_755' title='bbox 2178 5268 2426 5336; x_wconf 89' lang='lat' dir='ltr'>lapsum.</span> <span class='ocrx_word' id='word_1_756' title='bbox 2458 5265 2758 5317; x_wconf 89' lang='lat' dir='ltr'>Tumultus</span> <span class='ocrx_word' id='word_1_757' title='bbox 2776 5279 3006 5317; x_wconf 88' lang='lat' dir='ltr'>causam</span> <span class='ocrx_word' id='word_1_758' title='bbox 3025 5266 3189 5337; x_wconf 85' lang='lat' dir='ltr'>Hugo</span> <span class='ocrx_word' id='word_1_759' title='bbox 3202 5271 3442 5328; x_wconf 89' lang='lat' dir='ltr'>sollicite</span> 
     </span>
    </p>
   </div>
   <div class='ocr_carea' id='block_1_114' title="bbox 1841 5350 3442 5431">
    <p class='ocr_par' dir='ltr' id='par_1_114' title="bbox 1841 5350 3442 5431">
     <span class='ocr_line' id='line_1_114' title="bbox 1841 5350 3442 5431; baseline 0.002 -23"><span class='ocrx_word' id='word_1_760' title='bbox 1841 5351 2313 5431; x_wconf 86' lang='lat' dir='ltr'>perquirens,ubi</span> <span class='ocrx_word' id='word_1_761' title='bbox 2340 5352 2707 5423; x_wconf 88' lang='lat' dir='ltr'>damnalapsi</span> <span class='ocrx_word' id='word_1_762' title='bbox 2734 5350 2999 5406; x_wconf 90' lang='lat' dir='ltr'>animalis</span> <span class='ocrx_word' id='word_1_763' title='bbox 3019 5354 3257 5424; x_wconf 85' lang='lat' dir='ltr'>reperit,</span> <span class='ocrx_word' id='word_1_764' title='bbox 3273 5361 3442 5415; x_wconf 84' lang='lat' dir='ltr'>vehe-</span> 
     </span>
    </p>
   </div>
   <div class='ocr_carea' id='block_1_115' title="bbox 1843 5440 3443 5518">
    <p class='ocr_par' dir='ltr' id='par_1_115' title="bbox 1843 5440 3443 5518">
     <span class='ocr_line' id='line_1_115' title="bbox 1843 5440 3443 5518; baseline -0.007 -17"><span class='ocrx_word' id='word_1_765' title='bbox 1843 5449 2073 5501; x_wconf 91' lang='lat' dir='ltr'>menter</span> <span class='ocrx_word' id='word_1_766' title='bbox 2100 5440 2365 5507; x_wconf 91' lang='lat' dir='ltr'>indoluit,</span> <span class='ocrx_word' id='word_1_767' title='bbox 2398 5441 2553 5509; x_wconf 90' lang='lat' dir='ltr'>quod</span> <span class='ocrx_word' id='word_1_768' title='bbox 2577 5440 2635 5494; x_wconf 90' lang='lat' dir='ltr'>hi</span> <span class='ocrx_word' id='word_1_769' title='bbox 2676 5440 2774 5511; x_wconf 92' lang='lat' dir='ltr'>qui</span> <span class='ocrx_word' id='word_1_770' title='bbox 2801 5456 2936 5494; x_wconf 90' lang='lat' dir='ltr'>eum</span> <span class='ocrx_word' id='word_1_771' title='bbox 2968 5441 3232 5499; x_wconf 88' lang='lat' dir='ltr'>visitandi</span> <span class='ocrx_word' id='word_1_772' title='bbox 3257 5451 3443 5518; x_wconf 66' lang='lat' dir='ltr'>gratia</span> 
     </span>
    </p>
   </div>
   <div class='ocr_carea' id='block_1_116' title="bbox 1844 5528 3444 5603">
    <p class='ocr_par' dir='ltr' id='par_1_116' title="bbox 1844 5528 3444 5603">
     <span class='ocr_line' id='line_1_116' title="bbox 1844 5528 3444 5603; baseline 0.016 -31"><span class='ocrx_word' id='word_1_773' title='bbox 1844 5528 2390 5591; x_wconf 70' lang='lat' dir='ltr'>adierantmonachi</span> <span class='ocrx_word' id='word_1_774' title='bbox 2426 5535 2604 5599; x_wconf 64' lang='lat' dir='ltr'>(niger</span> <span class='ocrx_word' id='word_1_775' title='bbox 2635 5531 2847 5603; x_wconf 89' lang='lat' dir='ltr'>quippe</span> <span class='ocrx_word' id='word_1_776' title='bbox 2875 5533 3042 5601; x_wconf 91' lang='lat' dir='ltr'>erat),</span> <span class='ocrx_word' id='word_1_777' title='bbox 3070 5536 3293 5592; x_wconf 86' lang='lat' dir='ltr'>tantam</span> <span class='ocrx_word' id='word_1_778' title='bbox 3310 5539 3444 5597; x_wconf 86' lang='lat' dir='ltr'>fuis-</span> 
     </span>
    </p>
   </div>
   <div class='ocr_carea' id='block_1_117' title="bbox 1843 5617 3439 5695">
    <p class='ocr_par' dir='ltr' id='par_1_117' title="bbox 1843 5617 3439 5695">
     <span class='ocr_line' id='line_1_117' title="bbox 1843 5617 3439 5695; baseline 0.004 -15"><span class='ocrx_word' id='word_1_779' title='bbox 1843 5625 1971 5679; x_wconf 86' lang='lat' dir='ltr'>sent</span> <span class='ocrx_word' id='word_1_780' title='bbox 1999 5617 2147 5693; x_wconf 87' lang='lat' dir='ltr'>passi</span> <span class='ocrx_word' id='word_1_781' title='bbox 2167 5617 2476 5688; x_wconf 84' lang='lat' dir='ltr'>jacturam.</span> <span class='ocrx_word' id='word_1_782' title='bbox 2507 5621 2702 5691; x_wconf 87' lang='lat' dir='ltr'>Itaque</span> <span class='ocrx_word' id='word_1_783' title='bbox 2735 5618 2897 5673; x_wconf 86' lang='lat' dir='ltr'>uxori</span> <span class='ocrx_word' id='word_1_784' title='bbox 2924 5618 3175 5693; x_wconf 87' lang='lat' dir='ltr'>imperat</span> <span class='ocrx_word' id='word_1_785' title='bbox 3194 5628 3277 5695; x_wconf 89' lang='lat' dir='ltr'>ut,</span> <span class='ocrx_word' id='word_1_786' title='bbox 3308 5646 3439 5687; x_wconf 86' lang='lat' dir='ltr'>evo-</span> 
     </span>
    </p>
   </div>
   <div class='ocr_carea' id='block_1_118' title="bbox 1846 5707 3442 5789">
    <p class='ocr_par' dir='ltr' id='par_1_118' title="bbox 1846 5707 3442 5789">
     <span class='ocr_line' id='line_1_118' title="bbox 1846 5707 3442 5789; baseline 0.006 -19"><span class='ocrx_word' id='word_1_787' title='bbox 1846 5712 1986 5771; x_wconf 86' lang='lat' dir='ltr'>catis</span> <span class='ocrx_word' id='word_1_788' title='bbox 2008 5712 2289 5787; x_wconf 83' lang='lat' dir='ltr'>juvenum</span> <span class='ocrx_word' id='word_1_789' title='bbox 2310 5707 2744 5783; x_wconf 89' lang='lat' dir='ltr'>robustioribus,</span> <span class='ocrx_word' id='word_1_790' title='bbox 2763 5708 3068 5769; x_wconf 88' lang='lat' dir='ltr'>seminecis</span> <span class='ocrx_word' id='word_1_791' title='bbox 3099 5715 3233 5789; x_wconf 89' lang='lat' dir='ltr'>equi</span> <span class='ocrx_word' id='word_1_792' title='bbox 3268 5720 3442 5779; x_wconf 81' lang='lat' dir='ltr'>cada-</span> 
     </span>
    </p>
   </div>
  </div>
