3882 6212
465 438 579 492 835
1576 428 1843 486 AIMOINI
1867 427 2178 488 MONACHI
2209 430 2705 489 FLORIACENSIS
3668 437 3744 489 836

465 569 598 609 vere
619 552 796 624 puteo
839 547 1093 604 abstrahi
1113 549 1303 605 faciat.
1343 549 1467 622 Ipse
1497 552 1627 623 post
1637 551 1936 624 paululum
1969 550 2066 606 ubi
2089 555 2145 614 Α
2169 553 2493 627 exponitur,
2517 551 2590 607 ad
2607 567 2779 624 quem
2794 550 3151 606 honorabilis
3184 551 3271 607 vir
3292 553 3454 624 Hugo
3481 552 3739 620 accedens,

465 659 526 698 se
545 639 793 696 vestibus
821 638 1030 706 induit,
1066 655 1194 694 eam
1222 641 1445 694 secutus
1473 637 1756 694 inclinans
1785 655 1844 693 se
1881 639 1954 693 ad
2005 657 2066 694 os
2165 659 2413 714 eumque
2433 642 2595 712 virga
2622 645 2887 711 tangens,
2919 639 2993 694 ad
3020 639 3461 695 circumstantes
3492 640 3594 696 ait:
3619 665 3643 690 ‹‹
3666 643 3738 696 Hic

460 728 640 804 putei,
673 728 859 783 solum
887 726 1166 799 equinum
1209 729 1381 799 caput
1427 727 1592 798 aquis
1637 727 1896 782 eminere
1929 743 2064 798 pro-
2165 731 2459 786 reviviscet
2480 747 2802 801 nunquam.
2829 751 2857 778 »
2872 729 3026 784 Tunc
3057 746 3242 802 equus
3271 729 3606 802 quibusdam
3633 748 3736 786 eum

460 818 664 892 spexit,
694 815 927 889 reliquis
949 815 1228 871 membris
1248 831 1379 870 cum
1401 815 1798 888 sellalymphis
1829 816 2064 887 opertis,
2162 818 2588 873 sublevantibus
2643 835 2678 872 a
2747 821 2922 886 terra,
2995 833 3118 873 sese
3177 817 3412 890 erigens
3465 819 3732 882 concussit,

460 910 520 962 et
550 905 623 962 ad
673 905 1111 960 circumstantes
1139 903 1613 974 conversuszllic,
1648 903 1858 976 inquit,
1887 921 2069 976 equus
2171 923 2495 978 aquamque
2522 923 2698 979 quam
2760 905 2972 960 invitus
3022 906 3323 968 hauserat,
3376 921 3478 978 per
3527 909 3739 961 meatum

459 995 614 1050 sellae
632 993 901 1064 deinceps
915 1009 1216 1064 nunquam
1233 994 1443 1048 sentiet
1455 1008 1656 1047 onus.»
1673 991 1761 1046 Ad
1777 1008 1951 1064 quem
1968 1008 2068 1046 mu
2168 994 2349 1049 urina:
2377 995 2631 1067 digessit.
2664 993 2884 1048 Alacris
2924 993 3074 1050 illico
3125 993 3342 1049 mulier
3385 994 3468 1048 his
3496 993 3663 1049 verbis
3682 995 3742 1048 vi-

459 1083 639 1139 lier:«
663 1082 832 1149 Num,
860 1081 960 1149 ait,
991 1081 1084 1136 ille
1123 1097 1297 1136 senex
1361 1079 1722 1142 Benedictus,
1757 1081 1854 1152 qui
1905 1078 2068 1134 tibia
2167 1099 2298 1138 rum
2339 1083 2648 1154 arguebat:
2699 1103 2731 1145 _«
2760 1082 2864 1149 En,
2916 1081 3016 1148 ait,
3047 1081 3456 1152 experimento
3483 1081 3584 1136 hoc
3611 1080 3733 1135 disce

461 1173 711 1228 Domino
757 1171 1061 1226 victoriam
1103 1171 1352 1226 obtinuit
1383 1187 1450 1226 ex
1479 1169 1754 1236 hostibus,
1808 1173 1929 1224 tam
1983 1173 2069 1222 est
2169 1171 2544 1226 Benedictum
2576 1170 2675 1226 Dei
2703 1170 2992 1225 famulum
3022 1169 3276 1224 fideliter
3296 1169 3742 1233 seinvocantibus,

458 1260 740 1318 invalidus
792 1264 856 1316 ut
902 1261 1215 1332 impetrare
1243 1263 1495 1332 nequeat
1523 1262 1806 1331 quatenus
1830 1257 2066 1330 proprio
2167 1259 2453 1332 praecipue
2471 1259 2584 1313 suis
2603 1259 2852 1326 famulis,
2885 1262 3098 1330 prmsto
3117 1275 3264 1314 esse.
3306 1278 3328 1307 ι
3350 1259 3570 1313 Plausus
3592 1258 3739 1313 conti-

459 1349 701 1406 animali
741 1365 874 1404 suus
917 1349 1223 1404 revehatur
1249 1346 1608 1402 monachus?
1633 1345 1769 1400 »Αὰ
1801 1347 1924 1400 haec
1972 1345 2066 1399 ille
2167 1364 2283 1403 nuo
2310 1364 2376 1402 ac
2401 1364 2502 1403 vox
2533 1347 2751 1402 laetitia:
2783 1350 2904 1402 toto
2955 1346 3228 1402 oriuntur
3278 1350 3484 1414 castro,
3536 1346 3736 1400 Benedi-

459 1437 814 1493 difﬁdenszc
842 1435 922 1503 Si,
953 1435 1161 1508 inquit,
1191 1437 1316 1491 haec
1340 1435 1434 1490 ille
1466 1433 1814 1506 impetrarit,
1845 1432 2066 1487 caeteris
2165 1439 2322 1490 ctum
2384 1435 2768 1500 laudantium,
2835 1435 3149 1489 Benedicto
3205 1433 3424 1506 gratias
3482 1433 3734 1504 agentium

458 1527 701 1599 praslato
720 1524 1081 1594 sanctis,ejus
1107 1539 1202 1578 me
1233 1521 1602 1578 committam
1634 1521 1867 1576 tutioni.
1899 1543 1926 1568 »
1957 1520 2068 1574 Ad-
2167 1525 2326 1596 quod
2336 1524 2465 1594 jam
2491 1523 2727 1588 viveret,
2752 1523 2906 1594 quod
2927 1524 3050 1593 jam
3077 1521 3332 1594 propriis
3353 1521 3580 1594 pedibus
3597 1538 3737 1593 equus

458 1614 636 1672 motis
664 1613 840 1685 igitur
877 1613 1062 1675 scalis,
1091 1611 1387 1667 descendit
1416 1609 1886 1682 quidam,andaci
1934 1609 2065 1663 ﬁsus
2166 1611 2420 1666 vaderet.
2448 1610 2600 1665 Sane
2626 1611 2897 1681 religiosa
2927 1609 3176 1676 femina,
3203 1610 3341 1681 quia
3364 1610 3544 1664 hiems
3571 1609 3736 1669 erat,in

449 1702 708 1776 juventa,
735 1701 833 1773 qui
863 1717 1078 1774 equum
1108 1700 1575 1771 peropportunas
1595 1697 1850 1768 corporis
1877 1701 2067 1768 partes
2169 1700 2363 1772 aprica
2409 1700 2584 1755 domo
2651 1699 3028 1770 cornipedem
3075 1699 3394 1754 deductum
3434 1697 3738 1754 mollioribus

457 1791 693 1846 funibus
721 1790 1077 1862 ligaret,quo
1103 1783 1326 1842 facilius
1354 1786 1519 1840 educi
1549 1785 1977 1858 posset.Verum
1997 1801 2066 1840 eo
2168 1787 2501 1843 stramentis
2534 1804 2715 1860 usque
2741 1787 2815 1842 ad
2847 1787 3224 1842 diffusionem
3253 1787 3471 1842 sudoris
3497 1787 3608 1858 ipsa
3629 1802 3737 1857 ope-

460 1895 712 1951 egresso,
745 1894 874 1933 cum
907 1876 1140 1932 difﬁcile
1167 1874 1457 1929 videretur
1485 1875 1608 1928 tam
1637 1872 1910 1928 immensi
1941 1889 2066 1927 cor-
2095 1867 2146 1928 Β
2171 1880 2312 1946 ruit;
2367 1879 2467 1950 qui
2515 1877 2652 1933 inde
2701 1879 2831 1949 post
2862 1879 3162 1950 paululum
3204 1880 3499 1943 retractus,
3529 1879 3672 1930 terra:
3693 1891 3738 1928 se

457 1968 614 2040 poris
641 1965 856 2022 animal
883 1965 1050 2019 simul
1071 1979 1202 2018 cum
1227 1963 1379 2017 scala
1402 1977 1567 2032 posse
1590 1961 1846 2016 abstrahi
1868 1961 1942 2015 0b
1970 1977 2071 2015 an-
2173 1968 2512 2039 provolvens
2531 1983 2596 2021 ac
2611 1967 2884 2021 omnibus
2899 1967 3185 2021 membris
3198 1962 3736 2030 concutiens,hinnitu

457 2055 706 2128 gustiam
737 2053 916 2126 putei,
943 2052 1132 2124 primo
1165 2051 1379 2106 scalam
1401 2049 1948 2116 educent08,dehinc
1973 2064 2067 2102 ca-
2173 2055 2431 2109 soladem
2449 2055 2764 2126 quaerebat.
2799 2053 2982 2118 Quem
3014 2055 3228 2110 fratres
3259 2053 3356 2125 qui
3386 2053 3734 2116 adlierant,re-

459 2143 1028 2200 ballumahstrahcre
1051 2139 1489 2213 coeperuntSed
1511 2137 2066 2210 omnipotensDeus,
2173 2144 2404 2214 ceptum
2465 2143 2748 2208 lmtantes,
2781 2141 2852 2196 ad
2902 2142 3148 2213 propria
3197 2142 3557 2208 incolumem,
3608 2139 3733 2192 nullo

459 2233 524 2287 ut
549 2231 878 2288 ostenderet
906 2247 1025 2286 non
1051 2231 1236 2285 solum
1253 2228 1380 2301 jam
1412 2227 1617 2299 saepius
1650 2226 1801 2281 dicto
1820 2225 2066 2297 Hugoni,
2174 2229 2440 2286 membro
2489 2229 2742 2284 debilem
2775 2230 3152 2286 reduxerunt.
3189 2232 3403 2286 Horum
3430 2228 3524 2283 uni
3565 2242 3736 2282 nomen

460 2337 662 2377 verum
679 2320 1002 2393 quibusque
1033 2334 1238 2374 sanum
1265 2316 1616 2388 sapientibus
1633 2313 1935 2387 egregium
1963 2314 2069 2368 du-
2171 2321 2342 2372 Anno
2381 2319 2561 2389 (supra
2588 2318 2686 2372 lib.
2721 2335 2760 2385 ι,
2792 2335 2918 2390 cap.
2941 2321 3052 2388 l7),
3073 2321 3175 2390 qui
3207 2317 3501 2374 sacerdotii
3524 2315 3736 2386 fungitur

459 2409 1359 2473 οθῐιιωοιιᾶοιιοΐιιῐῐιγειιῐηιηυηι
1378 2403 1636 2458 Videlicet
1670 2401 2067 2469 Benedictum,
2176 2407 2403 2475 officio;
2437 2408 2600 2462 alteri
2633 2408 2949 2480 Remigius,
3006 2408 3066 2462 in
3095 2409 3306 2464 ordine
3337 2423 3566 2462 manens
3590 2404 3736 2459 diaco-

460 2514 579 2553 non
611 2495 770 2570 parvi
799 2494 954 2566 apud
983 2511 1042 2548 se
1073 2511 1193 2548 esse
1226 2491 1438 2558 meriti,
1467 2491 1586 2546 imo
1615 2490 1854 2561 majoris
1893 2506 2070 2562 quam
2175 2499 2374 2564 natus;
2405 2512 2652 2567 quorum
2685 2497 2869 2550 relatu
2899 2499 3034 2551 ante
3083 2499 3406 2552 transactos
3457 2491 3732 2566 quindecim

465 2585 706 2657 quisque
728 2582 1068 2638 mortalium
1090 2581 1376 2652 conjicere
1408 2577 1941 2649 valeat,geminavit
1959 2579 2070 2633 mi-
2175 2587 2322 2641 soles
2351 2585 2473 2639 haec
2505 2585 2584 2639 ita
2613 2587 2775 2654 gesta
2821 2584 2992 2639 fuisse
3040 2585 3335 2656 comperi;
3387 2601 3418 2639 a
3472 2581 3652 2655 quibus
3688 2581 3732 2632 et

458 2673 741 2728 raculum.
791 2671 1007 2742 Nempe
1073 2684 1204 2724 cum
1250 2669 1374 2739 jam
1443 2681 1755 2721 numerosa
1799 2666 2072 2736 juventus
2174 2674 2313 2727 sella
2343 2673 2759 2728 ostendebatur
2783 2689 2912 2745 quae
2939 2673 3165 2746 dilapsa
3188 2689 3321 2728 cum
3368 2688 3508 2744 equo
3561 2669 3728 2730 fuerat,

459 2777 641 2833 usque
661 2759 736 2816 ad
752 2774 1047 2814 summum
1065 2753 1561 2828 puteimarginem
1576 2770 1785 2827 equum
1801 2755 2068 2811 elevavis-
2172 2761 2333 2832 cujus
2359 2761 2654 2829 scandilia,
2678 2761 2940 2833 quamvis
2964 2777 3134 2827 nova,
3166 2764 3226 2816 et
3251 2761 3496 2816 anteiam
3524 2757 3625 2812 suis
3649 2755 3732 2810 im-

457 2852 565 2915 set,
617 2865 682 2904 ac
732 2847 940 2902 fratres
995 2844 1222 2900 eminus
1263 2847 1535 2906 astantes,
1605 2843 1820 2898 litanias
1870 2859 2070 2914 preces
2172 2850 2398 2922 patiens
2431 2850 2674 2920 pedibus
2713 2850 2832 2922 ipse
2864 2850 3216 2922 disruperat.

456 2936 705 2993 Domino
720 2931 1672 3000 solverent,ubidilectumDomino
1693 2931 2067 2988 Benedictum
2242 2942 2330 2993 2t.
2359 2939 2575 2992 Viderit
2604 2955 2756 2993 nunc
2786 2938 3042 3010 quisquis
3072 2939 3170 2995 ille
3198 2941 3306 3006 est,
3365 2937 3459 3011 qui
3507 2937 3617 2990 haec
3640 2946 3729 2986 non

456 3024 726 3082 invocare
755 3020 1266 3093 cmperunt,subito
1283 3019 1440 3092 rupti
1471 3019 1636 3074 funes
1652 3036 1946 3092 equusque
1993 3019 2069 3074 ad
2173 3027 2278 3083 sibi
2314 3027 2464 3082 mira
2517 3026 2696 3082 videri
2736 3027 2983 3098 jactitat,
3031 3027 3174 3100 quid
3218 3029 3426 3084 horum
3471 3021 3728 3096 praecellat,

455 3112 736 3202 interiora
779 3113 1116 3202 lapsushest:
1164 3107 1496 3202 Desperatio
1555 3105 1791 3202 cunctos
1841 3107 2064 3202 hab-uit,
2091 3141 2140 3202 ο
2173 3118 2365 3170 utrum
2399 3115 2617 3170 ferrum
2647 3115 3110 3188 eprofundolaci
3135 3114 3425 3170 reduxisse
3439 3129 3507 3166 an
3531 3107 3730 3182 quadru-

457 3201 785 3257 difﬁdentes
796 3215 927 3254 cum
941 3197 1177 3254 ulterius
1188 3214 1354 3270 posse
1367 3197 1555 3252 vivum
1571 3195 2066 3263 retrahi,maxime
2099 3195 2139 3202 “
2171 3203 2334 3274 pedis
2358 3203 2535 3258 vitam
2554 3203 2609 3258 in
2634 3203 2880 3258 immani
2901 3202 3221 3274 praecipitio
3240 3219 3356 3258 non
3378 3201 3552 3256 solum
3574 3210 3724 3251 serva-

457 3306 591 3346 cum
618 3293 676 3344 et
705 3290 1006 3346 descensus
1027 3287 1101 3343 ad
1133 3303 1266 3342 eum
1297 3286 1654 3358 alligandum
1696 3284 1942 3340 difﬁcilis
1974 3285 2066 3340 fo-
2168 3290 2334 3359 visse,
2367 3307 2568 3346 verum
2600 3295 2658 3346 et
2686 3291 3034 3346 incolumem
3060 3290 3286 3363 superis
3312 3287 3600 3344 reduxisse.
3630 3283 3725 3353 Ego

457 3381 568 3447 ret,
602 3393 708 3433 nec
729 3375 956 3432 funium
997 3375 1108 3431 illis
1125 3377 1289 3430 tanta
1308 3378 1639 3447 suppeteret
1658 3373 1844 3445 copia,
1876 3389 2068 3430 casus-
2170 3379 2308 3452 quia
2335 3381 2648 3452 utrumque
2702 3382 2900 3434 noster
2950 3377 3058 3433 iste
3099 3378 3393 3450 legislator
3422 3371 3657 3449 patravit,
3682 3367 3727 3421 in

458 3483 570 3540 que
623 3467 694 3523 de
727 3464 1116 3539 superioribus
1143 3464 1266 3536 ejus
1294 3463 1682 3519 testimaretur
1730 3461 2066 3517 contrivisse
2170 3467 2438 3524 ambolus
2459 3484 2593 3524 eum
2619 3483 2736 3522 non
2759 3469 2985 3520 tantum
3015 3468 3340 3537 potentem,
3362 3463 3457 3520 sed
3478 3461 3631 3518 etiam
3653 3470 3728 3528 po-

455 3555 742 3612 membra.
770 3553 1064 3610 Accedens
1088 3555 1286 3608 autem
1304 3567 1456 3608 unus
1480 3551 1729 3606 fratrum
1752 3550 1826 3606 ad
1840 3566 2066 3606 memo-
2167 3555 2559 3612 tentissimum
2594 3556 2765 3611 fuisse
2784 3553 2992 3609 fateor.
3027 3555 3089 3608 In
3118 3553 3232 3609 hoc
3259 3569 3392 3608 vero
3423 3548 3552 3606 illud
3576 3541 3728 3602 admi-

455 3649 648 3701 ratum
681 3645 1005 3717 Hugonem,
1045 3643 1308 3697 hortatus
1337 3642 1425 3694 est
1469 3639 1541 3694 de
1589 3639 1797 3693 virtute
1841 3637 2064 3694 confes-
2168 3643 2395 3700 ratione
2422 3644 2664 3716 dignum
2697 3645 2783 3698 est
2807 3641 3402 3715 quodequum,quem
3432 3635 3726 3717 chordarum

452 3733 597 3790 seris
622 3715 830 3789 Christi
877 3729 1172 3787 Benedicti
1204 3731 1438 3799 sumpta
1465 3726 1696 3794 fiducia,
1747 3726 1933 3781 adhuc
1977 3743 2064 3780 se-
2169 3715 2848 3806 nequivereiretinaculis
2896 3729 3259 3801 protrahere,
3285 3726 3526 3783 fasciola:
3551 3715 3725 3806 fragilis

453 3823 572 3878 mel
617 3822 968 3878 attentatum
1018 3816 1386 3874 adorirentur
1439 3830 1600 3886 opus.
1661 3814 2066 3871 Annuentibus
2167 3800 2534 3876 retraxerunt
2562 3817 2804 3874 habenis
2827 3800 3019 3885 (Gneo.
3053 3816 3155 3873 lib.
3189 3835 3229 3873 ιι
3253 3815 3426 3891 Dial.,
3454 3830 3500 3868 c.
3527 3808 3596 3883 6),
3617 3821 3670 3862 ac
3689 3800 3723 3891 si

453 3925 684 3984 quoque
713 3908 835 3980 ejus
863 3903 1219 3979 persuasioni
1248 3901 1622 3976 quibusdamj
1634 3917 1904 3970 uvenum,
1927 3903 2065 3975 quid
2166 3911 2436 3981 patenter
2463 3906 2588 3979 pius
2619 3907 2790 3962 Pater
2819 3905 3163 3961 Benedictus
3189 3887 3289 3961 eos
3305 3921 3421 3960 non
3445 3887 3724 3984 verbissed

454 3977 572 4054 5—‘1‘3
589 3977 841 4071 *Ροεεέηί
864 3977 1017 4049 “res
1045 3990 1291 4063 MP9"iri
1344 3990 1723 4062 cupientium,
1773 3991 2065 4064 PP33Ciplle
2166 3977 2334 4053 factis
2358 3977 2630 4051 moneret
2657 3993 2717 4050 id
2741 4010 2862 4050 non
2892 3994 3168 4049 humana:
3197 3987 3530 4054 fortitudini,
3554 3981 3640 4039 sed
3657 3977 3724 4033 di-

453 4085 702 4157 conjuge
726 4082 987 4154 ejusdem
1005 4079 1344 4136 nobilissimi
1369 4079 1473 4134 viri
1493 4079 1903 4153 Hugonis,qua:
1924 4079 2062 4134 ﬁdei
2165 4085 2314 4140 vina:
2350 4083 2540 4156 potius
2571 4081 2898 4156 operationi
2955 4081 3167 4136 debere
3225 4076 3492 4152 imputari
3538 4080 3723 4139 suaeque

455 4189 522 4229 ac
541 4169 861 4228 devotionis
881 4169 939 4224 in
960 4166 1359 4224 beatissimum
1381 4169 1612 4223 Patrem
1659 4172 1923 4224 nostrum
1955 4169 2062 4222 Be-
2164 4171 2604 4230 interventioni,
2635 4173 2850 4226 verum
2880 4170 2926 4226 si
2988 4169 3276 4242 quispiam
3306 4168 3424 4239 ejus
3444 4162 3579 4221 mira
3600 4158 3721 4214 facta

456 4259 754 4316 nedictum
797 4256 1006 4312 ardore
1050 4256 1353 4328 ﬂagrabat,
1400 4257 1606 4313 iterato
1651 4259 1817 4312 scalas
1865 4256 1925 4311 in
1956 4272 2062 4328 pu-
2165 4262 2238 4318 ob
2260 4264 2468 4318 nostra:
2485 4259 2722 4317 vilitatis
2745 4274 3059 4331 personam
3079 4254 3500 4314 contemnenda
3514 4245 3712 4331 judicat,

453 4352 616 4404 tcum
646 4347 1038 4418 deponuntur.
1069 4347 1250 4402 Porro
1277 4349 1586 4421 apparatus
1613 4345 1840 4402 funium
1873 4344 2065 4398 nullus
2161 4351 2318 4406 hunc
2346 4367 2452 4405 nos
2481 4329 2774 4421 rogamus“,
2837 4363 2956 4404 non
3010 4349 3074 4402 ut
3125 4349 3322 4402 nostra
3373 4344 3534 4414 legat,
3562 4333 3646 4391 sed
3665 4329 3714 4383 ut

455 4437 605 4492 alter
631 4434 876 4510 reperiri
904 4433 1110 4506 potuit,
1139 4433 1248 4490 nisi
1279 4453 1393 4508 quo
1417 4435 1633 4491 retibus
1655 4433 1728 4490 ad
1775 4449 1945 4488 usum
1971 4448 2060 4487 ca-
2084 4433 2137 4492 D
2163 4438 2499 4495 mitissimos
2553 4437 2814 4510 ejusdem
2844 4435 3028 4492 Patris
3061 4435 3249 4490 vultus
3277 4450 3376 4489 sua
3399 4431 3714 4510 nequaquam

454 4508 800 4601 piendarum
826 4523 1168 4580 silvestrium
1201 4523 1542 4597 prmparatis
1572 4537 1916 4593 caprearum
1953 4519 2060 4575 sibi
2163 4530 2461 4599 exasperet
2490 4508 2930 4598 ingratitudine.
2964 4523 3070 4588 Qui
3101 4523 3167 4591 si,
3191 4521 3345 4596 quod
3374 4514 3538 4574 absit!
3569 4508 3713 4601 offen-

452 4592 703 4671 invicem
741 4612 1013 4670 connexis
1043 4592 1221 4687 atpue
1263 4592 1544 4668 contortis
1587 4592 1918 4665 utebantur.
1965 4608 2060 4664 His
2162 4633 2255 4670 sus
2283 4592 2478 4681 fuerit,
2509 4592 2650 4669 nulli
2679 4613 2922 4669 dubium
2947 4612 3104 4685 quod
3132 4592 3336 4667 durum
3354 4623 3411 4663 se
3432 4592 3714 4687 praemetet

455 4720 596 4776 ergo
655 4702 976 4776 alligatum,
1027 4681 1122 4758 uti.
1140 4701 1300 4774 prius
1348 4701 1630 4767 fecerant,
1681 4698 2062 4754 retrahebant
2162 4703 2612 4770 intractabilem,
2644 4701 2790 4756 sicut
2821 4681 3080 4769 ecculm,
3126 4694 3456 4754 humilitatis
3499 4681 3713 4763 precibus

453 4810 691 4867 equum,
742 4792 969 4866 magnis
1017 4791 1366 4847 clamoribus
1423 4790 1686 4844 sanctum
1731 4787 2062 4844 invocantes
2163 4791 2480 4864 mitigatus,
2508 4789 2885 4848 favorabilem
2918 4805 2978 4843 se
3005 4785 3296 4844 exhibebit
3324 4783 3598 4839 aclenem.

453 4882 851 4940 Benedictum.
883 4881 952 4937 Et
984 4896 1138 4949 ecce,
1169 4895 1302 4934 cum
1322 4878 1449 4950 jam
1491 4893 1642 4950 pene
1672 4875 1826 4933 inter
1853 4893 2063 4933 manus
2787 4877 3014 4932 CAPUT
3042 4877 3156 4930 VII.

451 4974 676 5030 futurus
706 4975 875 5042 esset,
911 4970 1119 5025 iterato
1145 4965 1546 5023 deficientibus
1594 4965 1832 5022 vinculis
1879 4965 2062 5022 relabi
2268 4968 2474 5024 Milites
2490 4969 2643 5040 pasti
2649 4984 2795 5039 pane
2807 4965 2872 5022 S.
2900 4965 3180 5022 Benedicti
3205 4965 3261 5019 in
3273 4959 3454 5034 praelia
3481 4950 3630 5045 sitast:
3697 5026 3706 5045 Β

451 5066 704 5138 coeperat
731 5063 788 5117 in
848 5039 1001 5115 imis.
1048 5057 1206 5112 Tunc
1262 5073 1466 5112 unuse
1519 5057 1691 5112 turba
1732 5055 1956 5128 alligari
2003 5071 2063 5111 se
2234 5061 2324 5115 22.
2355 5039 2760 5130 Opportunum
2789 5055 3020 5112 videtur
3038 5039 3708 5138 etilludinserereleclietl-I

450 5119 631 5227 poscit
664 5149 908 5224 cingulis
937 5165 1006 5204 ex
1029 5147 1200 5203 coriis
1230 5161 1531 5202 cervorum
1561 5144 1821 5215 desectis,
1856 5143 2063 5218 quibus
2164 5146 2322 5220 quod
2351 5146 2410 5200 in
2439 5144 2642 5202 eadem
2671 5143 2971 5217 provincia
2999 5143 3103 5198 sub
3133 5138 3414 5198 antedicto
3451 5119 3708 5227 praepositi?

450 5217 725 5316 Aquitani
756 5217 996 5295 utuntur
1042 5235 1338 5292 latissimis
1361 5237 1533 5308 atque
1564 5232 1911 5301 fortissimis,
1953 5232 2061 5288 sic-
2165 5217 2401 5292 cherio
2416 5233 2641 5289 meritis
2655 5229 3237 5288 sanctisuiBenedicti
3253 5217 3707 5316 Domiti-insopiti"?

452 5289 1166 5405 introrsus;
1180 5289 1552 5397 arreptisque
1569 5322 1842 5378 tibiarum
1860 5289 2064 5377 fascio-
2163 5289 2435 5396 dignatus
2453 5324 2558 5377 est.
2583 5320 2950 5376 Hildebertus
2967 5333 3139 5390 supra
3153 5310 3429 5405 nominati
3441 5289 3706 5405 Bose‘ltif‘f-i:

450 5385 541 5488 lis,
573 5417 860 5475 caballum
893 5413 1185 5486 aptissime
1212 5412 1398 5484 capite
1445 5413 1707 5484 alligans,
1741 5412 1946 5466 monet
1972 5426 2062 5466 so-
2161 5385 2294 5478 lius,
2324 5426 2391 5465 ex
2423 5409 2675 5465 materni
2707 5409 2796 5464 avi
2826 5406 3182 5464 successione
3209 5400 3527 5460 comitatum
3551 5385 3706 5488 Petti:

453 5473 572 5564 cives
627 5473 686 5561 se
735 5473 972 5578 quidem
1020 5473 1302 5573 primum;
1369 5473 1578 5556 deinde
1623 5473 2060 5572 quadrupedem
2163 5473 2374 5572 goricae
2391 5473 3704 5578 urbisadeptus,adversusGuillelmumcouiileﬂ

453 5563 778 5653 extrahant:
797 5591 906 5657 Qui
928 5589 1163 5646 monitis
1191 5589 1454 5645 ocissime
1475 5589 1765 5662 parentes,
1789 5590 2062 5660 utrosque
2164 5585 2527 5643 Pictavorum
2553 5600 2720 5642 arma
2741 5581 2954 5652 movit;
2985 5583 3045 5637 et
3070 5581 3357 5636 commoto
3388 5563 3676 5662 exercitati:

455 5639 2063 5756 mia;:.3.;;.;.I;;;;;.§.;;;{,;;.;i;;sistatis;
2163 5639 2485 5732 ἐέὲάρᾆιῆ
2494 5639 2738 5732 esse
2755 5639 2998 5732 civitatis
3014 5667 3342 5728 milliarium
3356 5663 3526 5720 castra
3538 5639 3706 5726 posuit.
