3882 6212
375 440 484 498 839
1461 429 1727 496 MMOINI
1755 433 1986 495 ΜΟΝΑο

2112 433 2594 493 FLORIACENSIS
3619 435 3740 493 840

379 566 502 619 tam
543 557 620 634 pii
651 560 946 632 aspectum
995 557 1300 614 visitatoris
1335 557 1494 614 fusca
1549 555 1991 616 commissorum
2017 560 2074 622 Α
2094 557 2218 614 lum
2251 555 2888 628 replicaretBenedicti,
2909 553 3165 612 exaudiri
3186 557 3574 614 meruit.Nam
3603 574 3746 612 mu-

381 649 748 708 otfendamus
772 647 1014 719 caligine
1043 647 1465 720 peccaminum.
2092 647 2225 702 tatis
2244 645 2472 700 ﬂatibus
2495 649 2822 712 ventorum,
2849 646 2996 701 ﬂans
3017 645 3296 716 zephyrus
3319 647 3391 700 ad
3409 647 3576 701 littus
3597 663 3746 700 eum

1023 754 1248 810 CAPUT
1277 756 1361 810 ιχ,
2093 737 2213 791 leni
2242 736 2491 805 impulsu
2521 735 2806 790 deducere
2839 735 3031 806 coepit.
3063 733 3311 798 Quidam
3327 750 3464 789 vero
3484 735 3532 806 ej
3545 753 3620 789 us
3641 752 3747 788 na-

379 846 583 918 Lz'geris
609 843 917 912 exundatio,
949 860 1088 898 anno
1123 845 1278 898 1003.
1311 842 1692 897 Armentarius
1721 859 1784 896 ex
1833 842 1986 912 aquis

2112 825 2158 891 .i,
2185 841 2364 896 prope
2383 823 2650 878 lintribus
2673 823 3109 893 obnavigantes,
3138 823 3372 894 cognito
3397 823 3527 895 quis
3551 825 3742 889 esset,

1071 922 1298 985 ereptus.
1873 910 1891 912 ⁷
2092 914 2290 969 solutis
2318 914 2522 985 quibus
2541 913 2658 984 ipse
2687 929 2744 967 se
2769 911 3025 966 vinxerat
3042 910 3520 983 ligaminibus,ad
3539 915 3745 966 tutam

455 1007 626 1062 25.1n
657 1020 726 1060 ea
751 1003 1132 1058 inundatione
1154 1001 1390 1074 Ligeris,
1411 1019 1586 1074 quam
1616 1003 1742 1073 plus
1763 1001 1994 1054 solitam
2096 1003 2296 1073 portus
2325 1005 2635 1056 stationem
2689 1018 2882 1055 secum
2931 1002 3283 1056 incolumem
3341 1001 3740 1055 reduxerunt.

381 1094 590 1152 littoris
647 1093 861 1159 accola,
908 1091 1199 1145 insolitam
1261 1090 1459 1162 procul
1508 1092 1764 1144 remotus
1821 1088 1998 1142 sensit
2097 1091 2392 1145 Vocitatur
2411 1093 2606 1144 autem
2635 1089 2954 1161 honioipsc
2983 1089 3384 1158 Constantius;
3419 1090 3518 1161 qui
3549 1088 3742 1144 etiam

387 1183 660 1255 agricola,
696 1181 832 1252 quid
856 1178 1106 1233 mirandi
1133 1195 1237 1250 per
1257 1177 1530 1232 meritum
1553 1177 1867 1248 saepissime
1899 1192 1998 1230 no-
2099 1179 2278 1233 rcfert
2305 1197 2361 1233 se
2394 1178 2760 1233 multitudine
2779 1178 3200 1233 circumdatum
3233 1177 3601 1248 serpentium
3635 1194 3743 1231 seu

387 1269 654 1328 minandi
699 1267 927 1339 patroni
961 1267 1140 1322 nostri
1171 1269 1364 1321 actum
1398 1266 1469 1319 sit
1510 1263 1826 1330 Benedicti,
1866 1264 2002 1335 quia

386 1361 689 1416 absentem
711 1373 806 1410 me
837 1355 1080 1426 contigit
1110 1355 1300 1420 fuisse,
1335 1355 1520 1408 relatu
1573 1351 1868 1406 seniorum
1905 1367 1999 1405 co-

385 1448 613 1519 gnitum
631 1445 930 1500 memoriae
948 1443 1177 1498 adoriar
1195 1443 1421 1497 tradere
1436 1444 1794 1514 posterorum
1807 1439 1904 1510 .lgi
1917 1441 2006 1492 tur

388 1535 575 1607 Liger,
607 1549 809 1588 eorum
843 1533 1126 1586 maximus
1166 1531 1474 1585 ﬂuviorum
1507 1529 1601 1600 qui
1635 1545 1736 1600 per
1763 1529 2002 1582 Galliam

387 1624 533 1678 alvei
562 1622 647 1677 sui
679 1637 875 1676 cursus
905 1621 963 1674 in
999 1621 1288 1676 Oceanum
1321 1619 1570 1690 prepriis
1601 1618 1878 1671 invehunt
1897 1635 1999 1672 no-

387 1711 665 1778 minibus,
693 1709 954 1764 inaudito
977 1713 1150 1764 antea
1177 1707 1396 1762 saeculis
1416 1706 1589 1761 modo
1623 1705 1892 1776 antiquos
1912 1723 2002 1759 ex-

389 1799 558 1856 cessit
586 1799 889 1866 terminos,
917 1814 1072 1854 anno
1103 1795 1518 1852 Incarnationis
1549 1793 1784 1849 Domini
1811 1794 1995 1847 mille-

2103 1266 2306 1321 diversi
2333 1267 2561 1336 generis
2590 1267 2906 1337 rcptilium,
2933 1283 3038 1320 nec
3069 1269 3266 1321 tamen
3287 1283 3392 1338 per
3411 1265 3514 1320 Dei
3534 1264 3741 1334 provi-

2107 1355 2363 1409 dentiam
2392 1358 2448 1408 et
2475 1355 2691 1426 egregii
2725 1355 2928 1422 Christi
2955 1353 3300 1409 confessoris
3332 1353 3634 1408 Benedicti
3657 1353 3743 1406 iu-

2107 1443 2522 1498 terventionem
2541 1443 2852 1515 quidquam
2873 1445 2977 1498 sibi
2999 1443 3170 1497 fuisse
3187 1441 3648 1504 nocitum.Quod
3666 1458 3736 1496 eo

2108 1532 2294 1602 magis
2323 1532 2654 1586 mirandum
2675 1535 2940 1586 censetur
2955 1532 3090 1602 quia
3107 1531 3385 1602 quosdam
3412 1531 3736 1585 hominum

2104 1637 2333 1674 summa
2393 1621 2666 1674 arborum
2703 1620 3004 1674 cacumina
3055 1618 3602 1686 conscendentium,
3636 1617 3739 1672 ubi

2104 1709 2326 1763 undoso
2345 1709 2589 1763 torrenti
2615 1709 2864 1782 aspirare
2882 1710 2966 1763 fas
2984 1726 3100 1764 non
3125 1709 3248 1764 fore
3267 1707 3736 1772 arbitrabantur,

2104 1799 2386 1868 reptando
2407 1798 2691 1852 subsecuti
2707 1815 2776 1852 an
2784 1797 3558 1869 gues,miserandislaniatos
3570 1813 3737 1852 mor-

388 1889 536 1944 simo
567 1887 759 1955 tertio,
782 1887 948 1959 regni
977 1890 1172 1941 autem
1200 1883 1461 1940 Rotberti
1491 1883 1644 1954 regis
1692 1899 1806 1955 quo
1865 1898 1996 1936 cum
2028 1865 2078 1923 B
2103 1865 2258 1941 sibus
2287 1885 2550 1941 decidere
2581 1887 2636 1940 in
2670 1865 3024 1958 profundum
3057 1885 3382 1958 cogebant;
3415 1887 3574 1940 hunc
3591 1902 3734 1940 vero

386 1980 552 2048 patre
583 1991 830 2047 regnare
861 1975 1054 2046 ccepit,
1115 1977 1271 2030 sexto
1331 1972 1580 2038 decimo,
1645 1969 1999 2026 monarchiae

385 2082 521 2122 vero
545 2063 772 2136 septino
795 2065 932 2134 (43).
951 2063 1134 2117 Tanta
1153 2077 1286 2116 vero
1305 2063 1539 2132 tamque
1557 2059 1862 2131 repentina
1880 2058 1930 2128 ej
1940 2073 2002 2112 us

386 2153 760 2226 fuitprofusio
783 2157 845 2208 ut
871 2153 1128 2224 agrarios
1155 2152 1508 2216 laborantes,
1529 2165 1628 2203 seu
1653 2147 1872 2220 equites
1897 2147 2006 2200 iter

387 2248 649 2317 agentes,
681 2241 869 2298 subita
895 2240 1194 2296 involverit
1229 2239 1418 2305 ruina,
1449 2240 1512 2292 ut
1537 2253 1654 2292 non
1685 2236 2004 2307 incongrue

388 2332 470 2389 illi
497 2336 727 2405 aptetur
751 2330 890 2386 illud
912 2329 1292 2401 Virgilianum
1323 2327 1394 2382 de
1414 2325 1570 2380 Pado
1604 2324 1820 2380 dictum
1846 2342 1859 2380 :

641 2437 826 2486 Proluit
849 2436 1028 2484 insano
1057 2441 1393 2496 contorquens
1418 2431 1608 2480 vertice
1638 2430 1793 2480 silvas

624 2498 910 2547 Fluviorum
935 2513 1020 2544 rex
1045 2497 1306 2553 Eridanus,
1340 2507 1650 2558 camposque
1675 2507 1765 2556 per
1811 2505 2008 2552 omnes,

639 2562 759 2610 Cum
783 2559 996 2608 stabulis
1015 2567 1250 2607 armenta
1281 2557 1414 2606 tulit.

1324 2638 1484 2698 (VIRG.
1513 2649 1530 2683 ι
1559 2635 1761 2700 Georg.)

467 2775 558 2832 Sic
590 2776 648 2830 et
678 2774 930 2842 iste,non
955 2773 1140 2827 solum
1170 2770 1420 2844 pecudes
1453 2786 1583 2825 cum
1617 2769 1874 2838 ovilibus,
1905 2767 2013 2825 ho-

393 2865 582 2921 mines
594 2879 726 2918 cum
741 2861 1235 2927 domibus,verum
1257 2859 1432 2912 etiam
1447 2861 1671 2928 patrem
1691 2861 2013 2912 matremve

390 2952 640 3008 familias
666 2967 798 3004 cum
821 2949 948 3003 ﬁliis
979 2965 1044 3002 ac
1095 2947 1339 3012 filiabus,
1389 2963 1485 3000 seu
1541 2963 1674 3000 eum
1736 2946 2011 3000 universis

392 3040 705 3112 improviso
749 3039 972 3108 impetu
1019 3037 1299 3108 protraxit
1326 3036 1641 3090 utcusibus.
1675 3037 1784 3089 Hac
1840 3053 2008 3106 aqua-

391 3146 525 3185 rum
554 3129 826 3184 illuvione
852 3126 1059 3181 involvi
1091 3131 1356 3180 metuens
1377 3125 1766 3180 armentarius
1794 3125 2007 3197 gregis,

391 3218 520 3272 usui
549 3217 971 3272 monachorum
985 3214 1168 3269 Patris
1189 3213 1479 3268 Benedicti
1506 3215 1563 3268 in
1595 3215 1855 3269 coenobio
1887 3214 2010 3268 Flo-

392 3305 638 3365 riacensi
654 3303 991 3376 degentium
1005 3303 1352 3374 delegati,ad
1373 3303 1584 3358 tutiora
1599 3303 1889 3356 montium
1906 3319 2007 3374 pa-

395 3413 532 3454 scua
552 3410 854 3451 vaccarum
875 3392 1110 3448 abduxit
1139 3396 1432 3459 armenta;
1467 3392 1620 3446 unde
1652 3391 2008 3463 regrediens.

395 3488 537 3544 dum
575 3484 831 3541 concitus
867 3499 989 3538 sese
1019 3481 1283 3554 proripit,
1313 3484 1376 3536 ut
1421 3481 1574 3536 intra
1625 3483 1785 3552 septa
1839 3475 2010 3535 castri

393 3577 658 3646 receptus
688 3571 1004 3628 imminens
1034 3569 1275 3626 evitaret
1291 3569 1636 3642 periculum,
1659 3569 1888 3624 obvium
1909 3569 2011 3624 ha-

394 3664 520 3720 buit
540 3663 807 3720 hostilem
831 3676 1006 3734 quem
1019 3659 1222 3732 fugere
1245 3659 1514 3731 cupiebat
1540 3659 2009 3714 amnem.Rctro~

394 3753 576 3826 grado
606 3753 801 3825 itaque
819 3767 880 3806 se
908 3749 1233 3821 proripiens
1257 3747 1507 3819 pede,ad
1537 3746 1796 3816 pondem
1821 3745 2011 3815 rivuli,

396 3842 495 3914 qui
515 3841 588 3898 ob
609 3836 1067 3910 circumjacentis
1081 3834 1448 3892 latitudinem
1469 3833 2016 3906 paludis,Longum-

393 3933 521 3986 rete
547 3928 775 3996 dicitur,
808 3942 985 3999 quam
1010 3925 1139 3996 jam
1187 3925 1336 3978 forte
1367 3922 1746 3994 praeterierat,
1786 3941 2016 3980 summa

394 4035 526 4075 cum
545 4015 918 4073 festinatione
933 4011 1318 4069 tendebat.lbi
1335 4027 1565 4083 quoque
1579 4011 1776 4068 obvios
1792 4013 2014 4068 habens

393 4103 732 4163 inundantis
761 4102 968 4157 ﬂuetus
997 4099 1262 4172 gurgitis,
1295 4099 1353 4154 in
1387 4098 1852 4170 desperationem
1882 4102 2012 4156 vitae

393 4193 643 4258 labitur;
670 4193 729 4244 et
753 4188 1004 4244 incertus
1032 4187 1275 4256 consilii,
1295 4187 1539 4243 fasciolis
1569 4205 1604 4244 a
1622 4189 1775 4244 tibiis
1791 4191 2010 4244 resolu-

392 4281 491 4348 tis,
533 4279 606 4334 ad
635 4278 802 4334 binas
829 4277 1020 4348 pontis
1049 4277 1272 4332 tabulas
1324 4295 1382 4332 se
1425 4277 1698 4350 alligavit.
1740 4280 2010 4334 Invocare

391 4372 591 4424 tamen
609 4367 896 4422 Christum
913 4369 970 4420 et
983 4383 1082 4421 san
1092 4370 1244 4421 ctum
1261 4367 1598 4440 coepitorare
1613 4366 2006 4435 Benedictum,

2103 1974 2163 2028 in
2194 1973 2324 2029 imis
2354 1974 3092 2046 constitutum,quamvisin
3123 1974 3365 2029 modum
3391 1973 3739 2046 cingulicir-

2105 2063 2552 2128 cumambirent,
2583 2063 2911 2116 nullatenus
2951 2066 3149 2117 tamen
3192 2061 3507 2128 ltedebant,
3542 2060 3739 2133 gratia

2107 2167 2240 2206 eum
2269 2150 2459 2205 divina
2487 2151 2706 2206 meritis
2731 2151 2910 2206 sancti
2945 2151 3028 2205 sui
3059 2150 3402 2206 confessoris
3431 2148 3739 2204 Benedicti

2105 2241 2484 2308 custodiente,
2538 2240 2608 2295 ad
2661 2241 3048 2297 exhibendum
3082 2240 3313 2296 famulis
3351 2239 3475 2310 ejus
3509 2240 3739 2294 devota:

2107 2331 2394 2386 servitutis
2411 2331 2748 2402 obsequium
2763 2331 2883 2386 .Cui
2907 2331 3083 2386 etiam
3103 2331 3255 2386 aliud
3273 2329 3449 2385 divini
3471 2329 3736 2383 muneris

2109 2420 2450 2474 attributum
2479 2422 2704 2475 constat
2733 2419 2906 2474 fuisse
2934 2419 3300 2474 beneficium.
3334 2419 3556 2472 Ruerat
3582 2416 3736 2472 radi-

2107 2508 2252 2564 citus
2281 2524 2564 2580 aquarum
2603 2508 2836 2562 alluvies
2881 2507 3158 2562 maximas
3208 2507 3489 2562 arborum
3525 2507 3732 2571 moles,

2110 2614 2356 2669 quarum
2386 2597 2608 2669 impetu
2631 2597 2812 2652 trunci
2835 2613 3062 2669 quoque
3081 2595 3318 2668 antiqua
3347 2595 3736 2650 diuturnitate

2109 2685 2338 2740 solidati
2359 2686 3004 2741 evertehantur.Horum
3020 2686 3112 2740 ille
3133 2685 3380 2755 impulsu
3401 2700 3522 2738 non
3547 2685 3732 2738 solum

2113 2773 2298 2845 mergi
2330 2791 2446 2829 non
2481 2778 2725 2844 poterat,
2761 2791 2960 2828 verum
2990 2775 3110 2828 sola
3141 2789 3316 2827 manu
3343 2773 3430 2825 vel
3463 2771 3729 2835 brachio,

2115 2882 2178 2918 ac
2217 2865 2258 2917 si
2295 2865 2441 2916 leves
2473 2863 2708 2933 stipulas
2739 2863 2809 2915 ad
2858 2879 2917 2916 se
2950 2863 3486 2934 appropinquantes
3534 2859 3728 2931 depel-

2113 2955 2288 3009 lebat.

2740 3112 2962 3166 CAPUT
3021 3113 3078 3165 Χ.

2215 3204 2276 3260 S.
2308 3201 2590 3257 Benedicti
2611 3218 2798 3269 agrum
2819 3203 3058 3254 minuens
3084 3200 3227 3254 mala
3260 3207 3428 3256 morte
3448 3205 3618 3274 perit.

2181 3315 2270 3366 235.
2304 3314 2456 3381 Ager
2478 3307 2948 3380 quidam,ditioni
2979 3307 3236 3362 subditus
3255 3307 3510 3364 ecclesiae
3535 3310 3724 3365 Sancti

2112 3397 2388 3470 Stephani
2417 3395 2926 3452 Antissiodorensis
2951 3396 3126 3464 urbis,
3156 3397 3401 3452 confinis
3431 3403 3520 3453 est
3561 3401 3726 3453 terra:

2113 3488 2308 3544 Sancti
2329 3487 2643 3555 Benedicti,
2678 3505 2805 3560 quae
2837 3491 3176 3542 memorata:
3207 3485 3470 3558 superius
3501 3486 3728 3556 adjaeet

2113 3575 2330 3650 paludi.
2352 3577 2511 3630 Hunc
2543 3577 2779 3648 quidam
2798 3576 3098 3631 Walterius
3115 3577 3246 3648 jure
3273 3573 3546 3629 beneficii
3567 3574 3726 3629 sorti-

2113 3672 2224 3735 tus,
2256 3665 2516 3738 ejusdem
2541 3664 2756 3720 telluris
2780 3666 3008 3734 partem
3025 3663 3099 3718 ad
3114 3679 3244 3718 suos
3266 3679 3398 3718 usus
3414 3663 3724 3736 praeripere

2116 3756 2416 3830 cupiebat;
2449 3754 2806 3826 conﬁctaque
2837 3752 3146 3820 calumnia,
3179 3751 3335 3824 quod
3367 3768 3436 3806 ex
3465 3768 3570 3806 suo
3629 3751 3723 3806 be-

2115 3845 2321 3902 neﬁcio
2352 3843 2638 3912 existeret,
2691 3845 2862 3914 atque
2907 3835 2940 3897 a
2979 3840 3188 3898 nostris
3230 3841 3497 3896 ruricolis
3523 3841 3728 3912 injuste

2113 3950 2350 4006 pervasa
2373 3933 2544 4000 foret,
2572 3933 2869 4003 querelam
2887 3934 3022 3986 ante
3039 3929 3428 3985 venerabilem
3458 3929 3727 3985 abbatem

2111 4023 2416 4078 Abbonem
2448 4019 2701 4092 exponit.
2753 4019 2897 4074 Nam
2928 4019 3179 4090 quodam
3210 4021 3478 4089 tempore
3511 4018 3584 4074 ab
3617 4033 3725 4072 uno

2113 4110 2487 4166 dominorum
2517 4125 2755 4165 suorum
2808 4107 3012 4162 missus
3042 4110 3146 4175 est,
3192 4111 3254 4162 ut
3287 4124 3391 4161 sua
3439 4107 3562 4163 vice
3604 4108 3722 4178 jam

2113 4199 2264 4254 dicto
2295 4199 2710 4270 obsequeretur
2743 4199 2939 4255 abbati
2959 4199 3032 4255 ad
3056 4197 3250 4269 regale
3279 4197 3564 4270 palatium
3594 4214 3724 4270 pro-

2109 4288 2359 4360 peranti.
2389 4287 2527 4341 lnde
2549 4303 2682 4341 cum
2711 4287 2970 4343 redirent
2996 4288 3167 4342 ambo
3189 4286 3380 4354 simul,
3401 4289 3460 4340 et
3490 4285 3564 4340 ad
3595 4301 3721 4340 eum

2116 4380 2458 4448 perventum
2485 4379 2633 4430 esset
2656 4376 2870 4443 locum,
2895 4377 2965 4430 de
2997 4393 3109 4448 quo
3141 4375 3207 4430 lis
3240 4375 3551 4430 videbatur
3580 4377 3719 4437 orta,

390 4460 458 4514 ut
488 4456 575 4512 sui
606 4455 978 4510 misereretur
1009 4472 1181 4528 opem
1213 4455 1453 4511 ferendo
1480 4473 1494 4522 ;
1527 4455 1648 4522 sed,
1679 4456 1928 4510 resoluto
1959 4474 1986 4510 ν

2112 4467 2265 4521 idem
2311 4464 2393 4518 vir
2423 4481 2728 4519 conversus
2771 4465 2843 4518 ad
2893 4466 3162 4520 abbatem
3195 4481 3208 4519 :
3245 4486 3272 4514 ς(
3303 4463 3466 4518 Nunc
3517 4463 3718 4535 inquit,

387 4543 767 4602 tumescentis
798 4543 1054 4599 ﬂuminis
1082 4548 1284 4616 ponte,
1328 4545 1446 4614 ipse
1477 4543 1694 4614 pariter
1718 4545 2013 4599 ferebatur

389 4636 450 4693 in
470 4651 746 4708 praeceps.
761 4633 904 4688 Tum
922 4650 1054 4689 vero
1069 4637 1190 4689 toto
1209 4633 1395 4688 cordis
1413 4631 1620 4686 affectu
1636 4648 1852 4687 nomen
1876 4633 2009 4688 bea-

389 4723 598 4782 tissimi
617 4722 864 4778 iterabat
891 4721 1252 4795 frequentius
1277 4719 1608 4788 Benedicti;
1634 4723 1690 4774 et
1719 4720 1854 4792 quia
1882 4722 2008 4793 jam

389 4812 569 4872 morti
588 4812 867 4868 traditum
881 4829 938 4868 se
966 4811 1258 4878 credebat,
1291 4813 1349 4864 ut
1371 4808 1629 4864 animam
1651 4811 1878 4864 tantum
1893 4813 2004 4866 sal-

389 4902 858 4974 varetposeebat.
893 4901 1152 4971 Cumque
1165 4897 1336 4953 undis
1365 4913 1424 4952 se
1456 4899 1913 4969 propellentibus
1932 4900 2006 4956 ad

391 5007 528 5050 eum
559 4993 784 5047 delatus
809 4993 957 5045 esset
981 4990 1192 5052 locum,
1227 4987 1322 5042 ubi
1350 4987 1608 5042 Bonodia
1633 4987 1894 5044 ﬂuviolus
1920 4990 2004 5045 Li-

391 5081 516 5155 geri
539 5079 750 5146 inlluit,
778 5094 883 5150 per
919 5075 1030 5132 tria
1049 5076 1170 5131 fere
1197 5075 1466 5131 milliaria
1505 5076 1666 5148 aquis
1694 5081 1905 5146 vectus,
1949 5081 2006 5134 et

392 5168 697 5242 semperin
713 5182 835 5232 ore,
865 5181 1094 5237 semper
1115 5164 1174 5220 in
1195 5164 1368 5220 corde
1390 5165 1734 5220 sanctissimi
1755 5166 2002 5222 vocabu-

468 5345 586 5416 (43)
617 5341 882 5400 Notanda
896 5342 1019 5396 haec
1032 5341 1252 5416 epoeha
1277 5342 1345 5397 de
1359 5357 1539 5416 regno
1558 5343 1819 5398 Botberti
1831 5345 2002 5416 regis,

395 5413 699 5489 cujuscum
720 5417 883 5494 patre
897 5413 1198 5494 regnantis
1213 5430 1396 5494 annus
1411 5414 1496 5494 pri
1507 5413 2008 5486 muscompara'tur

393 5484 530 5544 cuin
556 5484 945 5540 anno'Christi
976 5486 1101 5549 988,
1129 5484 1481 5538 monarchite
1511 5501 1643 5540 cum
1670 5484 1824 5539 anno
1878 5490 2001 5542 997.

395 5559 650 5634 Utraque
679 5555 896 5634 epoeha
927 5554 1122 5633 multis
1159 5554 1556 5634 instrumentis
1603 5557 2002 5634 confirmatur,

395 5627 500 5684 sed
529 5623 890 5697 potissimum
911 5623 1127 5697 prima,
1154 5624 1224 5678 de
1257 5642 1499 5697 quasue
1531 5627 1656 5682 loco
1688 5623 2002 5697 agendum;

399 5699 472 5755 Et
499 5693 698 5752 tamen
728 5694 889 5764 [lngo
914 5693 1079 5747 anno
1107 5695 1206 5748 987
1229 5693 1336 5748 rex
1369 5693 1571 5763 dictus,
1628 5693 1806 5751 eodem
1861 5715 2004 5755 anno

2114 4553 2350 4610 domine
2384 4553 2554 4618 abba,
2583 4553 2629 4606 si
2673 4554 2879 4624 placet,
2915 4555 3214 4609 ostendam
3248 4552 3352 4607 tibi
3409 4553 3718 4607 terminum

2111 4661 2256 4698 mea:
2287 4641 2982 4714 possessionis.»Monente
3010 4646 3206 4697 autem
3227 4641 3346 4708 illo,
3367 4659 3444 4696 ne
3475 4643 3616 4714 quid
3637 4659 3716 4696 su-

2109 4749 2215 4804 pra
2245 4749 2411 4786 suum
2433 4731 2850 4786 determinaret
2867 4731 2982 4802 jus,
3009 4748 3080 4785 ne
3105 4731 3252 4785 forte
3274 4730 3332 4784 id
3351 4745 3714 4803 nequaquam

2107 4820 2162 4876 ei
2205 4820 2442 4890 impune
2478 4819 2726 4888 cederet,
2760 4819 2853 4874 ille
2883 4819 3129 4890 impulso
3183 4817 3500 4873 calcaribus
3555 4832 3715 4890 equo,

2107 4907 2182 4963 ad
2231 4907 2422 4962 locum
2455 4906 2953 4962 determinationis
3001 4906 3108 4961 sibi
3140 4905 3364 4979 placitae
3425 4908 3714 4978 properat,

2105 4994 2526 5051 obtestantibus
2574 5012 2724 5067 pene
2755 4995 3022 5050 omnibus
3067 4995 3164 5066 qui
3196 5010 3330 5049 cum
3375 4994 3588 5048 abbate
3618 4992 3711 5048 ad-

2104 5087 2272 5141 erant
2289 5085 2451 5140 illum
2478 5088 2700 5140 metam
2717 5085 2890 5156 justa:
2919 5084 3208 5139 divisionis
3235 5083 3588 5154 transgredi.
3608 5079 3711 5137 Sed

2105 5190 2236 5230 cum
2266 5173 2508 5228 habenis
2531 5189 2745 5246 equum
2794 5173 3088 5227 refrenare
3131 5175 3442 5228 conaretur
3472 5171 3666 5226 dicens
3696 5184 3708 5222 :

2102 5353 2275 5424 ﬁlium
2301 5369 2456 5409 suum
2503 5360 2796 5412 consortem
2846 5355 2998 5423 regni
3049 5353 3192 5422 legit,
3253 5355 3397 5406 teste
3450 5351 3706 5424 Aimoino

2105 5421 2355 5496 Suprain
2375 5425 2548 5496 lib.ﬁu,
2567 5443 2693 5496 cap.
2725 5431 2774 5492 t,
2800 5421 3009 5495 nempe
3026 5421 3233 5478 eodem
3260 5439 3426 5496 anno
3446 5421 3705 5496 Hugonis,

2105 5491 2206 5568 sed
2232 5495 2437 5549 Christi
2467 5491 2814 5568 insequenti,
2837 5501 2896 5551 et
2919 5491 3154 5566 quidem
3187 5494 3461 5568 Kalendis
3480 5491 3700 5556 Jauarii,

2105 5567 2204 5692 qui
2231 5582 2334 5691 gr?
2364 5567 2538 5623 veteri
2567 5566 2730 5624 more
2759 5567 2834 5622 ad
2863 5583 3083 5624 annum
3109 5566 3540 5638 praecedentem
3585 5577 3701 5638 per-

2133 5653 2226 5692 ine
2271 5653 2304 5690 a
2336 5676 2348 5690 .
