3882 6212
124 514 236 577 ΒΗ

973 512 1066 574 DE
1089 506 1461 574 MIRACULIS
1487 510 1545 569 S.
1572 506 1938 569 BENEDICTI
1969 506 2152 569 LIBRI
2177 508 2342 570 DUO.
2373 537 2448 556 ιι-
2480 509 2606 570 LlB.
2633 508 2683 571 ῙῙ

3359 521 3466 583 842

127 662 167 701 c
199 643 290 700 Ab
312 640 427 698 hoc
444 655 559 715 ego
587 639 717 698 loco
755 637 1192 713 universumjus
1224 638 1297 695 ad
1326 639 1497 696 istam
1534 642 1762 712 partem
1784 642 1839 704 Α
1862 641 1997 695 ante
2024 639 2205 695 altare
2232 638 2426 696 Sancti
2456 638 2696 697 Joannis
2718 642 3110 716 evangelista),
3141 644 3200 701 in
3230 645 3467 707 basilica

132 736 348 806 (manu
376 747 514 787 eam
561 730 981 803 demonstrans)
1012 729 1176 797 mihi,
1228 728 1452 784 etiamsi
1505 744 1763 784 necessa-

135 824 298 879 rium
331 820 533 889 fuerit,
549 818 824 891 singulari
846 818 1163 874 certamine
1180 817 1507 873 vindicabo.
1540 839 1566 866 ››
1583 834 1762 889 equus

135 912 201 968 in
256 925 497 966 cursum
545 912 705 964 actus
758 908 995 962 retineri
1026 907 1097 962 ab
1128 924 1196 962 eo
1226 923 1343 962 non
1384 907 1589 978 potuit,
1623 906 1761 978 quin

133 1000 346 1075 potius
383 997 567 1054 invito
591 1013 809 1052 sessore
842 1011 1124 1069 proruens
1149 996 1326 1050 semel
1375 1012 1439 1050 ac
1483 995 1760 1063 secundo,

138 1089 376 1147 offenso
405 1087 627 1142 labitur
651 1085 816 1158 pede.
860 1085 1016 1139 'l‘unc
1054 1083 1551 1139 reverentissimus
1598 1084 1761 1138 Abbo

141 1178 332 1235 abbas
353 1191 666 1231 conversus
717 1174 791 1228 ad
831 1189 963 1228 suos
1012 1172 1094 1227 ita
1140 1172 1309 1227 infit:
1366 1192 1396 1223 (ς
1438 1173 1565 1227 Jam
1610 1187 1764 1226 nunc

142 1262 474 1339 cquissimi
529 1261 741 1318 Iudicis
799 1262 1021 1333 justum
1076 1260 1346 1315 citissime
1403 1259 1765 1332 censpicietis

141 1370 397 1411 examen
409 1394 422 1406 .
452 1374 479 1401 »
498 1353 630 1406 Post
655 1366 781 1422 quin
798 1350 1178 1421 verba,equus
1190 1349 1359 1403 tertio
1380 1350 1567 1420 lapsus
1582 1347 1764 1402 domi-

143 1461 343 1499 numa
372 1445 542 1514 tergo
564 1456 665 1495 suo
687 1439 899 1511 abjicit.
934 1438 1040 1503 Qui
1067 1438 1298 1503 cadens,
1330 1437 1572 1491 discissis
1618 1437 1764 1491 inte-

144 1532 427 1594 rioribus,
481 1531 774 1600 fractaque
822 1528 1055 1599 scapula
1099 1526 1424 1581 debilitatus
1462 1526 1533 1579 ad
1572 1525 1766 1579 villam

147 1618 498 1676 monasterii
526 1618 767 1683 delatus,
799 1617 1277 1687 advesperacente
1309 1614 1430 1685 ipso
1457 1613 1546 1668 die
1561 1613 1769 1667 defun-

148 1715 276 1765 ctus
303 1712 415 1775 est,
450 1706 787 1779 peregitque
816 1706 937 1776 ipse
994 1704 1146 1758 solus
1188 1704 1539 1775 singularem
1589 1717 1767 1773 quam

146 1799 836 1871 proposueratpugnam,
862 1794 978 1847 Deo
992 1791 1361 1846 manifestum
1386 1793 1655 1846 exerente
1680 1790 1770 1861 ju-

151 1886 376 1941 dicium
412 1883 635 1939 meritis
683 1882 872 1937 dilecti
931 1880 1015 1935 sui
1062 1879 1403 1935 confessoris
1452 1876 1765 1945 Benedicti,

152 1975 321 2045 cujus
351 1989 445 2027 res
461 1970 714 2026 aleniare
733 1969 1000 2041 cupiebat
1023 1986 1038 2036 ;
1057 1968 1217 2039 cujus
1242 1983 1436 2023 casum
1464 1967 1769 2021 miseratus
1790 1942 1837 2002 Β

148 2060 520 2119 honorabilis
549 2059 710 2114 Abbe
734 2058 932 2125 abbas,
964 2073 1035 2112 eo
1051 2056 1208 2129 quod
1238 2056 1343 2110 sibi
1361 2055 1420 2110 in
1447 2055 1652 2110 itinere
1676 2054 1770 2109 de-

148 2151 453 2207 votissime
480 2148 784 2204 obsecutus
796 2146 1012 2213 fuisset,
1036 2161 1170 2201 cum
1187 2144 1460 2199 fratribus
1482 2143 1543 2198 in
1558 2159 1769 2198 caeme-

151 2240 295 2296 terio
317 2237 574 2296 ecclesia:
587 2234 1167 2292 honoriﬁcentissime
1191 2233 1427 2290 tradidit
1437 2234 1771 2305 sepulturae.

802 2342 1027 2398 CAPUT
1045 2342 1131 2399 XI.

366 2435 431 2491 S.
466 2432 639 2489 Pauli
662 2433 893 2503 corporis
914 2430 1192 2487 translatio
1222 2428 1555 2486 Fleriacum.

220 2545 311 2598 27.
338 2541 453 2597 Osa
474 2539 790 2611 (Humani)
822 2538 1032 2593 Oceani
1064 2537 1243 2592 maris
1277 2537 1542 2609 quaedam
1570 2539 1654 2592 est
1680 2536 1769 2592 in-

160 2632 301 2698 sula,
334 2645 467 2701 qua:
490 2645 524 2682 a
547 2626 869 2683 continenti
895 2625 1291 2681 Armoricanae
1321 2623 1573 2697 regionis
1591 2628 1767 2694 terra,

158 2735 332 2792 quam
354 2716 741 2788 Cornugallia:
771 2714 1099 2782 nominant,
1127 2714 1333 2786 pelago
1346 2713 1628 2769 sexdecim
1640 2730 1771 2786 pas-

158 2824 321 2862 suum
369 2807 431 2861 in
462 2809 852 2860 transversum
884 2806 1151 2875 porrecto
1204 2802 1546 2874 sejungitur.
1580 2803 1643 2857 In
1702 2819 1773 2857 ea

158 2897 392 2952 beatum
422 2894 688 2961 Paulum,
714 2894 1107 2966 cognomento
1141 2891 1537 2960 Aurelianum,
1560 2891 1768 2946 eremi-

158 2985 329 3040 ticam
349 2982 580 3038 duxisse
606 2982 782 3037 vitam
805 2998 871 3036 ex
900 2981 1049 3037 libro
1091 2980 1233 3034 Vitas
1264 2978 1374 3052 (44)
1406 2980 1454 3051 ej
1466 2997 1528 3035 us
1576 2978 1770 3035 didici-

157 3072 405 3129 mus.Hic
427 3070 677 3143 denique
690 3070 1046 3138 S.Paulus,in
1065 3070 1188 3124 loco
1214 3068 1526 3123 Britannia:
1543 3069 1641 3140 qui
1666 3084 1770 3141 ep-

158 3161 358 3233 pidum
390 3159 590 3215 Sancti
622 3158 782 3213 Pauli
814 3159 925 3230 (45)
967 3157 1194 3224 dicitur,
1223 3157 1530 3229 Episcopus
1563 3156 1767 3224 factus,

1862 730 2088 785 Sancte:
2113 729 2214 784 Dei
2253 729 2550 801 genitricis
2576 731 2788 799 Mariae,
2821 734 3196 791 tumulariam
3226 737 3471 810 adeptus

1864 821 1950 875 est
1979 820 2353 891 sepulturam.
2378 819 2594 892 Corpus
2614 824 2808 876 autem
2823 823 3096 879 antedicti
3127 826 3471 884 confessoris

1862 908 2022 963 Pauli
2054 924 2185 962 cum
2220 908 2815 981 proprioloculo,post
2844 912 3094 967 loculum
3122 916 3473 972 sanctissimi

1863 996 2045 1052 Patris
2088 996 2377 1051 Benedicti
2433 1002 2772 1069 posuerunt,
2805 1016 2921 1055 uno
2968 1005 3168 1057 tamen
3200 1004 3472 1075 ampliori

1863 1086 2092 1152 scrinio,
2119 1086 2276 1157 quod
2303 1085 2480 1140 etiam
2509 1089 2749 1157 argento
2769 1089 2984 1143 tectum
3009 1094 3473 1165 erat,utrumque

1862 1174 2288 1229 concludentes.
2323 1176 2481 1230 Nunc
2521 1176 2645 1247 jam
2674 1176 2746 1231 ad
2776 1176 2834 1232 id
2882 1179 3037 1251 quod
3068 1180 3344 1252 ccepimus
3374 1198 3472 1237 ex-

1862 1264 2222 1334 sequendum
2249 1264 2671 1337 regrediamur.

1865 1423 2022 1478 Felix
2049 1426 2372 1501 amiciorem
2392 1356 2705 1501 «af/1:599:
2690 1357 2997 1501 λέὁιὲνῖαῑηςς.
3031 1429 3322 1501 Episcopus
3341 1431 3477 1485 Leo-

1938 1499 2112 1550 ncnsis
2163 1497 2217 1550 id
2248 1498 2443 1550 cwlitus
2468 1498 2644 1553 discit.
2674 1497 2831 1553 Felix
2863 1501 2927 1554 ob
2976 1501 3029 1554 id
3059 1497 3113 1554 ὑπ
3138 1497 3474 1559 8.’Βεηριίἰ·

1936 1572 2083 1622 ctum
2105 1568 2331 1638 amplius
2362 1571 2648 1624 animatus.
2682 1568 2887 1625 Iterum
2920 1572 3188 1640 liberatus,

1939 1657 2025 1711 28.
2064 1657 2125 1709 lu
2157 1659 2483 1710 memorata
2503 1657 2678 1727 igitur
2703 1658 2906 1727 insula,
2929 1660 3002 1715 ob
3033 1678 3294 1717 amorem
3331 1662 3478 1719 tanti

1867 1742 2146 1816 praesulis,
2180 1742 2417 1813 quidam
2450 1744 2583 1798 civis
2606 1745 2729 1816 jam
2766 1746 2930 1802 dicta:
2973 1750 3227 1821 regionis
3259 1752 3477 1807 Cornu-

1868 1831 2075 1903 galliee,
2114 1830 2266 1885 Felix
2298 1831 3102 1900 nemine,adinhabitandum
3119 1840 3476 1913 demigrans,

1869 1936 1999 1975 cum
2030 1919 2154 1976 aliis
2165 1936 2279 1974 suae
2294 1920 2599 1991 pI‘OVlDCltB
2613 1922 2763 1991 viris,
2796 1940 2902 1994 per
2924 1925 3247 1998 aliquantus
3269 1946 3477 1995 annos,

1868 2010 1987 2064 Dee
2020 2008 2289 2080 placitam
2316 2007 2533 2062 studuit
2563 2009 2770 2066 ducere
2795 2011 3113 2067 vitam.Sed
3128 2030 3259 2070 cum
3289 2018 3478 2074 veraci

1867 2097 2156 2152 referente
2180 2096 2341 2152 fama
2368 2096 2659 2152 didicisset
2698 2115 2903 2171 corpus
2942 2102 3069 2172 jam
3130 2103 3266 2159 dicti
3297 2107 3479 2162 sancti

1870 2185 2026 2256 apud
2057 2202 2165 2241 nes
2195 2184 2797 2253 retineri,deliberavit
2826 2189 3021 2244 animo
3053 2191 3127 2245 ad
3149 2192 3271 2262 ejus
3297 2210 3481 2251 sacra-

1869 2271 2093 2327 tissima
2112 2288 2426 2345 properare
2457 2274 2743 2330 membra.
2773 2276 3053 2332 Incitabat
3066 2296 3294 2352 quoque
3306 2281 3478 2338 bonas

1868 2360 2179 2415 voluntatis
2230 2360 2354 2431 ejus
2392 2366 2666 2418 cenatum
2695 2381 2899 2421 rumor
2925 2368 3262 2424 sanctissimi
3296 2371 3480 2427 Patris

1870 2440 2051 2495 nostri
2076 2439 2387 2507 Benedicti,
2407 2443 2505 2514 qui
2525 2442 2700 2499 totius
2729 2445 2907 2501 etiam
2933 2448 3479 2506 remetissimosBri-

1869 2530 2086 2585 taenia:
2113 2530 2435 2602 repleverat
2476 2529 2652 2586 sinus.
2681 2533 2930 2590 Ascensa
2962 2552 3101 2608 ergo
3136 2554 3269 2606 uua,
3302 2557 3478 2612 quam

1870 2620 2057 2675 solum
2090 2623 2227 2673 tunc
2252 2619 2469 2693 reperit
2495 2620 2707 2690 navim,
2737 2623 2811 2678 ad
2828 2625 3089 2696 superius
3112 2627 3478 2684 nominatum

1869 2706 2061 2763 Sancti
2080 2706 2244 2762 Pauli
2263 2708 2539 2780 oppidum
2552 2710 2746 2766 venire
2761 2712 3193 2785 disposuit,cum
3207 2717 3479 2787 pontifice

1868 2795 2044 2870 ipsius
2066 2798 2215 2853 sedis
2232 2802 2574 2855 tractaturus
2592 2805 2786 2856 utrum
2830 2801 2934 2857 sibi
2967 2804 3087 2857 hinc
3110 2821 3236 2876 qua:
3263 2806 3480 2878 cogita-

1867 2888 2029 2940 verat
2058 2902 2229 2957 agere
2280 2888 2595 2958 expediret.
2627 2890 2840 2945 Verum
2872 2892 3110 2964 pelagus
3154 2894 3295 2949 illud
3325 2902 3481 2967 quod

1868 2971 2022 3028 inter
2050 2974 2298 3029 insulam
2320 2992 2386 3030 ac
2409 2977 2807 3034 continentem
2834 2979 3080 3035 diximus
3103 2999 3222 3037 esse
3242 2986 3477 3053 terram,

1871 3062 1945 3118 ob
1993 3062 2079 3117 sui
2111 3063 2436 3134 angustiam
2476 3068 2535 3119 et
2566 3065 2799 3137 rupium
2830 3068 2889 3122 in
2921 3085 2989 3124 eo
3018 3071 3480 3143 prominentium

1871 3152 2393 3222 exasperatienem,
2427 3154 2721 3210 difficilem
2754 3158 3047 3213 multoties
3077 3160 3481 3232 navigantibus

161 3249 349 3305 multis
388 3248 450 3302 in
480 3247 596 3302 vita
624 3264 726 3301 sua
748 3248 933 3301 clarus
963 3244 1288 3312 virtutibus,
1312 3244 1534 3299 ibidem
1563 3259 1668 3316 per
1683 3244 1771 3300 di-
1798 3256 1847 3316 ο
1870 3240 2048 3295 efﬁcit
2077 3240 2410 3299 transitum.
2456 3243 2621 3307 Quod
2654 3261 2784 3299 cum
2808 3245 2936 3315 jam
2973 3247 3154 3304 dictus
3184 3250 3269 3304 vir
3294 3253 3479 3306 trans-

160 3337 347 3393 vinam
378 3334 848 3407 designationem
870 3333 1245 3388 tumulariam
1274 3332 1490 3387 meruit
1514 3333 1768 3405 sepultu-

159 3442 300 3481 ram.
327 3424 503 3495 Cujus
532 3438 737 3494 corpus
768 3423 897 3494 post
938 3422 1116 3492 longa
1153 3420 1341 3476 obitus
1392 3419 1567 3491 ipsius
1617 3424 1769 3476 tran-

160 3517 305 3569 sacta
320 3515 614 3583 tempora,
643 3528 675 3565 a
694 3511 973 3566 Mabbone
997 3508 1110 3581 (46)
1137 3508 1313 3580 ipsius
1340 3509 1447 3563 loci
1470 3507 1767 3582 pontifice,

162 3602 228 3658 ad
257 3602 369 3657 hoc
406 3602 671 3655 nostrum
706 3598 1064 3654 Floriacense
1086 3599 1430 3653 translatum
1461 3600 1548 3653 est
1574 3613 1769 3653 eosne-

160 3690 335 3745 bium.
367 3688 546 3760 Hujus
590 3686 985 3744 translationis
1016 3686 1246 3754 seriem,
1290 3686 1425 3758 quia
1456 3687 1676 3741 occasio
1708 3703 1768 3741 se

158 3778 419 3851 praebuit,
452 3778 589 3833 licet
630 3776 826 3831 multis
861 3778 1034 3832 antea
1085 3775 1443 3848 temporibus
1483 3778 1644 3847 gesta
1672 3774 1764 3843 sit,

158 3866 293 3922 sicut
321 3884 357 3922 a
383 3865 673 3939 prioribus
704 3864 913 3920 nostris
941 3881 1072 3919 eam
1105 3864 1304 3919 auditu
1348 3864 1762 3936 comperimus,

159 3956 368 4012 referre
395 3955 644 4028 dignum
673 3954 958 4010 duximus.
1005 3954 1352 4009 Memeratus
1392 3954 1639 4026 denique
1671 3971 1763 4009 ve-

159 4044 423 4101 nerabilis
440 4043 647 4099 Mabbo
668 4043 947 4114 pontifex,
971 4058 1168 4098 amore
1198 4042 1386 4098 divine
1406 4044 1763 4115 contempla-

159 4133 279 4190 tiva:
309 4149 616 4189 succensus
632 4131 784 4200 vitae,
810 4117 1114 4187 haesitabat
1141 4132 1337 4187 animo
1369 4148 1626 4204 quonam
1657 4149 1762 4204 pe-

159 4222 437 4277 tissimnm
464 4220 525 4276 in
556 4221 686 4275 loco
700 4236 867 4275 suum
886 4222 1077 4292 posset
1106 4222 1333 4293 explere
1362 4220 1761 4292 propositum;

158 4309 239 4364 cui
253 4308 527 4365 divinitus
549 4297 891 4381 inspiratum
905 4311 990 4363 est
1011 4326 1296 4381 nusquam
1314 4308 1501 4381 aptius
1518 4308 1577 4363 id
1597 4325 1762 4380 posse

160 4415 283 4454 eum
313 4397 596 4472 perﬁcere
627 4413 804 4469 quam
831 4397 891 4451 in
910 4398 1221 4470 praesentia
1245 4396 1502 4469 corporis
1522 4397 1760 4453 sanctis-

1870 3344 2068 3383 meare
2096 3330 2287 3397 vellet,
2309 3330 2609 3400 inopinate
2628 3333 2849 3405 impetu
2879 3336 3167 3392 undarum
3188 3337 3345 3393 navis
3362 3356 3483 3395 ver-

1867 3419 1993 3471 sata
2011 3433 2144 3470 eum
2160 3434 2290 3471 cum
2317 3419 2589 3474 universis
2634 3421 2966 3477 sociisinter
2997 3441 3055 3479 se
3086 3428 3317 3480 etmare
3342 3444 3479 3482 cen-

1869 3504 2053 3561 clusit.
2113 3505 2292 3560 Erant
2339 3506 2491 3561 inter
2537 3523 2635 3563 eos
2665 3510 2906 3563 natandi
2936 3510 3122 3580 ignari
3149 3531 3162 3580 ;
3195 3515 3302 3568 lies
3326 3516 3482 3572 unda

1867 3597 2084 3666 raptos,
2154 3611 2325 3665 super
2350 3611 2529 3650 unum
2561 3612 2593 3651 e
2610 3597 3075 3667 prominentibus
3100 3602 3247 3655 saxis
3274 3601 3481 3657 illzesos

1869 3681 2154 3753 deposuit.
2190 3684 2267 3738 lle
2297 3699 2432 3738 vero
2464 3700 2595 3739 cum
2620 3702 2735 3741 uno
2766 3688 2995 3741 tantum
3028 3688 3353 3759 sodali,jam
3387 3707 3477 3746 re-

1869 3770 2054 3826 ductas
2079 3771 2138 3826 in
2169 3788 2334 3827 suum
2366 3775 2582 3828 statum
2610 3775 2743 3829 navi
2787 3774 3025 3844 insiluit,
3060 3779 3118 3831 et
3144 3777 3352 3833 fluctus
3381 3778 3479 3852 qui

1868 3876 1997 3917 eam
2024 3862 2419 3933 oppleverant,
2452 3879 2647 3934 panno
2681 3863 2885 3919 sinutas
2915 3865 3082 3920 vestis
3113 3867 3476 3939 exhauriens,

1866 3966 1998 4005 cum
2026 3951 2247 4006 duobus
2263 3951 2361 4023 qui
2374 3951 2479 4007 soli
2497 3957 2904 4009 remanserant
2918 3954 3091 4010 remis
3104 3956 3176 4011 ad
3194 3957 3476 4029 reeipien-

1866 4040 1971 4095 des
1998 4038 2179 4094 socios
2226 4039 2355 4112 rupi
2398 4041 2902 4115 appropinquavit.
2959 4043 3175 4108 Quibus
3232 4047 3478 4118 receptis

1862 4127 2145 4201 prospicit
2173 4128 2400 4183 eminus
2427 4129 2644 4185 librum
2675 4148 2965 4204 perquem
2984 4134 3181 4189 laudes
3210 4136 3326 4190 Dee
3350 4152 3479 4207 per-

1863 4218 2082 4273 solvere
2121 4221 2514 4285 consueverat,
2547 4220 2716 4274 undis
2748 4221 2980 4292 jactari,
3004 4239 3109 4283 nec
3128 4225 3313 4296 mergi
3345 4227 3480 4281 Post

1864 4322 2040 4378 quem
2071 4304 2287 4361 directe
2314 4321 2482 4360 cursu
2497 4307 2655 4362 navis
2684 4325 2818 4364 eum
2849 4310 3159 4379 levavit,ita
3183 4313 3341 4367 omni
3369 4314 3474 4367 hu-

1863 4410 2027 4449 more
2058 4393 2647 4451 introrsuscarentem
2662 4398 2954 4469 quasinou
2982 4400 3151 4459 unda:
3169 4401 3351 4473 ipsum
3369 4419 3473 4472 per

160 4487 280 4543 simi
309 4487 494 4544 Patris
526 4486 708 4541 nostri
742 4485 1054 4554 Benedicti,
1087 4487 1184 4560 qui
1236 4487 1350 4542 dux
1414 4490 1473 4541 et
1522 4486 1764 4559 signifer
1787 4514 1838 4573 D
1864 4483 2391 4573 maria,sedventus
2421 4502 2523 4557 per
2552 4492 2735 4542 terras
2756 4490 3087 4559 portaverit.
3126 4490 3339 4545 Deinde
3372 4491 3476 4546 ali-

167 4573 297 4632 illius
323 4582 474 4632 esset
500 4574 879 4630 institutionis
900 4592 1074 4647 quam
1108 4576 1227 4647 ipse
1253 4575 1757 4648 sectaricupiebat.

175 4661 403 4737 Sumptis
421 4664 601 4737 igitur
632 4663 955 4734 Evangeliis
983 4667 1040 4718 et
1063 4680 1356 4719 sacrarum
1376 4664 1617 4719 vestium
1645 4681 1761 4720 non

174 4753 584 4809 contemnendo
617 4753 1034 4819 ernatu,simul
1065 4769 1196 4807 cum
1223 4752 1604 4808 sacratissime
1637 4769 1760 4808 cer-

174 4853 288 4909 pore
317 4841 537 4913 egregii
554 4842 811 4914 praesulis
826 4840 984 4895 Pauli
1013 4840 1085 4896 ad
1109 4841 1215 4895 sibi
1230 4841 1615 4896 desideratam
1636 4858 1762 4913 per-

173 4929 307 4983 venit
335 4928 782 4995 habitationem,
804 4945 978 5000 quem
1012 4928 1189 4983 abbas
1218 4929 1375 4985 istius
1388 4929 1531 4983 sacri
1568 4945 1761 4985 coene-

176 5008 252 5081 bii,
269 5015 622 5088 praecedenti
639 5016 786 5071 libro
813 5015 1145 5071 nominatus
1168 5017 1592 5090 Wlfaldus(47),
1620 5034 1759 5072 cun-

177 5103 354 5177 ctaque
383 5104 760 5177 congregatio
790 5104 1224 5176 gratantissime
1250 5105 1573 5161 dilectionis
1592 5107 1762 5161 susci-

176 5188 372 5255 pientes
398 5192 703 5264 obsequio,
738 5208 852 5264 quo
888 5192 1101 5247 advixit
1129 5198 1415 5266 tempore,
1446 5195 1761 5250 honorifice

177 5290 345 5336 secum
365 5283 701 5337 tenuerunt.
722 5279 1076 5352 Quiperacte
1095 5282 1416 5337 laudablilis
1435 5282 1559 5337 vitae
1573 5299 1759 5339 cursu.

226 5424 335 5492 (Hi
362 5424 558 5478 Exstat
587 5421 734 5477 liber
762 5421 889 5490 iste,
920 5423 1022 5477 sed
1053 5423 1309 5491 mutilus,
1338 5424 1396 5478 in
1420 5424 1767 5480 bibliotheca

176 5483 517 5543 Floriacensi-

223 5510 517 5549 ornacensn.

229 5567 343 5632 (45)
388 5564 478 5620 Sic
530 5564 904 5618 restituerunt
954 5563 1101 5619 Socii
1132 5565 1510 5632 Bellandiani,
1570 5565 1765 5621 Boscio

173 5637 452 5707 lllendose,
484 5637 580 5707 qui
609 5636 855 5707 oppidum
885 5635 1103 5707 dicitur.
1147 5637 1426 5692 Leonium
1476 5653 1629 5692 nunc
1682 5638 1766 5693 di-

171 5704 332 5773 ctum,
354 5704 509 5761 Leon—
526 5704 688 5760 sedes
711 5706 1070 5777 episcopalis.

231 5778 338 5850 (46)
367 5777 574 5835 Mabbe
608 5776 887 5831 Leonensi
914 5776 1191 5833 Ecclesia:
1224 5778 1439 5849 prafuit
1489 5780 1559 5836 ab
1616 5797 1771 5839 anno

656 5874 890 5934 Panos.
925 5873 1177 5935 CXXXIX.

1864 4573 2070 4645 quibus
2116 4572 2290 4627 remis
2316 4590 2446 4627 cum
2499 4574 2855 4647 aliquantula
2890 4580 3181 4650 supellecti
3207 4581 3473 4652 receptis,

1862 4662 1937 4717 ad
1965 4662 2320 4717 destinatum
2354 4664 2591 4719 tandem
2617 4665 2790 4743 delati
2809 4670 2944 4721 sunt
2972 4670 3184 4723 locum.

1935 4755 2022 4807 '29.
2057 4751 2316 4824 Cumque
2356 4757 2711 4809 memoratus
2760 4755 2867 4823 vir,
2900 4773 3029 4811 cum
3065 4759 3332 4831 episcopo
3364 4760 3474 4815 Ieci

1861 4841 2215 4912 colloquium
2253 4842 2539 4896 familiare
2566 4843 2808 4911 habens,
2836 4861 2905 4897 ea
2936 4863 3063 4917 quae
3085 4847 3191 4901 sibi
3224 4848 3472 4903 obvene-

1859 4932 1994 4984 rant
2014 4930 2231 4984 referre
2259 4931 2429 4997 velle,
2460 4931 2735 5001 praevenit
2776 4947 2909 4986 eum
2942 4935 3220 5004 pontifex,
3275 4935 3356 4991 ita
3384 4936 3475 4992 in-

1861 5018 2096 5091 quiens:
2130 5041 2158 5068 ‹‹
2188 5019 2476 5086 Num,ait,
2512 5019 2764 5090 ignoras,
2785 5019 3020 5074 domine
3038 5021 3301 5090 miFelix,
3335 5026 3473 5096 quid

1860 5106 2090 5162 cuidam
2122 5107 2394 5163 Monache
2430 5105 2700 5162 omnibus
2734 5106 2950 5179 tibique
2982 5108 3130 5162 bene
3160 5114 3297 5163 nete
3326 5111 3395 5165 de
3417 5116 3471 5166 te

1861 5211 1965 5266 per
1978 5198 2327 5249 nocturnum
2347 5210 2615 5265 soporem
2628 5193 2946 5248 revelatum
2959 5194 3090 5248 sit?»
3110 5194 3209 5249 Cui
3228 5212 3359 5250 cum
3379 5196 3472 5253 ille

1865 5282 2081 5338 diceret
2101 5299 2160 5336 se
2179 5281 2237 5337 id
2262 5281 2522 5336 funditus
2543 5280 2833 5353 ignorare,
2866 5281 3166 5355 episcopus
3186 5282 3259 5337 ad
3290 5299 3424 5338 eum
3454 5300 3468 5338 :

1866 5427 2120 5498 940-7945,
2142 5442 2209 5498 ex
2233 5424 2470 5498 Alberto
2487 5424 2559 5479 de
2583 5425 2991 5498 Menterelaxe,
3016 5426 3111 5498 qui
3126 5426 3276 5481 hanc
3292 5428 3471 5483 sancti

1773 5502 1776 5505 ’
1867 5495 2025 5567 Pauli
2051 5494 2886 5567 reliquiarum,translationem
2918 5494 3238 5553 Fleﬁacuni
3276 5500 3475 5557 tribuit

1868 5566 2043 5622 etiam
2074 5565 2318 5620 Liberali
2349 5566 2616 5637 episcopo
2647 5567 2749 5620 sub
2780 5567 2981 5625 Carolo
3015 5571 3204 5625 Calve.

1938 5653 2299 5737 (47)_Aucter
2324 5655 2641 5737 fragmenti
2672 5655 2925 5737 historici
2952 5660 3087 5737 jam
3108 5660 3292 5737 Acitati,
3324 5661 3477 5737 apud

1873 5727 2185 5785 Chcsnium
2218 5731 2377 5784 teme
2409 5727 2499 5799 ΙΙΙ,
2533 5745 2666 5804 pag.
2702 5730 2829 5799 343,
2858 5727 3015 5789 idem
3041 5727 3367 5793 attestatur:

3202 5890 3269 5949 27
