3882 6212
463 432 532 489 43
1488 426 1755 485 ΑΙΜΟΙΝΙ
1782 426 2017 486 ΜΟΝΑο

2185 429 2622 488 gORIACENSIS

3645 439 3742 498 844

414 578 442 607 ‹‹
467 552 915 627 Retulit,inquit,
931 552 1073 609 mihi
1093 552 1249 610 idem
1278 553 1595 610 monachus
1607 571 1804 611 coram
1819 554 2012 612 multis
2036 556 2092 622 Α
2120 559 2207 613 tas
2218 556 2528 613 verborum
2549 555 3223 616 audientibusfastidium
3244 556 3507 618 materia
3541 560 3747 635 gigne-

412 647 672 712 testibus,
693 645 888 700 dicens
910 662 922 701 :
943 645 1256 701 Videbatur
1285 643 1426 700 mihi
1461 646 1617 718 quod
1651 645 1929 718 Felix,qui
1960 646 2017 701 in

411 737 598 791 insula
626 733 964 800 habitat,hic
983 735 1136 805 apud
1165 751 1269 789 nos
1297 736 1447 790 foret
1475 735 1711 806 positus.
1746 734 1854 800 Qui
1879 735 2017 792 dum

415 826 488 880 ad
518 843 617 880 sua
631 823 860 897 regredi
877 825 1044 879 vellet
1061 824 1369 896 navimque
1385 823 2018 893 ascendisset,diabolus

412 917 472 970 in
501 915 688 986 specie
729 913 964 968 vulturis
995 913 1490 984 adveniens,cujus
1543 914 1803 986 corporis
1837 916 2020 969 moles

414 1005 628 1060 montis
650 1003 936 1058 altitudini
975 1002 1187 1074 aequari
1221 1019 1383 1073 posse
1411 1003 1754 1058 credebatur
1785 1006 2019 1058 cunctos

413 1095 511 1167 qui
541 1096 664 1148 rate
694 1092 1049 1148 vehebantur
1077 1092 1245 1146 simul
1276 1109 1406 1146 cum
1433 1091 1629 1162 ipsain
1657 1093 2013 1163 profundum

416 1200 678 1255 mergere
711 1181 852 1237 mihi
873 1181 1308 1236 videbatur.lllis
1339 1181 1532 1253 itaque
1562 1182 1671 1235 hoc
1704 1182 1878 1236 modo
1895 1183 2022 1236 sub-

416 1271 1156 1343 mersis,apparuitrcpente
1171 1269 1254 1323 vir
1270 1269 1506 1342 quidam
1524 1269 1862 1324 monachico
1879 1271 2016 1324 ado-

414 1366 608 1434 pertus
645 1361 1008 1426 indumento,
1041 1375 1205 1414 more
1234 1360 1513 1414 abbatum
1541 1375 1841 1413 recurvum
1871 1377 1904 1414 a
1933 1377 2020 1415 ca-

416 1451 532 1522 pile
545 1451 614 1504 de
634 1467 810 1504 manu
826 1465 1034 1518 gerens
1047 1449 1344 1514 baculum;
1375 1447 1588 1519 quique
1616 1463 1787 1518 super
1809 1465 2021 1520 aquam

2123 644 2352 702 ret.Sed
2377 646 2512 719 quia
2549 645 2860 702 decurrens
2883 663 3078 706 sermo
3107 647 3348 706 retineri
3380 665 3501 704 non
3560 653 3746 722 potuit

2122 750 2297 807 quem
2326 733 2408 790 vis
2437 734 3115 794 dilectionissanctissimi
3136 737 3323 793 Patris
3349 738 3651 798 Benedicti
3677 740 3746 796 ad

2120 823 2346 894 plenius
2358 840 2422 878 ex
2430 823 2729 896 ponendas
2739 840 2833 879 res
2853 829 3044 896 gestas
3059 817 3746 899 impulit,ignoscendum

2121 914 2206 966 est
2237 913 2302 979 si,
2330 914 2636 985 plusquam
2655 912 3053 986 licuit,loquax
3077 915 3295 988 pagina
3310 915 3439 972 fuit.
3465 917 3746 974 Procura-

2120 999 2314 1054 bimus
2336 1000 2608 1072 deinceps
2628 1001 2917 1057 succincte
2933 1004 3210 1059 narrandi
3225 1020 3442 1074 genere
3465 1005 3748 1063 miracula

2122 1088 2383 1159 ejusdem
2410 1089 2600 1144 dilecti
2618 1089 2840 1145 domini
2854 1092 3373 1162 comprehendere,
3391 1097 3454 1150 ut
3473 1099 3535 1149 et
3549 1095 3746 1152 laudes

2123 1177 2246 1248 cjus
2263 1194 2604 1249 premamus
2634 1183 2691 1233 et
2719 1180 2922 1234 lectori
2954 1197 3332 1252 nequaquam
3353 1182 3521 1237 oneri
3547 1182 3742 1239 simus.

2195 1269 2262 1320 33
2297 1267 2640 1338 Burgundio:
2676 1266 2734 1322 in
2762 1267 3040 1340 partibus,
3073 1269 3367 1324 territorio
3392 1270 3743 1339 Tricassino,

2123 1356 2254 1409 villa
2275 1356 2520 1410 habetur
2551 1356 2744 1410 Sancti
2794 1357 3109 1420 Benedicti,
3141 1358 3448 1414 Tauriacus
3478 1359 3740 1428 nomine,

2124 1461 2299 1517 quam
2331 1445 2656 1513 advocatus,
2691 1447 2967 1503 vocabulo
2991 1447 3357 1516 Gauzfredus,
3382 1449 3651 1521 quamvis
3673 1451 3743 1506 ab

418 1539 798 1593 deambulans
824 1536 1204 1607 eodemligno
1223 1535 1415 1590 navim
1434 1552 1565 1590 cum
1580 1536 1914 1591 hominibus
1942 1538 2024 1592 nil
2127 1534 2412 1589 extraneis
2437 1535 2799 1603 defenderet,
2833 1536 3144 1592 violentius
3175 1554 3351 1609 quam
3383 1539 3632 1610 quilibet
3650 1555 3742 1594 ex-

417 1628 555 1682 mali
585 1627 781 1698 passis,
812 1642 876 1679 ac
901 1625 1119 1679 cunctis
1149 1625 1340 1690 rebus,
1373 1625 1443 1678 de
1467 1624 1754 1695 profundo
1774 1626 1846 1679 ad
1867 1625 2025 1681 littus
2127 1626 2324 1677 ternus
2354 1625 2630 1679 vastabat.
2669 1624 2858 1689 Quem
2891 1643 2924 1679 a
2946 1626 3250 1682 monachis
3272 1627 3617 1699 frequenter
3632 1631 3743 1684 uta

416 1713 891 1771 traxit.Liberatis
921 1730 1053 1768 vero
1085 1713 1380 1782 imperans
1403 1715 1463 1765 ut
1494 1729 1551 1766 se
1584 1712 1802 1767 ibidem
1835 1715 2023 1786 operi-
2127 1711 2446 1767 malefactis
2463 1713 3322 1784 quiescere't,admonitum,nec
3337 1716 3746 1789 obtemperan-

417 1807 638 1870 rentur,
677 1805 961 1858 vulturem
985 1801 1082 1873 qui
1099 1802 1224 1872 jam
1247 1801 1443 1871 fugam
1461 1803 2025 1871 paraverat,insecu-
2126 1803 2268 1868 tem,
2298 1801 2424 1872 pius
2451 1803 2620 1856 Pater
2650 1803 2988 1858 Benedictus
3013 1820 3046 1858 a
3069 1805 3185 1862 Deo
3217 1803 3468 1860 obtinuit
3511 1804 3744 1877 ﬂagello

418 1897 529 1959 tus,
556 1894 717 1964 virga
746 1907 1078 1963 percussum
1106 1889 1163 1944 in
1195 1889 1552 1961 profundum
1584 1890 1769 1961 abyssi
1802 1892 2022 1948 mersit.
2056 1879 2108 1938 Β
2129 1890 2509 1960 correptionis
2521 1890 2678 1962 prius
2691 1892 2913 1963 percuti
2927 1909 3101 1965 quam
3114 1892 3238 1964 ejus
3251 1892 3748 1952 malitiafunditus

421 1985 695 2038 Reversus
716 1982 788 2036 ad
828 1979 1074 2035 Felicem
1099 1981 1156 2034 et
1186 1979 1368 2034 socios
1400 1980 1542 2050 ejus,
1586 1980 1760 2034 alacri
1810 1983 1873 2034 ut
1903 1984 2029 2036 erat

423 2074 598 2138 vultu,
632 2087 728 2126 eos
758 2070 1098 2126 hortabatur
1129 2073 1190 2124 ut
1218 2085 1452 2124 ascensa
1491 2069 1661 2124 lintre
1693 2086 1805 2142 quo
1835 2070 2026 2144 cupie-

421 2162 562 2217 bant
596 2177 792 2215 secure
829 2158 1225 2231 enavigarent,
1261 2157 1454 2213 dicens
1491 2175 1504 2213 :
1559 2159 1640 2212 En
1674 2159 2029 2214 adversarius

418 2254 627 2318 vester,
659 2266 765 2322 per
793 2249 894 2305 Dei
928 2248 1179 2320 gratiam
1200 2263 1233 2301 a
1259 2263 1352 2300 me
1396 2247 1743 2314 submersus,
1778 2247 2031 2319 perdidit

423 2356 664 2394 omnem
690 2338 854 2394 vobis
885 2335 1132 2392 nocendi
1163 2337 1527 2406 potestatem.
1571 2354 1603 2385 »

493 2431 581 2483 30.
617 2427 877 2498 Cumque
930 2426 1040 2480 ista
1070 2423 1360 2478 referente
1391 2421 1644 2476 antistite
1694 2422 1795 2477 Dei
1839 2440 2030 2480 servus

422 2517 692 2581 audisset,
725 2531 885 2568 casus
911 2529 1139 2585 quoque
1172 2528 1302 2565 suos
1331 2513 1389 2565 et
1418 2510 1537 2582 ipse
1564 2527 1764 2566 omnes
1782 2513 1832 2567 ei
1855 2529 2026 2584 expo-

424 2604 554 2668 suit,
581 2620 838 2658 asserens
869 2603 1051 2674 ipsam
1066 2597 1557 2668 visionem,etiam
1577 2615 1854 2672 corporeo
1875 2605 2024 2669 actu,

426 2695 484 2749 in
516 2709 575 2748 se
606 2689 1322 2764 completam.lntelligens
1337 2703 1471 2743 vero
1504 2705 1569 2742 ex
1597 2692 1920 2744 memorata
1935 2707 2030 2763 ap-

429 2782 714 2856 paritione
747 2779 1174 2835 sanctissimum
1207 2778 1439 2833 Patrem
1463 2779 1727 2832 nostrum
1752 2778 2025 2835 Benedic-

420 2877 543 2928 tum
575 2888 690 2925 sua:
730 2867 896 2923 saluti
928 2866 1200 2923 auxilium
1235 2865 1563 2934 contulisse,
1602 2867 1788 2939 magis
1824 2884 2026 2923 amore

419 2959 676 3032 ejusdem
691 2953 1201 3030 praecellentissimi
1213 2953 1553 3009 confessoris
1572 2954 1819 3027 ﬂagrare
1834 2957 2026 3028 coepit,

419 3053 590 3121 atque
625 3051 685 3103 ut
714 3047 787 3103 ad
825 3046 946 3118 ejus
976 3047 1407 3100 sacrosanctum
1439 3044 1727 3099 tumulum
1764 3045 2027 3117 perveni-

417 3139 507 3192 ret
535 3134 768 3192 instare.

491 3227 579 3281 3i.
604 3225 783 3298 Igitur
809 3221 975 3296 pauci
1004 3219 1284 3292 temporis
1341 3219 1688 3293 interposita
1718 3237 1904 3290 mora,
1937 3239 2026 3278 as-

416 3314 658 3388 sumptis
685 3313 889 3388 quibus
903 3328 963 3368 se
990 3310 1252 3382 indigere
1278 3310 1448 3365 rebus
1462 3310 1784 3379 aestimavit,
1801 3312 1872 3366 ad
1886 3328 2024 3368 con-

414 3404 702 3460 tinentem
733 3400 1038 3458 destinavit
1069 3415 1329 3455 remeare
1367 3403 1606 3454 terram.
1635 3400 1785 3456 Sane
1832 3401 2021 3457 omni-

415 3497 618 3566 potens
645 3495 814 3560 Deus,
837 3495 897 3546 ut
926 3491 1047 3561 ejus
1079 3489 1153 3544 ad
1184 3505 1452 3544 amorem
1478 3493 1817 3545 sanctorum
1876 3508 2022 3563 quo-

412 3600 542 3638 rum
565 3583 869 3654 expetebat
907 3578 1280 3654 praesentiam
1305 3578 1552 3649 amplius
1600 3579 2018 3649 inﬂammaret,

412 3672 717 3744 duplicavit
746 3669 1110 3725 miraculum.
1137 3667 1281 3722 Nam
1305 3667 1444 3721 dum
1475 3666 1730 3722 anchora
1761 3685 1795 3722 a
1828 3667 2020 3724 littore

411 3762 760 3816 sublataalta
775 3761 996 3830 peteret
1022 3755 1227 3823 maria,
1256 3757 1497 3827 repente
1525 3770 1587 3808 se
1618 3754 1825 3810 ﬂuctus
1844 3759 2018 3812 attol-

411 3852 555 3919 lunt,
581 3849 710 3905 etin
745 3847 986 3903 sublime
1005 3846 1188 3899 elatus
1208 3845 1534 3914 praeruptus
1556 3859 1721 3915 aqua:
1749 3861 1920 3901 mons
1940 3847 2021 3904 ita

409 3942 593 3994 totam
607 3931 1286 4002 circumcinxitscapham
1304 3934 1364 3985 ut
1377 3932 1536 3986 nulla
1560 3948 1627 3986 ex
1644 3936 1810 4004 parte
1831 3935 2023 3992 aditus

410 4028 763 4100 reperiretur
788 4021 1090 4079 evadendi.
1121 4021 1278 4075 Tunc
1300 4021 1428 4092 jam
1451 4021 1635 4076 dictus
1692 4024 1900 4080 Christi
1930 4027 2018 4082 fa-

414 4120 601 4174 mulus
630 4115 1048 4182 Felix,horrore
1077 4110 1440 4166 imminentis
1452 4112 1691 4184 periculi
1708 4116 2019 4186 perculsus,

414 4207 566 4261 intra
579 4206 696 4260 ima
712 4203 959 4276 pectoris
975 4201 1303 4273 hujusmodi
1316 4201 1596 4259 fundebat
1611 4220 1808 4274 preces
1819 4204 1974 4260 humi
1984 4206 2022 4259 l-

413 4296 566 4351 limae
583 4291 1011 4366 supplicationis
1042 4307 1054 4346 :
1088 4291 1309 4363 Inclyti,
1341 4291 1629 4364 inquiens,
1666 4293 2022 4350 confessores

415 4384 641 4452 Christi,
675 4379 979 4437 Benedicte
1011 4384 1182 4452 atque
1206 4380 1401 4448 Paule,
1436 4397 1684 4453 quorum
1711 4382 2023 4438 sacratissi-

415 4491 542 4530 mos
572 4472 729 4528 adire
758 4472 963 4542 exopto
987 4468 1228 4536 cineres,
1261 4467 1407 4522 ferte
1435 4485 1606 4540 opem
1634 4468 1779 4523 mihi
1811 4469 2020 4527 misero

414 4563 510 4635 qui
541 4561 713 4618 solius
739 4575 893 4614 nunc
922 4557 1125 4614 mortis
1150 4556 1460 4612 discrimen
1486 4556 2022 4616 formidoPosthas

412 4668 630 4725 preces,
665 4650 816 4706 dicto
842 4649 1006 4704 citius
1036 4645 1259 4702 tumiﬂa
1279 4644 1586 4700 considunt
1600 4662 1856 4718 inquora,
1880 4665 2020 4704 ven-

413 4742 598 4814 tisque
656 4739 947 4814 placidum
990 4739 1146 4792 stans
1175 4750 1338 4789 mare
1374 4735 1561 4789 tutam
1613 4736 2021 4808 navigantibus

410 4831 658 4907 prmbuit
692 4829 955 4884 viam.Ita
981 4826 1053 4880 ab
1079 4821 1315 4879 instanti
1347 4821 1649 4894 naufragio
1670 4841 1822 4898 saepe
1838 4828 2021 4882 nomi-

411 4925 579 4980 datus
595 4919 747 4976 Felix
781 4919 890 4988 (48)
915 4916 1236 4984 exemptus,
1265 4911 1339 4967 ad
1379 4912 1489 4968 hoc
1520 4911 1626 4968 sibi
1657 4913 1756 4968 diu
1788 4915 2013 4972 deside-

407 5016 600 5068 ratum
631 5008 786 5064 venit
814 5003 1164 5068 coenobium,
1194 4999 1474 5074 nobisque
1505 5002 1657 5058 hunc
1696 5021 1811 5060 suae
1838 5007 2015 5062 salva-

407 5101 580 5158 tionis
606 5096 800 5154 retulit
828 5093 997 5149 fuisse
1037 5090 1300 5146 modum.

1011 5179 1236 5236 CAPUT
1274 5180 1407 5237 XIII.

865 5271 1174 5328 Advocatus
1193 5269 1365 5324 malus
1389 5271 1549 5341 perit.

475 5372 560 5423 32.
596 5362 864 5421 Brevitati
882 5361 1117 5434 quidem
1149 5358 1500 5414 studendum
1522 5360 1648 5414 erat
1671 5374 1742 5412 ne
1775 5359 2010 5431 prolixi-

473 5493 585 5558 (43)
620 5487 717 5542 Hic
742 5491 829 5542 est
858 5486 1146 5558 Fclixille,
1172 5483 1368 5558 multis
1398 5483 1906 5558 laudatusinlibro
1941 5485 2013 5542 de

403 5554 528 5616 Vita
559 5560 737 5614 Gildzc
762 5556 984 5611 abbatis
1016 5557 1073 5611 in
1093 5557 1312 5612 Saeculo
1337 5555 1624 5626 Aprimo,is
1654 5554 1807 5626 quia
1835 5556 2010 5613 Gauz-

404 5633 523 5688 lino
548 5627 788 5685 Floriaci
804 5627 1011 5680 abbate
1034 5627 1092 5680 in
1116 5625 1478 5681 Armoricam
1506 5625 1710 5680 missus
1741 5629 1826 5679 est
1855 5644 2008 5685 anno

419 5705 555 5760 1008
578 5700 652 5756 ad
677 5697 1051 5753 instauranda
1081 5697 1139 5751 in
1163 5713 1232 5751 ea
1248 5695 1484 5765 regione
1515 5697 1884 5754 monasteria.

2129 1978 2437 2034 deleretur.
2477 1979 2738 2051 Quadam
2768 1981 2960 2053 itaque
2995 1981 3087 2037 die
3119 1997 3188 2037 eo
3219 1981 3278 2036 in
3310 1982 3486 2038 domo
3510 1984 3748 2056 propria

2128 2067 2282 2123 intra
2310 2073 2652 2125 memoratae
2683 2070 2840 2126 urbis
2862 2069 3193 2126 Tricassinae
3216 2087 3415 2127 muros
3430 2073 3750 2130 constituta

2129 2158 2438 2225 residente,
2454 2163 2511 2214 et
2520 2159 2888 2230 judiciariam
2906 2159 3061 2215 inter
3077 2159 3398 2216 rusticanos
3424 2165 3642 2232 agente
3661 2179 3750 2218 ab

2129 2246 2372 2315 tionem,
2407 2248 2573 2319 niger
2602 2249 2759 2303 canis
2787 2249 2949 2304 rabie
2978 2250 3182 2320 plenus
3211 2249 3418 2317 adfuit,
3438 2253 3498 2304 et
3519 2251 3749 2306 nullum

2128 2336 2344 2391 laedens
2365 2336 2883 2406 circumstantium,
2901 2338 3125 2410 impetu
3145 2338 3206 2392 in
3228 2355 3363 2394 eum
3385 2338 3540 2394 facto
3571 2356 3746 2396 nares

2130 2425 2252 2496 ejus
2284 2442 2348 2480 ac
2379 2426 2582 2481 faciem
2614 2427 2899 2482 morsibus
2943 2426 3225 2483 dilanians
3250 2427 3545 2483 abscessit.
3578 2428 3744 2484 Unde

2131 2512 2224 2568 ille
2255 2513 2313 2567 in
2355 2515 2674 2570 amentiam
2703 2532 2922 2584 versus,
2956 2517 3028 2571 ab
3060 2516 3260 2570 amicis
3316 2515 3390 2570 ad
3440 2516 3745 2572 basilicam

2130 2601 2325 2656 Sancti
2342 2602 2600 2676 Dionysii
2628 2607 2713 2659 est
2734 2603 3011 2660 deductus
3035 2621 3048 2672 ;
3070 2604 3262 2677 ibique
3290 2603 3743 2677 aliquantulum,

2131 2691 2230 2745 sed
2252 2706 2369 2745 non
2398 2690 2469 2745 ad
2493 2692 2727 2763 plenum
2756 2709 2928 2748 sensu
2955 2695 3318 2765 recuperato,
3349 2709 3650 2765 regressus
3668 2693 3744 2749 ad

2133 2778 2382 2850 propria,
2417 2780 2556 2834 dum
2579 2781 2745 2835 malis
2774 2798 2901 2854 quae
2957 2781 3304 2854 pauperibus
3331 2781 3529 2838 Sancti
3557 2784 3745 2839 Bene-

2132 2867 2264 2922 dicti
2281 2867 2552 2924 intulerat
2564 2869 2837 2940 adjiceret
2854 2871 3073 2942 pejora,
3090 2887 3123 2926 a
3137 2869 3427 2926 demonio
3441 2871 3744 2944 arripitur,

2130 2959 2540 3029 catenatusque
2553 2962 2610 3013 et
2622 2958 2680 3013 in
2696 2958 2991 3031 quoddam
3041 2963 3293 3016 retrusus
3306 2959 3749 3029 cubiculum,ul-

2130 3044 2339 3100 timum
2359 3045 2938 3119 exhalavitspiritum,
2960 3047 3366 3120 profitentibus
3394 3048 3618 3104 cunctis
3650 3048 3747 3122 qui

2063 3139 2110 3203 C
2132 3151 2265 3190 eum
2283 3139 2582 3204 noverant,
2608 3137 2680 3191 ob
2693 3136 2972 3192 saevitiam
3001 3137 3193 3209 ejusin
3209 3136 3486 3194 ruricolas
3506 3137 3747 3211 pretiosi

2129 3224 2471 3280 confessoris
2502 3224 2799 3281 Benedicti
2829 3225 2964 3281 talia
2992 3226 3182 3297 ipsum
3227 3225 3551 3297 pertulisse.
3607 3225 3747 3282 Huic
3779 3286 3782 3289 _

2130 3313 2457 3368 metuendae
2504 3313 2728 3382 ultioni,
2780 3315 2937 3370 aliud
2992 3315 3466 3388 amplectendum
3516 3316 3745 3372 miseri-

2125 3402 2337 3458 cordia:
2370 3419 2434 3457 ac
2464 3402 2725 3458 sanitatis
2756 3403 3132 3460 adnectamus
3161 3403 3416 3477 signum.

2744 3492 2967 3547 CAPUT
2997 3493 3128 3549 XIV.

2121 3578 2417 3635 Monachus
2448 3582 2503 3634 in
2525 3582 2766 3635 extremis
2795 3581 2862 3636 ab
2887 3583 3132 3638 omnibus
3190 3581 3496 3651 derelictus,
3522 3582 3586 3641 S.
3648 3582 3746 3639 Bc-

2548 3670 2812 3725 nedz'ctum
2843 3671 2995 3727 habet
3013 3673 3329 3744 propitium.

2197 3759 2283 3813 34.
2318 3760 2378 3813 In
2395 3758 2760 3815 inferioribus
2781 3760 2952 3831 hujus
2966 3761 3243 3816 Neustriaz
3261 3761 3371 3834 (49)
3394 3761 3743 3834 partibus,in

2125 3847 2525 3918 Andegavensi
2565 3848 2779 3903 scilicet
2799 3849 2962 3916 urbe,
2990 3849 3296 3905 Ainfredus
3326 3849 3574 3924 quidam
3597 3850 3747 3925 apud

2124 3936 2548 3990 monasterium
2611 3936 2802 3991 Sancti
2846 3937 3034 3993 Albini
3064 3955 3130 3993 ex
3162 3938 3368 3994 clerico
3422 3941 3746 3996 monachus

2124 4027 2327 4094 sponte
2353 4025 2535 4079 factus
2557 4027 2717 4080 est.Is
2735 4025 3114 4082 meliorandae
3129 4027 3258 4082 vita:
3279 4027 3472 4099 gratia
3498 4030 3576 4084 ad
3597 4031 3745 4084 hunc

2124 4114 2517 4168 venerabilem
2554 4115 2975 4171 Floriacensem
3023 4116 3358 4189 demigrans
3387 4118 3613 4187 locum,
3645 4118 3744 4173 ali-

2125 4203 2458 4274 quantisper
2482 4202 2780 4258 nobiscum
2808 4207 3225 4273 commoratus,
3242 4204 3314 4259 ad
3345 4210 3745 4264 memozatum

2125 4307 2415 4362 regressus
2438 4295 2523 4346 est
2551 4293 2899 4348 coanobium.
2933 4293 3038 4348 Ubi
3071 4293 3210 4348 dum
3263 4298 3556 4364 moratur,
3590 4295 3747 4367 gravi

2124 4380 2494 4435 tumescentis
2519 4396 2672 4435 coxa:
2701 4381 2948 4436 afﬂictus
2977 4383 3279 4454 languore,
3303 4382 3550 4454 gemino
3579 4401 3745 4456 urge-

2048 4440 2100 4500 D
2122 4469 2292 4523 batur
2320 4485 2559 4540 angore.
2600 4469 2744 4524 Nam
2772 4470 2947 4526 abbas
2977 4470 3155 4542 ipsius
3201 4473 3571 4543 monasterii,
3620 4474 3744 4546 qui-

2123 4558 2366 4614 busdam
2381 4558 2768 4615 simultatibus
2798 4576 2933 4615 eum
2963 4559 3270 4632 impetens,
3302 4561 3528 4618 cunctis
3558 4563 3746 4619 inter-

2124 4645 2344 4702 dixerat
2360 4646 2631 4702 fratribus
2673 4665 2746 4702 ne
2773 4647 2899 4721 quis
2929 4665 3065 4704 eum
3090 4649 3296 4704 saltem
3327 4648 3390 4705 in
3427 4651 3587 4707 exitu
3621 4650 3747 4706 visi-

2121 4738 2273 4790 taret
2300 4735 2800 4808 animm.Cumque
2828 4736 2946 4805 ille,
2979 4737 3186 4794 morbo
3210 4737 3650 4810 ingravescente
3677 4756 3744 4795 ac

2122 4824 2320 4879 dolore
2348 4824 2421 4879 ad
2451 4824 2643 4880 vitalia
2658 4829 2947 4898 serpente,
2966 4826 3174 4882 fratres
3203 4827 3278 4883 ad
3290 4843 3350 4882 se
3374 4827 3742 4885 invisendum

2119 4929 2401 4985 suumque
2431 4912 2649 4968 exitum
2681 4913 2929 4970 Domino
2975 4915 3520 4974 commendandum
3546 4917 3740 4974 venire

2121 5002 2475 5074 deposceret,
2505 5003 2576 5057 ab
2612 5019 2747 5071 uno,
2779 5002 2868 5058 cui
2927 5003 3032 5059 soli
3082 5019 3422 5060 concessum
3455 5009 3582 5061 erat
3603 5022 3741 5062 eum

2121 5091 2383 5159 invisere,
2422 5090 2558 5162 quid
2586 5092 2764 5147 abbas
2793 5091 2864 5146 de
2914 5108 2982 5148 eo
3015 5093 3383 5165 praecepisset
3440 5094 3738 5151 addidicit.

2192 5180 2357 5245 Quod
2378 5181 2496 5253 ipse
2527 5181 2766 5236 audiens
2783 5181 3035 5254 graviter
3058 5181 3207 5248 tulit,
3224 5184 3282 5237 et
3291 5198 3398 5256 per
3411 5184 3740 5255 Andegava'.

2116 5269 2358 5325 civitatis
2397 5269 2620 5325 nobiles
2651 5269 2748 5343 qui
2779 5271 2850 5326 ab
2891 5270 3013 5342 ejus
3043 5269 3390 5340 visitatione,
3421 5272 3557 5346 quia
3598 5289 3738 5328 eum

2116 5358 2453 5433 diligebant,
2474 5358 2720 5414 inhiberi
2753 5376 2870 5415 non
2902 5363 3192 5431 poterant,
3216 5359 3415 5416 abbati
3444 5360 3739 5417 mandavit

2318 5483 2577 5539 Neustria
2607 5485 2891 5566 siquidem
2910 5485 3049 5566 olim
3073 5487 3566 5566 complectebatur
3591 5487 3732 5566 quid

2157 5555 2254 5612 uid
2284 5558 2574 5612 terrarum
2599 5559 2686 5612 est
2715 5555 2867 5613 inter
2916 5556 3172 5629 Ligerim
3206 5555 3266 5614 et
3296 5555 3630 5632 Sequanam
3660 5556 3733 5613 ad

2164 5643 2431 5685 ceanum.
