3882 6212
64 515 150 578 845

821 505 910 566 DE
936 499 1306 564 MIBACULIS
1335 497 1395 559 S.
1427 491 1789 556 BENEDICTI
1812 494 1994 556 LIBRI
2046 497 2210 560 DUO.
2246 527 2318 543 -
2346 497 2473 557 LIB.
2505 495 2552 556 ll

3241 497 3344 557 846

65 645 116 698 ut
141 636 239 695 sibi
267 633 662 703 misereretur,
692 627 766 688 ad
795 629 1261 697 satisfactionem,
1317 627 1363 684 si
1393 624 1532 702 quid
1582 623 1641 679 in
1661 624 1718 688 Α
1750 628 2079 683 sanctorum
2100 626 2438 701 pignoribus
2459 625 2531 683 ad
2551 627 2742 683 locum
2773 626 3063 700 properat.
3089 623 3350 698 Cumque

65 746 180 788 eum
198 743 309 784 non
337 727 500 781 recte
530 722 926 788 commisisset,
953 723 1175 794 parato.
1219 718 1332 775 Sed
1362 734 1430 773 eo
1480 715 1643 771 diffe-

64 818 450 876 rentes-coactus
479 816 565 870 est
581 828 738 884 (eger
761 810 990 865 aliunde
1019 807 1475 864 consolationem
1492 821 1650 878 quae-

66 909 264 973 rere,et,
277 904 413 976 quia
442 919 506 958 se
535 917 567 956 a
595 899 899 971 temporali
927 899 1134 953 abbate
1157 897 1388 951 videbat
1411 893 1646 964 despici,

69 996 122 1051 ad
138 996 285 1050 illum
311 991 409 1063 qui
432 989 761 1062 legionibus
775 987 1196 1043 monachorum
1213 1001 1316 1058 per
1340 983 1649 1055 longajam

71 1086 264 1159 pridem
287 1083 499 1138 saecula
531 1077 928 1135 sollicitudinis
959 1093 1075 1132 suae
1114 1092 1312 1131 curam
1365 1072 1652 1144 impendit

74 1178 172 1230 tota
197 1189 252 1228 se
272 1169 523 1227 contulit
552 1171 770 1233 mente,
799 1166 1225 1236 recordansque
1259 1165 1537 1236 quantam
1591 1159 1650 1215 in

73 1262 300 1318 Patribus
327 1259 500 1330 hujus
537 1256 913 1312 Floriacensis
942 1253 1190 1310 emnobii
1222 1257 1487 1322 tempore
1536 1266 1652 1304 sua:

74 1346 524 1424 peregrinationis
558 1345 774 1418 reperit
819 1344 1210 1408 dilectionem,
1267 1357 1539 1396 converso
1581 1339 1655 1394 ad

75 1439 321 1510 parietem
368 1435 563 1507 capite
595 1450 659 1489 ac
706 1433 975 1506 lacrymis
1005 1432 1248 1491 suffusus
1293 1447 1414 1497 ora,
1442 1429 1502 1484 in
1533 1430 1655 1484 hinc

76 1525 265 1599 proruit
284 1525 452 1579 verba
486 1540 500 1577 :
535 1523 580 1578 Ο
611 1526 828 1589 sancte,
863 1521 1160 1592 inquiens,
1186 1519 1513 1585 Benedicte,
1547 1517 1656 1572 mi-

80 1631 238 1670 serere
260 1613 372 1668 mei
392 1617 564 1667 tuum
597 1609 867 1665 auxilium
903 1609 1068 1663 anxie
1105 1607 1490 1680 implorantis,
1525 1606 1656 1662 tibi-

83 1719 170 1774 que
187 1701 516 1774 spondentis
535 1699 715 1771 quod,
737 1698 781 1754 si
807 1697 949 1752 mihi
982 1696 1236 1769 corporis
1250 1695 1558 1750 sanitatem
1585 1693 1662 1748 vi-

85 1795 240 1862 tatque
268 1807 300 1844 a
327 1791 446 1844 Deo
479 1786 803 1843 obtinueris
829 1785 1398 1857 prosperitatem,tua
1427 1784 1664 1856 supplex

90 1879 438 1934 sacratissima
470 1879 746 1948 expetam
793 1891 938 1942 ossa,
971 1874 1289 1946 gratiarum
1348 1890 1451 1945 pro
1500 1888 1665 1945 posse

1748 717 1857 773 iter
1899 717 2149 789 agendo,
2182 721 2510 773 sanctarum
2536 720 2793 772 vectores
2813 716 3188 789 reliquiarum
3222 716 3352 770 Clu-

1750 807 1977 862 niacum
2008 807 2333 862 coenobium
2361 806 2740 874 devenissent,
2774 806 2916 860 inibi
2947 810 3112 860 nocte
3130 805 3356 878 quieve-

1750 899 1903 951 runt.
1938 898 1998 950 ln
2031 897 2343 950 crastinum
2380 911 2512 950 vero
2540 898 2708 968 ccepti
2761 895 2980 950 itineris
3027 897 3230 950 callem
3263 913 3355 950 ca-

1750 984 1921 1056 pturi,
1947 1001 1980 1038 a
2008 985 2279 1039 fratribus
2311 984 2568 1056 ejusdem
2589 984 2831 1040 caanobii
2848 1001 2979 1039 cum
2995 1001 3206 1055 magno
3223 1001 3358 1057 pro-

1752 1073 2022 1128 cessionis
2047 1077 2326 1144 apparatu
2355 1074 2732 1140 ducebantur,
2761 1076 2818 1128 et
2845 1090 2974 1128 ecce
3002 1073 3060 1128 in
3092 1075 3213 1145 ipso
3265 1075 3363 1130 ba-

1752 1162 1921 1216 silicae
1961 1162 2153 1217 Sancti
2185 1163 2473 1217 Benedicti
2507 1179 2760 1234 egressu,
2809 1166 2939 1217 orta
2989 1180 3120 1217 cum
3182 1167 3355 1218 vento

1755 1251 1963 1324 pluvia,
1993 1269 2189 1306 cereos
2218 1253 2291 1306 ob
2322 1253 2606 1307 honorem
2639 1252 2738 1307 Dei
2770 1269 2835 1306 ac
2865 1257 3201 1308 sanctorum
3237 1254 3359 1323 ejus

1755 1357 2022 1395 accensos
2046 1340 2301 1396 funditus
2327 1340 2615 1397 exstinxit.
2658 1341 2768 1396 Sed
2801 1345 3111 1413 antequam
3134 1346 3362 1413 portam

1755 1431 1923 1484 castri
1949 1430 2119 1501 ipsius
2151 1431 2487 1485 monasterii
2517 1431 2956 1502 egrederentur,
2981 1435 3039 1486 et
3087 1432 3364 1486 serenitas

1757 1519 1949 1584 rediit,
1981 1524 2038 1574 et
2062 1519 2212 1573 cerei
2243 1519 2510 1574 divinitus
2564 1520 2873 1586 reaccensi,
2927 1520 3364 1592 inspicientibus

1758 1608 1996 1669 cunctis,
2029 1624 2133 1679 per
2159 1607 2391 1678 aliquod
2417 1608 2521 1661 vim
2550 1609 2796 1680 spatium
2838 1609 3006 1663 nullis
3062 1613 3367 1664 ventorum

1762 1696 1989 1752 ﬂatibus
2006 1695 2626 1766 exstinguipotuerunt.
2651 1697 2832 1751 Simili
2856 1697 3030 1752 modo
3054 1698 3214 1765 dum,
3236 1714 3366 1769 per-

1765 1785 1902 1839 actis
1929 1801 2031 1854 pro
2063 1784 2270 1856 quibus
2311 1784 2518 1853 ierant,
2543 1789 2767 1840 sanctas
2798 1785 3066 1857 reliquias
3089 1803 3122 1841 a
3177 1789 3367 1842 taber-

1768 1875 1971 1928 naculo
1997 1873 2101 1927 sub
2124 1888 2236 1944 quo
2271 1876 2608 1927 manserant
2638 1874 2989 1940 extulissent,
3017 1875 3262 1930 lucernw
3281 1894 3371 1930 ex-

91 1967 386 2023 redditurus,
405 1970 563 2022 vota.
614 1964 710 2018 His
768 1963 1071 2036 peroratis,
1121 1963 1359 2035 aspexit,
1420 1966 1482 2016 ut
1539 1952 2014 2032 postBstinctas,
2062 1961 2366 2032 divinaque
2398 1961 2606 2015 virtute
2637 1961 3175 2030 illuminatm,nullo
3203 1979 3369 2018 aura-

94 2055 186 2126 ipse
203 2056 404 2122 retulit,
419 2054 617 2109 subito
634 2052 950 2124 quemdam
965 2051 1244 2122 incogniti
1263 2052 1445 2105 vultus
1457 2050 1666 2115 virum,

97 2144 352 2200 monachis
377 2143 617 2199 habitus
645 2140 908 2213 tegmine
968 2139 1332 2222 adapertum,
1366 2139 1463 2210 qui
1490 2154 1520 2192 e
1579 2154 1668 2192 re-

97 2233 236 2304 gione
255 2233 452 2289 ulceris
470 2248 658 2288 manu
688 2233 976 2303 protenta,
1017 2229 1254 2284 silenter
1309 2229 1468 2284 abire
1523 2228 1672 2282 visus

102 2323 568 2394 estlbxasgrotus
593 2321 654 2374 in
683 2334 956 2373 somnum
983 2320 1284 2385 resolutus,
1319 2319 1416 2389 qui
1455 2320 1569 2372 tres
1614 2319 1672 2371 et

104 2424 155 2464 eo
174 2411 394 2482 amplius
442 2413 650 2466 noctes
674 2407 976 2480 pervigiles
999 2407 1258 2473 duxerat,
1292 2407 1460 2462 unius
1512 2407 1672 2461 horae

107 2498 251 2569 spatio
293 2498 682 2570 placidissima
731 2497 922 2567 quiete
994 2496 1208 2568 potitus
1233 2498 1337 2550 est.
1391 2495 1675 2567 Evigilans

109 2601 232 2653 vero,
259 2587 388 2642 dum
408 2585 661 2642 summis
707 2585 900 2657 digitis
928 2586 1130 2639 vulnus
1161 2584 1315 2656 quod
1361 2583 1443 2638 vis
1486 2582 1675 2638 morbi

111 2673 736 2745 patefecerat,ineautius
763 2676 1074 2745 premeret,
1107 2672 1385 2743 particula
1410 2672 1677 2745 quaedam

115 2764 402 2832 putrefactas
435 2761 850 2829 earnis,instar
865 2761 1065 2829 boleti,
1097 2761 1231 2815 inde
1261 2777 1394 2815 eum
1425 2759 1680 2815 maxima

115 2850 284 2907 doloris
299 2855 454 2925 parte
481 2849 776 2925 prosiluit,
810 2850 883 2905 ad
907 2849 1145 2904 demum
1176 2848 1508 2904 infrabreve
1528 2851 1678 2903 tem-

118 2953 216 3008 pus,
243 2941 537 3014 resumptis
593 2937 825 3006 viribus,
852 2938 1008 3011 quod
1035 2939 1286 3006 voverat,
1316 2937 1538 3005 devote,
1574 2951 1682 2992 nec

119 3027 288 3101 absque
313 3045 553 3086 munere
584 3027 912 3100 complevit.
1403 3018 1436 3053 θ

721 3114 949 3170 CAPUT
975 3114 1081 3169 XV.

120 3183 415 3270 Pana-idaeus
445 3186 812 3270 (Pressy)min
870 3185 1188 3270 bargundia.
1352 3182 1679 3270 reliquifz‘S.

448 3239 806 3315 "3212's"
845 3239 1033 3312 contra
1066 3239 1421 3328 praedatores
1454 3239 1679 3328 ‘delatae.
1704 3239 1751 3300 α

178 3325 304 3384 Crrei
327 3332 518 3386 cclilus
547 3331 628 3384 bis
656 3329 920 3384 reaccensi
947 3345 966 3394 ;
999 3325 1239 3400 religate
1266 3327 1410 3381 (iuta?
1460 3327 1515 3379 in
1539 3343 1682 3397 prae-

174 3401 315 3454 mium
340 3402 618 3459 doctrinae.

177 3488 247 3541 35.
275 3489 612 3546 Patriciacus
637 3487 845 3543 dicitur
887 3486 1022 3542 villa
1073 3486 1133 3541 in
1179 3483 1686 3558 Augustudonensi

127 3573 366 3634 terrirorio
401 3577 660 3652 regionis
682 3575 1027 3648 Burgundios
1048 3575 1174 3630 sita.
1191 3576 1344 3629 Hanc
1375 3575 1685 3642 Echardus,

129 3665 761 3739 comesBurgundionum
784 3663 1112 3731 ditissimus,
1132 3663 1342 3718 Sancto
1374 3663 1681 3718 Benedicto

130 3751 172 3801 et
189 3750 423 3810 fratribus
450 3753 834 3812 Floriacensis
886 3751 1131 3808 caanobii
1184 3753 1257 3807 ad
1281 3751 1685 3823 stipendiarios

131 3840 370 3907 quondam
397 3846 664 3916 sumptus
687 3841 944 3913 benigna
983 3840 1248 3912 largitate
1275 3841 1534 3894 contulit.
1561 3840 1684 3904 Quo

133 3923 349 3986 defuncto
373 3949 434 3988 ac
464 3934 522 3988 in
552 3930 897 3987 Floriacensi
929 3929 1280 3984 monasterio
1313 3930 1476 4000 juxta
1506 3931 1688 3984 eccle-

135 4011 455 4076 siamSancta:
488 4021 680 4078 Mariae
710 4020 953 4090 sepulto,
1000 4017 1059 4072 in
1101 4021 1426 4072 memorata
1465 4035 1687 4090 posses-

138 4100 260 4158 sione
276 4106 464 4163 fratres
482 4107 908 4165 habitationem
930 4107 1035 4161 sibi
1087 4110 1445 4161 statuerunt:
1489 4103 1548 4160 in
1581 4124 1694 4178 qua

140 4189 277 4246 etiam
306 4195 492 4252 delatis
514 4216 550 4252 a
583 4197 838 4251 Floriaco
871 4195 1051 4250 sancti
1073 4195 1256 4249 Patris
1291 4195 1577 4250 Benedicti
1603 4212 1694 4249 re-

1770 2067 1901 2105 rum
1937 2049 2250 2122 spiramine
2283 2051 2480 2104 lumen
2525 2050 2863 2117 amiserunt,
2898 2052 3082 2105 donec
3131 2069 3164 2106 a
3219 2055 3372 2106 terra

1772 2140 1965 2196 Sancti
1998 2139 2287 2194 Benedicti
2299 2142 2631 2194 sanctorum
2648 2141 3140 2210 progrederentur
3165 2140 3373 2211 pigno-

1770 2246 1853 2284 ra.
1889 2229 2062 2283 Erant
2087 2231 2303 2295 autem,
2337 2245 2463 2300 quae
2503 2228 2840 2283 ferebantur
2864 2245 2993 2282 cum
3051 2229 3372 2301 patrocinio

1771 2318 1950 2374 sancti
1982 2317 2385 2373 Patris'nostri
2420 2317 2734 2385 Benedicti,
2792 2319 3059 2388 pretiosae
3119 2318 3374 2390 reliquiae

1771 2405 2232 2463 beatissimorum
2273 2407 2669 2462 confessorum
2722 2406 2982 2461 Eucherii
3038 2410 3096 2462 et
3147 2407 3376 2477 Verani,

1775 2511 2003 2551 necnon
2035 2494 2324 2568 Cypriani,
2358 2494 2602 2567 Sperati,
2631 2511 2696 2549 ac
2741 2494 3110 2550 Pantaleonis
3161 2499 3379 2566 marty-

1775 2600 1928 2639 rum.
1958 2585 2086 2650 Has,
2114 2583 2276 2639 sicuti
2322 2585 2506 2638 relatu
2541 2584 2835 2640 seniorum
2867 2587 3197 2638 nostrorum
3228 2600 3381 2638 com-

1778 2673 2054 2744 perimus,
2077 2673 2312 2746 quidam
2356 2673 2668 2745 aliquando
2699 2672 3094 2746 Lugdunensis
3143 2673 3382 2728 antistes

1782 2765 1890 2836 (50)
1903 2762 2132 2817 cuidam
2164 2763 2450 2818 monacho
2480 2763 2649 2833 hujus
2677 2766 2888 2817 sancta:
2921 2761 3389 2834 congregationis

1779 2852 2102 2907 contulerat
2124 2850 2570 2907 remunerandas
2596 2851 2916 2906 sedulitatis
2938 2851 3144 2924 gratia,
3169 2851 3304 2923 quia
3322 2850 3388 2906 li-

1779 2940 2070 2996 beralibus
2095 2957 2230 2995 eum
2254 2941 2611 2995 instruxisset
2636 2940 2957 2995 litterarum
2989 2940 3207 2996 studiis.
3238 2939 3388 3004 Quas

1781 3030 1897 3097 ille,
1922 3032 1986 3083 ut
2005 3028 2286 3083 celebrior
2316 3027 2452 3083 inde
2480 3031 2628 3084 esset
2658 3028 2907 3098 locus,in
2939 3029 3197 3100 ejusdem
3216 3027 3393 3084 Patri-

1781 3109 1952 3165 ciacas
1971 3109 2117 3164 villas
2139 3108 2392 3163 oratorio
2413 3108 2690 3163 condidit.

2405 3188 2629 3242 CAPUT
2653 3188 2780 3242 XVI.

1781 3259 1979 3316 Minas:
2007 3266 2056 3314 et
2082 3258 2408 3326 blasphemus
2437 3261 2494 3313 in
2527 3257 2592 3314 S.
2623 3257 2974 3315 Benedictum
3023 3261 3223 3314 interit.
3254 3258 3395 3314 Duae

2043 3331 2258 3400 feminae
2281 3336 2541 3382 sanantur
2569 3346 2603 3382 α
2641 3337 2868 3400 quatuor
2904 3330 3118 3384 morbis.

1859 3404 1947 3456 37.
1994 3399 2320 3454 Bernardus
2351 3400 2608 3471 quidam,
2641 3399 2901 3470 ejusdem
2931 3400 3277 3471 Burgundioe
3310 3401 3396 3456 vir

1786 3488 2039 3557 illustris,
2063 3487 2449 3558 dominusque
2478 3486 2647 3541 castri
2663 3487 2818 3558 quod
2836 3489 2994 3542 Uzon
3019 3489 3166 3555 [al..,
3198 3487 3396 3558 Vizon]

1789 3579 2043 3644 vocatur,
2061 3574 2405 3630 discordiam
2418 3575 2671 3629 habebat
2683 3591 2815 3628 cum
2839 3576 3137 3645 quondam
3156 3575 3258 3629 sibi
3278 3576 3398 3629 affl-

1790 3667 1970 3724 nitate
2003 3663 2352 3738 propinquo,
2383 3679 2488 3718 nec
2543 3661 2787 3718 minoris
2827 3663 3122 3734 potentize,
3157 3663 3396 3718 nomine

1791 3753 2090 3811 Lotboldo.
2137 3752 2306 3823 Cujus
2356 3751 2740 3822 possessiones
2793 3752 2931 3806 dum
2982 3751 3399 3824 direptionibus

1789 3845 2058 3908 vastaret,
2080 3841 2255 3896 etiam
2276 3857 2342 3895 ex
2361 3841 2504 3896 villis
2535 3840 2607 3896 ad
2629 3841 2756 3912 jam
2790 3840 3004 3895 dictum
3021 3839 3397 3895 Patriciacum

1790 3932 2210 3988 monasterium
2242 3930 2660 4003 pertinentibus
2691 3933 2956 3985 armenta
2988 3930 3270 3984 abducere
3301 3947 3398 3984 cu-

1793 4021 2261 4096 piens,quosdam
2284 4037 2580 4076 servorum
2598 4019 2791 4075 Sancti
2817 4019 3108 4074 Benedicti
3132 4019 3399 4074 resisten-

1793 4117 1880 4166 tes
1908 4111 2013 4164 sibi
2044 4110 2609 4181 interemit.Propter
2638 4125 2815 4181 quam
2848 4125 3078 4164 causam
3094 4126 3264 4179 supra
3298 4125 3402 4161 no-

1798 4200 2051 4254 minatus
2097 4199 2400 4252 Botbertus
2427 4197 2766 4270 prmpositus
2795 4215 2925 4252 eum
2959 4198 3180 4265 adiens,
3212 4197 3405 4251 humi-

141 4274 310 4349 liqui'ls,
332 4288 563 4342 eCClBSia
593 4285 651 4340 in
683 4287 904 4341 honore
927 4285 1028 4340 Dei
1058 4302 1123 4340 ac
1154 4284 1420 4356 gloriosa:
1459 4283 1698 4355 virginis
1801 4289 1929 4344 liter
1960 4288 2232 4358 poscebat
2261 4290 2323 4339 ut
2351 4287 2612 4356 legaliter
2631 4289 2828 4341 sancto
2858 4286 3166 4341 Benedicto
3194 4303 3258 4339 ac
3286 4287 3409 4357 ejus

144 4362 309 4437 Mariae,
325 4373 602 4448 simulque
633 4375 852 4446 egregii
880 4374 1056 4446 ipsius
1077 4371 1420 4428 confessoris
1435 4377 1702 4427 constru-

1803 4375 2104 4432 monachis
2118 4375 2456 4430 emendaret
2474 4377 2693 4429 malum
2721 4376 2874 4446 quod
2897 4379 3097 4430 contra
3122 4377 3275 4447 leges
3299 4393 3411 4429 ser-

150 4455 219 4558 ata
236 4463 504 4533 est,quam
519 4463 773 4520 Christus
789 4463 1069 4518 Dominus
1103 4461 1323 4518 meritis
1351 4466 1562 4516 sancta:
1589 4478 1703 4516 suas
1729 4499 1781 4558 Β
1805 4466 1888 4520 vis
1913 4481 2118 4520 eorum
2149 4463 2522 4534 irrogaverat.
2552 4465 2647 4518 llle
2673 4464 3050 4519 contumaciae
3065 4465 3266 4534 plenus
3297 4463 3410 4534 spi—

151 4539 418 4618 Genitricis,
449 4569 676 4608 necnon
704 4553 895 4608 dilecti
942 4552 1146 4607 famuli
1177 4551 1261 4606 sui
1293 4551 1580 4606 Benedicti
1607 4568 1708 4607 sas-
1729 4539 1779 4558 ν
1809 4555 1942 4620 ritu,
1973 4553 2030 4607 iu
2061 4553 2184 4606 haec
2209 4552 2380 4606 verba
2409 4552 2705 4625 respondit
2739 4552 2966 4620 :Miror,
3018 4553 3252 4608 domine
3303 4553 3416 4608 Ro-

151 4627 340 4696 Ρίεεὶωθ
374 4641 660 4696 miraculis
703 4641 984 4695 illustrem
1037 4639 1310 4695 reddidit.
1368 4641 1449 4694 De
1505 4639 1710 4712 quibus
1810 4644 2021 4711 tberte,
2052 4646 2170 4696 tam
2197 4641 2516 4712 sapientem
2551 4641 2736 4696 virum
2761 4641 2834 4696 ad
2863 4645 3087 4696 tantam
3114 4642 3415 4697 stultitiam

155 4717 259 4786 quia
271 4728 434 4783 multa
456 4730 840 4802 perinertiam
861 4729 1130 4785 oblivioni
1147 4727 1359 4783 tradita
1374 4731 1714 4800 sunt,pauca
1813 4732 2147 4788 devolutum
2179 4733 2292 4786 uta
2322 4746 2415 4784 me
2445 4729 2917 4785 emendationem
2941 4731 3024 4785 rei
3046 4730 3258 4802 exigas,
3285 4749 3417 4786 cum

156 4819 256 4875 quae
274 4811 484 4872 vilitatis
520 4823 734 4874 nostrae
760 4818 1005 4890 attigere
1062 4816 1352 4884 notitiam,
1411 4817 1713 4872 memorias
1816 4837 1910 4876 me
1938 4820 2123 4892 magis
2143 4835 2349 4891 rogare
2375 4819 2694 4890 oportuerit
2726 4837 2798 4873 ne
2824 4819 3026 4891 pejora
3066 4820 3376 4891 adjicerem
3403 4838 3418 4890 ;

158 4900 495 4975 posterorum,
531 4906 605 4963 ad
634 4906 1051 4979 omnipotentis
1102 4906 1204 4962 Dei
1256 4922 1320 4960 ac
1377 4909 1712 4961 sanctorum
1816 4913 1874 4966 et
1901 4908 2129 4980 adjecit,
2156 4907 2494 4974 Dominum,
2526 4907 2816 4978 inquiens,
2850 4907 2947 4978 qui
2979 4925 3070 4962 me
3094 4908 3420 4976 nascifecit,

161 4980 256 5050 eius
275 4987 506 5063 laudem,
541 4997 771 5052 tradere
799 4995 1148 5052 curabimus.
1818 5001 2000 5053 testor
2017 5013 2133 5064 me,
2159 4999 2472 5068 antequam
2491 4995 2822 5067 quindecim
2841 4996 2911 5049 ab
2924 4997 3032 5051 hoc
3051 4996 3140 5051 die
3161 4999 3395 5053 evolvan
3418 5025 3426 5033 -

220 5075 292 5130 36.
317 5076 718 5141 Solmaricense
757 5084 1064 5156 praedium,
1087 5084 1215 5155 jam
1243 5083 1395 5140 dicto
1445 5083 1717 5139 Patricia-
1822 5090 1916 5140 tur
1944 5087 2112 5152 soles,
2147 5085 2541 5156 experimento
2564 5083 2942 5154 probaturum
2978 5088 3172 5140 utrum
3199 5089 3428 5141 sanctus

167 5163 289 5246 sensi
311 5173 556 5229 coenobio
587 5173 901 5240 subditum,
936 5173 1173 5245 quidam
1200 5190 1483 5245 perversae
1511 5173 1724 5228 mentis
1825 5175 2164 5231 Benedictus
2196 5173 2338 5246 igni,
2370 5188 2443 5226 an
2476 5172 2623 5244 ignis
2656 5188 2689 5226 a
2722 5188 2814 5225 me
2844 5172 2964 5243 ejus
2992 5172 3234 5242 injectus
3248 5175 3431 5230 domi-

170 5243 390 5336 homines
433 5259 698 5319 invadere
750 5263 1156 5319 moliebantur.
1192 5262 1449 5328 Quorum
1490 5263 1726 5318 malitia:
1829 5267 1933 5322 bus
1964 5267 2158 5319 sancto
2184 5243 2490 5336 prmvaleat
2507 5243 2850 5329 Benedicto,
2884 5261 2980 5332 qui
3037 5278 3236 5316 meum
3281 5263 3434 5316 intra

173 5332 432 5430 [iotbei'tus
462 5353 773 5408 monachus
799 5352 878 5407 illi
908 5353 1031 5408 loco
1069 5355 1204 5406 tunc
1236 5352 1575 5425 praepositus
1634 5351 1732 5406 ob-
1830 5369 1996 5407 suum
2023 5332 2273 5405 castrum
2296 5350 2595 5404 defensare
2628 5349 2826 5404 nititur
2856 5348 3175 5404 inimicum.
3200 5349 3286 5402 Ad
3308 5364 3436 5418 (μιω

175 5428 337 5484 sistere
365 5440 603 5508 cupiens,
635 5441 885 5496 instante
930 5441 1235 5496 vindemia:
1287 5445 1551 5511 tempore
1599 5457 1731 5494 cum
1833 5441 2007 5496 verba
2037 5443 2360 5494 commotus
2378 5440 2722 5494 monachus:
2748 5439 3007 5504 Conﬁdo,
3027 5437 3126 5504 ait,
3156 5438 3213 5492 in
3242 5437 3437 5492 Domi—

184 5529 645 5649 duiigLLeift‘ira‘dus
669 5547 938 5649 reliquias
1050 5547 1316 5649 Cypriani
1337 5549 1564 5649 Arelate
1591 5546 1736 5649 ‘Lug-
1837 5549 2218 5649 asservantuq.
2242 5547 2311 5599 At
2335 5545 2405 5600 de
2435 5545 2714 5649 Le‘idgado
2739 5545 2980 5649 intglligi
3000 5562 3111 5599 non
3144 5549 3330 5649 pqtlest
3354 5543 3443 5598 hic

405 5629 429 5649 ει
475 5633 533 5649 ινα
577 5636 590 5649 1
615 5635 797 5649 ιιι-...ηπ
897 5634 954 5649 ηρ
989 5635 1058 5649 σπι
1091 5634 1122 5649 Α
1242 5635 1352 5649 nun
1381 5637 1435 5649 ης.
1523 5635 1585 5649 τι..
1613 5635 1737 5649 εφηιικ
1861 5637 1992 5649 ,κη-..η
2045 5635 2184 5649 ηνηη
2216 5634 2343 5649 anna
2371 5634 2481 5649 ηιιη
2604 5618 2796 5649 nuncin
2874 5635 2898 5649 η
2936 5617 3154 5649 ιιῖιιηῖιηη
3211 5620 3228 5634 ‘
3255 5617 3443 5649 nn:nnn

217 5615 370 5691 {olim
403 5615 593 5672 advehi
615 5615 848 5691 curavit,
871 5615 1352 5691 testante—Adone
1381 5619 1439 5673 in
1469 5615 1740 5691 Martyro-
1837 5623 2014 5685 locus,
2045 5622 2348 5691 propterea
2371 5617 2525 5691 quod
2564 5617 2797 5675 donatio
2828 5615 3159 5674 Patriaciaci
3192 5617 3445 5674 Floriaco

202 5685 330 5760 θεῷ)
349 5697 484 5760 ,(ιιξαε
507 5692 687 5760 potea
711 5690 947 5745 Carolus
987 5689 1185 5743 Calvus
1202 5685 1626 5760 Compendium
1647 5689 1742 5746 de-
1843 5691 2022 5750 serius
2041 5685 2191 5748 facta
2218 5692 2322 5747 est.

191 5737 328 5802 dixit
347 5737 398 5806 ia
411 5737 688 5817 δὲείῐίῖεὲῖιῖ
714 5737 877 5818 iis?
885 5737 1743 5830 ὶόιῖεἱὶ-ὶιῖἷιεῖιῖιξῖᾖῖιῖὲῖιῖὲεῖιῖε
