3882 6212
447 408 550 466 847

1551 413 1818 473 AIMOINI
1847 413 2157 473 MONACHI
2187 415 2686 480 FLORIACENSIS

3681 431 3775 493 848

443 547 543 598 no,
576 528 714 586 acin
745 534 1075 591 sanctorum
1095 535 1221 609 ejus
1249 535 1494 605 meritis,
1513 541 1571 594 te
1601 554 1706 594 nec
1736 537 1846 594 ista
1861 536 2388 611 imple-Asignum
2437 542 2552 611 die,
2578 543 2748 600 tertio
2794 544 3057 603 videlicet
3107 546 3394 607 Kalendas
3453 549 3632 622 Junii,
3672 555 3775 615 alia

441 623 658 688 turum,
693 639 798 678 nec
820 625 1195 681 constitutum
1229 631 1346 682 ate
1379 627 1699 682 terminum
1746 629 1930 682 temet
1977 625 2058 681 vi-

442 711 629 765 vendo
657 729 1041 768 excessurum.
1089 716 1205 771 Hoc
1237 717 1453 772 dictum
1485 717 1566 771 rei
1604 716 1811 772 veritas
1863 717 2057 771 subse-

439 804 570 854 cuta
600 803 703 856 est.
725 802 981 874 Denique
1000 805 1277 876 praedicto
1303 807 1420 862 viro
1441 806 1751 861 venerabili
1779 805 2056 860 Hotberto

438 889 512 944 ad
539 891 957 946 monasterium
976 910 1257 964 regresso,
1278 898 1592 967 antequam
1611 893 1898 966 prmﬁnita
1917 910 2060 965 pra:-

437 977 850 1048 teriissetclies,
885 983 1156 1053 praefatus
1215 985 1534 1038 Bernardus
1592 985 1664 1039 ab
1725 983 1892 1038 obvio
1951 980 2058 1036 sibi

432 1075 595 1130 hoste
631 1077 962 1150 praescripto
991 1079 1268 1136 Letboldo
1300 1083 1498 1136 lancea
1529 1081 1786 1136 conﬁxus
1816 1079 2056 1145 interiit,

433 1165 724 1220 subiturus
752 1183 858 1238 pro
889 1172 1046 1224 certo
1077 1169 1219 1224 illud
1251 1170 1540 1225 diutinum
1563 1186 1698 1224 cum
1726 1170 1859 1241 igne
1881 1171 2059 1222 certa‘

432 1271 591 1322 men,
641 1258 796 1327 quod
837 1257 980 1312 falso
1032 1257 1328 1330 juraverat
1385 1277 1444 1314 se
1499 1263 1696 1315 sancto
1745 1257 2055 1313 Benedicto

433 1344 592 1400 brevi
610 1348 874 1417 tempore
901 1347 1218 1403 illaturum.

507 1434 594 1488 38.
656 1434 1016 1505 Adjiciantur
1045 1436 1177 1491 huic
1208 1436 1472 1492 vindicta:
1505 1437 1774 1508 prodigio
1805 1439 2054 1508 quatuor

437 1523 752 1578 sanitatum
807 1524 1058 1596 insignia
1084 1526 1304 1581 duabus
1331 1529 1561 1582 tantum
1608 1525 1846 1581 feminei
1888 1542 2051 1580 sexus

427 1613 710 1682 personis,
726 1631 760 1668 a
778 1613 1002 1669 Christo
1023 1615 1230 1669 collata
1254 1615 1312 1672 in
1334 1615 1544 1670 eodem
1575 1613 1928 1670 monasterio
1949 1615 2051 1668 Pa-

425 1701 658 1756 triciaco
691 1718 796 1772 per
814 1703 1026 1758 merita
1055 1707 1266 1758 sanctm
1299 1720 1412 1758 sua:
1439 1703 1746 1758 Genitricis
1761 1719 1825 1758 ac
1850 1702 2048 1774 inclyti

424 1789 767 1846 confessoris
796 1791 1110 1860 Benedicti,
1141 1791 1526 1866 aliorumque,
1557 1807 1807 1864 quorum
1837 1791 1914 1846 ibi
1940 1791 2047 1846 ha-

423 1878 633 1935 bentur
657 1879 996 1951 patrouicia,
1021 1882 1376 1936 sanctorum.

1051 1970 1274 2025 CAPUT
1299 1969 1454 2025 XVII.

839 2057 1030 2114 Multa
1060 2062 1112 2114 et
1143 2056 1360 2115 Claude
1389 2062 1643 2116 sanat-ur.

487 2149 576 2202 39.
603 2145 802 2202 Mulier
832 2146 1123 2219 quaedam,
1145 2145 1373 2201 Adelais
1404 2145 1702 2215 vocabulo,
1735 2144 1947 2216 lingua:
1969 2161 2035 2200 ac

413 2237 629 2308 pedum
660 2235 884 2306 privata
911 2234 1124 2302 ofﬁcio,
1153 2235 1228 2290 ad
1243 2237 1633 2290 memoratum
1659 2234 1819 2290 venit
1838 2249 2032 2289 coeno-

414 2325 575 2380 bium
601 2324 868 2379 manibus
885 2323 1191 2396 reptando.
1211 2323 1340 2377 Haec
1368 2338 1488 2394 prae
1501 2323 1718 2378 foribus
1737 2325 2029 2378 monaste-

413 2413 482 2470 rii
504 2430 610 2484 per
626 2411 1052 2484 aliquantulum
1083 2411 1373 2466 decubans
1393 2411 1670 2482 temporis
1696 2411 1968 2483 spatium,
1997 2427 2032 2466 a

414 2503 685 2558 fratribus
712 2501 948 2572 quidem
981 2502 1124 2553 nutu
1145 2515 1427 2554 manuum
1457 2500 1692 2570 petebat
1704 2499 1832 2554 vitae
1849 2499 2027 2554 subsi-

417 2591 600 2657 dium,
625 2607 658 2644 a
677 2589 887 2644 sanctis
908 2591 1102 2642 autem
1131 2603 1267 2642 voce
1299 2586 1487 2642 cordis
1511 2586 1830 2642 sanitatatis
1869 2587 2030 2642 auxi-

405 2679 576 2736 lium.
631 2678 892 2743 Quadam
942 2677 1135 2748 itaque
1191 2675 1306 2744 die,
1356 2677 1524 2730 tertia
1570 2676 1832 2732 videlicet
1882 2677 2028 2733 feria

412 2771 546 2824 ante
589 2770 850 2822 sanctam
885 2766 1286 2830 Pentecosten,
1319 2764 1478 2835 cujus
1507 2763 1630 2835 ipso
1691 2781 1846 2820 anno
1905 2766 2020 2838 (51)

409 2855 684 2912 festivitas
725 2871 818 2909 xm
873 2852 1160 2908 Kalendas
1203 2852 1356 2907 Junii
1396 2854 1607 2920 evenit,
1638 2854 1878 2908 medela:
1907 2871 2024 2910 suae

408 2946 615 3000 horam
639 2944 834 2998 adesse
852 2940 1132 3014 persensit
1150 2959 1164 3010 ;
1180 2941 1527 3013 veniensque
1547 2945 1681 2996 ante
1701 2942 2022 3012 ecclesiam,

409 3033 637 3088 indiciis
667 3031 870 3103 quibus
891 3031 1140 3101 poterat,
1174 3029 1384 3100 aperiri
1405 3028 1512 3084 sibi
1536 3029 1838 3084 introitum
1858 3047 2026 3103 expo-

2161 628 2304 685 inibi
2330 630 2574 687 deducta
2604 637 2688 691 est
2726 633 2956 692 mulier.
2989 635 3128 693 Huic
3184 638 3514 697 Alexandra
3564 659 3774 701 nomen

2161 721 2306 786 erat,
2334 736 2462 791 quas
2487 723 2822 792 gestatorio,
2855 741 2968 797 quo
3001 725 3220 797 lapides
3268 727 3410 784 ferri
3439 747 3568 787 mos
3615 738 3718 802 est,
3741 753 3775 791 a

2162 807 2383 863 duobus
2403 807 2535 864 viris
2557 810 2815 879 advecta,
2839 812 2898 868 in
2927 813 3221 871 basilicam
3248 833 3306 872 se
3359 819 3653 876 introduci
3693 840 3774 880 ro-

2159 895 2333 967 gavit.
2369 897 2505 962 Quae
2528 899 2586 954 in
2627 901 2836 956 eodem
2883 919 2996 974 quo
3027 907 3086 958 et
3132 904 3294 976 prior
3342 910 3540 964 erecta
3589 910 3773 968 fuerat

2158 987 2306 1055 loco,
2335 989 2409 1044 ad
2451 991 2774 1046 orationem
2818 1009 2878 1048 se
2926 993 3232 1064 inclinans,
3293 1002 3425 1068 post
3478 999 3770 1056 modicum

2159 1077 2517 1146 pedetentim
2543 1079 2764 1150 erigere
2794 1098 2915 1136 sese
2936 1083 3129 1154 cmpit.
3162 1084 3334 1156 Cujus
3362 1091 3642 1144 conatum
3668 1089 3771 1146 fra-

2159 1168 2294 1233 tres,
2321 1165 2419 1236 qui
2445 1167 2517 1220 ad
2547 1171 2668 1222 tam
2686 1167 3020 1225 mirandum
3051 1179 3447 1230 convenerant
3473 1181 3766 1248 spectacu-

2156 1255 2301 1321 lum,
2329 1255 2528 1325 juvare
2559 1256 2874 1328 cupientes,
2915 1259 3067 1314 inter
3094 1277 3300 1316 manus
3327 1278 3459 1318 eam
3489 1265 3766 1322 elevando

2154 1343 2571 1400 sustentabant.
2603 1347 2728 1417 Ipsa
2741 1363 2970 1419 quoque
2988 1348 3137 1404 circa
3154 1349 3362 1406 horam
3385 1351 3499 1406 diei
3515 1353 3762 1422 tertiam,

2153 1437 2212 1492 in
2239 1449 2353 1504 qua
2378 1434 2568 1489 delata
2621 1435 2829 1503 fuerat,
2873 1437 3059 1509 plenae
3113 1439 3330 1496 donata
3377 1441 3637 1511 sanitati,
3672 1461 3766 1517 per

2151 1520 2371 1593 aliquot
2403 1539 2632 1578 menses
2655 1524 2712 1578 in
2747 1525 2972 1581 servitio
3004 1526 3254 1584 ecclesiae
3286 1531 3627 1598 permansit.

2221 1611 2311 1664 44.
2337 1611 2630 1666 Postulata
2647 1614 2842 1667 autem
2873 1615 3046 1685 atque
3077 1615 3438 1686 impetratae
3457 1617 3588 1689 jam
3617 1619 3761 1676 dicto

2149 1696 2270 1768 ejus
2303 1699 2410 1753 loci
2437 1701 2744 1771 praeposito
2777 1701 3056 1757 Botberto
3083 1701 3315 1759 licentia
3362 1705 3654 1763 redeundi
3697 1709 3766 1765 ad

2147 1801 2270 1855 sua,
2299 1788 2553 1858 pollicita
2581 1792 2666 1843 est
2694 1805 2754 1844 se
2781 1789 2856 1845 ad
2878 1789 3214 1848 inchoatum
3242 1809 3610 1851 reversurum
3641 1813 3765 1854 san-

2143 1875 2348 1930 ctuarii
2379 1877 2720 1950 obsequium
2754 1897 2768 1947 ;
2809 1879 2911 1935 sed
2941 1879 3082 1936 dum
3107 1897 3302 1938 moras
3333 1883 3405 1938 ad
3426 1885 3763 1957 regredien-

2141 1964 2283 2021 dum
2328 1965 2670 2035 innecteret,
2733 1969 3042 2040 pristinum
3092 1971 3439 2044 languorem
3495 1973 3760 2033 incurrit.

2139 2053 2551 2111 Verumtamen
2584 2055 2724 2112 dum
2767 2061 3055 2130 quaereret
3099 2059 3198 2131 qui
3230 2077 3290 2116 se
3318 2061 3393 2116 ad
3421 2079 3542 2118 suae
3566 2065 3764 2122 salutis

2135 2151 2326 2208 locum
2353 2144 2717 2213 reveherent,
2749 2162 2853 2202 nec
2883 2146 3190 2216 inveniret,
3229 2149 3403 2221 erepit
3445 2151 3676 2208 anxiari
3706 2156 3764 2216 et

2134 2234 2344 2287 moesta
2369 2249 2512 2288 esse.
2543 2233 2801 2291 Tandem
2829 2234 3138 2291 necessitas
3178 2237 3486 2294 consilium
3517 2242 3758 2313 reperit,

2133 2323 2197 2375 ut
2227 2322 2342 2375 Deo
2365 2337 2430 2376 ac
2455 2325 2655 2377 sancto
2689 2322 2996 2379 Benedicto
3027 2327 3279 2392 voveret,
3297 2325 3348 2380 si
3368 2327 3526 2384 salus
3552 2331 3760 2387 collata

2133 2409 2240 2466 sibi
2275 2410 2698 2478 restitueretur,
2731 2415 2793 2466 ut
2828 2412 2902 2468 ad
2917 2414 3045 2484 jam
3103 2414 3476 2471 nominatum
3536 2419 3754 2476 valeret

2131 2500 2362 2570 regredi
2390 2501 2828 2569 monasterium,
2852 2518 2910 2556 se
2933 2501 3202 2575 deinceps
3223 2503 3361 2560 inde
3380 2521 3756 2580 nequaquam

2129 2604 2510 2644 recessuram.
2540 2589 2748 2644 Statim
2773 2589 2948 2661 igitur
2974 2592 3038 2645 ut
3057 2591 3166 2646 hoc
3187 2591 3360 2660 vovit,
3391 2594 3758 2654 ﬁrmissimas

2127 2693 2185 2748 in
2213 2693 2279 2731 eo
2303 2695 2416 2750 quo
2447 2677 2732 2732 residebat
2759 2676 2884 2734 loco
2901 2679 3236 2735 ambulandi
3253 2679 3400 2737 vires
3414 2699 3748 2753 resumens,

2126 2765 2449 2836 postposita
2479 2765 2642 2822 omni
2683 2782 2977 2822 morarum
3011 2767 3335 2839 occasione,
3367 2771 3442 2826 ad
3473 2772 3754 2830 Patricia-

2125 2869 2258 2907 cum
2287 2855 2468 2909 sancti
2508 2855 2797 2910 Benedicti
2827 2855 3176 2925 cmuobium,
3203 2857 3303 2912 ubi
3351 2863 3560 2916 sanata
3589 2863 3748 2934 prius

2125 2940 2332 3004 fuerat,
2365 2949 2592 2998 reversa
2613 2948 2716 3000 est.
2745 2944 3003 3016 Cumque
3021 2950 3228 3001 cuncta
3240 2963 3368 3018 quas
3385 2949 3544 3006 circa
3559 2949 3750 3022 ipsam

2126 3033 2254 3084 acta
2282 3030 2514 3086 fuerant
2563 3031 2836 3087 fratribus
2879 3033 3143 3102 referret,
3202 3035 3644 3110 sponderetque
3691 3057 3748 3095 se

412 3121 626 3177 scebat.
656 3121 780 3185 Quo
814 3119 1126 3189 impetrato
1151 3134 1256 3188 per
1279 3120 1499 3174 terram
1527 3135 1586 3174 se
1628 3119 1862 3174 trahens
1893 3135 2022 3175 ora-
2047 3127 2096 3190 ο
2126 3118 2262 3174 inde
2293 3119 2540 3191 amplius
2565 3136 2684 3175 non
2712 3121 3111 3189 discessuram,
3141 3121 3201 3177 in
3218 3138 3540 3181 commune
3569 3127 3750 3184 bene-

411 3209 627 3266 torium
657 3207 912 3276 intravit,
951 3218 1006 3260 et
1036 3221 1235 3261 coram
1265 3207 1444 3261 altare
1484 3209 1696 3261 sancta:
1730 3223 1796 3262 ac
1824 3207 2026 3262 indivi-

412 3299 539 3354 duae
568 3295 860 3353 Trinitatis
908 3295 966 3350 in
1021 3296 1141 3367 ipso
1176 3295 1437 3366 ingressu
1458 3295 1645 3368 posito
1677 3295 1865 3350 subito
1893 3297 2022 3352 sub-

412 3388 578 3454 stitit,
611 3387 682 3442 ad
714 3403 771 3440 se
822 3384 1102 3456 paulatim
1165 3385 1236 3440 ab
1274 3384 1452 3439 humo
1503 3385 1801 3439 sustollere
1830 3384 2024 3456 coepit.

412 3477 560 3544 Quid
585 3476 842 3548 pluribus
870 3489 1066 3529 morer
1084 3471 1112 3528 ?
1141 3472 1296 3528 intra
1313 3473 1487 3528 breve
1509 3475 1879 3528 momentum
1911 3473 2029 3545 ple-

410 3566 564 3622 niter
595 3566 804 3632 erecta,
831 3562 1000 3618 rectis
1031 3562 1322 3635 gressibus
1357 3561 1431 3616 ad
1459 3562 1640 3616 altare
1671 3561 1895 3616 Sanctae
1926 3561 2028 3616 Dei

412 3654 705 3729 genitricis
729 3651 916 3708 Maria:
942 3654 1114 3722 atque
1142 3649 1484 3705 confessoris
1499 3649 1704 3703 Christi
1735 3649 2026 3705 Benedicti

412 3758 740 3818 progressa,
775 3739 887 3796 acsi
931 3739 990 3793 in
1021 3737 1284 3794 oratione
1332 3736 1716 3808 prosternitur
1741 3753 1756 3806 ;
1781 3739 2028 3810 indeque

413 3835 544 3904 post
569 3829 867 3902 paululum
895 3843 954 3881 se
983 3825 1232 3896 erigens,
1274 3823 1438 3878 elatis
1467 3823 1526 3878 in
1554 3825 1734 3879 altum
1764 3826 2029 3882 manibus

416 3921 475 3976 in
496 3921 646 3974 hanc
677 3932 874 3972 vocem
903 3912 1167 3986 prorupit
1202 3929 1216 3967 :
1250 3911 1490 3980 Gratias,
1518 3911 1728 3985 inquit,
1761 3931 1870 3986 ago
1901 3915 2026 3984 tibi,

418 4007 668 4064 Domina
699 4019 852 4070 mea,
878 4001 1168 4072 virginum
1198 3998 1420 4071 Regina
1443 4004 1642 4056 sancta
1668 4002 1862 4071 Maria,
1894 4003 2028 4058 tibi-

418 4112 552 4168 que,
588 4093 783 4148 sancte
802 4089 1128 4156 Benedicte,
1144 4105 1391 4162 quorum
1413 4089 1740 4146 interventu
1760 4091 2028 4166 omnipo-

417 4188 548 4239 tens
569 4183 718 4236 Deus
748 4177 892 4233 mihi
915 4193 1098 4232 curva:
1125 4194 1190 4232 ac
1221 4181 1394 4233 muta:
1407 4178 1817 4234 rectitudinem
1838 4196 2027 4235 mem-

419 4271 656 4326 brorum
677 4265 918 4322 contulit
947 4270 1004 4321 et
1029 4266 1340 4338 loquelam.
1374 4267 1484 4322 Nec
1510 4267 1691 4335 vobis,
1723 4268 1905 4323 sancti
1927 4269 2027 4324 Del

421 4356 662 4414 Eucheri
692 4359 750 4410 et
778 4355 1062 4426 Veranne,
1109 4355 1365 4410 minores
1411 4356 1672 4427 persolvo
1707 4355 2026 4426 gratiarum

423 4447 697 4512 actiones,
725 4460 868 4517 quos
893 4460 1042 4517 saepe
1069 4447 1332 4499 exoratos
1353 4461 1500 4498 mea:
1517 4459 1635 4498 non
1651 4442 1850 4498 diffido
1863 4443 2026 4515 adju-

425 4541 576 4592 tores
605 4534 776 4589 fuisse
789 4533 1000 4589 salutis.
1029 4533 1092 4588 lu
1111 4533 1200 4588 his
1217 4533 1448 4588 vocibus
1467 4534 1651 4588 totam
1673 4549 1822 4604 pene
1843 4533 2033 4604 exegit

424 4628 675 4681 noctem.
707 4623 1000 4694 Agebatur
1029 4638 1096 4677 eo
1139 4622 1232 4676 die
1275 4621 1548 4676 festivitas
1578 4619 1732 4675 beati
1783 4621 2031 4676 Romani

426 4715 527 4786 [52)
557 4711 776 4768 alumni
820 4709 1160 4767 sanctissimi
1193 4710 1377 4764 Patris
1405 4707 1586 4764 nostri
1629 4709 1941 4778 Benedicti,
1973 4713 2032 4764 et

419 4804 628 4860 fratres
670 4799 1078 4872 completorios
1106 4800 1224 4853 Deo
1273 4797 1571 4852 solvebant
1625 4797 2032 4870 liymnos;qui

420 4893 695 4949 continuo
736 4889 1075 4946 sonantibus
1113 4885 1290 4958 signis
1319 4885 1516 4941 laudes
1541 4885 1660 4941 Deo
1689 4886 1904 4940 alacres
1923 4903 2029 4959 pro

421 4985 650 5038 ostenso
679 4977 1060 5033 reddiderunt
1089 4974 1388 5030 miraculo.

999 5063 1222 5120 CAPUT
1246 5063 1424 5120 XVIII.

417 5159 556 5218 Item
585 5156 705 5215 alia
729 5153 1010 5213 ambulare
1065 5170 1175 5210 non
1230 5153 1426 5209 vatem.
1483 5151 1692 5208 Iterum
1744 5152 2025 5225 impotens,

1001 5243 1200 5298 iterum
1225 5247 1438 5297 sanata.

488 5339 576 5392 40,
609 5334 830 5389 Christo
862 5332 1203 5404 disponente
1233 5331 1420 5384 adhuc
1449 5332 1674 5384 sanctos
1700 5345 1830 5384 suos
1850 5328 2024 5385 mira-

418 5423 625 5478 bilibus
655 5423 909 5492 insignes
939 5419 1201 5487 reddere,
1222 5435 1377 5475 nono
1408 5423 1538 5490 post
1566 5420 1859 5490 patratum
1877 5417 2028 5474 istud

493 5546 604 5616 (3H)
634 5546 691 5598 ld
726 5547 810 5598 est
853 5560 1024 5616 anno,
1053 5545 1208 5610 1005,
1251 5561 1364 5614 quo
1393 5543 1917 5616 sanctumuPascba
1967 5543 2024 5598 in

419 5617 504 5688 pri
519 5613 671 5669 mam
717 5613 1380 5694 prilismPentecostes‘
1397 5615 1456 5667 in
1475 5617 1543 5694 ξὶΟ
1565 5614 1688 5694 Μειῇ
1718 5615 2022 5694 incidebat.

489 5687 604 5758 (52)
667 5683 837 5738 Vides
876 5682 1192 5754 antiquitus
1243 5685 1595 5739 celebratum
1655 5685 1825 5739 fuisse
1871 5685 2027 5742 diem

2050 4409 2104 4468 D

2127 3207 2392 3262 dixerunt
2407 3209 2742 3275 Dominum,
2761 3209 3158 3282 famulumque
3177 3211 3299 3282 ejus
3311 3213 3749 3272 sanctissimum

2127 3297 2358 3350 Patrem
2389 3299 2652 3352 nostrum
2683 3296 3078 3365 Benedictum,
3111 3299 3326 3370 gratias
3359 3305 3604 3372 agentes
3643 3303 3750 3370 illi,

2127 3384 2224 3457 qui
2255 3386 2507 3440 servulos
2522 3401 2672 3452 suos,
2692 3386 2996 3458 quosforte
3023 3387 3283 3442 absentia
3312 3388 3461 3443 sacri
3487 3393 3752 3462 corporis

2127 3473 2250 3543 ejus
2271 3471 2631 3528 mcestifieare
2654 3476 2898 3544 poterat,
2913 3472 3153 3546 spiritali
3185 3473 3512 3532 visitatione
3541 3477 3751 3550 dignos

2092 3602 2098 3608 .
2127 3560 2392 3615 ducendo
2423 3559 2716 3615 miraculis
2745 3561 3080 3617 lsetiﬁcaret.
3113 3562 3180 3616 Et
3211 3579 3285 3618 ne
3323 3580 3442 3636 qua
3463 3564 3748 3624 dubitatio

2128 3648 2200 3704 de
2213 3647 2480 3720 praestitis
2513 3648 2866 3708 mirabilium
2897 3649 3188 3705 beneﬁciis
3231 3655 3593 3720 remaneret,
3621 3654 3754 3710 vicio

2129 3753 2234 3794 nos
2264 3737 2571 3792 ambarum
2599 3737 2908 3792 mulierum
2939 3738 3178 3794 sollicite
3203 3742 3562 3812 perscrutari
3583 3759 3754 3799 cura-

2129 3829 2336 3882 verunt
2359 3843 2372 3894 ;
2409 3825 2695 3898 hospitem
2713 3825 2887 3880 etiam
2920 3825 3043 3892 eius
3069 3843 3196 3898 quae
3216 3827 3596 3899 priussanata
3625 3831 3751 3888 fue-

2129 3916 2242 3982 rat,
2265 3913 2691 3986 interrogantes
2714 3917 2907 3968 utrum
2926 3930 3054 3968 eam
3073 3914 3386 3987 aliquando
3405 3917 3752 3992 loquentem

2131 4007 2230 4058 aut
2259 4002 2653 4058 ambulantem
2682 4006 2835 4058 recte
2869 4002 3120 4071 vidisset,
3163 4007 3282 4060 tam
3310 4004 3383 4060 ab
3413 4005 3542 4077 ipso
3575 4024 3755 4079 quam

2131 4109 2165 4148 a
2189 4091 2424 4162 reliquis
2453 4090 2550 4164 qui
2579 4093 2846 4163 utrasque
2881 4094 3184 4160 noverant,
3216 4109 3352 4148 vere
3379 4111 3479 4149 eas
3511 4095 3754 4163 debiles,

2129 4196 2262 4234 vere
2293 4179 2561 4234 aChristo
2594 4179 2813 4234 meritis
2842 4183 3055 4236 sanctae
3083 4197 3201 4236 suae
3237 4181 3545 4238 Genitricis
3569 4201 3638 4239 ac
3669 4185 3755 4240 di-

2129 4267 2260 4324 lecti
2290 4267 2374 4322 sui
2401 4267 2692 4323 Benedicti
2722 4267 2894 4322 fuisse
2925 4271 3155 4324 sanates
3183 4267 3538 4328 didicerunt.

2735 4355 2957 4411 CAPUT
2987 4357 3116 4412 XIX.

2273 4444 2340 4500 In
2374 4446 2500 4500 testo
2539 4443 2910 4501 translationis
2935 4445 3240 4502 incendium
3266 4447 3610 4509 restinctum.

2198 4535 2287 4589 42.
2315 4534 2595 4606 Migrante
2617 4534 2690 4588 ad
2714 4549 2950 4604 superos
2971 4549 3038 4588 eo
3070 4551 3184 4606 quo
3205 4535 3472 4608 superius
3497 4539 3751 4595 relatum

2131 4625 2217 4677 est
2245 4622 2450 4676 ordine
2479 4621 2791 4676 venerabili
2810 4623 2979 4676 Patre
2995 4625 3190 4678 nostro
3217 4623 3490 4693 Abbono,
3510 4630 3570 4682 et
3582 4628 3754 4683 vesti-

2131 4711 2227 4785 gio
2261 4710 2528 4784 quaedam
2561 4709 2814 4764 adversae
2845 4726 2956 4777 res,
2988 4711 3243 4766 maxime
3275 4713 3444 4768 nobis
3483 4714 3584 4787 qui
3631 4717 3758 4787 ejus

2133 4799 2406 4872 obsequio
2425 4799 2780 4854 adhaeseram
2791 4815 2874 4866 us,
2911 4815 3172 4854 evenere.
3197 4801 3272 4854 At
3294 4801 3536 4874 reliquis
3555 4806 3754 4877 negle-

2131 4889 2236 4945 ctis
2256 4887 2549 4955 aerumnis,
2581 4904 2758 4942 unam
2790 4887 3090 4943 memoriae
3117 4889 3400 4944 mandare
3433 4907 3551 4947 non
3575 4909 3752 4964 grave

2130 4977 2390 5032 videatur
2409 4975 2772 5030 audientibus
2794 4993 2954 5047 ;quae
2982 4991 3131 5046 pene
3145 4976 3494 5034 intolerabili
3518 4981 3630 5036 hoc
3661 4997 3750 5036 sa-

2130 5081 2292 5121 crum
2331 5065 2656 5119 coenobium
2689 5063 3050 5136 profligasset
3107 5065 3350 5133 damno,
3401 5068 3464 5122 ni
3511 5071 3750 5140 superni

2128 5154 2300 5226 Regis
2331 5153 2534 5208 Christi
2566 5153 2660 5226 pia
2683 5153 3010 5220 clementia,
3035 5153 3364 5209 interventu
3385 5160 3600 5212 sancta
3628 5175 3748 5212 suae

2125 5243 2420 5300 Genitricis
2453 5241 2747 5313 Patrisque
2779 5241 2958 5295 nostri
2985 5241 3276 5297 Benedicti
3301 5243 3593 5317 mitigata,
3625 5247 3746 5300 vin-

2127 5333 2313 5388 dicem
2346 5333 2674 5388 nostrorum
2709 5330 2986 5383 scelerum
3044 5331 3374 5386 retraxisset
3420 5331 3738 5388 dexteram.

2126 5421 2436 5478 Enimvero
2487 5420 2621 5492 quia
2651 5419 2709 5474 in
2741 5418 2917 5490 signis
2945 5417 3337 5490 superioribus
3375 5421 3742 5478 demonstra-

2129 5545 2343 5602 festum
2365 5543 2545 5599 sancti
2569 5542 2814 5600 Romani
2847 5541 3091 5605 abbatis,
3141 5543 3364 5599 alumni
3417 5561 3517 5599 seu
3559 5545 3740 5599 nutri-

2128 5616 2270 5671 toris
2322 5616 2502 5670 sancti
2552 5615 2734 5669 Patris
2766 5613 3057 5671 Benedicti
3083 5630 3098 5679 ;
3124 5613 3288 5684 cujus
3333 5616 3582 5673 Romani
3620 5617 3744 5672 Vita

2129 5689 2314 5743 exstat
2342 5687 2402 5744 in
2435 5687 2654 5746 Saeculo
2687 5689 2725 5742 ι.
