3882 6212
125 454 216 518 849

899 461 988 514 ΒΕ
1019 447 1387 515 MIRACULIS
1427 453 1488 514 S.
1529 445 1895 508 BENEDICTI
1923 447 2100 507 LIBRI
2129 452 2292 510 DUO.
2323 475 2394 494 ε-
2426 454 2553 509 LIB.
2579 449 2626 509 II

3333 455 3436 509 850

128 590 235 640 tum
267 588 351 640 est
395 603 579 658 quam
608 589 812 658 potens
853 584 944 640 hic
993 583 1258 656 egregius
1298 583 1408 637 dux
1440 584 1633 636 noster
1662 594 1728 634 ac
1749 583 1804 642 Α
1829 578 1993 642 Quod
2020 580 2112 634 ille
2139 580 2326 636 fucata
2347 598 2474 635 usus
2494 580 2683 647 laude,
2706 579 2959 652 quodam
2983 578 3435 634 deterrenarum

124 691 336 745 semper
365 675 767 729 nominandus
796 673 1203 728 Benedictusin
1224 671 1445 726 duobus
1475 670 1723 740 singula-

124 767 215 816 tim
244 763 528 818 exstiterit
561 764 879 827 elementis,
916 779 1064 833 aqua
1089 760 1352 815 videlicet
1391 763 1448 813 et
1479 758 1635 830 igne,
1666 758 1723 811 in

123 851 216 904 hoc
243 852 558 906 manifeste
590 851 892 924 apparebit
937 855 1216 922 quantum
1249 849 1306 903 in
1341 848 1597 918 utrisque
1629 864 1725 900 va-

123 938 272 993 luerit
298 956 413 995 uno
446 940 775 1013 eodemque
807 945 1091 1012 tempore,
1119 941 1195 1006 et,
1221 941 1282 992 ut
1307 937 1490 993 verius
1518 938 1719 1009 fatear,

124 1025 378 1097 temporis
411 1030 739 1082 momento.

180 1149 258 1203 43.
290 1149 549 1205 Celebris
593 1155 791 1206 nostro
823 1151 948 1207 orbi
999 1152 1262 1206 illuxerat
1305 1152 1426 1206 dies
1476 1153 1719 1205 transla-

123 1237 270 1292 tionis
298 1240 474 1310 ipsius
494 1240 714 1295 summi
741 1241 1103 1309 confessoris,
1133 1258 1259 1314 quae.
1282 1242 1484 1314 quinto
1514 1243 1715 1296 Iduum

121 1325 373 1382 Iuliarum
422 1345 690 1384 annuum
742 1329 905 1384 nobis
950 1334 1366 1403 repraesentare
1425 1330 1720 1385 consuevit

122 1415 552 1489 delectabileque
572 1418 806 1473 festum.
835 1419 1093 1490 Cumque
1112 1423 1233 1474 tota
1252 1419 1575 1491 vigiliarum
1607 1437 1719 1474 nox

121 1519 231 1557 cum
242 1505 633 1578 subsequente
653 1507 743 1562 die
757 1508 814 1562 in
831 1507 1092 1562 laudibus
1114 1510 1228 1563 Deo
1245 1508 1449 1563 debitis
1466 1525 1717 1580 congrue

123 1591 296 1647 fuisset
325 1611 581 1666 expensa
626 1597 698 1651 ob
740 1597 890 1651 tanti
941 1597 1311 1652 devotionem
1356 1597 1556 1663 Patris,
1590 1601 1720 1670 post

123 1679 351 1734 debitam
369 1683 759 1738 refectionem
779 1685 1273 1758 vespertinaleque
1292 1686 1720 1750 ofﬁcium,bora

124 1767 304 1836 quietis
337 1771 595 1840 advenit,
622 1777 678 1827 et
706 1773 1068 1843 cupientibus
1099 1775 1263 1828 nobis
1289 1775 1482 1828 oculos
1511 1773 1718 1826 diurno

123 1853 274 1912 furari
291 1858 495 1927 labori,
515 1877 779 1917 erronem
798 1863 1017 1934 antiqui
1031 1863 1208 1917 hostis
1221 1863 1454 1918 adfuere
1473 1861 1715 1926 insidiae,
1743 1896 1795 1955 Β

126 1944 353 2018 Namque
402 1949 526 2019 ejus
577 1950 848 2006 instinctu
896 1953 1132 2023 quidam
1179 1969 1459 2024 perversa:
1508 1951 1719 2006 mentis

126 2033 378 2105 homines,
412 2039 827 2109 latrocinandi,
853 2045 915 2096 ut
945 2043 1179 2113 quidam
1201 2043 1482 2109 referunt,
1501 2040 1718 2112 cupidi-

128 2125 449 2197 tate,ignem
477 2127 810 2184 forensibus
834 2131 1159 2202 imposuere
1188 2132 1454 2186 domibus
1476 2149 1490 2199 ;
1511 2135 1572 2184 ut
1589 2147 1720 2184 vero

130 2211 205 2264 alii
231 2213 495 2283 fatentur,
526 2217 772 2272 casualis
801 2219 1015 2273 eisdem
1047 2219 1264 2274 aedibus
1297 2219 1522 2291 irrepsit
1551 2219 1717 2289 ignis.

132 2297 232 2362 Qua
247 2303 310 2357 de
330 2321 518 2373 causa,
544 2307 793 2361 excitato
813 2310 1060 2362 tumultu
1084 2309 1288 2364 fratres
1314 2305 1717 2381 expergefacti,

131 2389 187 2442 ad
208 2393 646 2465 exstinguendas
675 2412 906 2450 voraces
935 2397 1186 2452 incendii
1214 2399 1482 2452 flammas
1509 2415 1717 2470 prope-

131 2484 317 2548 rarunt,
337 2483 738 2556 subductoque
760 2485 1034 2556 primum,
1065 2503 1292 2558 quaqua
1315 2487 1714 2559 opportunitas

131 2583 226 2623 sese
249 2571 464 2639 obtulit,
500 2573 671 2628 omni
700 2578 906 2628 ornatu
938 2576 1204 2643 basilicze,
1235 2576 1330 2646 qui
1357 2593 1473 2630 non
1497 2579 1709 2645 minor,

131 2654 222 2710 imo
250 2674 344 2728 per
371 2662 578 2715 omnia
610 2662 798 2732 major
818 2680 990 2735 quam
1016 2664 1072 2718 in
1106 2664 1282 2735 priori
1304 2665 1591 2733 incendio,
1613 2666 1709 2721 in-

131 2745 311 2801 teriora
355 2751 564 2821 templi
610 2753 988 2820 venustabat;
1038 2755 1111 2808 ad
1147 2754 1272 2824 jam
1310 2754 1525 2810 dictum
1568 2772 1710 2828 Opus

131 2836 394 2892 unanimes
436 2843 787 2909 vertuntur;
830 2842 930 2896 sed
970 2842 1201 2897 illorum
1231 2844 1395 2898 labor
1426 2844 1708 2899 incassum

132 2923 350 2980 cedebat.
379 2929 438 2982 In
469 2929 780 3000 superiora
820 2947 1070 3002 namque
1111 2949 1170 2985 se
1220 2949 1493 2988 aurarum
1537 2935 1712 3004 spira-

131 3011 259 3067 mine
282 3015 422 3087 ignis
455 3019 753 3088 attollens,
777 3021 1084 3092 coquinam
1102 3023 1443 3077 xenodochii
1475 3027 1712 3096 repente

132 3102 386 3176 corripuit,
419 3125 550 3180 quae
601 3111 744 3165 aula:
795 3115 1004 3166 sancite
1047 3111 1144 3166 Dei
1192 3112 1483 3183 genitricis
1529 3114 1713 3170 Mariae

1828 669 2065 739 protulit
2096 669 2354 741 principe
2381 687 2575 724 rerum
2607 669 2688 724 ita
2714 669 2977 741 inquiens
3012 685 3025 722 :

1981 760 2018 805 Ο
2041 759 2245 806 nimium
2267 760 2445 807 dilecte
2482 761 2598 812 Deo.
2627 759 2717 806 tibi
2738 759 2918 806 militat
2942 758 3118 816 aether,

1983 823 2038 868 Et
2057 822 2297 884 conjurati
2321 823 2528 871 veniunt
2547 823 2609 871 ad
2626 824 2831 870 classica
2856 823 3006 869 venti.

2183 885 2294 950 (E2:
2326 884 2637 941 Claudiano
2667 887 2727 940 in
2758 887 2965 953 Pancg.
3000 884 3284 952 Honorii.)

1824 972 2013 1027 Liceat
2027 974 2306 1028 nobisbac
2319 975 2387 1028 de
2401 992 2461 1028 re
2477 975 2741 1046 qumdam
2757 973 3114 1046 proludendo
3131 973 3427 1043 paululum

1823 1061 2372 1134 eloqui.Congruum
2385 1068 2466 1130 ,ut
2479 1064 2764 1130 reor,huic
2779 1062 3276 1118 nostrovidebatur
3292 1061 3430 1131 legi-

1820 1148 1942 1204 fero
1958 1151 2015 1204 in
2032 1153 2424 1207 commotione
2438 1149 3427 1208 elcmentorumvencrabilissororis

1822 1255 1935 1293 suae
1967 1240 2240 1295 adhibere
2263 1242 2552 1308 solatium,
2573 1259 2745 1313 quam
2762 1240 3110 1296 meminerat
3123 1239 3193 1293 ad
3212 1256 3269 1293 se
3288 1240 3423 1294 reti-

1821 1329 2077 1382 nendum
2092 1334 2503 1400 tempestatum
2518 1330 2845 1401 opposuisse
2861 1329 3240 1384 obstaculum.
3262 1328 3423 1382 Unde

1821 1434 1936 1472 non
1969 1417 2304 1489 incongrue,
2339 1419 2504 1473 mrcis
2535 1419 2910 1490 potestatibus
2939 1415 3290 1488 complacita
3318 1416 3420 1469 sibi

1820 1505 1944 1560 loca
1975 1510 2231 1562 evertere
2265 1507 2635 1562 molientibus
2655 1511 2886 1563 strenue
2913 1508 3360 1578 repugnaturus,
3392 1522 3424 1558 a

1819 1593 1932 1648 suis
1977 1596 2206 1650 famulis
2237 1597 2506 1651 eamdem
2554 1614 2814 1652 sororem
2847 1613 3008 1650 suam
3042 1611 3236 1648 secum
3271 1593 3424 1647 invo-

1820 1683 1935 1736 cari
1969 1685 2171 1751 voluit,
2200 1685 2358 1755 cujus
2398 1702 2594 1756 preces
2625 1687 2695 1739 ab
2732 1685 3076 1741 obtinendas
3103 1700 3136 1736 a
3174 1683 3422 1736 Domino

1820 1771 2093 1826 imbrium
2127 1773 2486 1845 profusiones
2519 1775 2868 1845 agnoscebat
2889 1775 3011 1828 fore
3043 1773 3300 1829 idoneas.

2369 1915 2371 1917 -
2443 1881 2666 1935 CAPUT
2705 1882 2806 1945 ΧΧ,

2321 1951 2618 2007 Contracta
2647 1955 2894 2020 erigitur.

1891 2042 1980 2096 44.
2004 2043 2260 2095 Puellam
2277 2042 2591 2112 quamdam
2606 2040 2892 2095 nobilibus
2905 2044 3092 2095 ortam
3110 2040 3423 2112 antiquitus

1822 2129 1992 2184 fuisse
2025 2130 2332 2198 natalibus,
2359 2129 2598 2185 nomine
2627 2129 2987 2196 Adelaidem,
3013 2146 3196 2200 nuper
3229 2129 3424 2183 didici-

1824 2237 1952 2274 mus
1972 2221 2230 2275 cruribus
2253 2223 2629 2275 contractam.
2657 2220 2837 2283 Quam
2858 2219 2996 2272 dum
3029 2224 3191 2291 pater
3217 2220 3336 2286 ejus
3358 2235 3423 2273 ac

1823 2313 2009 2364 mater
2024 2312 2320 2383 permulta
2331 2313 2660 2364 sanctorum
2685 2311 2810 2362 loca
2831 2309 3120 2362 duxissent
3137 2308 3216 2361 nil
3235 2325 3419 2362 reme-

1821 2400 1898 2455 dii
1929 2400 1981 2455 ei
2010 2399 2220 2456 sanctis
2241 2399 2552 2470 impetrare
2570 2400 2900 2469 potuerunt.
2926 2397 2988 2463 li,
3014 2397 3312 2467 desperata
3333 2414 3425 2450 sa-

1818 2490 2041 2556 lute,ad
2068 2490 2305 2544 domum
2340 2505 2470 2542 eam
2497 2485 3183 2552 reducentes,manebant
3213 2486 3420 2550 tristes,

1814 2579 1952 2650 quid
1976 2579 2044 2632 de
2063 2595 2132 2633 ea
2143 2577 2900 2649 agerentignorantes.Nam
2916 2574 3158 2628 Parisius
3173 2577 3423 2642 (53)eam

1813 2668 1881 2723 ad
1900 2669 1955 2722 S.
1975 2667 2223 2738 Dionysii
2235 2668 2556 2739 sepulcrum
2569 2670 2760 2737 ,atque
2773 2664 3100 2718 Lemovicas
3114 2662 3186 2717 ad
3200 2661 3422 2716 domini

1809 2757 2076 2811 Martialis
2109 2757 2392 2822 tumbam,
2427 2756 2523 2827 qui
2557 2755 2730 2810 ambo
2761 2757 2898 2808 tunc
2930 2751 3219 2808 miraculis
3257 2768 3422 2806 coru-

1813 2846 2070 2908 scabant,
2121 2845 2522 2916 perducentes,
2566 2843 2708 2897 nihil
2753 2841 2994 2898 omnino
3033 2841 3419 2913 profecerant.

1817 2934 2141 2998 Quiescenti
2161 2937 2356 2988 autem
2375 2932 2545 2988 matri
2562 2933 2610 3002 ej
2620 2950 2682 2986 us
2698 2949 2804 2986 vox
2818 2931 3036 2986 cmlitus
3048 2930 3280 2984 advenit
3293 2946 3420 3000 quae

1817 3024 2032 3080 diceret
2065 3041 2077 3078 :
2113 3024 2411 3089 Quaenam,
2437 3022 2537 3086 ait,
2569 3022 2866 3076 dementia
2894 3038 2993 3076 vos
3015 3023 3204 3074 tantas
3235 3018 3294 3071 in
3325 3034 3419 3071 va-

1817 3131 1955 3167 num
1987 3114 2268 3185 compulit
2299 3112 2541 3184 perdere
2580 3128 2875 3184 expensas,
2912 3113 2975 3164 ut
3016 3111 3187 3178 longe
3235 3107 3420 3180 posita

131 3191 280 3246 Vicina
331 3201 472 3260 erat,
520 3198 587 3252 in
646 3216 759 3271 qua
805 3201 1088 3272 pretiosus
1138 3201 1429 3256 confessor
1484 3204 1711 3260 Domini
1741 3177 1786 3236 C
1814 3205 2144 3256 sanctorum
2203 3201 2436 3256 adiretis
2472 3201 2812 3272 patrocinia,
2846 3201 3031 3254 vestro
3077 3198 3167 3251 hic
3219 3195 3416 3250 relicto

132 3277 429 3340 Benedictus
470 3287 737 3359 quiescit.
793 3290 936 3344 Tum
983 3293 1168 3345 metus
1211 3291 1418 3362 ingens
1475 3296 1710 3347 cunctos

130 3365 314 3439 habuit,
359 3379 626 3431 verentes
672 3377 794 3447 ejus
848 3378 985 3433 aedis
1033 3381 1329 3434 occasione
1382 3381 1707 3436 venerabile

131 3459 310 3515 cunctis
332 3464 649 3520 Dominum
672 3467 1009 3522 timentibus
1029 3472 1287 3523 exustum
1311 3469 1380 3523 iri
1398 3471 1700 3543 templum.

133 3544 262 3602 Unde
291 3554 519 3623 quidam
558 3559 910 3626 nostrorum,
943 3558 1232 3613 interioris
1262 3559 1514 3614 hominis
1542 3578 1699 3629 voco,

132 3639 348 3696 auxiliari
375 3643 478 3699 sibi
505 3643 622 3718 piis
644 3647 904 3717 precibus
935 3651 1194 3703 sanctam
1231 3648 1330 3703 Dei
1361 3648 1701 3720 genitricem

130 3721 323 3783 Mariam
343 3731 748 3805 famulumque
767 3735 814 3805 ej
826 3753 888 3789 us
909 3735 1184 3808 inclytum
1205 3737 1517 3808 poscebant
1530 3739 1704 3792 Bene-

131 3808 332 3884 dictum,
362 3821 611 3892 repetito
643 3822 846 3894 saepius
870 3823 1108 3878 nomine
1135 3824 1345 3879 sororis
1373 3825 1495 3896 ejus
1525 3825 1700 3880 Scho-

130 3899 321 3960 lasticis.
352 3910 455 3964 Alii
482 3926 624 3965 vero
655 3910 713 3964 id
739 3912 928 3982 ipsum
957 3915 1112 3968 clara
1145 3913 1382 3985 quidem
1412 3930 1568 3982 voce,
1599 3915 1698 3970 sed

131 3995 405 4057 querulosis
423 3999 718 4055 iterabant
733 4001 937 4056 verbis.
957 4003 1214 4058 Tandem
1239 4007 1696 4059 memoratorum

129 4090 293 4144 preces
334 4091 667 4143 sanctorum
725 4091 903 4145 audiit
948 4091 1347 4163 Omnipotens,
1379 4092 1616 4164 caelique
1665 4113 1697 4148 a

129 4171 262 4231 Parte
304 4190 503 4232 serena
541 4178 811 4234 intonuit.
851 4180 1107 4251 Denique
1147 4199 1274 4235 cum
1318 4199 1545 4236 summa
1573 4183 1697 4237 cmli

131 4259 249 4337 esset
274 4265 562 4332 serenitas,
595 4267 857 4337 profusus
892 4267 1079 4322 subito
1123 4285 1154 4322 e
1194 4269 1442 4324 nubibus
1490 4271 1696 4334 imber,

132 4335 359 4430 ﬂammas
379 4369 504 4424 qua:
537 4353 814 4411 interiora
842 4357 1011 4411 castri
1041 4357 1282 4412 tedificia
1311 4359 1696 4430 depasceban-

1813 3291 2020 3358 vicino,
2072 3289 2431 3344 sanctissimo
2493 3289 2756 3342 videlicet
2802 3286 3149 3357 Dominique
3207 3285 3414 3338 dilecto

1811 3379 2142 3446 Benedicto,
2171 3378 2330 3448 cujus
2374 3377 2757 3432 sacratissima
2800 3393 2946 3442 ossa,
2979 3391 3084 3444 pro
3130 3378 3317 3427 vestra
3348 3371 3415 3442 (si

1808 3471 2005 3523 tamen
2047 3468 2105 3521 id
2164 3485 2229 3522 ex
2266 3467 2380 3520 fide
2418 3464 2786 3536 expetieritis)
2840 3466 3272 3532 multorumque
3315 3478 3415 3515 sa-

1804 3556 1943 3622 lute,
1974 3573 2039 3610 ex
2067 3555 2226 3609 Italia
2255 3553 2552 3627 provincia
2568 3553 2629 3606 in
2660 3554 2811 3606 hanc
2842 3551 3111 3605 divinitus
3135 3549 3414 3602 translata

1804 3649 1930 3701 sunt
1965 3645 2268 3716 regionem
2295 3645 2323 3700 ?
2355 3644 2515 3698 Unde
2562 3658 2666 3712 pro
2709 3642 2864 3694 certo
2899 3638 3042 3692 scias
3082 3637 3411 3690 nullatenus

1803 3739 1963 3791 tuam
1998 3737 2318 3790 sanandam
2361 3750 2481 3788 esse
2520 3732 2720 3798 ﬁliam,
2756 3728 2862 3783 nisi
2895 3745 2962 3782 eo
2999 3727 3188 3780 delata
3212 3722 3406 3778 fuerit.

1803 3825 2088 3897 Evigilans
2119 3825 2312 3896 itaque
2345 3823 2551 3877 mulier
2589 3820 2712 3873 viro
2744 3817 2850 3871 sibi
2894 3813 3216 3885 conjacenti
3253 3828 3408 3866 som-

1804 3914 1964 3970 nium
1995 3915 2190 3969 refert.
2223 3913 2323 3968 Cui
2350 3913 2443 3966 ille
2471 3928 2482 3965 :
2519 3911 2658 3981 Ego,
2681 3906 2966 3978 inquiens,
2987 3905 3104 3974 jam
3128 3901 3185 3955 id
3219 3901 3403 3972 ipsum

1799 4008 1995 4059 mente
2025 4018 2400 4076 conceperam
2431 4019 2444 4069 ;
2477 4001 2576 4054 sed
2607 4013 2806 4052 vereor
2830 3999 2891 4048 ut
2916 3997 3143 4049 sanctus
3176 3992 3267 4045 ille
3299 4007 3408 4045 no-

1798 4097 1914 4148 stro
1947 4093 2202 4147 irritatus
2233 4093 2568 4162 contemptu
2602 4085 2909 4142 Dominum
2945 4101 3051 4156 pro
3083 4099 3150 4136 ea
3167 4097 3405 4136 exorare

1799 4183 1951 4238 velit.
1981 4184 2068 4236 Ad
2088 4183 2209 4236 bmc
2236 4181 2331 4235 illo
2355 4179 2713 4251 respondens
2742 4195 2754 4231 :
2790 4177 3057 4241 Ducatur,
3090 4173 3299 4246 inquit,
3328 4173 3398 4226 ad

1801 4272 1982 4328 sancti
2005 4272 2365 4342 sepulcrum;
2398 4274 2454 4323 et
2483 4268 2766 4339 siquidem
2800 4282 2929 4320 eam
2955 4263 3262 4329 senaverit,
3296 4263 3402 4316 lia-

1799 4362 1932 4416 beat
1962 4361 2146 4431 ipsam
2181 4359 2449 4413 ancillam
2473 4358 2530 4412 in
2555 4356 3002 4426 sempiternum;
3033 4353 3117 4407 sin
3143 4369 3275 4406 vero
3297 4369 3401 4405 no-

131 4427 222 4526 ξαν,
262 4436 510 4497 funditus
568 4444 848 4500 exstinxit.
898 4445 1092 4501 Mutati
1146 4449 1340 4502 autem
1384 4427 1696 4503 venturum
1719 4467 1770 4526 D
1798 4427 2000 4516 luerit;
2021 4450 2325 4504 reducatur
2351 4465 2363 4515 ;
2397 4464 2527 4501 cum
2551 4446 2842 4501 debilitate
2869 4445 3045 4498 etiam
3074 4443 3403 4497 libertatem

132 4516 271 4608 flatus
296 4530 560 4588 cadentes
584 4533 820 4604 favillas,
854 4551 1098 4608 quarum
1130 4538 1294 4608 copia
1323 4538 1501 4594 instar
1542 4540 1695 4594 deci-

132 4605 290 4667 dentis
313 4617 448 4672 nivis
472 4621 754 4678 introrsus
770 4624 1083 4695 ferebatur,
1107 4630 1422 4683 retroat-tas
1438 4629 1496 4683 in
1515 4632 1698 4684 semet

131 4698 290 4758 redire
331 4711 631 4780 cogebant.
689 4715 772 4769 Ita
820 4715 1040 4770 meritis
1080 4718 1297 4789 egregii
1357 4719 1700 4789 protectoris

130 4789 284 4844 nostri
313 4793 595 4864 Benedicti
624 4817 739 4856 non
770 4803 955 4858 solum
981 4806 1396 4860 monasterium
1415 4807 1702 4862 incolume

132 4877 330 4949 resedit,
357 4900 549 4943 verum
577 4907 684 4944 nec
708 4893 937 4947 tantum
967 4893 1070 4948 vici
1099 4897 1360 4950 exustum
1392 4900 1497 4964 est,
1523 4913 1707 4968 quan-

131 4972 426 5060 “ffnrpriori
456 4978 721 5037 incendio
755 4984 1026 5056 perierat,
1049 4986 1204 5056 quod
1234 4985 1293 5039 iu
1321 4987 1525 5041 eadem
1555 4985 1707 5041 festi-

133 5055 306 5147 vitate,
327 5055 788 5143 temporibusque
811 5055 1121 5128 memorati
1136 5074 1376 5147 contigit
1391 5077 1704 5132 venerandi

135 5139 325 5203 abbatis
346 5153 611 5215 Abbonis.
635 5139 795 5215 Unde
823 5162 1100 5217 nimirum
1118 5139 1376 5236 legionves
1394 5167 1704 5220 monacho-

136 5236 488 5333 I’umdomino
501 5265 600 5302 suo
623 5249 929 5306 Benedicto
952 5251 1091 5306 illud
1113 5253 1410 5323 cujusdam
1428 5254 1702 5325 sapientis

137 5330 543 5404 nonincongrue
556 5341 613 5392 et
629 5338 841 5410 absque
855 5340 985 5396 fuco
1001 5344 1187 5397 valent
1204 5346 1402 5413 aptare
1419 5343 1672 5414 elogium
1685 5387 1698 5413 ,

439 5517 976 5598 estninhsuburbano
1012 5523 1361 5598 Parisiorum
1405 5543 1567 5598 agro,
1607 5526 1703 5598 qui

141 5575 425 5666 Eggs‘lpcus
451 5588 654 5666 sufﬁcit
675 5592 746 5646 ad
769 5575 1540 5666 interpretandosqu-osdam
1554 5575 1710 5653 103,65

143 5645 408 5760 {uictorum
439 5662 713 5728 veterum,
747 5663 844 5745 qui
893 5645 1188 5720 basilicam
1220 5645 1416 5720 sancti
1461 5645 1714 5741 Βίοιιῇξῆ

200 5717 337 5760 mnln
358 5724 627 5760 ιΙΙιηι-υιη.
659 5733 1091 5760 ι)-...,.;-.-ι,.,.....ι
1136 5738 1272 5760 11-.“
1301 5754 1421 5760 -..μ
1445 5743 1602 5760 ιμ,-,
1622 5759 1637 5760 η
1669 5759 1701 5760 η

165 5717 337 5776 amulo
358 5721 632 5789 illustrem
647 5717 1125 5796 Parisiuslocan‘t:
1133 5717 1430 5794 lii—amcam
1445 5717 1714 5814 1.355695

1797 4541 2074 4596 retinens.
2099 4540 2274 4592 Erant
2304 4537 2459 4592 enim
2491 4535 2595 4606 ipsi
2617 4552 2735 4590 non
2767 4535 2948 4589 solum
2983 4531 3171 4598 liberi,
3203 4547 3403 4585 verum

1800 4631 1975 4686 etiam
1998 4646 2211 4702 genere
2237 4626 2553 4692 clarissimi,
2583 4641 2647 4679 ac
2666 4623 3030 4679 facultatibus
3052 4620 3236 4675 ditati.
3267 4620 3404 4675 Orto

1803 4721 1978 4793 igitur
2029 4720 2146 4773 sole
2187 4718 2298 4771 iter
2341 4717 2413 4771 ad
2457 4713 2876 4770 monasterium
2909 4710 3211 4781 arripiunt,
3247 4709 3403 4780 quod

1806 4829 1921 4866 non
1950 4809 2058 4863 nisi
2086 4823 2216 4863 xvn!
2251 4805 2502 4860 millibus
2519 4804 2589 4858 ab
2604 4818 2805 4857 eorum
2828 4798 3409 4862 distabatdomo,una

1808 4917 2000 4954 secum
2031 4897 2212 4951 filiam
2243 4895 2590 4950 deducentes
2621 4889 2890 4943 debilem.
2927 4888 3183 4939 Instabat
3213 4888 3408 4938 autem

1809 4991 2034 5046 celebre
2051 4989 2262 5042 festum
2293 4986 2550 5056 ejusdem
2572 4976 2913 5036 sanctissimi
2931 4974 3245 5039 Benedicti,
3273 4975 3409 5029 etin

1807 5080 1929 5152 ipsa
1962 5077 2197 5150 quidem
2230 5075 2321 5129 die
2343 5071 2662 5128 festivitatis
2693 5085 2823 5124 eam
2855 5064 3177 5120 sanandam
3208 5068 3408 5119 sancto

1807 5168 1959 5223 Patri
1986 5164 2291 5220 Benedicto
2324 5163 2676 5217 obtulerunt.
2707 5161 2770 5213 In
2803 5154 3050 5212 crastino
3082 5169 3215 5208 vero
3240 5169 3410 5208 mane

1806 5258 2126 5327 surgentes,
2153 5253 2290 5307 dum
2303 5251 2533 5320 regredi
2555 5250 2852 5319 cuperent,
2874 5245 3052 5300 filiam
3069 5259 3267 5297 sanam
3284 5258 3413 5326 om-

1805 5346 2090 5414 nibusque
2107 5338 2385 5395 membris
2425 5338 2865 5392 benevalentem
2904 5334 3263 5406 repererunt.
3299 5332 3408 5385 Pro

1809 5522 2059 5580 Aimoini
2093 5521 2293 5592 quinto
2327 5517 2398 5570 ab
2432 5515 2570 5592 urbe
2611 5515 2800 5592 lapide
2830 5515 3000 5592 sitam
3042 5514 3417 5592 fuissepemo

1812 5585 2128 5668 negaverit,
2159 5591 2252 5663 qui
2273 5587 2485 5668 legerit
2512 5587 2722 5668 librum
2760 5587 2840 5668 De
2879 5586 3108 5668 ‘V‘itaHS:
3140 5585 3419 5668 Abbonis,

1817 5659 1941 5797 gap.
1987 5659 2239 5794 lantiege
2273 5659 2537 5732 Elogium
2570 5659 2800 5715 Fulradi
2845 5659 3066 5714 abbatis
3094 5660 3157 5715 in
3189 5661 3354 5730 parte
3387 5671 3426 5710 ii

1863 5755 1982 5798 tecu
2007 5756 2026 5795 ι
2135 5779 2147 5792 .
3287 5747 3290 5752 ’
