3882 6212
440 414 539 481 851

448 636 640 693 amico
683 636 1016 694 beatissimo
1062 638 1380 696 referentes
1412 639 1744 711 Benedicto,
1775 643 2046 700 eamdem

447 728 646 782 natam
700 743 863 781 suam
895 728 945 782 ei
982 731 1262 800 perpetuo
1290 731 1631 787 servituram
1672 732 2056 801 tradiderunt,

446 832 575 887 qua:
613 815 991 886 postmodum
1026 817 1241 872 ducens
1268 818 1476 887 virum,
1519 819 1665 875 filios
1694 823 2053 891 procreavit;

443 918 509 957 ex
543 919 791 974 quorum
837 904 1121 976 progenie
1153 906 1391 979 quidam
1431 907 1618 962 adhuc
1658 925 1778 964 non
1828 910 2058 967 inutiles

444 990 496 1063 (5
512 992 561 1059 ἲ)
592 990 650 1045 in
681 992 909 1047 servitio
942 993 1263 1065 perdurant
1288 995 1557 1051 fratrum.

1054 1082 1278 1138 CAPUT
1314 1084 1445 1142 XXI.

831 1169 977 1226 Caeci
1011 1170 1120 1227 duo
1152 1172 1326 1228 lumen
1352 1182 1680 1247 receperunt.

513 1262 606 1315 45.
636 1260 827 1331 Nuper
861 1276 1092 1331 quoque
1104 1277 1197 1315 res
1221 1264 1308 1316 est
1323 1267 1485 1334 gesta
1502 1281 1677 1335 quam
1697 1279 1891 1319 narro.
1922 1262 2056 1327 Qui-

445 1349 582 1404 dam
606 1364 788 1403 czecus
812 1350 1361 1420 Argentomagensis
1382 1352 1549 1406 castri
1577 1352 1787 1419 incola,
1812 1353 1951 1407 dum
1972 1368 2059 1407 re-

445 1438 635 1509 liquiae
678 1438 851 1510 ipsius
896 1439 1409 1508 prmcellentissirni
1469 1441 1815 1496 confessoris
1853 1442 2057 1503 Christi

446 1526 737 1580 Benedicti
777 1542 811 1579 a
846 1526 1066 1581 Salensi
1112 1528 1254 1581 cella
1300 1528 1372 1582 ad
1419 1528 1693 1584 Sanctum
1728 1529 2056 1583 Marcellum

446 1617 765 1684 martyrem
796 1614 905 1687 (55)
939 1632 973 1669 a
995 1615 1266 1670 fratribus
1296 1616 1651 1685 deferentur,
1683 1620 1837 1672 tacto
1869 1618 2055 1671 loculo

445 1702 756 1760 confestim
786 1703 969 1757 visum
1008 1704 1249 1775 recepit.
1304 1704 1627 1776 Requiescit
1666 1721 1805 1760 sane
1852 1721 2059 1776 corpus

447 1791 624 1863 ipsius
651 1791 832 1847 sancti
861 1791 1131 1863 martyris
1156 1792 1214 1846 in
1238 1792 1476 1848 ecclesia
1496 1810 1616 1848 non
1637 1794 1811 1866 longe
1836 1793 1908 1848 ab
1932 1792 2057 1865 ipso

1532 418 1809 491 .ADIOINI
1830 414 2141 487 ΜΟΝΔοθὶ
2169 411 2670 486 FLORIACENSIS

445 564 562 624 qua
594 544 982 606 reimmensas
1024 544 1344 622 gratiarum
1384 549 1639 609 actiones
1682 551 1800 610 Deo
1837 568 1903 611 ac
1941 552 2134 628 ejusA

3680 428 3781 489 852

2770 553 2997 614 CAPUT
3031 540 3180 613 xxn.

2653 642 2870 701 Auctor
2900 642 3072 700 multa
3106 645 3306 703 omisit.

2229 734 2317 788 46.
2352 733 2482 789 Hmc
2505 731 2577 787 de
2602 731 2894 788 miraculis
2924 749 3053 805 quae
3078 734 3226 789 Deus
3251 749 3358 806 per
3369 731 3591 789 merita
3603 732 3781 791 sancti

2157 822 2243 876 sui
2275 820 2566 876 Benedicti
2598 819 2830 876 diversis
2859 820 2919 875 in
2937 820 3076 876 locis
3106 822 3335 894 operari
3367 821 3650 895 dignatus
3671 824 3779 890 est,

2157 909 2330 965 inerti
2355 910 2504 981 stylo
2530 924 2595 963 ac
2607 924 2877 964 sermone
2898 909 3187 966 rusticano
3204 909 3515 970 edidimus.
3536 911 3783 969 Verum-

2155 1001 2354 1052 tamen
2380 998 2531 1052 hanc
2557 997 2907 1052 sententiam
2925 997 3245 1054 claudendo
3270 998 3433 1071 operi
3458 999 3778 1055 adnecten-

2156 1090 2260 1154 tes,
2295 1102 2604 1141 monemus
2620 1086 2899 1142 lectorem
2920 1088 3103 1142 multa
3134 1103 3241 1143 nos
3261 1087 3514 1144 scienter
3533 1091 3776 1161 praeter-

2156 1173 2305 1229 iisse.
2348 1173 2679 1229 Cavendum
2715 1177 2800 1229 est
2830 1174 2987 1229 enim
3010 1173 3069 1229 in
3099 1174 3381 1232 universis
3402 1177 3577 1233 rebus
3603 1193 3777 1233 omne

2156 1262 2427 1330 nimium,
2453 1265 2512 1317 et
2529 1262 2860 1317 auditorum
2882 1262 3129 1318 intentio
3151 1267 3320 1335 grata
3338 1264 3628 1321 brevitate
3642 1265 3777 1321 invi-

2155 1351 2354 1419 tanda,
2389 1367 2508 1406 non
2549 1349 2844 1405 fastidiosa
2874 1355 2962 1406 est
3005 1351 3353 1424 loquacitate
3400 1353 3770 1409 deterrenda.

2156 1440 2255 1493 llic
2284 1455 2423 1509 ergo
2445 1438 2576 1493 finis
2598 1438 2708 1493 erit
2733 1438 2887 1507 libri,
2908 1439 3191 1511 quamvis,
3211 1440 3256 1495 si
3282 1441 3563 1497 Dominus
3575 1443 3773 1498 volue-

2155 1527 2232 1582 rit
2259 1527 2490 1598 vitaque
2521 1542 2716 1582 comes
2744 1526 2943 1594 fuerit,
2959 1544 3028 1583 ea
3046 1544 3174 1600 quae
3196 1527 3378 1584 ﬁdelis
3390 1530 3552 1585 fama
3576 1529 3643 1585 in
3656 1533 3787 1586 tota

2155 1631 2304 1688 pene
2358 1615 2663 1687 divulgavi.
2707 1615 2991 1684 Neustria,
3021 1619 3221 1672 nostra
3250 1633 3627 1691 nequaquam
3662 1618 3769 1674 sint

2156 1703 2378 1759 silenda
2388 1702 2627 1759 desidia.
2650 1703 3020 1776 Compellunt
3043 1705 3221 1760 etiam
3243 1722 3350 1762 nos
3363 1706 3439 1762 ad
3457 1706 3768 1762 tacendum

2158 1791 2328 1847 amici
2359 1791 2450 1862 υἱ,
2481 1791 2722 1853 inimici]
2754 1792 2958 1862 nostri,
2988 1793 3087 1865 qui
3130 1794 3771 1868 maximumdeputant

447 1883 635 1935 castro
668 1883 1017 1935 constructa.
1052 1879 1218 1944 Quod
1247 1895 1381 1935 cum
1419 1881 1746 1937 identidem
1777 1898 1812 1936 a
1843 1881 1958 1937 suis
1985 1881 2057 1936 ad
2079 1881 2129 1945 B
2156 1880 2265 1935 sibi
2285 1879 2527 1936 afﬂuere
2549 1882 2807 1952 epulum,
2829 1880 2874 1936 si
2897 1881 3772 1939 aliorumstudiislaceruminﬁ-

448 1969 679 2023 Salense
726 1967 1145 2023 monasterium
1179 1968 1436 2024 delatum
1458 1969 1676 2037 fuisset,
1706 1970 1853 2025 alter
1879 1986 2059 2024 ctecus

448 2056 519 2112 de
547 2056 675 2111 villa
696 2055 874 2127 ipsius
892 2056 1251 2125 monasterii,
1265 2057 1507 2114 Modicia
1524 2057 1783 2127 nomine,
1800 2057 1878 2114 ibi
1896 2058 2061 2114 adve-

448 2145 535 2200 nit
561 2145 790 2217 magnis
814 2145 1046 2200 vocibus
1064 2148 1331 2201 sanctum
1350 2146 1631 2202 invocans
1647 2146 2022 2202 Benedictum
2043 2163 2057 2214 ;

448 2233 607 2287 fama
637 2248 889 2305 namque
908 2233 1188 2306 suprafati
1207 2234 1474 2290 miraculi
1486 2234 1618 2306 jam
1644 2235 1766 2307 ejus
1791 2234 2062 2308 attigerat

450 2337 638 2376 aures.
672 2320 780 2385 Qui
811 2323 870 2376 et
892 2322 1016 2393 ipse
1039 2338 1159 2377 non
1185 2323 1369 2378 multo
1395 2326 1705 2396 postquam
1729 2322 1944 2379 ibidem
1965 2322 2062 2378 ad-

448 2413 688 2465 venerat
714 2413 1004 2481 tempore,
1026 2409 1340 2466 miserante
1363 2412 1480 2466 Deo
1511 2414 1571 2465 et
1590 2410 1810 2467 meritis
1839 2414 2065 2466 sancto-

448 2514 580 2554 rum
620 2498 1039 2566 obtinentibus,
1079 2499 1278 2553 lumen
1322 2499 1478 2571 quod
1516 2500 1773 2571 petebat,
1804 2498 2061 2570 recipere

449 2587 680 2665 meruit.
732 2588 794 2641 In
846 2604 960 2659 quo
1006 2587 1270 2642 videlicet
1321 2587 1542 2644 Salensi
1572 2588 1836 2644 coenobio
1884 2587 2062 2644 tantis

450 2680 686 2747 tamque
718 2675 960 2730 assiduis
1002 2675 1159 2731 idem
1189 2678 1314 2731 toto
1353 2677 1494 2732 orbe
1524 2677 1866 2733 venerabilis
1892 2679 2061 2733 Pater

450 2765 875 2819 monachorum
911 2766 1126 2819 renitet
1152 2764 1442 2820 miraculis
1468 2766 1826 2834 Benedictus,
1858 2769 1918 2821 et
1936 2781 2061 2820 ma-

451 2851 603 2907 xime
630 2852 689 2906 in
712 2852 1055 2907 ulciscendis
1081 2851 1348 2922 inimicis,
1381 2857 1445 2909 ut
1466 2854 1513 2909 si
1545 2857 1755 2910 cuncta
1779 2853 1906 2927 quis
1926 2852 2066 2909 velit

452 2940 736 2997 mandare
776 2940 1106 3009 memorias,
1134 2941 1369 3014 proprio
1414 2942 1718 3015 indigeant
1744 2943 2061 2999 volumine.

527 3190 641 3265 (54)
665 3190 885 3265 Nempe
913 3190 1059 3265 servi
1090 3191 1456 3265 monasteriis
1485 3191 1707 3265 devoti,
1724 3191 1771 3265 si
1798 3208 1943 3265 quos
1980 3192 2069 3265 gi-

457 3243 718 3337 gnebant
737 3243 969 3337 liberos,
989 3263 1026 3317 ii
1050 3264 1413 3337 monasteriis
1435 3264 1612 3319 etiam
1639 3243 1857 3320 addicti
1882 3243 2069 3320 erabt.
2092 3243 2140 3304 (ἶ

528 3338 635 3406 (55)
665 3334 991 3389 Marcellum
1014 3334 1167 3406 apud
1192 3336 1617 3406 Argentomum
1638 3338 1893 3406 castrum
1921 3351 2074 3390 mar-

2158 1970 2301 2040 gant
2342 1967 2601 2023 dentem.
2640 1970 2916 2025 Attamen
2958 1970 3118 2025 nulla
3164 1985 3371 2026 eorum
3414 1970 3771 2027 detractione

2159 2054 2589 2112 deterrebimur
2614 2056 2928 2130 quominus
2953 2058 3155 2114 laudes
3184 2058 3286 2115 Dei
3319 2075 3387 2115 ac
3416 2059 3543 2131 ejus
3561 2059 3772 2126 dilecti,

2160 2144 2343 2200 Patris
2370 2144 2635 2201 videlicet
2661 2145 2844 2202 nostri
2871 2145 3191 2203 beatissimi
3218 2147 3776 2217 Benedicti,refcra—

2160 2249 2311 2289 mus.
2346 2235 2460 2289 Ista
2483 2233 2665 2307 igitur
2694 2234 2916 2302 omnia,
2948 2239 3007 2291 et
3038 2251 3167 2309 quae
3196 2234 3257 2291 in
3288 2235 3471 2308 priori
3502 2236 3774 2309 opusculo

2159 2322 2232 2377 ab
2259 2321 2385 2378 aliis
2412 2324 2742 2379 auctoribus
2758 2323 3048 2396 descripta
3070 2326 3206 2380 sunt
3228 2324 3533 2394 miracula,
3550 2324 3658 2380 sub
3668 2322 3771 2379 tri-

2160 2409 2321 2482 ginta
2351 2412 2461 2482 (56)
2488 2411 2816 2479 abbatibus,
2847 2412 2946 2485 qui
2970 2412 3105 2469 huic
3122 2412 3473 2469 Floriacensi
3508 2412 3771 2470 cmnobio

2162 2499 2232 2554 ab
2263 2499 2427 2555 initio
2462 2515 2579 2555 suae
2607 2499 2984 2568 fundationis,
3015 2516 3121 2575 per
3155 2504 3450 2558 trecentos
3480 2501 3774 2575 octoginta

2160 2587 2416 2659 quinque
2446 2588 2559 2661 (57)
2588 2591 2649 2643 et
2675 2604 2744 2644 eo
2788 2587 3034 2661 amplius
3066 2588 3428 2659 praefuerunt
3458 2606 3673 2659 annos,
3699 2590 3775 2645 di-

2161 2676 2334 2732 versis
2357 2677 2415 2731 in
2442 2677 2582 2733 locis
2602 2693 2711 2749 per
2739 2678 2948 2734 merita
2972 2678 3154 2735 sancti
3184 2678 3537 2736 confessoris
3568 2680 3656 2736 sui
3672 2681 3774 2736 Be-

2163 2763 2380 2821 nedicti
2404 2766 2632 2838 operari
2651 2766 2922 2839 dignatus
2938 2770 3029 2822 est
3046 2768 3075 2822 J
3078 2784 3206 2823 esus
3220 2766 3477 2823 Christus
3497 2768 3774 2826 Dominus

2164 2856 2382 2922 noster,
2413 2854 2513 2927 qui
2563 2871 2696 2910 cum
2734 2855 2852 2910 Deo
2894 2857 3062 2911 Patre
3098 2858 3160 2910 et
3210 2854 3428 2927 Spiritu
3478 2861 3681 2915 sancto
3718 2857 3771 2913 in

2163 2941 2443 2998 Trinitate
2472 2943 2729 3015 perfecta
2754 2943 2893 2999 vivit
2920 2947 2980 2999 et
3005 2946 3219 3017 regnat
3244 2945 3418 3014 Deus,
3449 2961 3565 3019 per
3587 2944 3772 3003 omnia

2166 3031 2377 3086 saecula
2406 3032 2768 3089 saeculorum.
2798 3034 3007 3088 Amen.

2168 3191 2510 3274 vicesimum
2541 3191 2809 3274 quintum
2834 3194 3078 3265 occupat
3094 3194 3319 3274 locum.

2244 3264 2357 3337 (57)
2381 3264 2703 3327 Aimoinus,
2716 3274 2779 3337 et
2796 3280 2934 3337 eum
2955 3264 3181 3337 secutus
3198 3264 3551 3337 Belgaudus,
3578 3267 3772 3327 Floria-

2173 3334 2360 3389 censis
2389 3334 2728 3390 monasterti
2755 3334 3149 3390 conditionem
3169 3334 3433 3391 referunt
3456 3334 3543 3394 ad
3562 3355 3770 3395 annum

460 3405 594 3477 tyrii
623 3407 883 3477 palmam
914 3403 1229 3460 obtinuisse
1266 3403 1482 3477 legitur
1516 3406 1575 3459 in
1602 3406 1731 3460 Vita
1759 3403 1817 3477 S.
1849 3405 2071 3460 Genulii
2174 3404 2383 3460 Christi
2408 3408 2545 3472 620,⁹
2558 3422 2625 3459 ex
2654 3408 2806 3477 male
2823 3409 3171 3477 comparato
3191 3421 3347 3461 anno
3371 3407 3773 3467 incarnationis

460 3475 734 3548 episcopi,
761 3479 821 3530 et
870 3479 1071 3531 tamen
1100 3476 1253 3531 vicus
1291 3475 1487 3532 sancti
1524 3476 1775 3532 Marcelli
1797 3480 1887 3531 est
1920 3476 2075 3532 infra
2172 3492 2482 3548 cumganno
2498 3476 2752 3531 secundo
2775 3475 3045 3531 Clodovei
3068 3477 3317 3532 Junioris
3343 3478 3426 3540 Da

457 3549 980 3619 Argentomagum,

531 3616 644 3699 (55)
660 3616 877 3699 Desinit
901 3634 1064 3699 __ergo
1103 3617 1362 3699 quinque
1391 3618 1453 3674 in
1497 3616 1777 3699 catalogis
1802 3617 2074 3699 vulgatis,

458 3687 516 3744 in
529 3687 734 3762 quibus
746 3687 1159 3758 Gauzlintis,cui
1180 3687 1286 3746 hos
1300 3691 1480 3747 libros
1494 3687 1724 3745 dedicat
1748 3687 2072 3758 Aimoinus,

2174 3492 2306 3531 cum
2328 3492 2482 3531 anno
2498 3482 2752 3531 secundo
2775 3482 3045 3531 Clodovei
3068 3482 3317 3532 Junioris
3343 3482 3771 3551 Dagobertilla-

2174 3547 2275 3620 gni
2288 3546 2392 3601 filii
2413 3565 2429 3620 ί
2458 3562 2743 3620 quoanno
2759 3548 2886 3620 ejus
2900 3548 3400 3620 monasteriijacta
3417 3554 3561 3606 sunt
3574 3551 3772 3606 funda~

2175 3617 2310 3695 {nep
2316 3621 2404 3695 ta“.
2412 3617 3043 3695 LegeDissertationem
3054 3618 3128 3695 de
3140 3617 3521 3695 translatione
3533 3621 3772 3695 corporis

2176 3686 2235 3745 S.
2265 3689 2327 3744 P.
2360 3686 2659 3744 Benedicti
2691 3687 2750 3743 in
2780 3687 3023 3744 Galliam
3050 3689 3111 3745 in
3141 3689 3365 3745 Saecula
3394 3692 3464 3751 Il.

456 3913 3737 3943 mmo—pm“

798 4022 1730 4193 uxorm
1834 3938 3437 4200 FLORIAGENBIB

1904 4289 2288 4381 SEBMO

1308 4510 1378 4565 IN
1400 4506 1948 4567 FESTIVITATIBUS
1980 4506 2222 4564 SANCTI
2253 4505 2503 4565 PATRIS
2531 4507 2920 4574 BENEDICTI.

707 4633 892 4707 (Apud
919 4636 1203 4692 Joannem
1233 4654 1267 4692 Α
1293 4636 1470 4692 Bosco
1493 4634 1753 4709 primum
1778 4634 1840 4690 in
1868 4634 2059 4690 lucem
2096 4632 2359 4704 emissus,
2386 4631 2716 4691 Bibliotheca
2744 4634 3120 4702 Flor-incensas,
3149 4638 3194 4692 t.
3223 4636 3267 4705 Ι,
3297 4652 3358 4711 p.
3387 4639 3539 4707 27L)

523 4880 588 4934 In
633 4881 839 4939 annuis
896 4885 1263 4940 terrenarum
1301 4882 1723 4955 imperatorum
1768 4882 2064 4953 natalitiis,
2096 4886 2149 4947 D
2173 4899 2262 4941 ore
2288 4884 2590 4956 peccatoris
2622 4884 2819 4958 (Eccli.
2857 4884 2978 4956 xv),
3010 4888 3214 4942 tamen
3252 4886 3645 4962 unusquisque
3666 4900 3759 4940 no.

452 4969 635 5026 moris
665 4971 963 5043 quondam
990 4972 1100 5027 fuit
1122 4989 1157 5027 a
1177 4972 1445 5043 subjectis
1466 4972 1700 5044 regibus
1721 4972 1976 5028 maxima
1988 4972 2068 5029 eis

452 5059 709 5116 exhiberi
779 5061 1042 5117 donaria.
1105 5061 1388 5117 Studebat
1442 5061 1619 5134 igitur
1673 5062 2068 5135 unusquisque

449 5165 658 5223 prose;
693 5151 838 5204 etne
854 5150 999 5204 alter
1023 5149 1079 5205 in
1105 5150 1416 5206 oﬂ‘erendis
1438 5149 1774 5206 muneribus
1796 5151 2067 5221 potioreo

450 5238 742 5293 videretur
770 5238 1130 5294 elaborabat.
1167 5239 1290 5304 Quo
1323 5242 1614 5311 exemplo,
1647 5240 1926 5294 concedet
1947 5241 2068 5295 uni-

446 5328 653 5400 cuique
675 5332 934 5383 nostrum
957 5330 1012 5383 in
1036 5329 1498 5397 solemnitatibus
1519 5331 1850 5384 sanctorum
1875 5331 2065 5400 placa-

448 5417 586 5473 bilia
612 5420 730 5473 Deo
778 5419 987 5474 offerre
1019 5437 1283 5482 munera,
1317 5423 1374 5474 et
1396 5420 1487 5474 cui
1518 5420 1678 5474 deest
1709 5419 1831 5473 auri
1866 5421 1951 5473 vel
1978 5436 2066 5476 ar-

447 5505 608 5576 geuti
637 5507 802 5578 copia
829 5509 1038 5563 saltem
1071 5508 1392 5564 devotionis
1419 5508 2060 5581 prmlcudatohscquia,

444 5592 654 5649 fundat
679 5609 879 5665 preces
908 5596 982 5651 ad
1008 5596 1346 5664 Dominum,
1374 5601 1438 5652 ut
1466 5614 1634 5653 suum
1658 5597 1767 5651 rite
1789 5595 2063 5667 dignetur

2167 4975 2351 5029 strum
2378 4973 2609 5029 studere
2631 4973 2805 5029 debet
2827 4977 2909 5042 ut,
2938 4973 3105 5044 juxta
3131 4974 3574 5050 Psalmographi
3601 4970 3763 5031 moni-

2166 5066 2312 5131 tum,
2337 5064 2395 5116 in
2452 5064 2663 5119 sanctis
2708 5063 2823 5134 ejus
2865 5062 3066 5118 laudet
3111 5060 3411 5119 Dominum
3466 5064 3636 5135 (Paul.
3671 5061 3757 5134 μ).

2168 5150 2531 5224 Quapropter
2559 5150 2953 5207 amantissimi
2983 5151 3217 5222 patroni
3269 5153 3454 5209 nostri
3495 5147 3757 5210 Benedicti

2167 5244 2473 5296 mansueta
2488 5239 2619 5295 beni
2626 5245 2802 5312 gnate
2823 5240 2925 5294 ind
2936 5239 3046 5295 ucti
3057 5257 3194 5312 ,qua
3216 5256 3324 5297 nos
3334 5243 3457 5298 suis
3470 5241 3668 5299 sanctis
3682 5238 3754 5293 in-

2164 5328 2618 5385 terventionibus
2651 5328 2923 5401 adjuvare
2953 5344 3070 5384 nou
3104 5328 3345 5399 desistit,
3366 5330 3608 5403 dignum
3625 5325 3758 5384 duxi-

2166 5435 2297 5473 mus
2320 5419 2586 5474 universa
2616 5434 2744 5489 qua:
2762 5417 3505 5490 deipsiuslaudeadiversis
3533 5414 3752 5475 auctori-

2165 5508 2269 5564 bus
2295 5507 2541 5581 sparsim
2554 5506 2841 5577 descripta
2854 5510 2988 5561 sunt
3000 5505 3345 5562 summatim
3359 5506 3419 5564 in
3434 5524 3614 5567 unum
3625 5502 3750 5563 colli-

2163 5612 2321 5669 gere,
2352 5600 2412 5652 et
2438 5595 2602 5669 quasi
2633 5594 2930 5668 quoddam
2969 5610 3186 5651 munus
3220 5599 3445 5654 nostra
3469 5591 3745 5657 servitutis,

445 5682 747 5759 acceptare
776 5685 993 5746 votum.
1028 5684 1099 5744 Et
1120 5688 1380 5762 quamvis
1393 5702 1500 5745 non
1517 5686 1589 5743 sit
1606 5698 1840 5762 speciosa
1865 5684 1979 5743 laus
1998 5686 2056 5744 in
2160 5685 2221 5744 in
2242 5684 2365 5765 ejus
2379 5683 2551 5744 sacris
2576 5682 3039 5757 solemniis,licet
3057 5683 3355 5762 exiguum,
3379 5689 3581 5750 tamen
3603 5682 3749 5746 ﬁdele
