3882 6212
156 400 278 458 853

1369 391 1597 450 SERMO
1628 390 1718 450 DE
1748 391 1807 452 S.
1830 390 2223 451 BENEDICTO

3397 399 3505 456 854

159 521 534 593 persolvere,
570 522 632 575 ut
657 521 715 574 et
743 517 895 589 apud
937 515 1310 590 quamplures
1339 515 1463 571 laus
1488 514 1610 586 ejus
1658 514 1799 570 dila-
1820 518 1878 580 Α
1900 515 2058 572 tione
2071 513 2317 588 aequoris
2331 529 2396 570 ac
2410 513 2722 570 salvatione
2742 513 2935 569 fratris
2951 513 3156 586 duplex
3177 518 3508 590 apparuisse

165 613 295 665 ιω
326 608 596 680 pateﬁat,
646 610 705 663 et
750 606 848 680 qui
902 606 1100 662 omnia
1156 603 1451 660 volumina
1499 607 1800 660 auctorum

165 697 392 752 habere
423 695 776 770 nequiverit,
803 694 1094 767 praeconia
1119 691 1340 748 alumni
1363 692 1449 747 sui
1502 693 1561 748 in
1621 709 1801 748 unum

167 785 416 841 collecta
438 800 501 838 se
523 782 808 838 invenisse
835 783 1180 854 gratuletur.
1206 781 1319 836 Hoc
1343 796 1482 852 ergo
1509 780 1803 852 promissa:

168 873 262 928 rei
293 873 412 928 erit
441 872 770 928 exordium.

249 961 539 1033 Supernae
565 959 827 1034 dignatio
850 959 1189 1031 majestatis,
1213 960 1425 1014 electos
1449 974 1579 1014 suos
1617 957 1806 1014 coales-

169 1050 331 1108 tibus
359 1066 679 1106 munerans
695 1049 882 1112 donis,
905 1049 964 1104 in
985 1048 1154 1104 terris
1180 1065 1410 1120 quoque
1436 1047 1660 1102 eximiis
1682 1049 1804 1102 lau-

168 1140 318 1196 dum
353 1139 502 1194 ditat
534 1137 857 1210 praeconiis.
878 1137 1018 1202 Quae
1045 1154 1148 1210 per
1169 1152 1358 1192 servos
1381 1153 1530 1201 suos,
1563 1151 1806 1191 summa:

165 1229 396 1284 scilicet
420 1226 770 1299 eloquentiae
799 1227 972 1292 viros,
1005 1225 1256 1281 dilatans
1278 1225 1337 1280 in
1357 1225 1605 1297 populis,
1629 1239 1806 1296 quam

168 1317 382 1390 magni
418 1316 576 1387 apud
604 1333 664 1372 se
679 1315 795 1372 sint
824 1315 1018 1370 meriti
1046 1314 1306 1370 facundis
1336 1312 1612 1369 elucidari
1665 1329 1809 1384 pra:-

166 1410 292 1462 stat
319 1405 576 1478 scriptis.
601 1405 765 1460 Unde
789 1403 1012 1476 egregii
1049 1402 1243 1458 meriti
1296 1402 1579 1458 famulum
1626 1403 1806 1456 Bene-

163 1494 405 1550 dictum
430 1496 598 1549 tanto
639 1509 757 1566 pro:
795 1492 1017 1548 caeteris
1066 1495 1277 1546 sanctae
1309 1490 1568 1546 Ecclesia:
1626 1489 1806 1545 Patri-

165 1583 282 1640 bus
317 1583 563 1640 donavit
591 1581 992 1655 privilegio,ut
1021 1581 1143 1652 ejus
1172 1581 1300 1636 vitaz
1326 1580 1522 1636 laudes
1551 1597 1669 1635 non
1688 1579 1810 1651 qui-

160 1672 323 1729 libet
347 1672 846 1739 scholasticorum,
874 1687 1074 1726 verum
1117 1669 1438 1742 praecipuus
1480 1670 1805 1738 doctorum,

163 1760 511 1835 Gregorius,
541 1764 754 1816 sanctae
807 1758 957 1815 sedis
995 1758 1361 1831 apostolicus,
1394 1757 1625 1813 mellitis
1655 1757 1802 1812 dita-

169 1851 317 1906 tarit
340 1849 610 1921 eloquiis,
644 1850 702 1905 et
733 1849 1050 1903 multorum
1077 1847 1314 1918 quidem
1327 1849 1662 1903 sanctorum
1694 1845 1804 1901 duo
1826 1835 1877 1896 Β

161 1942 276 1995 aut
294 1938 414 1994 tria
444 1937 748 1994 deﬂoravit
780 1936 1078 1992 miracula.
1108 1936 1284 2007 Hujus
1309 1939 1506 1991 autem
1533 1933 1716 2008 qualis
1733 1935 1805 1989 ab

165 2029 425 2084 ineunte
456 2029 626 2083 aetate
656 2024 834 2082 fuerit
858 2025 994 2088 vita,
1011 2041 1306 2097 quamque
1347 2024 1684 2100 mirandum
1709 2023 1808 2078 ha-

160 2116 374 2172 buerit
393 2114 702 2172 transitum
734 2113 1064 2170 dulcissima
1089 2111 1484 2186 promulgavit
1514 2110 1806 2166 facundia.

169 2205 237 2260 In
265 2205 436 2276 ciu‘us
452 2203 592 2258 Vitae
621 2203 790 2269 libro,
807 2202 960 2258 inter
980 2202 1092 2257 alia
1104 2201 1273 2273 hujus
1288 2200 1473 2256 sancti
1493 2198 1806 2273 praeconia,

173 2304 314 2350 cum
343 2291 639 2365 aliquibus
669 2291 920 2364 antiquis
949 2291 1210 2346 Patribus
1233 2289 1555 2362 aequiperat
1591 2289 1650 2344 in
1674 2287 1812 2361 qui-

171 2381 431 2438 busdam
472 2379 889 2436 miraculorum
916 2378 1130 2452 gestis:
1161 2379 1313 2434 inter
1366 2381 1603 2433 caeteros
1647 2391 1810 2442 vero,

172 2474 380 2528 sancto
397 2469 703 2543 prophetae
717 2468 896 2524 Eliseo
919 2469 1080 2523 illum
1097 2471 1400 2538 comparat
1414 2467 1472 2522 in
1485 2467 1642 2522 ferro
1659 2465 1816 2538 quod

181 2577 245 2616 ex
277 2559 578 2632 profundo
601 2574 765 2629 aquae
786 2557 857 2612 ab
877 2556 1135 2629 utrisque
1162 2558 1478 2611 retractum
1500 2558 1812 2610 memorat.

181 2648 398 2704 Verum
433 2664 561 2713 nos,
601 2647 754 2702 salva
783 2645 889 2718 ipsi
948 2648 1147 2700 sancto
1199 2660 1365 2716 papae
1407 2642 1682 2714 Gregorio
1716 2658 1820 2697 sua

183 2736 557 2803 auctoritate,
585 2734 755 2790 liceat
809 2734 998 2790 dicere
1047 2733 1224 2806 ipsius
1281 2733 1464 2787 sancti
1515 2732 1817 2804 prophetae

184 2825 352 2882 Elisei
383 2827 552 2896 gesta
581 2823 762 2878 sancti
785 2822 968 2878 Patris
989 2821 1173 2877 nostri
1199 2820 1490 2876 Benedicti
1518 2819 1695 2892 gestis
1716 2836 1816 2893 pe-

185 2932 256 2970 ne
283 2924 395 2985 per
425 2912 625 2968 omnia
650 2911 774 2967 fore
812 2910 1043 2966 similia.
1077 2909 1267 2964 Liceat
1308 2908 1484 2981 igitur
1522 2909 1687 2965 nobis
1713 2909 1815 2964 ali-

185 3002 324 3076 quid
354 3002 433 3058 de
449 3001 751 3068 ambobus,
781 2999 942 3072 quasi
962 2997 1382 3060 concionando,
1411 2996 1810 3052 sermocinari.

185 3092 586 3162 Interrogatus
615 3089 674 3144 in
701 3088 1011 3160 Evangelio
1043 3104 1076 3143 a
1125 3086 1414 3158 discipulis
1445 3084 1724 3141 Dominus
1745 3085 1815 3140 de

186 3147 450 3236 adventa
500 3177 656 3245 Elite,
697 3147 998 3250 respdndit
1037 3192 1050 3231 :
1081 3174 1242 3231 Elius
1263 3147 1386 3247 :iam
1417 3177 1560 3230 venit
1586 3173 1812 3244 (Matth.
1837 3147 1886 3210 (ἶ

187 3285 324 3337 xvn,
351 3268 442 3338 12)
472 3285 488 3335 ;
520 3271 577 3322 et
591 3269 760 3340 paulo
784 3269 946 3337 post:
975 3266 1043 3322 Si
1051 3266 1213 3322 vultis
1243 3264 1408 3332 scire,
1441 3265 1817 3335 Joannesipsa

182 3359 446 3416 estElia:
467 3356 722 3429 (Matth.)
752 3373 830 3424 χι,
867 3356 972 3428 14).
993 3358 1247 3429 Apparet
1276 3355 1470 3426 itaque
1499 3353 1659 3423 cujus
1690 3370 1816 3409 me-

185 3448 280 3505 riti
313 3446 470 3502 Elias
492 3445 687 3514 fuerit,
718 3461 849 3500 cum
879 3445 1088 3500 Joanni
1133 3446 1416 3517 aequatur,
1446 3443 1516 3497 de
1547 3458 1660 3514 quo
1692 3441 1816 3514 ipsa

185 3536 412 3593 Veritas
448 3537 692 3591 testatur
730 3534 886 3606 quod
935 3535 1072 3589 inter
1099 3542 1257 3590 natos
1297 3533 1584 3588 mulierum
1637 3548 1813 3587 nemo

183 3627 370 3698 major
400 3641 470 3680 eo
517 3624 753 3679 surrexit
778 3621 1003 3694 (Matth.
1054 3639 1108 3678 xi
1141 3624 1320 3692 11).ls
1351 3639 1489 3694 ergo
1530 3638 1662 3677 cum
1719 3637 1812 3676 ra-

183 3714 437 3786 piendus
464 3714 613 3767 esset
636 3728 671 3767 a
696 3710 942 3766 Domino
973 3710 1031 3764 in
1070 3712 1299 3777 caelum,
1319 3710 1540 3766 habens
1563 3710 1814 3765 Eliseum

180 3801 555 3874 discipulum,
587 3799 817 3855 monuit
841 3816 976 3855 eum
1025 3803 1091 3854 ut
1138 3802 1364 3871 peteret
1411 3799 1569 3871 quod
1615 3799 1812 3866 vellet,

179 3890 527 3965 priusquam
560 3888 683 3960 ipse
712 3888 1138 3944 transferretur.
1180 3888 1268 3943 Ad
1297 3889 1420 3943 haec
1444 3889 1538 3943 ille
1572 3903 1584 3942 :
1650 3888 1813 3950 Peto,

178 3980 284 4047 ait,
317 3985 378 4034 ut
407 3979 506 4046 ﬁat
530 3978 756 4049 spiritus
786 3983 905 4032 tuus
931 3976 1128 4048 duplex
1153 3979 1210 4032 in
1239 3993 1322 4031 me
1347 3975 1458 4046 (IV
1487 3977 1618 4048 Reg.
1680 3977 1814 4044 ll.,)'

179 4067 408 4124 Annuit
438 4067 554 4133 ille,
575 4067 630 4122 .ςί
655 4072 834 4122 tamen
874 4083 958 4120 me
987 4066 1205 4133 videris,
1231 4065 1438 4138 inquit,
1465 4065 1682 4137 quando
1715 4064 1814 4119 tol-

183 4157 273 4212 lar
301 4173 334 4209 a
362 4162 412 4210 te
436 4153 628 4228 (Ibid.,
664 4153 776 4225 10).
801 4153 952 4210 Vidit
975 4154 1174 4225 igitur,
1209 4156 1267 4209 et
1296 4171 1425 4226 quae
1478 4153 1652 4225 petiit
1703 4152 1813 4207 im-

183 4243 458 4318 petravit.
503 4243 634 4300 Hinc
663 4242 875 4298 idcirco
907 4242 1228 4312 retulimus,
1263 4243 1570 4298 ostendere
1616 4242 1812 4298 volen-

1901 604 2270 663 beneficium.
2309 604 2390 659 lbi
2421 603 2589 659 vestis
2617 606 2926 677 coOperata
2973 607 3056 659 est
3100 604 3384 676 magistri,
3417 606 3508 660 hic

1903 697 2133 767 ereptus
2155 710 2298 765 puer
2326 693 2602 748 melolam
2631 693 2855 748 abbatis
2869 709 3041 766 super
3071 709 3130 748 se
3155 693 3313 760 ferri,
3335 711 3510 766 seque

1906 783 1979 837 ab
2010 799 2078 838 ea
2099 782 2263 855 aquis
2293 781 2438 855 eripi
2488 782 2805 855 conspexit.
2857 781 3183 836 Revertenti
3229 783 3428 853 Elyseo
3481 799 3514 838 a

1907 871 2279 927 translatione
2306 871 2460 938 Eliee,
2487 870 2586 925 filii
2603 871 3021 944 prophetarum
3045 869 3219 925 etiam
3240 872 3311 925 ab
3335 871 3511 926 invito

1903 960 2142 1030 exigunt
2187 962 2250 1014 ut
2287 960 2592 1016 dominum
2641 960 2763 1030 ejus
2819 977 3077 1033 quaerere
3108 959 3189 1014 eis
3218 961 3406 1025 liceat,
3442 977 3512 1014 ne

1905 1048 2054 1103 forte
2085 1048 2144 1103 in
2177 1064 2354 1103 unam
2385 1049 2640 1115 vallium,
2670 1052 2767 1103 aut
2791 1049 2849 1104 in
2879 1049 3199 1122 quemlibet
3223 1049 3513 1104 montium

1907 1139 2214 1193 translatus
2251 1140 2444 1193 lateat.
2473 1138 2834 1203 Quoesierunt
2856 1156 3016 1212 ergo,
3042 1140 3140 1194 sed
3163 1138 3403 1193 minimc
3423 1155 3514 1193 rc-

1907 1230 2186 1298 pererunt
2207 1226 2320 1299 (IV
2345 1227 2476 1298 Reg.
2521 1246 2581 1295 ιι,
2613 1232 2697 1294 16,
2738 1229 2843 1301 17).
2867 1230 3115 1284 Econtra
3133 1228 3333 1283 beatus
3350 1229 3519 1284 Pater

1909 1315 2266 1382 Benedictus,
2300 1333 2405 1388 pro
2436 1315 2537 1372 Dei
2570 1334 2769 1374 amore
2800 1317 3093 1372 consortia
3119 1318 3384 1388 linquens
3412 1318 3517 1372 ho-

1908 1402 2136 1459 minum
2159 1406 2218 1459 et
2243 1420 2494 1460 concava
2509 1409 2712 1476 petens
2741 1406 2996 1478 rupium,
3018 1423 3051 1461 a
3082 1406 3416 1478 presbytero
3442 1405 3522 1459 di-

1909 1491 2118 1548 vinitus
2141 1493 2388 1561 monito,
2409 1510 2515 1566 per
2533 1494 2758 1550 defossa
2776 1498 3086 1563 terrarum,
3105 1511 3210 1566 per
3230 1498 3522 1568 praerupta

1909 1581 2179 1654 quaesitus
2200 1583 2513 1652 montium,
2547 1587 2605 1639 et
2629 1589 2930 1658 repertus;
2963 1585 3118 1658 quod
3150 1585 3525 1639 Paschaesset

1909 1673 1995 1725 est
2017 1671 2275 1735 edoctus,
2307 1675 2366 1727 et
2388 1672 2681 1728 alimentis
2700 1674 2968 1729 refectus.
3001 1673 3422 1729 Ascendentem
3452 1674 3524 1728 ad

1905 1763 2194 1815 montana
2216 1760 2463 1816 Eliseum
2493 1762 2656 1834 pueri
2693 1763 3025 1819 cavillantes
3047 1763 3407 1830 deridebant,
3441 1763 3526 1818 di-

1907 1854 2101 1907 centes
2119 1869 2132 1908 :
2149 1853 2418 1920 Ascende,
2442 1854 2606 1922 calve,
2625 1856 2863 1922 ascende,
2885 1855 3030 1910 calve
3044 1854 3090 1926 (1
3103 1854 3152 1909 V
3177 1853 3312 1926 Reg.
3339 1871 3397 1921 ιι,
3413 1853 3526 1924 23).

1907 1941 2284 1997 Benedictum
2319 1945 2550 1998 Patrem
2597 1944 2672 1998 ad
2714 1960 2964 2015 superna
3012 1943 3198 2014 magis
3237 1960 3300 1998 ac
3344 1941 3530 2012 magis

1913 2030 2110 2086 animo
2145 2030 2555 2102 suspirantem,
2591 2030 2908 2098 daemones,
2938 2030 3036 2102 qui
3054 2029 3250 2100 utique
3282 2029 3338 2082 in
3367 2029 3532 2083 boni-

1909 2120 2028 2174 tate
2055 2117 2306 2174 infantes
2330 2122 2483 2188 sunt,
2508 2119 2832 2174 maledictis
2849 2119 3227 2186 lacessebant,
3244 2117 3524 2172 dicentes:

1910 2206 2229 2275 Maledicte,
2254 2211 2441 2264 etnon
2459 2208 2788 2274 Benedicte,
2813 2208 2952 2280 quid
2981 2207 3282 2262 nobiscum
3312 2206 3530 2260 habes?

1915 2297 2056 2369 quid
2110 2315 2216 2354 nos
2267 2297 2670 2370 persequeris?
2724 2313 2929 2353 verum
2983 2297 3265 2353 derisores
3321 2313 3532 2368 pueros

1916 2385 2129 2458 egressi
2151 2387 2221 2442 de
2267 2387 2404 2442 silva
2440 2387 2557 2442 ursi
2609 2387 3045 2443 devoraverunt.
3093 2384 3394 2442 Maledicos
3419 2385 3534 2441 da:-

1915 2492 2122 2531 mones
2137 2476 2338 2531 aeterni
2354 2476 2639 2548 gehennae
2653 2476 2818 2549 ignes
2830 2479 3110 2550 perpetuo
3126 2475 3398 2530 adurunt.
3415 2473 3534 2529 Tri-

1916 2565 2022 2620 bus
2058 2563 2312 2636 regibus,
2340 2581 2478 2637 rege
2523 2565 2738 2620 scilicet
2777 2566 2944 2620 Israel
2977 2567 3034 2620 et
3063 2581 3200 2636 rege
3225 2563 3371 2618 Juda
3401 2579 3532 2617 cum

1917 2670 2055 2725 rege
2073 2654 2279 2720 Edom,
2303 2654 2574 2710 adversus
2591 2671 2792 2726 regem
2815 2653 3192 2709 Moabitarum
3216 2651 3532 2723 expeditio-

1919 2758 2058 2797 nem
2079 2741 2404 2814 agentibus,
2422 2743 2581 2798 etsiti
2604 2743 3023 2810 laborantibus,
3039 2742 3208 2814 jussit
3233 2743 3446 2796 Eliseus
3476 2740 3534 2794 in

1919 2830 2126 2886 siccato
2156 2831 2432 2886 torrentis
2459 2833 2618 2888 alveo
2650 2833 2839 2888 facere
2868 2833 3069 2900 fossas,
3099 2847 3130 2886 e
3163 2831 3370 2904 quibus
3391 2846 3538 2902 aqua

1919 2917 2320 2987 progrediens,
2342 2918 2648 2992 fatigatum
2674 2921 2900 2977 satiavit
2929 2921 3244 2976 exercitum
3270 2919 3381 2993 (IV
3399 2920 3533 2989 Reg.

1919 3019 2001 3071 ιιι,
2039 3006 2149 3079 18).
2177 3008 2531 3065 Venerabilis
2558 3012 2900 3068 Benedictus
2921 3011 3221 3067 monachis
3247 3027 3312 3066 ex
3355 3009 3537 3064 tribus

1919 3096 2286 3151 monasteriis
2325 3113 2360 3152 a
2408 3115 2468 3153 se
2497 3100 2841 3163 constitutis,
2893 3104 3066 3172 atque
3124 3117 3230 3171 pro
3294 3097 3537 3172 penuria

1917 3196 2082 3252 aquae
2139 3185 2212 3239 ad
2256 3203 2314 3241 se
2356 3189 2716 3245 venientibus
2759 3191 3034 3262 praecepit
3078 3206 3278 3246 cavare
3327 3204 3536 3259 rupem

1917 3285 2089 3340 super
2106 3289 2282 3344 quam
2299 3277 2416 3331 tres
2445 3293 2480 3332 a
2499 3294 2558 3332 se
2577 3277 2880 3349 impositos
2898 3279 3250 3335 invenissent
3277 3278 3498 3351 lapides
3512 3321 3528 3337 .

1920 3357 2043 3421 Quo
2083 3360 2235 3417 facto
2261 3363 2392 3418 fons
2435 3366 2710 3422 continuo
2757 3367 2992 3440 prodiit,
3026 3367 3123 3440 qui
3154 3368 3445 3440 hodieque
3477 3367 3534 3421 in

1914 3445 2100 3502 rivum
2129 3450 2255 3505 ﬂuit
2277 3456 2345 3518 (ιι
2366 3453 2585 3524 Dialog.
2613 3471 2664 3509 c.
2697 3459 2770 3522 5).
2796 3456 2993 3510 Mulier
3031 3457 3321 3528 quaedam,
3351 3473 3384 3510 a
3419 3472 3538 3510 cre-

1916 3534 2104 3591 ditore
2136 3537 2239 3592 viri
2267 3539 2352 3595 sui
2396 3541 2522 3612 jam
2576 3542 2830 3598 defuncti
2876 3543 3225 3598 calumniam
3285 3544 3533 3614 patiens,

1913 3621 2100 3679 virum
2131 3626 2234 3682 Dei
2265 3627 2408 3683 adiit
2437 3630 2715 3699 Eliseum,
2743 3631 3047 3686 consilium
3064 3632 3134 3685 ab
3156 3648 3224 3686 eo
3249 3631 3536 3702 simulque

1915 3713 2188 3770 auxilium
2221 3720 2512 3788 expetens.
2549 3719 2720 3791 Cujus
2753 3721 2976 3776 meritis
3011 3722 3204 3776 oleum
3229 3720 3381 3793 quod
3415 3737 3537 3773 mu-

1915 3801 2021 3856 lier
2069 3821 2130 3859 se
2189 3807 2451 3876 professa
2486 3808 2676 3864 fuerat
2707 3810 2917 3865 habere
2946 3809 3004 3864 in
3034 3812 3261 3865 tantum
3290 3809 3538 3863 excrevit

1918 3894 1981 3946 ut
2000 3895 2058 3946 et
2074 3892 2333 3951 debitum
2357 3897 2627 3953 creditori
2648 3899 2938 3967 redderet,
2958 3903 3017 3955 et
3048 3899 3176 3971 ipsi,
3219 3897 3372 3952 unde
3404 3915 3536 3952 cum

1918 3979 2052 4034 filiis
2081 3980 2317 4049 viveret,
2347 3985 2713 4041 abundanter
2731 3991 3061 4043 remaneret
3081 3986 3334 4056 (IVReg.
3366 4002 3439 4048 ιν,
3458 3985 3533 4056 6).

1918 4069 2134 4124 Eodem
2155 4073 2330 4128 modo
2346 4073 2616 4129 dilectum
2639 4075 2885 4130 Domino
2905 4075 3279 4131 Benedictum
3296 4074 3533 4148 quidam

1917 4156 2080 4226 adiit,
2105 4175 2220 4214 tere
2250 4177 2497 4232 pressus,
2525 4163 2737 4232 alieno,
2772 4165 3040 4220 duodeno
3074 4164 3291 4219 scilicet
3319 4163 3538 4218 solido-

1914 4262 2046 4301 rum
2075 4264 2340 4305 numero.
2396 4250 2496 4305 Cui
2537 4251 2662 4322 pius
2710 4254 2879 4308 Pater
2917 4253 3202 4316 subvenit,
3252 4251 3536 4307 tredecim

183 4337 274 4390 tes
301 4349 482 4408 quam
504 4331 704 4404 magni
734 4331 930 4388 meriti
959 4335 1188 4388 sanctus
1234 4331 1340 4388 iste
1395 4333 1566 4387 Pater
1617 4333 1813 4386 noster
1838 4406 1880 4414 _
1916 4336 2130 4392 solidos
2185 4338 2238 4392 ei
2285 4339 2662 4410 conferendo,
2691 4359 2833 4414 quos
2865 4343 3142 4398 divinitus
3173 4345 3534 4413 susceperat;

183 4406 391 4479 beatus
416 4421 624 4479 existat
650 4419 1011 4488 Benedictus,
1040 4421 1126 4494 cui
1140 4438 1202 4477 us
1234 4436 1413 4493 opera
1435 4419 1518 4476 illi
1548 4423 1682 4476 sunt
1711 4435 1814 4491 per
1837 4406 1891 4467 D
1915 4425 2060 4480 dans
2085 4425 2144 4480 in
2160 4427 2452 4483 mandatis
2481 4432 2544 4483 ut
2561 4406 2868 4486 duodecim
2883 4431 3218 4488 faeneratori
3233 4406 3444 4485 redder
3457 4406 3536 4484 et;

188 4511 393 4568 omnia
422 4510 656 4579 similia,
690 4509 788 4583 qui
817 4509 1082 4583 spiritum
1112 4510 1268 4580 Eliaa,
1300 4526 1365 4566 ac
1391 4525 1494 4583 per
1544 4508 1712 4565 Elisei
1733 4508 1812 4563 vi-

190 4599 1130 4671 delicet,cumactibusvenerabilis
1147 4599 1440 4655 Benedicti
1455 4601 1812 4671 comparata,

188 4688 248 4745 in
272 4691 428 4746 hunc
459 4689 702 4746 modum
726 4687 991 4744 visuntur
1010 4705 1071 4744 se
1098 4688 1392 4744 habentia.
1425 4688 1659 4755 Eliseus,
1687 4690 1818 4758 post

189 4779 631 4836 translationem
663 4777 946 4850 magistri,
980 4777 1156 4851 pallio
1205 4777 1364 4849 quod
1397 4776 1478 4831 illi
1529 4776 1819 4832 ceciderat

191 4868 743 4935 lordanemgdivisit,
783 4871 843 4923 et
878 4867 1110 4923 transiit
1139 4867 1320 4936 (ibid.,
1359 4869 1468 4931 14).
1496 4869 1700 4922 Beatus
1719 4869 1820 4922 Pa.

195 4961 279 5014 ter
301 4958 662 5026 Benedictus,
684 4957 959 5012 dilectum
990 4955 1338 5028 discipulum
1366 4972 1534 5012 suum
1560 4957 1817 5012 Maurum

193 5062 359 5118 super
390 5063 572 5119 aquas
612 5045 699 5100 sui
728 5044 921 5100 meriti
973 5045 1183 5100 virtute
1246 5044 1545 5100 ambulare
1577 5045 1815 5130 fat-iens,

198 5134 483 5191 Placidum
501 5150 750 5208 puerum
767 5134 898 5205 jam
915 5133 1252 5188 demersum
1275 5133 1347 5189 ad
1378 5134 1554 5189 vitam
1571 5134 1814 5190 reduxit.

201 5222 338 5288 Quid
355 5225 570 5280 horum
588 5223 882 5295 praecellat
896 5238 1013 5276 non
1029 5225 1114 5277 est
1125 5223 1295 5294 hujus
1310 5223 1498 5295 operis
1513 5223 1814 5291 disserere,

201 5315 438 5377 maxime
467 5329 604 5368 eum
627 5329 662 5367 a
691 5311 1003 5367 venerabili
1033 5311 1232 5366 Odono
1281 5313 1392 5366 hoc
1441 5312 1812 5380 miraculum,

202 5401 390 5477 Moysis
421 5401 589 5476 Operi
612 5401 670 5455 in
694 5400 977 5456 divisione
1004 5401 1182 5455 maris
1197 5401 1372 5456 Rubri
1389 5404 1817 5472 comparatum,

205 5493 498 5567 propriam
529 5491 744 5546 habeat
788 5488 1228 5559 expositionem.
1263 5489 1379 5544 Hoc
1405 5488 1654 5544 breviter
1685 5488 1819 5542 inti-

204 5593 376 5639 masse
388 5579 646 5638 sufficiat
665 5593 772 5650 per
796 5576 1046 5632 Eliseum
1073 5593 1254 5633 unum
1276 5578 1336 5632 in
1370 5576 1644 5634 divisione
1659 5593 1824 5650 aqua:

209 5675 514 5746 patratum
547 5668 920 5743 signum,per
944 5665 1179 5725 beatum
1199 5665 1650 5729 Benedictum-in
1661 5667 1828 5726 colla-

1916 4513 2151 4568 tertium
2171 4515 2461 4572 decimum
2484 4518 2556 4573 ad
2574 4536 2704 4574 usus
2715 4520 2980 4592 proprios
2995 4520 3277 4576 retineret
3295 4519 3356 4590 (ιι
3377 4517 3537 4574 Dial'

1915 4620 1965 4658 c.
2022 4601 2434 4678 27).1temque
2479 4624 2608 4663 vase
2659 4609 2840 4666 vitreo
2883 4610 3105 4684 petenti
3135 4607 3366 4677 clerico,
3401 4624 3533 4663 cum

1918 4693 2044 4748 oleo
2076 4693 2232 4761 dato,
2261 4695 2334 4750 ad
2360 4696 2482 4768 ejus
2527 4698 2874 4769 orationem,
2924 4700 3143 4756 dolium
3187 4715 3429 4754 vacuum
3458 4697 3538 4752 ita

1917 4782 2179 4854 replevit,
2234 4786 2297 4838 ut
2340 4790 2814 4860 superexundans
2845 4789 3245 4860 pavimentum
3274 4787 3538 4843 madefa-

1919 4877 2092 4928 ceret.
2149 4873 2313 4929 Elisei
2371 4877 2546 4931 virtus
2599 4877 2916 4932 Sunamitis
2965 4879 3148 4934 ﬁlium
3205 4879 3277 4933 ab
3337 4876 3537 4932 inferis

1920 4961 2164 5029 orando,
2198 4964 2484 5018 revocavit
2512 4965 2586 5018 ad
2614 4965 2815 5021 vitam.
2843 4965 3197 5020 Venerabilis
3242 4965 3538 5021 Benedicti

1920 5049 2196 5104 meritum
2225 5051 2419 5106 rustici
2455 5069 2701 5123 puerum
2721 5053 2930 5107 sanctis
2961 5053 3226 5124 precibus
3246 5055 3395 5124 patri
3412 5054 3540 5108 red-

1920 5137 2068 5192 didit
2096 5137 2305 5197 vivum.
2341 5138 2756 5195 Commorante
2785 5139 2970 5195 Eliseo
3020 5141 3080 5194 in
3123 5143 3355 5212 Galgala
3405 5158 3537 5196 cum

1920 5225 2019 5281 filii
2039 5227 2455 5298 prophetarum
2472 5244 2602 5282 cum
2623 5245 2691 5283 eo
2710 5228 2988 5300 degentes
3010 5229 3376 5283 mortiferum
3397 5229 3538 5300 quid

1919 5315 2320 5385 degustassent
2339 5320 2566 5371 coctum
2585 5317 2643 5370 in
2667 5318 2799 5385 olla,
2825 5317 3002 5389 ipsius
3017 5316 3341 5371 medicante
3358 5334 3537 5370 manu

1921 5407 2224 5456 evaserunt
2249 5405 2455 5458 mortis
2486 5404 2822 5460 discrimina
2873 5404 2982 5477 (IV
3022 5404 3156 5474 Reg.
3194 5421 3268 5472 1v,
3301 5407 3413 5477 40).
3442 5405 3539 5459 Ni-

1920 5489 2235 5545 hilominus
2266 5493 2434 5547 Pater
2480 5493 2817 5551 Benedictus
2860 5495 3118 5550 oblatum
3167 5494 3274 5550 sibi
3322 5513 3354 5551 a
3385 5494 3541 5550 falsis

1925 5578 2200 5636 fratribus
2216 5580 2424 5637 veneni
2453 5584 2746 5656 poculum,
2789 5601 2893 5660 per
2929 5584 3111 5642 crucis
3151 5585 3542 5660 signaculum,
