3882 6212
381 387 484 441 855

1472 384 1737 440 ΑΙΜΟΙΝῙ
1765 382 2078 441 ΜΟΝΑΟΗῙ
2115 383 2362 440 FLORIA
2374 384 2610 442 CENSIS

3599 391 3732 447 856

383 507 607 580 redegit
634 507 688 561 in
744 507 1007 562 nihilum.
1068 506 1316 563 Puerum
1365 526 1592 581 quoque
1634 509 1731 582 qui
1788 510 1987 566 ﬂasco-
2015 514 2286 575 Averum
2307 511 2547 583 pristino
2583 511 2720 566 visui
2750 512 3016 581 restituit,
3049 529 3200 585 pane
3229 513 3288 568 et
3331 530 3483 587 aqua
3529 514 3732 587 pavit,

385 614 519 652 nem
571 613 605 651 a
653 597 805 651 fideli
855 597 974 652 viro
1024 597 1370 652 submissum
1418 598 1617 653 furtim
1672 601 1986 654 absconde-

383 691 492 751 rat,
528 686 863 756 prOphetico
918 686 1138 757 spiritu,
1170 691 1390 756 pestem
1423 688 1703 760 serpentis
1743 689 1837 760 qui
1863 690 1988 759 jam

383 774 523 828 illud
556 791 648 827 vas
679 774 1013 839 intraverat,
1054 775 1258 829 vitaret
1302 776 1528 830 edocuit
1556 778 1618 845 (ιι
1649 776 1864 846 Dialog.
1891 795 1988 848 per

385 863 594 931 totum).
623 862 833 930 Tertia,
869 863 926 916 in
953 864 1060 918 hoc
1091 881 1205 917 uno
1237 864 1402 918 Elisei
1433 865 1605 931 facto,
1649 866 1829 920 sancti
1887 868 1988 921 Pa-

384 952 484 1004 tris
509 951 683 1005 nostri
711 951 998 1006 Benedicti
1018 953 1194 1007 virtus
1212 953 1436 1020 enituit,
1456 955 1687 1024 quando
1707 955 1986 1010 infectum

382 1055 604 1094 veneno
650 1058 881 1112 panem,
924 1059 995 1095 ne
1028 1041 1201 1113 pestis
1238 1042 1311 1097 ad
1344 1045 1535 1114 plures
1575 1047 1849 1115 serperet,
1884 1062 1987 1116 per

383 1146 618 1183 corvum
649 1132 822 1201 longe
853 1131 1116 1203 projecit.

453 1220 592 1273 Ecce
625 1219 825 1290 quanti
858 1221 1009 1292 apud
1036 1221 1347 1276 Dominum
1373 1223 1562 1277 meriti
1595 1224 1837 1278 rutilans
1869 1241 1989 1279 mo-

382 1308 699 1361 nachorum
714 1325 950 1378 gemma
965 1309 1165 1364 existat
1182 1311 1670 1378 Benedictus,luce
1687 1313 1990 1384 clariuspa—

382 1400 483 1462 tet,
510 1398 605 1468 qui
633 1397 690 1451 in
715 1415 827 1451 uno
847 1398 995 1452 illius
1014 1403 1342 1471 actu,quem
1362 1405 1589 1455 sanctus
1610 1402 1852 1474 Spiritus
1883 1403 1989 1457 du-

381 1486 513 1558 plici
544 1487 811 1541 vestierat
843 1488 1018 1555 dono,
1050 1489 1408 1560 quadruplici
1438 1491 1645 1544 effulsit
1676 1492 1984 1546 miraculo:

381 1575 438 1629 in
469 1576 644 1631 effuso
671 1577 882 1631 scilicet
913 1594 1156 1643 veneno,
1192 1578 1250 1631 in
1282 1581 1531 1634 tlascone
1567 1596 1698 1632 eum
1722 1585 1988 1650 serpente

381 1663 628 1730 detecto,
653 1664 707 1718 in
733 1666 1039 1719 obediente
1063 1683 1256 1731 corvo,
1281 1666 1338 1720 in
1367 1684 1517 1737 pane
1540 1667 1841 1723 mortifero
1861 1670 1988 1724 lon-

379 1752 504 1823 gius
535 1755 810 1825 projecto.
861 1757 920 1808 lu
970 1755 1176 1826 quibus
1229 1756 1586 1810 mirabilibus
1638 1759 1901 1827 quamvis
1931 1763 1989 1814 et

363 1841 502 1898 ,aliis
519 1843 694 1913 possit
713 1843 1226 1914 mquariPatribus,
1251 1846 1538 1917 praecipue
1557 1849 1756 1900 sancto
1782 1848 1984 1915 Eliseo,

379 1931 556 1984 nostri
612 1935 805 1985 tamen
853 1933 962 1986 hoc
1007 1934 1190 1986 solum
1259 1934 1473 1988 exstitit
1524 1936 1837 2008 prapositio
1906 1938 1984 1991 vi-

381 2021 499 2072 tam
559 2019 727 2089 hujus
786 2021 964 2074 sancti
1015 2021 1234 2075 actibus
1290 2022 1553 2077 conferre
1603 2024 1744 2094 justi
1796 2025 1981 2081 Elisei.

374 2106 590 2177 Nempe
619 2108 830 2162 Eliseus
863 2110 932 2163 de
958 2109 1157 2180 viginti
1187 2111 1428 2182 panibus
1455 2128 1615 2165 csum
1643 2116 1878 2167 centum
1900 2115 1983 2168 vi-

373 2195 449 2248 ris
502 2197 765 2266 prmbuit,
829 2198 1103 2270 panisque
1153 2200 1452 2271 superfuit,
1527 2200 1642 2271 (IV
1717 2202 1850 2272 Reg.
1906 2221 1980 2270 1v,

372 2285 460 2351 42,
494 2285 606 2356 lit).
641 2287 977 2342 Benedictus
1030 2287 1129 2341 Dei
1172 2287 1442 2356 famulus,
1484 2289 1755 2344 fratribus
1786 2292 1984 2364 inepia

370 2373 784 2441 laborantibus,
820 2375 1126 2430 collatione
1156 2375 1535 2431 ducentorum
1557 2378 1889 2433 modiorum
1907 2382 1988 2434 fa-

369 2461 533 2528 rium,
568 2462 854 2516 incertum
890 2463 1041 2516 unde
1071 2463 1344 2526 advectae,
1399 2465 1666 2520 divinitus
1697 2467 1986 2524 subveniri

371 2550 638 2604 obtinuit.
675 2550 984 2605 Laboranti
1031 2553 1290 2606 Naaman
1339 2552 1480 2624 Syro
1507 2555 1781 2624 pestifera
1810 2559 1986 2630 lepra:

373 2638 742 2708 contagione,
776 2639 846 2692 ab
889 2640 1069 2695 Eliseo
1112 2647 1466 2713 prmeeptum
1498 2649 1584 2699 est
1613 2649 1676 2700 ut
1701 2646 1987 2703 lavaretur

370 2726 580 2797 septies
614 2726 670 2780 in
697 2727 969 2782 Iordane.
1003 2729 1106 2783 Ivit
1158 2729 1356 2802 igitur,
1409 2733 1564 2800 lavit,
1594 2739 1650 2789 et
1677 2736 1987 2791 mundatus

370 2816 442 2869 ad
471 2815 648 2886 Syriae
677 2833 858 2887 regna
906 2834 1198 2888 regressus
1251 2825 1335 2874 est
1382 2821 1494 2893 (IV
1516 2823 1648 2893 Reg.
1681 2842 1738 2888 v,
1772 2829 1982 2894 lO-l9).

369 2905 517 2958 Puer
548 2907 741 2959 autem
774 2907 1013 2976 quidam
1041 2910 1324 2978 parvulus,
1376 2912 1748 2983 elephantino
1779 2916 1986 2970 morbo

369 3009 688 3065 percussus,
725 2994 797 3047 ad
831 2995 930 3049 Dei
979 2996 1281 3053 hominem
1334 3001 1707 3057 Benedictum
1755 3007 1840 3058 est
1885 3005 1985 3059 ad-

2016 1824 2067 1882 B

2090 604 2264 671 atque
2325 616 2382 654 se
2438 617 2540 655 sua
2587 600 2774 655 redire
2824 601 3109 673 permisit.
3139 602 3494 658 Venerabilis
3526 603 3730 658 Bene-

2090 688 2272 742 dictus
2339 688 2671 743 sznvientem
2749 690 2984 757 Zallam,
3037 690 3255 763 sibique
3336 691 3733 764 pertinaciter

2090 777 2485 844 minitantem,
2553 779 2672 832 solo
2741 778 2861 832 visu
2910 779 3135 846 terruit,
3187 779 3315 835 cibo
3365 780 3606 846 refecit;
3655 784 3728 834 et

2088 868 2150 917 ut
2176 864 2445 936 deinceps
2500 865 2688 919 minus
2735 866 2979 920 crudelis
3031 870 3179 921 esset
3208 868 3328 922 solo
3362 867 3522 923 verbi
3554 884 3725 938 prae-

2089 956 2252 1022 cepto
2275 953 2480 1008 ell‘ecit.
2526 954 2706 1009 Eliseo
2740 955 3092 1026 prmdicente
3111 956 3236 1028 regi
3264 958 3435 1011 lsrael
3461 958 3715 1023 famem,

2089 1058 2238 1112 quae,
2274 1041 2428 1112 Syris
2459 1042 2853 1098 obsidentibus
2870 1043 3220 1111 Samariam,
3240 1047 3522 1116 populum
3553 1061 3718 1116 pres-

2088 1133 2260 1196 serat,
2285 1130 2703 1185 abundantiam
2730 1131 3010 1186 frumenti
3027 1137 3372 1200 secuturam,
3407 1149 3540 1188 cum
3559 1150 3710 1187 unus

2090 1217 2322 1286 ducum,
2356 1235 2526 1290 super
2553 1220 2711 1290 cujus
2756 1237 2996 1275 manum
3025 1237 3125 1276 rex
3160 1221 3556 1288 incumbebat,
3616 1221 3711 1276 in-

2089 1306 2351 1360 credulus
2384 1321 2448 1360 ac
2468 1307 2697 1361 rebellis
2727 1309 3024 1379 prophetae
3047 1309 3336 1377 existeret,
3355 1311 3479 1365 haec
3506 1311 3580 1364 ab
3607 1325 3711 1363 eo-

2090 1394 2222 1448 dem
2251 1395 2370 1449 viro
2405 1395 2502 1449 Dei
2534 1396 2780 1452 audivit:
2819 1397 3057 1464 Videbis,
3082 1398 3291 1471 inquit,
3315 1404 3366 1454 et
3381 1401 3575 1455 exinde
3598 1419 3712 1456 non

2088 1482 2470 1555 comedes(V1
2503 1483 2636 1553 Reg.
2697 1501 2795 1549 vn,
2851 1487 2958 1550 19,.
3021 1486 3128 1550 Qui
3185 1487 3243 1541 in
3301 1487 3713 1544 incredulitate

2089 1588 2464 1643 permanens,
2471 1574 2877 1644 Juxtaverbum
2899 1575 3154 1630 hominis
3166 1575 3714 1645 Dei,sufﬁeieutiam

2089 1660 2501 1716 alimentorum
2527 1662 2686 1730 vidit,
2715 1665 2775 1717 et
2805 1662 2864 1717 in
2895 1662 3133 1719 introitu
3154 1667 3456 1737 portarum
3496 1683 3716 1739 oppres

2092 1765 2184 1803 sus
2216 1767 2249 1803 a
2277 1751 2494 1822 p0pulo
2523 1750 2742 1804 interiit
2773 1751 2946 1821 (ibid,
2980 1753 3093 1825 20).
3127 1754 3289 1808 Haud
3337 1755 3592 1809 multum
3625 1755 3719 1809 di-

2088 1854 2221 1909 spar
2239 1839 2367 1893 huic
2393 1855 2564 1894 causa
2582 1840 2813 1906 exstitit,
2839 1857 2969 1895 cum
2989 1842 3224 1913 quidam
3249 1843 3509 1910 clericus,
3543 1861 3577 1898 a
3600 1843 3720 1898 dse-

2089 1927 2284 1982 monio
2313 1944 2416 1998 per
2443 1929 2817 1983 Benedictum
2839 1930 2969 1984 Jesu
3013 1931 3221 1986 Christi
3244 1932 3481 1987 Domini
3515 1933 3718 1988 famu-

2089 2017 2206 2071 lum
2243 2017 2537 2084 liberatus,
2570 2018 2913 2073 mandatum
2943 2019 3097 2074 abeo
3121 2021 3340 2092 accepit
3366 2038 3442 2075 ne
3468 2038 3716 2077 carnem

2087 2106 2438 2173 comederet,
2472 2123 2613 2161 neve
2670 2107 2742 2161 ad
2794 2123 2983 2175 sacros
3014 2108 3246 2163 ordines
3295 2111 3574 2166 accedere
3616 2128 3721 2166 au-

2087 2195 2477 2266 deret;quod
2532 2195 2575 2249 si
2635 2199 3032 2265 praesumeret,
3092 2197 3285 2252 statim
3319 2199 3439 2269 juri
3494 2198 3716 2255 diaboli

2086 2285 2534 2355 manciparetur.
2566 2284 2671 2348 Qui
2692 2283 2749 2338 in
2778 2287 3059 2356 quantum
3083 2285 3202 2355 ejus
3206 2286 3364 2356 jussa
3381 2287 3713 2352 custodivit,

2088 2372 2396 2427 incolumis
2426 2372 2660 2426 mansit.
2701 2374 2773 2426 At
2814 2371 2911 2427 ubi
2959 2371 3298 2429 inobediens
3327 2381 3384 2429 et
3413 2375 3580 2447 quasi
3625 2373 3717 2430 ori

2089 2461 2193 2516 Dei
2226 2462 2576 2524 incredulus,
2612 2460 2786 2515 sacris
2829 2476 2886 2514 se
2916 2460 3151 2533 ingessit
3199 2463 3500 2518 ordinibus
3529 2482 3547 2529 ;
3576 2480 3720 2519 mox

2090 2568 2391 2624 persuasus
2425 2567 2458 2604 a
2485 2551 2752 2604 daemone
2811 2549 2870 2602 in
2929 2550 3132 2604 eadem
3170 2568 3342 2622 pana
3387 2552 3718 2623 permansit

2091 2657 2268 2712 usque
2299 2640 2370 2693 ad
2406 2639 2620 2692 exitum
2656 2637 3045 2706 vitae.Azaele,
3080 2639 3177 2710 qui
3201 2643 3331 2711 post
3353 2641 3624 2712 regnavit
3651 2641 3714 2695 in

2089 2730 2273 2801 Syria,
2307 2728 2639 2782 consulente
2678 2726 2926 2780 Eliseum
2959 2743 3063 2797 pro
3090 2729 3272 2782 salute
3302 2728 3578 2783 Benadad
3609 2729 3714 2784 do-

2089 2817 2233 2872 mini
2261 2817 2369 2874 sui.
2403 2816 2554 2869 inter
2585 2815 2696 2869 alia
2727 2815 2865 2869 dixit
2886 2815 2972 2869 vir
2996 2815 3097 2869 Dei
3126 2816 3199 2870 ad
3229 2833 3362 2871 eum
3392 2833 3406 2871 :
3437 2815 3593 2885 Scio,
3622 2818 3711 2872 in-

2089 2906 2315 2978 quiens,
2349 2922 2468 2976 quae
2493 2904 2637 2959 mala
2668 2904 2914 2975 facturus
2962 2906 3037 2958 sis
3059 2903 3188 2976 ﬁliis
3216 2905 3389 2958 Israel
3416 2923 3434 2959 :
3470 2908 3712 2962 civitates

2089 3011 2280 3048 eorum
2325 2995 2559 3046 munitas
2588 2994 2786 3062 capies,
2836 2999 3179 3063 pragnantes
3213 2993 3446 3061 divides,
3474 2995 3712 3064 infantes

370 3081 601 3149 ductus;
636 3083 752 3152 qui,
801 3083 1044 3155 pristina
1095 3087 1339 3143 sanitate
1377 3094 1628 3162 recepta,
1679 3091 1987 3147 incolumis
2015 3099 2061 3159 α
2087 3083 2271 3155 gladio
2298 3083 2580 3151 interﬁcies
2611 3080 2723 3152 (1V
2757 3080 2892 3151 Reg.
2924 3098 3042 3149 vm,
3075 3085 3180 3152 t2).
3213 3081 3343 3137 Pari
3386 3083 3564 3138 modo
3612 3099 3709 3137 rex

370 3171 649 3225 remeavit
671 3172 742 3225 ad
778 3174 1034 3244 propria.
1061 3177 1220 3230 Alter
1248 3195 1496 3250 quoque,
1527 3181 1622 3252 qui
1650 3182 1855 3236 haustu
1888 3200 1981 3238 ve-

373 3259 509 3312 neni
535 3258 872 3314 varietatem
900 3261 1221 3318 incurrerat
1258 3266 1420 3334 cutis,
1455 3285 1560 3340 per
1591 3270 1865 3324 eumdem
1895 3272 1978 3325 vi-

371 3363 502 3401 rum
531 3348 630 3401 Dei
665 3349 1036 3404 Benedictum
1062 3352 1314 3424 antiquae
1341 3355 1596 3410 redditus
1623 3361 1707 3412 est
1750 3359 1975 3414 formai.

371 3434 520 3490 Giezi
552 3453 694 3507 puer
725 3438 826 3492 viri
862 3439 959 3494 Dei
991 3441 1179 3510 Elisei,
1199 3459 1302 3514 per
1348 3445 1612 3516 spiritum
1659 3448 1978 3519 prophetiae

371 3523 758 3594 deprehensus
782 3529 1091 3600 suscepisse
1149 3548 1182 3586 a
1219 3532 1479 3588 Naaman
1530 3537 1711 3590 vestes
1759 3539 1815 3590 et
1861 3553 1982 3591 mu-

373 3628 533 3681 nera,
560 3613 728 3686 ipsius
759 3617 934 3672 etiam
960 3619 1204 3674 donatus
1236 3625 1320 3674 est
1345 3622 1507 3692 lepra
1539 3623 1707 3692 (ibid,
1739 3628 1827 3688 22,
1852 3629 1975 3690 27).

370 3703 674 3757 Monachus
699 3722 950 3777 quoque,
1002 3707 1254 3762 hominis
1295 3709 1397 3762 Dei
1448 3711 1738 3764 Benedicti
1783 3712 1984 3767 itidem

376 3790 577 3860 spiritu
608 3796 944 3864 prophetico
976 3797 1208 3865 agnitus
1258 3797 1790 3853 sanctimonialibus
1822 3817 1985 3873 map-

373 3881 535 3950 pulas
549 3898 676 3935 accc
683 3882 828 3954 pisse
853 3885 1017 3953 (Vide
1029 3892 1196 3937 totum
1210 3884 1404 3940 librum
1419 3885 1767 3955 Dialogorum
1785 3889 1987 3959 Grego-

376 3969 710 4040 rii),sibique
725 3987 817 4024 eas
836 3971 890 4024 in
905 3977 1093 4024 sinum
1112 3971 1349 4039 misisse;
1367 3977 1784 4042 mox,confessa
1799 3979 1984 4050 culpa,

378 4073 494 4110 non
524 4074 712 4127 pasna,
743 4059 841 4111 sed
875 4059 1373 4129 indulgentissima
1403 4063 1650 4119 donatus
1681 4070 1764 4119 est
1795 4068 1983 4122 venia.

376 4147 455 4200 De
476 4146 649 4212 ferro,
667 4146 817 4216 quod
839 4163 905 4200 ex
924 4148 1210 4218 profundo
1229 4166 1390 4221 aqum
1410 4153 1772 4220 rediit,nobis
1790 4159 1984 4212 tacen-

376 4232 536 4298 dum,
564 4237 623 4286 ut
654 4250 880 4288 summo
903 4236 1131 4304 prmsuli
1164 4238 1437 4311 Gregorio
1471 4258 1758 4314 congruus
1798 4246 1988 4300 honor

377 4320 692 4388 exibeatur,
727 4323 822 4393 qui
847 4324 996 4378 hunc
1025 4325 1418 4384 beatissimum
1461 4333 1694 4386 Patrem
1721 4338 1985 4388 nostrum

378 4409 774 4479 Benedictum,
804 4413 860 4466 in
897 4414 1002 4468 hoc
1037 4415 1222 4486 signo,
1273 4419 1411 4475 huic
1440 4426 1637 4476 sancto
1671 4423 1988 4494 exaequavit

2087 3174 2424 3237 Gothorum,
2454 3171 2658 3237 Totila,
2692 3170 2766 3224 ad
2813 3169 2912 3224 Dei
2969 3171 3270 3226 hominem
3329 3172 3708 3228 Benedictum

2083 3261 2336 3326 veniens,
2365 3264 2537 3331 atque
2603 3274 2800 3312 coram
2847 3273 2914 3312 eo
2941 3263 3258 3329 prostratus
3282 3261 3439 3315 etab
3481 3261 3608 3333 ipso
3640 3261 3708 3316 de

2085 3355 2240 3404 terra
2269 3349 2541 3408 elevatus,
2573 3347 2694 3400 base
2737 3345 2844 3400 sibi
2877 3346 3145 3401 dicenten
3177 3348 3426 3404 audivit:
3464 3372 3493 3399 ‹‹
3540 3351 3711 3404 Multa

2083 3439 2238 3493 mala
2265 3437 2421 3503 facis,
2458 3436 2642 3489 multa
2670 3435 2830 3488 mala
2859 3433 3062 3497 fecisti,
3077 3436 3204 3506 jam
3231 3437 3470 3492 tandem
3500 3438 3576 3493 ab
3607 3437 3710 3492 ini-

2085 3527 2303 3600 quitate
2333 3539 2720 3596 compescere.
2783 3524 2850 3576 Et
2895 3521 3132 3594 quidem
3190 3524 3438 3580 Romam
3483 3525 3707 3597 ingres-

2087 3632 2250 3671 surus
2276 3632 2336 3669 es
2371 3629 2552 3680 ,mare
2580 3611 2950 3678 transiturus,
2982 3627 3190 3666 novem
3219 3613 3388 3668 annis
3411 3616 3705 3686 regnabis,

2090 3705 2314 3760 decimo
2346 3703 2632 3760 morieris.
2664 3721 2698 3755 δ

2161 3796 2394 3859 Etlicet,
2428 3799 2490 3850 ut
2511 3796 2637 3866 jam
2667 3799 3009 3871 praedictum
3041 3801 3146 3866 est,
3171 3799 3384 3852 nostra:
3402 3811 3522 3850 non
3535 3793 3708 3850 fuerit

2088 3884 2426 3940 intentionis
2456 3886 2561 3940 nisi
2591 3890 2652 3941 ut
2681 3891 2839 3944 actus
2868 3889 3052 3943 sancti
3084 3887 3267 3942 Patris
3293 3884 3476 3940 nostri
3521 3885 3706 3938 Bene-

2090 3974 2224 4028 dicti
2255 3991 2386 4029 cum
2423 3975 2646 4030 actibus
2675 3978 3044 4032 solummodo
3095 3975 3251 4031 beati
3308 3974 3708 4029 conferremus

2090 4063 2292 4129 Elisaei,
2309 4065 2670 4136 tamen,quia
2691 4065 2910 4120 mentio
2929 4065 3081 4138 regis
3094 4065 3293 4120 Totilas
3313 4066 3707 4135 opportunam

2087 4151 2333 4222 prmbuit
2417 4153 2800 4225 occasionem,
2858 4170 3183 4225 congruum
3239 4153 3424 4207 visum
3493 4155 3582 4206 est
3635 4150 3708 4204 de

2090 4240 2344 4312 quodam
2382 4240 2493 4295 alio
2534 4245 2730 4296 sancto
2785 4242 3070 4314 propheta
3116 4241 3360 4312 dignum
3417 4239 3710 4296 memoria

2089 4332 2345 4384 retexere
2375 4330 2636 4398 verbum,
2679 4331 2834 4402 quod
2889 4331 3162 4385 collatum
3193 4329 3500 4385 assimilari
3528 4328 3710 4401 possit

2088 4417 2187 4471 uni
2217 4434 2459 4489 operum
2484 4418 2651 4488 hujus
2669 4418 2864 4490 inclyti
2882 4418 3241 4474 confessoris.
3271 4418 3536 4490 Denique
3567 4435 3710 4473 uxor

377 4497 580 4609 Elisep.
610 4501 808 4599 Borro,
842 4503 993 4573 quod
1050 4505 1262 4561 Eliseus
1317 4511 1554 4564 consilia
1605 4511 1759 4582 regis
1809 4512 1984 4582 Syriae
2013 4552 2064 4609 D
2085 4515 2414 4582 Jeroboam,
2444 4515 2540 4587 qui
2570 4531 2807 4586 peccare
2837 4516 2972 4570 fecit
3005 4516 3197 4584 Israel,
3237 4515 3572 4609 consultura
3602 4531 3706 4586 pro

373 4589 710 4661 prophetico
771 4593 972 4662 spiritu
1023 4595 1144 4666 regi
1215 4599 1384 4652 lsrael
1443 4615 1547 4669 per
1601 4599 1984 4657 internuntios

374 4676 753 4747 denuntiavit,
808 4682 1153 4738 assimilatur
1193 4685 1245 4739 ei
1292 4687 1397 4753 rei,
1451 4704 1582 4741 cum
1641 4690 1983 4746 venerabilis

373 4765 730 4836 Benedictus,
755 4771 826 4824 ad
859 4770 1063 4826 fratres
1107 4772 1203 4844 qui
1256 4775 1537 4844 parietem
1569 4779 1979 4835 construebant

369 4854 626 4924 mittens,
659 4860 885 4914 monuit
928 4865 990 4915 ut
1032 4861 1139 4915 sibi
1185 4867 1472 4926 caverent,
1513 4865 1648 4936 quia
1690 4867 1977 4938 malignus

367 4943 598 5014 spiritus
629 4946 906 5003 insidians
937 4949 1010 5003 ad
1041 4966 1138 5004 eos
1164 4951 1404 5007 veniret.

439 5032 588 5088 Sane
619 5036 834 5090 Eliseus
878 5053 911 5090 θ.
971 5035 1126 5109 Syris
1157 5039 1416 5096 obsessus
1445 5045 1789 5115 angelorum
1822 5063 1979 5101 exer-

364 5119 564 5186 citum,
593 5123 698 5177 sibi
723 5126 940 5179 caelitus
959 5126 1016 5180 in
1035 5128 1308 5183 auxilium
1334 5130 1597 5200 missum,
1623 5151 1736 5188 non
1762 5135 1978 5190 videnti

363 5209 630 5264 ministro
676 5214 945 5267 ostendit.
980 5215 1184 5271 Noster
1229 5219 1586 5288 Benedictus,
1625 5222 1757 5275 licet
1817 5226 1875 5277 et
1918 5224 1975 5277 in

362 5297 622 5352 dissimili
655 5317 737 5364 re,
770 5302 959 5357 simile
989 5305 1128 5375 quid
1188 5307 1327 5377 egit,
1385 5309 1522 5363 dum
1569 5309 1775 5365 dilecto
1809 5311 1975 5366 disci-

357 5387 494 5455 pulo
517 5405 616 5442 suo
638 5389 830 5445 Mauro
855 5391 1226 5450 immundum
1250 5399 1594 5452 monstravit
1616 5400 1971 5470 dmmonem,

360 5474 432 5527 ab
470 5477 724 5531 oratorio
776 5482 1126 5536 monachum
1161 5484 1526 5540 educentem.
1565 5490 1772 5542 Eliscus
1803 5492 1975 5562 Syros

355 5578 416 5616 se
449 5564 802 5636 obsidentes,
833 5576 1143 5626 excaecatos
1196 5574 1255 5628 in
1314 5577 1634 5632 Samariam
1673 5580 1745 5632 ad
1773 5597 1972 5652 regem

352 5648 527 5709 Israel
549 5651 843 5728 deductos,
888 5676 1007 5714 non
1055 5661 1241 5721 solum
1289 5665 1470 5722 occidi
1501 5681 1617 5723 non
1640 5648 1970 5742 passus‘est,

2085 4604 2204 4658 tilio
2231 4620 2332 4658 suo
2347 4607 2666 4674 aegrotante
2688 4604 2927 4659 Achiam
2950 4603 3426 4677 prophetam,qui
3444 4603 3706 4674 caligan-

2084 4693 2233 4747 tibus
2250 4708 2368 4763 przn
2387 4696 2678 4747 senectute
2704 4693 2880 4748 oculis
2908 4693 3106 4747 videre
3133 4710 3252 4749 non
3278 4692 3704 4765 poterat,adiit,

2083 4785 2308 4836 mutato
2340 4780 2565 4845 habitu,
2595 4797 2667 4836 ne
2699 4785 3114 4853 agnosceretur
3136 4799 3264 4854 quae
3310 4785 3484 4838 esset.
3519 4781 3707 4845 Quam

2077 4870 2411 4925 venientem
2464 4869 2805 4924 venerabilis
2845 4871 3132 4941 propheta
3167 4887 3286 4926 non
3353 4870 3704 4941 carnalibus,

2076 4959 2174 5014 sed
2205 4957 2594 5030 spiritualibus
2621 4957 2849 5012 intuens
2871 4959 3069 5027 oculis,
3091 4959 3171 5014 ait
3199 4959 3274 5013 ad
3317 4975 3483 5014 eam:
3517 4959 3707 5030 Ingre-

2076 5048 2216 5113 dere,
2254 5063 2390 5101 που·
2426 5046 2750 5112 Jeroboam;
2781 5064 2950 5118 quare
2993 5052 3042 5102 te
3071 5062 3182 5104 esse
3231 5047 3398 5102 aliam
3426 5049 3652 5103 simulas
3683 5050 3711 5102 ἵ

2080 5134 2193 5207 (ΙΙΙ
2218 5134 2351 5203 Reg.
2386 5151 2496 5201 xiv,
2519 5135 2749 5205 5.)Huic
2775 5138 2860 5192 rei
2888 5135 3026 5190 illud
3041 5139 3126 5190 est
3156 5135 3527 5191 simillimum
3553 5137 3708 5209 quod

2077 5243 2207 5280 cum
2235 5225 2357 5296 regi
2382 5225 2579 5279 Totilm
2603 5226 2933 5280 nuntiatum
2955 5227 3108 5281 foret
3136 5226 3323 5281 virum
3342 5225 3581 5282 Domini
3607 5229 3704 5281 Be-

2079 5314 2368 5370 nedictum
2400 5313 2717 5385 prophetia:
2765 5315 2982 5369 habere
3014 5314 3300 5385 spiritum,
3350 5315 3463 5370 hoc
3518 5315 3704 5387 ipsum

2077 5403 2320 5474 experiri
2350 5403 2566 5470 volens,
2591 5419 2648 5456 se
2673 5403 2907 5474 quidem
2939 5403 3012 5457 ad
3042 5420 3176 5457 eum
3209 5407 3526 5459 venturum
3589 5419 3705 5458 esse

2076 5491 2392 5547 mandavit.
2424 5491 2568 5546 Misit
2599 5496 2792 5546 autem
2819 5491 3176 5564 spatharium
3208 5509 3402 5562 suum,
3429 5493 3523 5547 cui
3563 5492 3701 5563 Rigo

2073 5597 2289 5635 nomen
2307 5580 2633 5651 erat,regiis
2655 5580 2926 5636 indutum
2940 5579 3469 5647 indumentis,cum
3487 5595 3702 5652 magna

2073 5669 2495 5744 obsequentum
2520 5672 2768 5741 caterva,
2801 5672 2862 5727 ut
2891 5673 3011 5730 tam
3043 5684 3110 5727 ex
3141 5668 3506 5729 vestimentis
3526 5685 3697 5747 quam
