3882 6212
139 425 263 480 8'57

1391 415 1618 476 SERMO
1651 419 1740 475 DE
1762 417 1821 476 S.
1848 412 2231 475 BENEDIC’I‘O

3363 417 3468 475 858

145 566 218 603 ex
250 548 466 603 ducum
498 544 784 618 obsequiis
813 560 910 600 rex
935 547 1254 617 putaretur.
1289 545 1390 599 Cui
1437 545 1760 600 advenienti
1790 551 1841 610 Α
1863 547 2030 600 Patre
2061 545 2427 616 ubicumque,
2461 561 2562 615 per
2592 542 2791 609 tribus,
2824 557 2926 613 per
2956 540 3202 611 linguas,
3237 560 3340 614 per
3371 561 3470 599 na-

142 652 465 692 occurrens
495 635 596 690 Dei
626 635 894 700 famulus,
922 633 1108 687 adhuc
1162 632 1387 703 longius
1432 634 1760 698 constituto,

138 727 410 781 clamans
450 723 790 796 imperavit:
826 742 857 774 ς
891 724 1069 789 Pone,
1122 722 1222 787 fili,
1276 738 1426 793 pone
1470 723 1579 776 hoc
1609 723 1762 794 quod

137 819 377 885 portas;
415 831 534 869 non
564 816 649 867 est
672 817 857 873 tuum,
882 831 908 858 η
939 811 1062 875 Quo
1090 827 1221 865 cum
1248 811 1458 864 rubore
1484 811 1555 864 ad
1573 811 1760 864 domi-

139 919 288 956 num
317 919 492 956 suum
517 916 768 967 reverso,
797 899 918 970 ipse
935 899 1136 963 Totila,
1166 914 1269 968 per
1292 898 1663 969 semetipsum
1691 897 1763 951 ad

138 990 247 1045 Dei
277 990 591 1044 hominem
632 988 884 1054 accessit,
914 991 971 1042 et
991 1004 1118 1059 qua:
1147 985 1424 1058 praedicta
1454 990 1586 1039 sunt
1625 1003 1766 1058 pro-

138 1081 341 1152 pheta:
372 1080 550 1134 verba
580 1079 651 1133 ab
678 1095 746 1134 eo
780 1077 1014 1133 audivit.

219 1168 440 1223 Verum
470 1184 577 1223 nos
609 1167 682 1222 ad
709 1170 972 1223 nostrum
1022 1169 1328 1226 redeamus
1359 1170 1628 1235 Eliseum,
1667 1182 1765 1220 no-

136 1259 335 1311 strum
364 1256 589 1329 utique,
621 1256 755 1328 quia
775 1257 932 1326 cuius
954 1273 1132 1329 opera
1152 1260 1332 1314 sancti
1362 1259 1544 1314 Patris
1585 1251 1765 1312 nostri

140 1345 446 1400 Benedicti
469 1343 741 1416 operibus
756 1349 890 1400 sunt
911 1344 1120 1400 similia
1141 1347 1292 1401 hunc
1325 1365 1430 1402 nos
1450 1363 1567 1418 prie
1595 1348 1765 1400 caete—

136 1435 220 1489 ris
238 1433 552 1506 prophetis
565 1433 808 1506 dignum
833 1434 1093 1489 ducimus
1125 1435 1430 1490 dilectione
1453 1435 1758 1508 praecipua.

137 1523 435 1578 Ultimum
453 1539 593 1594 ergo
632 1521 754 1592 ejus
780 1522 1193 1578 miraculorum
1217 1540 1349 1578 cum
1372 1541 1509 1590 uno,
1532 1523 1631 1578 sed
1661 1539 1761 1576 ne-

137 1627 446 1682 quaquam
460 1609 1100 1678 extremo,mirabilium
1115 1611 1457 1666 venerabilis
1470 1609 1760 1666 Benedicti

137 1715 580 1770 comparemus.
605 1700 748 1754 Nam
769 1715 900 1753 cum
921 1699 1075 1753 idem
1093 1716 1284 1754 servus
1301 1701 1422 1768 Dei,
1443 1718 1473 1754 e
1491 1699 1758 1771 prtesenti

139 1787 482 1842 excessisset
506 1787 640 1854 vita,
670 1790 799 1859 post
828 1804 946 1843 non
974 1788 1214 1858 longum
1247 1792 1494 1860 tempus,
1525 1788 1758 1860 quidam

140 1877 500 1949 sepelientes
518 1875 843 1943 hominem,
874 1877 1006 1930 visis
1035 1878 1372 1944 latronibus,
1394 1879 1762 1948 projecerunt
1785 1873 1836 1931 B

141 1966 398 2020 cadaver
427 1965 488 2020 in
520 1965 780 2035 sepulcro
835 1965 1020 2019 Elisei.
1056 1966 1226 2036 Cujus
1256 1969 1410 2020 tactu
1440 1983 1572 2020 mox
1603 1982 1760 2021 mor-

139 2058 273 2110 tuus
303 2071 574 2127 surgens,
619 2054 694 2109 ad
723 2055 960 2127 prOpria
996 2055 1184 2110 rediit.
1234 2058 1337 2111 Per
1365 2056 1761 2111 beatissimum

136 2160 376 2216 quoque
405 2143 802 2211 Benedictum,
832 2159 898 2197 ac
928 2144 1049 2214 ejus
1073 2143 1464 2199 venerabilem
1497 2161 1760 2199 sororem

137 2231 584 2300 Scholasticam,
607 2232 743 2286 dum
769 2233 842 2287 ab
859 2232 1032 2286 Italiae
1053 2232 1328 2303 partibus,
1354 2249 1558 2287 eorum
1581 2249 1764 2287 sacra-

140 2321 370 2375 tissima
421 2338 552 2376 ossa
597 2320 872 2392 gaudenti
926 2320 1336 2375 inveherentur
1381 2321 1594 2387 Gallim,
1647 2321 1760 2376 duo

142 2410 362 2464 mortui
381 2410 516 2464 vita:
537 2413 671 2464 sunt
685 2408 915 2464 redditi.
940 2410 1008 2462 Et
1031 2410 1153 2463 haec
1193 2409 1428 2480 quidem
1457 2427 1583 2482 quae
1605 2413 1758 2464 retu-

140 2498 316 2553 limus
333 2499 510 2554 beato
532 2499 684 2553 Patri
730 2503 926 2554 nostro
973 2497 1302 2565 Benedicto,
1321 2502 1380 2553 et
1397 2503 1592 2553 sancto
1627 2517 1759 2572 pro-

141 2587 337 2658 phetae
361 2586 549 2642 Eliseo
569 2587 904 2642 communia
924 2590 1076 2642 sunt.
1098 2587 1375 2643 Veremur
1395 2588 1666 2660 equidem
1688 2605 1760 2643 ne

141 2691 173 2728 a
191 2676 464 2747 quolibet
479 2679 806 2731 amatorum
820 2676 988 2746 hujus
1005 2675 1223 2746 egregii
1240 2676 1582 2731 confessoris
1596 2678 1761 2732 nobis

142 2765 456 2836 objiciatur
476 2765 654 2836 quod,
674 2764 812 2818 dum
833 2780 967 2819 eum
1007 2764 1269 2818 laudibus
1313 2766 1584 2820 extollere
1600 2767 1758 2838 cupi-

141 2870 292 2920 mus,
322 2857 663 2908 extenuasse
691 2852 790 2907 visi
840 2853 1040 2913 simus,
1084 2869 1214 2906 cum
1245 2869 1379 2907 eum
1412 2855 1511 2909 uni
1541 2857 1757 2910 solum-

143 2943 324 2998 modo
366 2943 668 3013 prophetaa
717 2939 1197 3013 comparavimus.
1225 2941 1456 3009 Verum,
1508 2943 1760 3016 quisquis

142 3031 234 3085 ille
267 3030 406 3098 erit,
431 3031 594 3096 sciat,
627 3034 685 3085 et
712 3031 821 3084 hoc
849 3029 953 3083 sibi
983 3045 1326 3100 responsum
1359 3048 1478 3086 esse
1499 3032 1757 3103 deputet,

142 3135 258 3174 non
289 3135 401 3174 nos
422 3119 585 3174 illum
632 3118 864 3173 cuilibet
897 3117 1306 3218 exnprophetis,
1336 3119 1435 3173 sed
1462 3119 1542 3173 illi
1573 3121 1759 3192 ipsum
1784 3157 1830 3218 Ο

141 3224 477 3280 θιωςιυειεεθ
507 3207 566 3262 in
599 3224 711 3280 quo
730 3207 936 3279 duplex
952 3206 1086 3260 Elite
1112 3205 1394 3276 requievit
1419 3207 1672 3279 spiritus.
1696 3211 1763 3264 Et

142 3313 212 3352 ne
249 3296 510 3367 objectio
543 3297 651 3350 ista
703 3295 1032 3368 praevaleat,
1089 3293 1446 3364 succinctim,
1477 3297 1522 3350 si
1552 3298 1759 3369 placet,

141 3379 482 3457 coaequefur
533 3387 656 3440 tam
711 3383 875 3440 novis
927 3399 1102 3455 quam
1163 3382 1412 3454 antiquis
1467 3385 1758 3442 Patribus:

140 3473 195 3529 in
253 3472 686 3528 restauratione
736 3471 1001 3527 videlicet
1049 3469 1359 3542 capisterii.
1417 3473 1624 3528 Joanni
1676 3476 1760 3531 di-

138 3561 291 3618 lecto
346 3561 604 3629 Domini,
661 3562 759 3634 qui
811 3563 1141 3633 fragmenta
1189 3579 1555 3635 gemmarum
1624 3580 1760 3619 con-

131 3649 334 3721 junxit
361 3649 422 3703 in
469 3649 746 3718 solidum;
795 3650 852 3705 in
886 3653 1319 3708 conversatione
1350 3653 1532 3708 eremi
1563 3670 1596 3708 a
1620 3669 1761 3724 pue-

136 3739 297 3806 ritia,
356 3738 518 3806 Elite,
569 3740 655 3794 vel
707 3739 973 3812 Baptistm
1022 3743 1259 3810 Joanni;
1318 3742 1376 3797 in
1427 3742 1762 3796 dimissione

134 3827 525 3900 praelationis,
570 3827 846 3895 Samueli,
901 3833 1001 3884 seu
1061 3830 1170 3902 ipsi
1224 3831 1488 3904 Baptista:
1530 3831 1759 3898 Joanni,

134 3918 256 3990 qui,
293 3933 529 3972 summo
561 3917 897 3990 progenitus
945 3920 1266 3987 sacerdote,
1320 3919 1525 3974 maluit
1579 3919 1760 3974 eremi

135 4006 375 4062 deserta
398 4006 652 4061 incolere
691 4023 867 4078 quam
921 4008 1226 4063 sacerdotii
1255 4009 1643 4080 principatum
1676 4011 1760 4062 te-

134 4113 313 4164 nere;
337 4095 396 4149 in
431 4094 740 4167 prOphetia
765 4095 1171 4151 destructionis
1191 4097 1528 4152 monasterii
1551 4096 1762 4163 sui,seu

133 4184 534 4242 subversionis
594 4185 872 4240 Romanae
938 4185 1116 4253 urbis,
1187 4186 1364 4254 Isaiae,
1421 4187 1511 4240 vel
1572 4185 1762 4258 potius

131 4273 432 4337 Jeremiaa,
465 4272 563 4344 qui
596 4272 825 4328 ruinam
870 4274 1026 4329 urbis
1079 4275 1610 4347 Hierosolymarum
1657 4276 1760 4330 du-

134 4364 270 4436 plici
300 4363 525 4436 planxit
546 4362 1370 4436 alphabeto.Dominiquoque
1384 4365 1468 4418 sui
1498 4364 1762 4420 videlicet

1865 635 2050 689 tiones
2081 633 2245 687 electi
2277 632 2376 686 Dei
2409 632 2648 695 dilatati,
2682 634 2814 684 sunt
2853 633 3094 701 paterna
3146 635 3474 685 mansuetu-

1863 723 1995 776 dine
2027 722 2124 775 ﬁlii
2151 721 2442 793 appellati,
2478 723 2539 774 ut
2570 720 2724 774 suavi
2749 721 2890 790 jugo
2927 718 3133 773 Christi
3163 720 3307 773 colla
3338 721 3471 774 sub-

1861 811 2098 864 mittant
2121 811 2532 865 admonentur.

1944 901 2010 953 Et
2027 901 2146 954 haec
2161 900 2398 971 quidam
2418 916 2450 952 a
2469 897 2633 952 nobis
2651 896 2981 951 abbreviato
3004 896 3175 951 modo
3193 897 3471 968 loquendi

1865 999 2016 1054 dicta
2045 992 2363 1049 fautoribus
2392 994 2508 1044 tam
2545 987 2738 1058 inclyti
2791 986 3151 1053 confessoris,
3214 1004 3468 1052 oramus,

1863 1087 2018 1142 haud
2039 1098 2330 1156 quaquam
2345 1079 2700 1150 displiceant.
2725 1077 3006 1132 Caeterum
3023 1093 3090 1130 ea
3109 1093 3234 1147 qua:
3255 1077 3468 1130 abeato

1863 1174 2137 1246 Gregorio
2170 1170 2453 1241 descripta
2483 1170 2636 1233 sunt,
2661 1167 2781 1237 ejus
2795 1165 3172 1236 relinquimus
3195 1164 3473 1219 excellen-

1864 1265 1979 1319 tize.
2005 1264 2120 1317 Hoc
2151 1262 2220 1315 de
2253 1258 2440 1323 nobis,
2472 1256 2670 1328 procul
2702 1254 2873 1309 dubio
2889 1253 3226 1326 proﬁtentes
3251 1271 3471 1326 nequa-

1865 1370 2038 1426 quam
2053 1349 2305 1424 gloriam
2320 1346 2500 1402 sancti
2520 1345 2702 1400 Patris
2720 1343 2928 1398 nostris
2957 1343 3218 1397 laudibus
3240 1359 3307 1397 eo
3336 1358 3468 1413 pro-

1860 1442 2063 1513 pagari
2095 1456 2206 1511 quo
2222 1454 2349 1492 eam
2366 1431 2938 1507 promulgavitdulcis
2959 1431 3290 1504 eloquentia
3302 1431 3469 1502 hujus

1863 1529 2140 1604 prmsulis.
2176 1527 2282 1592 Qui
2311 1525 2576 1580 videlicet
2607 1525 2806 1578 beatus
2834 1539 2986 1594 papa
3015 1521 3088 1590 (S.
3117 1521 3466 1591 Gregorius),

1862 1619 2224 1682 utiJoannes,
2258 1614 2495 1685 majoris
2519 1613 2640 1683 ejus
2665 1612 2803 1666 Vitae
2835 1611 3170 1682 descriptor,
3203 1613 3465 1672 testatur,

1861 1708 2045 1762 missis
2075 1707 2394 1774 Anglorum
2425 1703 2582 1772 genti
2606 1699 3093 1773 prmdicatoribus,
3115 1699 3284 1770 hujus
3308 1716 3470 1752 man-

1861 1795 2168 1851 suetissimi
2195 1791 2536 1862 legislatoris
2567 1789 3009 1854 institutionem,
3047 1792 3175 1859 post
3206 1791 3468 1841 sanctum

1860 1881 2532 1955 evangelium,prazcipue
2547 1879 2969 1934 observandum
2986 1877 3469 1948 tradidit.Quique

1860 1973 1919 2028 in
1967 1974 2203 2042 Dialogo
2245 1987 2369 2036 suo,
2425 1970 2554 2041 post
2600 1966 3064 2039 explanationem
3121 1965 3258 2018 Vitae
3292 1965 3468 2036 ipsius

1861 2060 2204 2118 sanctissimi
2243 2058 2446 2125 Patris,
2480 2073 2654 2129 quam
2687 2054 2937 2109 secundo
2991 2053 3176 2124 posuit
3229 2053 3378 2118 loco,
3411 2053 3469 2106 in

1863 2151 2031 2206 tertio
2058 2149 2370 2214 volumine,
2426 2146 2676 2216 capituto
2707 2161 2812 2210 xw,
2844 2143 3002 2214 quasi
3027 2159 3153 2214 qua:
3187 2142 3472 2196 memoria

1861 2239 2222 2304 excessisent,
2257 2236 2526 2308 quaedam
2559 2234 2628 2288 de
2658 2233 2775 2305 ipse
2808 2231 3022 2288 intulit.
3054 2232 3203 2284 Dum
3236 2231 3306 2284 de
3337 2248 3476 2302 quo-

1862 2331 1997 2385 dam
2019 2332 2214 2382 sancto
2235 2324 2630 2392 viro,Martino
2649 2321 3266 2392 nomine,loqueretur,
3291 2319 3371 2373 ita
3393 2319 3476 2373 in-

1860 2419 2090 2490 quiens:
2131 2415 2269 2468 «Hic
2291 2413 2374 2466 vir
2395 2411 2646 2473 Domini,
2663 2409 2816 2464 haud
2853 2409 3091 2463 dubium
3115 2407 3254 2479 quin
3279 2407 3469 2462 Marti-

1860 2525 1986 2573 nus,
2010 2523 2140 2560 cum
2160 2503 2314 2577 prius
2337 2503 2394 2557 in
2411 2501 2616 2556 eodem
2637 2502 2836 2554 monte
2854 2516 2913 2552 se
2936 2497 3199 2563 contulit,
3224 2497 3472 2551 necdum

1860 2597 2050 2650 clauso
2077 2611 2247 2666 specu
2288 2591 2573 2657 habitans,
2624 2593 2827 2644 catena
2876 2588 2980 2642 sibi
3033 2587 3224 2641 ferrea
3263 2586 3473 2658 pedem

1859 2685 2076 2756 ligavit,
2103 2699 2347 2755 eamque
2370 2698 2502 2736 saxo
2527 2697 2591 2735 ex
2612 2681 2775 2750 parte
2799 2679 2980 2731 altera
2997 2676 3206 2743 affixit;
3234 2692 3304 2730 ne
3325 2677 3475 2730 ultra

1861 2773 1912 2827 ei
1943 2775 2139 2828 liceret
2169 2771 2441 2844 progredi
2460 2786 2633 2842 quam
2655 2771 2872 2822 catena:
2895 2765 3154 2837 ejusdem
3179 2764 3470 2836 quantitas

1859 2862 2226 2916 tendebatur.
2259 2860 2423 2924 Quod
2450 2859 2534 2912 vir
2582 2857 2711 2910 vita:
2760 2853 3103 2910 venerabilis
3134 2851 3472 2907 Benedictus

1861 2950 2117 3016 audiens,
2142 2946 2570 3020 cujussuperius
2595 2944 2940 3000 memoriam
2961 2942 3090 3009 feci,
3114 2941 3166 2996 ei
3189 2958 3292 3013 per
3314 2939 3475 2994 disci-

1860 3039 2059 3109 pulum
2081 3055 2246 3093 suum
2261 3037 2540 3092 mandare
2559 3036 2806 3090 curavit:
2839 3032 2895 3087 Si
2927 3048 3120 3087 servus
3139 3030 3238 3086 Dei
3257 3047 3472 3097 es,non

1861 3130 1916 3180 te
1943 3130 2136 3182 teneat
2194 3131 2400 3181 catena
2447 3126 2659 3185 ferrea,
2710 3124 2810 3178 sed
2857 3125 3061 3177 catena
3109 3119 3334 3174 Christi.
3381 3117 3474 3174 Ad

1862 3233 2038 3288 quam
2057 3232 2257 3270 vocem
2279 3212 2824 3287 protinusMartinus
2842 3211 3109 3265 eamdem
3133 3208 3474 3278 compedem

1862 3304 2044 3360 solvit.
2073 3304 2186 3358 Sed
2214 3319 2512 3374 nunquam
2543 3300 2914 3373 postmodum
2949 3300 3199 3352 solutum
3231 3296 3477 3351 tetendit

1862 3393 2074 3465 pedem
2099 3393 2246 3446 ultra
2271 3393 2462 3446 locum
2508 3406 2623 3461 quo
2658 3389 2809 3442 hunc
2831 3386 3324 3458 tendereligatum
3345 3401 3478 3440 con-

1863 3483 2142 3537 sueverat.
2170 3502 2196 3530 »
2219 3482 2278 3534 ln
2296 3483 2500 3551 quarto
2519 3493 2749 3549 quoque
2759 3475 3222 3542 volumine,dum
3237 3475 3307 3528 de
3322 3475 3476 3531 exitu

1861 3572 2196 3643 loqueretur
2208 3569 2537 3625 animarum
2557 3566 2903 3620 miraculum
2920 3565 3076 3635 quod
3088 3564 3147 3618 in
3160 3563 3287 3617 Vita
3301 3563 3478 3634 ipsius

1865 3659 2210 3732 legislatoris
2237 3657 2418 3713 nostri
2451 3653 2746 3710 Benedicti
2775 3653 3170 3724 descripserat,
3208 3652 3478 3723 quodque

1863 3765 1967 3820 pro
2011 3748 2097 3803 sui
2141 3745 2547 3819 magnitudine
2579 3743 2731 3815 apud
2762 3742 3131 3797 inﬁrmorum
3163 3743 3389 3795 mentes
3417 3740 3478 3795 in

1864 3837 2104 3892 dubium
2135 3835 2395 3891 fortassis
2425 3833 2695 3890 devenire
2748 3833 2994 3904 poterat,
3045 3828 3479 3900 recapitulando

1861 3926 2118 3980 inferens
2146 3925 2300 3980 aliud
2330 3924 2486 3996 quod
2541 3923 2785 3977 minime
2839 3921 3133 3985 retulerat,
3167 3917 3476 3989 subjunxit.

1862 4014 1960 4068 Ait
1991 4015 2147 4069 enim
2179 4013 2427 4084 capitulo
2478 4016 2674 4067 octavo
2738 4010 2847 4065 ita:
2874 4033 2900 4059 «
2934 4011 2995 4062 ln
3027 4007 3276 4063 secundo
3310 4006 3480 4076 hujus

1862 4103 2052 4175 operis
2070 4103 2215 4157 libro
2234 4103 2359 4173 jam
2389 4101 2662 4172 przefatus
2685 4116 2811 4154 sum
2833 4098 2986 4170 quod
3024 4097 3108 4151 vir
3136 4094 3481 4151 venerabilis

1862 4191 2224 4258 Benedictus,
2253 4191 2397 4244 sicut
2425 4207 2458 4243 a
2489 4189 2751 4243 fidelibus
2787 4187 2907 4258 ejus
2930 4185 3216 4257 discipulis
3242 4183 3474 4256 agnovi,

1859 4280 2033 4351 longe
2061 4296 2094 4334 a
2125 4280 2398 4350 Capuana
2428 4279 2568 4332 urbe
2603 4277 2839 4349 positus,
2896 4275 3166 4330 Germani
3217 4273 3477 4346 ejusdem

1861 4368 2020 4422 urbis
2049 4366 2300 4439 episcopi
2330 4366 2586 4421 animam
2612 4369 2779 4420 nocte
2803 4363 3072 4419 mediain
3097 4363 3270 4434 globo
3302 4362 3474 4434 igneo

135 4451 552 4523 Redemptoris
598 4451 861 4508 omnium
891 4454 1022 4508 Jesu
1051 4454 1258 4509 Christi
1289 4455 1546 4510 imitatus
1575 4472 1763 4510 exem-
1782 4448 1835 4507 D
1861 4456 1932 4512 ad
1963 4457 2168 4512 coelum
2201 4454 2338 4509 ferri
2393 4455 2466 4509 ab
2509 4455 2728 4526 angelis
2773 4453 3010 4526 aspexit.
3065 4452 3172 4516 Qui
3203 4451 3475 4506 eamdem

130 4543 301 4612 plum
328 4540 388 4594 in
408 4541 518 4596 hoc
536 4540 686 4596 facto
715 4545 799 4595 est
819 4557 831 4595 :
850 4542 1068 4597 etenim
1085 4543 1538 4615 benignusJesus
1555 4544 1756 4599 odien-

133 4629 202 4684 tis
225 4646 293 4684 se
325 4629 738 4701 Hierosolyma
783 4629 1026 4685 civitatis
1053 4631 1410 4687 eversionem
1433 4633 1760 4704 lacrymans

135 4717 428 4788 praedixit.
463 4717 595 4788 Ejus
645 4721 838 4772 autem
890 4736 1054 4774 verus
1093 4720 1343 4775 famulus
1394 4721 1755 4789 Benedictus,

137 4806 368 4861 dilectas
396 4805 503 4861 sibi
531 4805 902 4862 habitationis
959 4808 1272 4877 domicilia,
1307 4809 1574 4865 divinitus
1603 4827 1758 4865 ever-

129 4894 292 4950 sioni
323 4896 592 4967 gentium
618 4895 850 4964 tradita,
880 4896 1099 4952 deﬂens
1126 4913 1192 4953 ac
1214 4898 1599 4971 ingemiscens
1615 4915 1759 4972 prte-

140 4983 454 5039 nuntiavit.

214 5071 532 5128 Enimvero
556 5072 738 5128 Eliam
763 5073 915 5129 corvi
940 5076 1234 5148 quondam
1249 5092 1457 5148 pavere
1488 5077 1758 5146 ministri,

143 5159 390 5216 beatum
446 5162 819 5218 Benedictum
878 5165 1106 5219 Patrem
1167 5165 1278 5220 iter
1328 5171 1600 5237 agentem
1631 5169 1764 5221 sunt

147 5249 637 5305 circumvolantes
661 5251 856 5306 secuti.
884 5253 1019 5308 Elia:
1039 5254 1111 5308 ad
1130 5255 1281 5310 solos
1299 5255 1558 5310 ciborum
1592 5255 1763 5309 mini-

149 5343 483 5395 straverunt
538 5356 696 5407 usus;
753 5341 1058 5397 Benedicto
1103 5343 1256 5397 Patri
1311 5360 1428 5399 non
1477 5346 1662 5398 solum
1704 5344 1763 5397 in

152 5427 648 5500 transportatione
691 5431 957 5484 venenati
1005 5432 1190 5501 panis,
1246 5450 1446 5487 verum
1496 5435 1672 5486 etiam
1705 5431 1762 5485 in

154 5519 434 5573 comitatu
457 5516 776 5572 servierunt
811 5519 1044 5574 itineris.
1074 5521 1475 5592 Comparetur,
1519 5519 1652 5591 quia
1677 5519 1762 5574 di-

158 5622 337 5677 gnum
369 5609 477 5672 est,
505 5606 566 5660 in
596 5606 950 5677 legislatione
993 5609 1186 5682 Moysi.
1221 5608 1492 5674 Quamvis
1519 5625 1554 5662 a
1576 5609 1762 5680 Moyse

160 5696 258 5755 uni
284 5693 702 5755 tantummodo
747 5695 906 5769 genti
956 5698 1044 5755 lex
1093 5698 1230 5758 data
1257 5698 1357 5771 sit;
1389 5714 1425 5756 a
1450 5696 1766 5757 venerabili

1860 4561 2088 4617 quoque
2107 4543 2514 4598 ascendentem
2541 4543 2798 4598 animam
2824 4543 3075 4606 intuens,
3093 4539 3302 4596 mentis
3323 4540 3478 4594 laxa-

1857 4637 1917 4690 to
1943 4634 2093 4700 sinu,
2125 4632 2285 4706 quasi
2317 4633 2421 4687 sub
2456 4649 2570 4687 uno
2603 4632 2736 4688 solis
2761 4633 3232 4701 radio,cunctum
3263 4629 3322 4683 in
3360 4627 3475 4682 suis

1859 4723 2038 4778 oculis
2060 4721 2345 4778 mundum
2371 4722 2673 4776 collectum
2695 4720 2850 4776 vidit.
2870 4721 3097 4777 Eisdem
3119 4734 3347 4792 quoque
3368 4717 3477 4772 dis-

1857 4812 2057 4885 cipulis
2082 4809 2235 4866 beati
2259 4809 2548 4864 Benedicti
2580 4810 2970 4876 narrantibus,
3001 4808 3172 4864 didici
3199 4805 3335 4879 quia
3361 4805 3475 4859 duo

1858 4900 2078 4956 nobiles
2108 4899 2210 4954 viri
2244 4902 2415 4970 atque
2442 4897 2822 4953 exterioribus
2851 4897 3052 4951 studiis
3083 4895 3312 4962 eruditi,
3347 4907 3481 4966 ger‘

1858 4989 2020 5044 mani
2045 4988 2272 5055 fratres,
2307 5004 2554 5059 quorum
2582 5002 2726 5041 unus
2781 4983 3100 5055 Speciosus,
3149 4985 3296 5038 alter
3337 4998 3474 5037 vero

1859 5078 2164 5148 Gregorius
2187 5076 2505 5141 dicebatur,
2543 5075 2665 5145 ejus
2689 5091 2747 5128 se
2777 5073 2992 5142 regula:
3024 5073 3083 5126 in
3115 5074 3312 5126 sancta
3334 5087 3481 5125 con-

1861 5167 2186 5221 versatione
2238 5164 2622 5218 tradiderunt.
2685 5161 2837 5226 Quos
2895 5160 3077 5215 isdem
3135 5159 3479 5213 venerabilis

1864 5256 2032 5308 Pater
2077 5254 2134 5308 in
2189 5251 2543 5306 monasterio
2592 5249 2748 5322 quod
2788 5249 2954 5318 juxta
3003 5245 3476 5300 Terracinensem

1864 5343 2069 5396 urbem
2122 5343 2520 5396 construxerat
2579 5339 2715 5393 fecit
2770 5336 3060 5403 habitare;
3115 5333 3212 5406 qui
3245 5335 3475 5400 multas,

1865 5429 2100 5501 quidem
2128 5428 2401 5500 pecunias
2451 5430 2510 5482 in
2566 5430 2673 5483 hoc
2704 5426 2922 5481 mundo
2944 5423 3342 5497 possederunt,
3375 5423 3476 5476 sed

1863 5523 2070 5572 cuncta
2101 5515 2450 5588 pauperibus
2482 5534 2586 5589 pro
2620 5517 2948 5570 animarum
2974 5521 3213 5570 suarum
3243 5511 3475 5566 redem-

1863 5609 2063 5680 ptione
2087 5603 2280 5677 largiti
2299 5608 2452 5674 sunt,
2468 5609 2524 5661 et
2541 5607 2598 5663 in
2613 5607 2821 5663 eodem
2834 5603 3186 5661 monasterio
3205 5618 3476 5676 perman-

1867 5699 2089 5755 serunt.
2121 5695 2383 5764 Quorum
2425 5713 2592 5772 unus,
2636 5697 2850 5757 scilicet
2878 5694 3175 5772 Speciosus
3201 5691 3339 5752 dum
3369 5708 3475 5768 pro
