3882 6212
414 394 520 462 .859

1512 397 1777 455 ΑΙΜΟΙΝῙ
1811 391 2122 462 ΗΘΝΑΕΗΙ
2157 391 2656 457 FLORI'A‘CENSIS

3629 402 3751 458 860

414 519 659 577 utilitate
677 515 1010 575 monasterii
1031 517 1195 590 juxta
1217 518 1550 590 Capuanam
1580 519 1785 575 urbem
1814 518 2018 574 missus
2041 525 2096 584 Α
2121 520 2360 594 Templa
2387 520 2632 578 ruinosis
2651 519 2742 577 his
2771 519 2910 578 olim
2933 521 3219 577 struxerat
3243 519 3357 578 aris

412 609 630 673 fuisset.
655 607 747 662 die
773 607 1024 680 quadam
1047 607 1225 662 frater
1249 607 1370 679 ejus
1398 608 1725 679 Gregorius,
1754 623 1888 663 cum
1912 608 2024 662 fra-

415 697 596 752 tribus
625 696 700 750 ad
727 712 987 751 mensam
1045 697 1250 752 sedens
1301 700 1475 768 atque
1525 712 1890 762 convescens,
1924 712 2027 767 per

416 785 679 857 spiritum
701 786 1022 839 sublevatus
1038 785 1256 856 aspexit
1273 790 1329 840 et
1342 784 1750 856 viditSpeciosi
1762 788 2031 856 germani

417 873 502 929 sui
527 872 808 940 animam,
835 877 956 929 tam
987 875 1158 946 longe
1191 890 1226 928 a
1255 891 1314 928 se
1336 873 1532 946 positi,
1559 874 1630 928 de
1654 889 1897 944 corpore
1923 873 2034 928 exi-

417 979 500 1019 re.
560 961 723 1026 Quod
781 979 914 1017 mox
971 963 1246 1018 fratribus
1301 962 1591 1030 indicavit,
1649 965 1707 1017 et
1763 961 2030 1017 cucurrit.

416 1052 679 1123 Jamque,
713 1051 988 1106 eumdem
1008 1051 1249 1106 fratrem
1273 1068 1440 1106 suum
1478 1051 1769 1123 sepultum
1797 1049 2030 1121 reperit,

417 1135 607 1212 quem]
639 1143 837 1194 tamen
883 1155 952 1194 ea
979 1140 1125 1196 hora
1156 1157 1269 1212 qua
1298 1140 1520 1196 viderat
1557 1138 1776 1205 exiisse,
1811 1138 1882 1193 de
1907 1153 2033 1192 cor-

416 1244 557 1298 pore
586 1228 820 1284 invenit.
853 1248 881 1277 »
917 1228 1330 1284 Verumtamen
1364 1245 1398 1283 a
1431 1228 1688 1301 quodam
1729 1227 1899 1296 hujus
1923 1223 2032 1280 loci

419 1316 788 1388 sapientium,
845 1317 934 1373 cui
963 1317 1307 1373 Gausbertus
1338 1334 1580 1379 nomen,
1631 1315 1786 1370 haud
1808 1313 2031 1370 medio-

421 1405 594 1460 criter
621 1405 820 1460 studiis
849 1423 883 1461 a
913 1406 1160 1479 pueritia
1189 1406 1506 1462 liberaliter
1538 1405 1760 1460 imbuto
1793 1403 2031 1471 artium,

422 1494 591 1566 hujus
620 1495 777 1550 modi
809 1495 1247 1567 praefatiuncula
1275 1496 1416 1551 Vitae
1469 1495 1638 1566 hujus
1686 1491 1881 1548 eximii
1927 1493 2031 1547 Pa-

423 1582 546 1651 tris,
581 1585 950 1657 superaddita
980 1589 1093 1641 est:

424 1671 714 1740 Germine,
749 1673 1034 1742 doctrina,
1065 1673 1287 1729 meritis
1317 1689 1384 1728 ac
1415 1670 1654 1728 nomine
1685 1670 1823 1726 clari

493 1759 729 1815 Abbatis
757 1759 933 1816 vitam
964 1762 1224 1817 continet
1243 1761 1348 1816 iste
1373 1761 1539 1816 liber.

427 1845 610 1913 Quem
631 1849 799 1916 Deus,
827 1852 1047 1905 aeterna
1073 1849 1290 1905 faciens
1322 1849 1382 1905 in
1410 1849 1546 1905 sede
1571 1849 1900 1921 potentem,

496 1937 794 1992 Hesredem
821 1937 1039 2011 proprii
1070 1938 1322 1994 nominis
1363 1955 1485 1994 esse
1511 1937 1693 1993 dedit.

425 2024 570 2080 Nam
591 2024 720 2091 fuit,
751 2029 858 2092 est,
892 2030 950 2080 et
980 2025 1089 2082 erit
1114 2026 1600 2097 Benedictusjure
1622 2028 1887 2080 vocatus:

496 2113 568 2168 Ut
595 2114 860 2186 relegens
889 2115 1012 2186 ejus
1035 2118 1216 2187 gesta,
1244 2116 1494 2188 probare
1525 2114 1698 2172 vales.

423 2202 506 2259 De
530 2202 758 2276 quibus,
790 2207 855 2260 ut
878 2204 1019 2260 nulli
1046 2205 1311 2261 dubitare
1342 2205 1540 2260 liceret
1566 2203 1929 2266 homonum;

493 2291 780 2349 Exi-mium
803 2297 1008 2350 testem
1033 2309 1410 2366 promeruere
1441 2292 1549 2347 sui.

426 2381 719 2437 Romanus
747 2382 850 2437 sed
879 2382 1037 2438 enim
1066 2383 1274 2454 praesul
1295 2397 1467 2454 super
1497 2380 1715 2436 aethera
1738 2381 1930 2445 notus,

493 2470 822 2544 Gregorius,
854 2471 1075 2526 mundo
1106 2471 1230 2526 haec
1257 2468 1705 2542 compublicavit
1729 2483 1931 2524 ovans.

427 2556 734 2614 Schemate
766 2575 895 2631 quae
923 2559 1211 2632 dialogico
1237 2557 1480 2614 variavit
1502 2558 1766 2623 honeste,

497 2646 721 2702 Lectori
749 2664 940 2704 sermo
969 2649 1188 2720 gratior
1223 2648 1376 2702 unde
1407 2647 1582 2701 foret.

424 2734 570 2789 Tum
593 2737 849 2808 sequitur
878 2754 1088 2792 munus
1113 2736 1281 2792 nobis
1313 2733 1585 2790 divinitus
1607 2735 1799 2788 actum

501 2823 770 2896 Corporis
798 2825 1057 2897 ejusdem
1089 2824 1290 2892 Patris,
1320 2827 1378 2878 et
1404 2841 1502 2878 ore
1531 2821 1708 2878 ducis.

429 2912 600 2984 Cujus
625 2913 697 2968 ab
728 2916 929 2969 exortu
956 2914 1260 2970 decoratur
1289 2912 1492 2968 Nursia
1516 2914 1726 2979 mater;

494 3001 728 3057 Miratur
751 3019 997 3074 puerum
1025 3019 1199 3075 quem
1225 3003 1318 3076 pie
1348 3003 1535 3057 Roma
1561 2999 1787 3067 nutrix;

429 3091 710 3147 Provectu
739 3091 901 3163 cujus
923 3095 1229 3148 veneratur
1254 3091 1527 3148 Sublacus
1558 3092 1815 3156 antrum,

496 3180 746 3236 Pastoris
770 3181 1006 3249 fructus,
1034 3181 1135 3236 sed
1170 3181 1530 3236 Beneventus
1558 3178 1755 3234 habet.

427 3268 660 3325 Florida
688 3269 970 3325 Floriacus
1001 3271 1288 3338 membra,
1322 3269 1393 3326 de
1445 3267 1704 3334 nomine,
1761 3264 1972 3321 fundus

494 3356 943 3426 Aurelianensis,
972 3361 1059 3414 est
1085 3357 1230 3430 tegit
1256 3373 1386 3413 ecce
1431 3357 1574 3412 solo.

428 3445 626 3515 Gallia,
659 3447 869 3520 plaude
898 3446 1054 3516 satis,
1086 3449 1249 3502 tanto
1278 3446 1494 3503 donata
1517 3447 1791 3517 patrono.

500 3537 633 3608 Ejus
659 3539 717 3592 et
745 3537 1022 3611 exemplis
1050 3539 1109 3592 te
1135 3552 1308 3609 super
1340 3539 1494 3591 astra
1514 3536 1659 3590 leva.

426 3623 638 3690 Gloria,
666 3624 910 3695 Christe,
933 3625 1061 3693 tibi,
1091 3625 1193 3680 tali
1223 3623 1322 3698 qui
1353 3627 1661 3680 stemmate
1691 3638 1881 3678 servos

496 3714 771 3772 Nobilitas
799 3714 1087 3788 proprios,
1119 3713 1313 3786 sicque
1339 3716 1582 3784 paterno
1613 3712 1788 3767 foves.

499 3801 648 3860 Sane
673 3806 804 3877 post
817 3804 1056 3860 beatum
1071 3801 1435 3873 Gregorium,
1457 3801 1692 3855 Faustus
1706 3799 1838 3855 vitae
1858 3798 2040 3855 sancti

423 3891 602 3948 Mauri
630 3892 1010 3964 conscriptor,
1040 3889 1388 3945 miraculum
1407 3888 1702 3960 quoddam
1728 3905 1762 3944 a
1783 3887 2038 3961 benigno

427 3981 600 4040 Patre
631 3984 829 4037 nostro
866 3977 1177 4034 Benedicto
1205 3980 1520 4048 patratum,
1571 3978 1671 4033 sed
1715 3978 1786 4034 ab
1829 3978 2040 4035 eodem

424 4068 702 4144 pontiﬁce
726 4066 1204 4140 praetermissum,
1226 4066 1337 4120 hoc
1349 4066 1524 4122 modo
1547 4065 1750 4122 refert:
1777 4066 2040 4133 Quodam

425 4161 695 4228 tempore
714 4156 772 4212 S.
788 4154 1132 4211 Benedictus
1151 4171 1185 4210 a
1201 4153 1458 4226 quodam
1470 4154 1829 4211 nobilissimo
1845 4171 2043 4211 secun-

429 4245 570 4300 dum
589 4243 781 4300 saeculi
797 4243 1145 4316 dignitatem
1173 4243 1296 4298 viro
1334 4246 1600 4299 exoratus
1645 4248 1731 4299 est
1760 4244 1838 4300 ud
1850 4243 1924 4299 ad
1939 4243 2043 4299 do-

429 4347 594 4388 mum
609 4332 732 4404 ejus
750 4331 1092 4405 dignaretur
1111 4347 1216 4404 per
1227 4331 1605 4404 semetipsum
1629 4333 2044 4404 accedere,quo

425 4437 669 4478 uxorem
690 4421 812 4493 ejus
827 4437 892 4478 ac
908 4419 1111 4492 tilium,
1137 4437 1311 4494 quem
1363 4437 1550 4494 nuper
1574 4419 1743 4476 enixa
1773 4420 1985 4484 fuerat,
2011 4435 2047 4474 a

429 4510 719 4568 daemonio
760 4527 873 4584 quo
913 4510 1247 4584 gravissime
1299 4511 1518 4582 pariter
1546 4511 1902 4565 vexabantur
1927 4509 2045 4565 suis

429 4600 642 4658 sanctis
671 4599 892 4657 meritis
920 4603 978 4657 et
1006 4601 1363 4657 orationibus
1390 4600 1683 4655 liberaret.
1708 4599 1790 4655 At
1817 4601 2044 4654 sanctus

431 4688 687 4758 Domini,
720 4705 826 4763 pro
841 4706 908 4746 eo
920 4689 1076 4762 quod
1097 4689 1149 4745 ei
1165 4687 1469 4745 familiaris
1487 4703 1592 4759 pro
1615 4686 1900 4760 aliquibus
1911 4703 2045 4760 ope-

429 4780 590 4838 ribus
614 4781 686 4837 ab
710 4798 778 4838 eo
808 4780 1072 4853 religiose
1103 4779 1276 4852 gestis
1305 4777 1596 4845 existeret,
1644 4777 1729 4832 ire
1776 4794 1896 4833 non
1929 4777 2041 4834 dis-

430 4870 582 4940 tulit,
616 4887 827 4944 eosque
856 4868 1232 4941 integerrime
1262 4865 1493 4922 sanitati
1523 4865 1789 4921 restituit.

502 4960 722 5016 Dehinc
747 4960 963 5016 Marcus
973 4957 1210 5030 quidam
1224 4957 1420 5029 poeta,
1436 4953 1510 5009 ad
1523 4955 1796 5010 eumdem
1808 4971 2043 5012 venera-

428 5049 611 5107 bilem
646 5046 1020 5104 Benedictum
1048 5044 1284 5100 veniens
1327 5043 1563 5116 ejusque
1608 5044 1942 5115 magisterio
1983 5062 2042 5100 se

441 5137 836 5204 committens,
869 5135 1062 5207 aliqua
1091 5133 1151 5188 in
1205 5132 1328 5204 ejus
1364 5133 1554 5201 laude,
1619 5132 1812 5190 Levita
1869 5132 2046 5206 ipsius

431 5228 688 5285 versibus
719 5225 990 5292 exaravit,
1023 5240 1152 5296 quas
1181 5221 1262 5278 ita
1287 5239 1345 5277 se
1378 5222 1619 5279 habent.

436 5336 565 5394 Car.
599 5337 643 5391 Ι.
673 5363 747 5376 -
770 5333 855 5389 De
883 5333 1120 5388 oratorio
1158 5329 1302 5403 quod
1327 5327 1392 5384 S.
1427 5329 1600 5403 Pater
1629 5329 1951 5390 Benedictus
1991 5335 2049 5387 in

503 5423 711 5464 summo
735 5411 912 5461 monte
947 5402 1205 5472 condidit,
1237 5402 1334 5459 ubi
1371 5402 1713 5472 sacriﬁcabat
1762 5403 1893 5459 Jovi
1909 5421 2050 5460 erro-

503 5497 604 5534 nea
625 5478 945 5551 paganitas.

437 5584 601 5644 Caeca
625 5580 962 5656 profanatas
991 5581 1210 5639 coleret
1232 5580 1373 5638 dum
1397 5581 1570 5640 turba
1596 5581 1830 5656 ﬁguras,

505 5674 577 5734 Et
603 5668 878 5734 manibus
910 5670 1095 5730 factos
1120 5667 1384 5730 crederet
1415 5687 1538 5731 esse
1566 5671 1730 5744 deos,

2193 609 2385 673 Quaeis
2417 609 2592 666 dabat
2617 610 2867 666 obsceno
2897 625 3061 668 sacra
3083 612 3324 668 cruenta
3345 609 3490 669 Iovi.

2131 699 2244 754 Sed
2265 699 2456 770 jussus
2477 699 2736 762 veniens,
2768 703 2826 755 et
2851 715 3051 756 eremo
3073 699 3292 756 sistitur
3317 701 3457 768 alta,

2203 787 2471 859 Purgavit
2498 790 2728 844 sanctus
2755 788 2908 844 hunc
2936 788 3275 847 Benedictus
3303 788 3580 854 humum,

2132 876 2480 948 Sculptaque
2500 876 2808 932 contractis
2833 877 3042 948 dejecit
3071 894 3371 936 marmora
3397 878 3605 951 signis,

2203 967 2271 1019 Et
2299 967 2584 1038 templum
2609 965 2734 1021 vivo
2765 966 3012 1038 praebuit
3033 983 3154 1024 esse
3181 968 3323 1024 Deo.

2133 1055 2251 1109 Huc
2278 1057 2551 1126 properet
2582 1055 2754 1111 caelos
2779 1057 2942 1126 Optat
2957 1055 3053 1127 qui
3082 1073 3322 1114 cernere
3347 1061 3606 1131 apertos,

2204 1144 2273 1198 Et
2300 1143 2394 1198 hic
2422 1159 2650 1200 memor
2679 1147 2738 1199 et
2763 1146 2961 1199 votum
2989 1149 3201 1210 [servet
3245 1147 3488 1212 votum],
3539 1146 3747 1203 semita

3145 1234 3318 1298 [dura
3340 1234 3530 1306 pium.

2135 1321 2377 1392 Semper
2403 1320 2622 1376 difﬁcili
2651 1324 2988 1394 quaeruntur
3017 1337 3236 1394 magna
3255 1323 3476 1391 labore,

2203 1411 2436 1466 Arctam
2467 1427 2697 1482 semper
2715 1411 2892 1467 habet
2914 1411 3028 1467 vita
3055 1411 3226 1466 beata
3254 1411 3430 1468 viam.

2133 1499 2294 1554 Hunc
2319 1515 2429 1570 ego
2461 1500 2600 1555 dum
2629 1516 2874 1572 pressus,
2906 1516 3240 1572 progressus
3261 1501 3414 1557 fasce
3443 1500 3744 1570 subissem,

2203 1586 2541 1660 Depositum
2566 1587 2716 1643 sensi
2745 1588 2972 1661 pondus
3001 1589 3199 1646 abesse
3228 1589 3394 1646 mihi.

2136 1675 2320 1732 Credo
2350 1676 2507 1748 quod
2537 1680 2597 1732 et
2620 1676 2754 1733 felix
2781 1677 2897 1733 vita
2923 1677 3085 1734 fruar
3110 1677 3347 1752 insuper
3375 1678 3496 1746 illa,

2209 1766 2351 1820 Ores
2375 1782 2480 1837 pro
2505 1766 2689 1822 Marco
2721 1765 2788 1835 si,
2821 1766 3126 1823 Benedicto
3154 1769 3277 1824 tuo.

2063 1883 2114 1943 B
2136 1853 2296 1909 Hunc
2308 1854 2472 1926 plebs
2485 1855 2658 1910 stulta
2675 1855 2865 1910 locum
2878 1855 3175 1927 quondam
3189 1855 3544 1913 vocitarant
3552 1873 3747 1914 arcem

2207 1943 2654 2016 Marmoreisque
2678 1958 2906 2000 sacrum
2933 1944 3151 2001 fecerat
3179 1960 3303 2001 esse
3332 1944 3474 2002 deis.

2139 2030 2320 2096 Quem
2349 2034 2486 2087 tunc
2511 2031 2556 2088 si
2587 2049 2720 2088 vero
2741 2032 3024 2105 signasaet
3053 2033 3299 2091 nomine
3330 2033 3665 2108 quisquam,

2204 2120 2542 2176 Tartareum
2572 2120 2762 2193 potuit
2780 2121 2914 2193 jure
2943 2137 3149 2178 vocare
3175 2123 3371 2180 chaos.

2135 2207 2222 2263 Ad
2250 2224 2427 2281 quem
2453 2209 2678 2265 caecatis
2705 2214 2966 2268 errantes
2999 2210 3294 2269 mentibus
3317 2211 3512 2281 ibant,

2210 2297 2482 2370 lmproba
2509 2298 2811 2355 mortifero
2840 2300 3084 2356 reddere
3111 2304 3243 2357 vota
3273 2302 3419 2358 Jovi.

2140 2385 2274 2453 Sed,
2304 2389 2463 2458 puto,
2495 2403 2776 2458 perversis
2798 2389 3030 2445 culmen
3055 2389 3389 2463 signaverat
3417 2389 3592 2447 aulas.

2211 2474 2454 2530 Nomine
2480 2491 2635 2531 nunc
2659 2477 2823 2543 arcis,
2857 2480 3076 2551 templa
3097 2479 3382 2536 moderns
3410 2481 3651 2537 vocant.

2139 2565 2202 2618 In
2230 2563 2436 2635 quibus
2467 2569 2702 2620 aeternae
2728 2566 3082 2624 damnorum
3112 2571 3281 2641 porta
3310 2569 3625 2642 gehenne,

2210 2655 2438 2725 Arxque
2466 2654 2642 2710 modo
2672 2655 2800 2710 vita
2821 2659 2908 2711 est
2936 2673 3064 2728 quae
3093 2656 3203 2713 fuit
3229 2661 3366 2713 ante
3397 2657 3582 2714 necis.

2141 2741 2224 2796 De
2241 2757 2355 2813 qua
2379 2742 2657 2814 stelligeri
2688 2746 2947 2815 pulsatur
2969 2745 3152 2816 janua
3179 2744 3328 2815 coeli,

2142 2830 2291 2884 Dum
2318 2830 2474 2886 canit
2498 2832 2770 2903 angelicis
2796 2834 2966 2890 turba
2993 2835 3165 2891 beata
3194 2835 3404 2891 mod-is.

2140 2916 2222 2972 De
2253 2935 2368 2990 qua
2404 2921 2749 2993 colloqueris
2777 2923 2884 2991 vir,
2917 2939 2952 2978 ο
2981 2923 3314 2981 Benedicte.
3340 2925 3620 2994 Tonanti,

2208 3008 2533 3078 Monticola,
2565 3014 2624 3067 et
2647 3012 2793 3068 sacri
2817 3013 2929 3068 dux
2959 3013 3204 3070 ercmita
3227 3013 3412 3070 chori.

2069 3171 2118 3231 α
2145 3132 2275 3189 CAP.
2304 3133 2370 3188 II.
2404 3164 2469 3175 —
2522 3133 2607 3191 De
2659 3135 2866 3208 angelis
2913 3138 3007 3231 qqi
3025 3137 3368 3231 pstenderunt
3397 3138 3453 3194 ei
3479 3139 3626 3193 viam
3655 3153 3758 3212 qua

2706 3208 2937 3280 pergere
2953 3208 3178 3266 deberet.

2146 3315 2234 3371 Ad
2267 3330 2444 3387 quam
2473 3316 2536 3370 tu
2563 3331 2630 3370 ex
2656 3314 2766 3371 alio
2788 3314 3044 3371 monitus
3072 3331 3207 3372 cum
3259 3319 3462 3373 monte
3515 3317 3758 3383 venires,

2218 3405 2327 3459 Per
2357 3403 2589 3460 deserta
2617 3402 2720 3459 tibi
2751 3402 2861 3459 dux
2886 3404 2994 3460 fuit
3025 3404 3143 3477 ipse
3168 3406 3340 3461 Deus.

2144 3493 2406 3564 Namque
2439 3492 2580 3547 duos
2599 3492 2845 3564 juvenes
2883 3492 3098 3549 bivium
3130 3493 3399 3566 perduxit
3446 3495 3524 3551 ad
3570 3511 3759 3562 omne,

2217 3581 2326 3646 Qui
2349 3584 2407 3636 te
2436 3581 2743 3636 ﬁrmarent
2768 3582 2925 3655 quod
2955 3581 3277 3655 sequereris
3309 3584 3440 3641 iter.

2143 3669 2243 3725 Hic
2270 3687 2504 3744 quoque
2534 3670 2745 3727 viventi
2759 3671 3051 3743 justorum
3081 3672 3304 3729 dixerat
3328 3671 3452 3742 uni,

2212 3758 2331 3827 His,
2365 3763 2454 3828 tu,
2477 3775 2649 3833 parce
2678 3760 2836 3828 locis,
2869 3761 3016 3821 alter
3045 3760 3264 3817 amicus
3294 3761 3479 3818 adest.

2143 3882 2325 3940 CAPUT
2361 3885 2454 3940 III.
2486 3885 2676 3958 —_ADe
2696 3884 2862 3942 tribus
2886 3888 3056 3944 corvis
3089 3903 3218 3958 quos
3246 3885 3386 3942 alere
3409 3885 3601 3942 solitus
3624 3891 3758 3943 erat»

2213 3957 2450 4032 quicum
2476 3955 2781 4032 a_Subla_ca
2815 3975 2979 4030 usque
3018 3955 3410 4032 Beneventum,
3454 3968 3557 4031 per
3608 3959 3759 4032 guin'

2213 4029 2476 4098 quaginta
2495 4029 2607 4099 fere
2637 4028 2920 4098 milliaria,
2951 4035 3076 4084 sunt
3110 4031 3297 4097 secuti,

2146 4131 2448 4205 Credeque
2478 4134 2612 4190 ﬁcta
2635 4134 2815 4208 loqui,
2847 4133 2958 4191 nisi
2989 4135 3168 4192 ternis
3193 4135 3346 4191 solus
3376 4134 3590 4192 abiret.

2216 4221 2355 4277 Tres
2381 4223 2569 4278 subito
2602 4223 2757 4279 corvi
2788 4241 3166 4298 promeruere
3191 4222 3374 4297 sequi.

2145 4309 2246 4366 Hic
2276 4326 2506 4382 quoque
2526 4315 2584 4367 te
2604 4312 2863 4368 clamant
2883 4313 3126 4385 populos
3146 4311 3244 4385 qui
3265 4314 3408 4368 teste
3433 4311 3753 4387 requirunt,

2217 4399 2522 4471 Exspectas
2547 4400 2731 4456 noctis
2759 4417 2891 4457 cum
2923 4401 3021 4474 pia
3067 4403 3216 4457 testa
3244 4417 3445 4460 sacrae.

2149 4486 2262 4552 Qui
2287 4489 2442 4543 velut
2463 4488 2671 4559 orbati,
2699 4489 2908 4559 raucis,
2935 4490 3039 4546 tibi
3067 4491 3207 4546 fiere
3231 4489 3478 4563 loquelis

2218 4577 2440 4631 Instant
2464 4577 2729 4633 convictu
2754 4578 2912 4652 quod
2937 4596 3175 4636 caruere
3201 4582 3324 4636 tuo.

2141 4661 2218 4719 Te
2248 4663 2353 4720 sibi
2383 4665 2610 4722 sublato
2643 4667 2899 4723 tenebris
2929 4684 3102 4724 mons
3124 4666 3330 4724 Coelius
3362 4668 3594 4740 horret,

2217 4754 2286 4808 Et
2317 4755 2498 4825 pollet
2522 4755 2746 4812 nebulis
2776 4757 3048 4813 concolor
3069 4755 3189 4830 ipse
3222 4755 3361 4814 suis.

2144 4877 2324 4954 Caro:
2352 4881 2415 4935 V.
2461 4911 2533 4922 —-
2575 4881 2659 4938 De
2709 4882 2981 4938 monachis
3031 4885 3145 4954 qui,
3193 4897 3258 4936 ex
3306 4879 3477 4954 tribus
3508 4887 3758 4937 monaste-

2215 4952 2312 5006 riis
2339 4969 2442 5023 pro
2481 4955 2784 5008 necessitate
2830 4970 2980 5026 aqua;
3028 4952 3100 5026 ad
3143 4968 3264 5008 eum
3295 4953 3522 5021 collecti,
3567 4967 3751 5026 merue-

2217 5021 2358 5076 runt
2386 5040 2448 5077 ex
2484 5031 2643 5097 petra
2674 5021 2888 5098 aquam'
2917 5023 3146 5080 ubertim
3176 5032 3490 5081 manantem
3519 5021 3749 5096 adipisci-

2145 5130 2406 5198 Moerent,
2439 5135 2496 5186 et
2526 5131 2701 5205 largis
2728 5131 3007 5188 distillant
3035 5130 3301 5188 ﬂuctibus
3331 5135 3524 5205 antra,

2235 5219 2495 5298 Cumque
2530 5222 2643 5278 suis
2663 5222 2952 5293 plangunt
2979 5219 3143 5276 arida
3167 5222 3348 5276 lustra
3375 5220 3534 5278 feris.

2145 5318 2248 5374 Ast
2273 5318 2412 5371 tunc
2436 5311 2720 5385 perdocto
2756 5308 2976 5382 scopuli
3007 5325 3228 5364 cessere
3255 5309 3526 5382 rubique,

2225 5405 2506 5477 Siccaque
2536 5399 2838 5458 mirandas
2866 5401 3021 5455 terra
3045 5398 3255 5454 retexit
3277 5415 3478 5471 aquas.

2153 5496 2391 5555 Certum
2417 5493 2505 5548 est
2531 5506 2701 5548 mons
2732 5487 2940 5546 Christi
2969 5486 3124 5560 quod
3172 5487 3483 5636 montibup'
3511 5485 3742 5585 imperet

3469 5590 3602 5636 ipsis

3469 5590 3602 5632 lDSlS

2227 5669 2511 5747 Subjectis
2539 5666 2806 5746 pedibus,
2835 5682 3006 5727 mons
3033 5667 3207 5741 caput
3224 5663 3359 5741 ipse
