3882 6212
187 417 281 478 861

1320 409 1675 482 ΒΕἎΜΟςΒΕ
1705 416 1773 490 S.
1801 409 2188 484 WBIC’I‘O

3409 417 3516 476 862

189 541 1362 615 Utsummum,tusanctePater,vegetere
1378 541 1496 615 (58)
1510 557 1808 609 cacumen,
1838 545 1892 608 Α
1983 540 2246 613 Cognita,
2269 539 2512 607 Christe,
2539 537 2662 607 tibi,
2695 535 2958 595 laudibus
2982 539 3146 593 antra
3177 542 3407 594 sonant.

256 628 560 687 Submisso
591 628 877 686 tumidam
905 630 1115 686 vertice
1143 632 1345 702 planat
1373 632 1640 697 humum,

188 719 335 774 Neve
367 719 692 791 fatigentur
721 718 818 792 qui
850 721 927 786 te,
950 719 1278 786 Benedicte,
1304 717 1627 791 requirunt,

255 807 507 862 Molliter
533 807 832 880 obliquum
854 807 1021 880 ponit
1038 807 1245 880 ubique
1274 809 1442 864 latus.

189 895 346 950 Nunc
367 911 545 951 mons
574 895 693 966 ipsc
719 898 915 952 tamen
939 895 1093 967 juste
1124 895 1225 951 tibi
1240 894 1430 950 reddit
1459 895 1767 961 honorem,

257 983 366 1048 Qui
399 983 617 1039 meruit
645 986 893 1051 tantum,
926 987 982 1039 te
1011 984 1342 1049 decorante,
1375 984 1614 1038 bonum.

186 1071 364 1126 Arida
395 1075 456 1126 tu
488 1071 669 1142 cujus,
695 1071 876 1126 hortis
906 1073 1208 1144 componis
1226 1071 1493 1139 ammnis,

258 1159 541 1232 Nudaque
573 1160 820 1216 fecundo
853 1159 1091 1232 palmite
1125 1177 1257 1215 saxa
1287 1159 1449 1232 tegis.

189 1246 468 1304 Mirantur
494 1251 744 1315 montes,
778 1249 1010 1320 scopula
1039 1249 1324 1322 [scopuli],
1355 1249 1505 1304 freta
1535 1263 1686 1303 nunc
1707 1263 1807 1302 sua

1560 1337 1734 1403 dona,

260 1425 728 1499 Ponmiferisque
754 1426 898 1482 viret
924 1426 1060 1482 silva
1090 1427 1296 1483 decora
1323 1426 1524 1484 comis.

191 1513 282 1569 Sic
297 1515 613 1570 hominum
647 1516 863 1571 celeres
891 1515 950 1570 in
977 1516 1233 1588 fructum
1265 1516 1462 1587 dirigis
1490 1519 1668 1580 artus,

259 1603 424 1658 Sicca
447 1603 746 1660 salutifero
770 1603 1012 1659 ﬂumine
1039 1605 1215 1660 corda
1245 1604 1462 1676 rigans.

191 1690 302 1758 Sic,
334 1707 506 1764 rogo,
537 1705 690 1748 nunc
719 1691 934 1766 spinas,
967 1691 1026 1748 in
1056 1692 1289 1764 frugem
1317 1696 1473 1748 verte
1504 1691 1810 1780 malignas,

261 1779 403 1844 Quae
434 1780 735 1836 macerant
760 1779 928 1836 Marci
954 1783 1192 1854 pectora
1212 1782 1383 1836 bruta
1413 1781 1516 1836 tui.

1910 629 2166 701 Frigora,
2189 630 2395 696 ﬂabra,
2419 629 2576 684 nives
2601 628 2819 700 perfert
2839 626 3022 681 tribus
3048 625 3295 698 impiger
3324 626 3514 695 annis,

1976 719 2208 774 Temnis
2228 735 2428 774 amore
2459 719 2580 784 Dei,
2613 717 2851 790 frigora,
2875 717 3078 779 flabra,
3109 715 3287 774 nives.

1908 808 2082 862 Fraus
2118 808 2449 862 veneranda
2483 808 2689 878 placet,
2724 805 2949 878 pietatis
2990 805 3142 859 furta
3173 805 3512 877 probantur,

1979 896 2103 960 Qua
2132 912 2291 950 sacer
2322 896 2468 950 altus
2489 899 2632 961 erat,
2669 895 2823 949 fraus
2853 894 3180 948 veneranda
3199 894 3406 966 placet.

1911 984 2113 1056 Signat
2129 985 2324 1039 adesse
2355 985 2531 1056 dapes
2560 999 2790 1055 agapes,
2833 983 2932 1038 sed
2958 982 3158 1037 lividus
3187 981 3377 1038 obstat

1980 1072 2262 1127 Nilminus
2293 1073 2445 1127 alma
2475 1073 2636 1138 ﬁdes,
2667 1072 2856 1142 signat
2893 1071 3090 1126 adesse
3114 1071 3308 1142 dapes.

1911 1161 2083 1233 Orgia
2125 1161 2232 1215 rite
2275 1161 2429 1228 colit,
2468 1161 2688 1216 Christo
2726 1159 2822 1232 qui
2857 1158 3260 1214 accommodat
3289 1174 3510 1224 aurem,

1979 1250 2340 1306 Abstemium
2365 1266 2624 1322 pascens,
2657 1248 2820 1319 orgia
2843 1249 2951 1303 rite
2973 1248 3129 1303 colit.

1910 1341 2122 1396 Pabula
2151 1345 2315 1412 grata
2343 1340 2539 1394 ferunt
2568 1338 2715 1393 avidi
2747 1339 2818 1394 ad
2847 1339 3056 1409 spelaea
3085 1336 3322 1404 subulci,

1985 1429 2314 1486 Pectoribus
2346 1429 2508 1495 laetis,
2537 1430 2747 1500 pabula
2771 1432 2936 1500 grata
2967 1428 3189 1494 ferunt;

1913 1519 2069 1592 Ignis
2107 1519 2178 1574 ab
2228 1519 2362 1591 igne
2395 1518 2566 1590 perit,
2595 1519 2852 1573 lacerant
2899 1517 3037 1571 dum
3068 1516 3281 1571 viscera
3305 1519 3514 1582 sentes,

1985 1608 2240 1663 Carneus
2265 1607 2539 1674 aathereo,
2565 1605 2713 1677 ignis
2743 1606 2815 1660 ab
2847 1606 2978 1677 igne
3006 1606 3175 1677 perit.

1916 1698 2092 1754 Pestis
2124 1696 2322 1768 iniqua
2354 1697 2559 1762 latens,
2594 1696 2756 1751 oculo
2788 1697 2873 1750 est
2909 1695 3268 1767 deprehensa
3303 1695 3516 1768 sagaci,

1985 1787 2109 1841 Non
2141 1784 2272 1838 tulit
2291 1800 2456 1840 arma
2484 1783 2685 1849 crucis,
2718 1783 2892 1853 pestis
2921 1783 3120 1854 iniqua
3148 1783 3352 1839 latens.

260 1869 331 1922 Et
349 1868 476 1924 haec
497 1868 732 1941 quidem
758 1853 975 1926 Marcus
999 1868 1060 1924 in
1097 1869 1385 1940 preconio
1419 1869 1686 1942 spiritalis
1713 1869 1814 1925 do-
1836 1853 1888 1914 Β
1915 1874 2088 1932 Lenia
2121 1873 2304 1944 ﬂagra
2331 1888 2536 1943 vagam
2579 1870 2786 1925 sistunt
2816 1853 3225 1926 modestimine
3257 1871 3521 1928 modera-

189 1957 365 2012 ctoris
393 1957 481 2012 sui
515 1957 753 2014 metrico
790 1957 940 2015 lusit.
975 1960 1110 2014 Post
1146 1975 1281 2014 eum
1309 1959 1518 2014 Paulus
1545 1957 1690 2014 sacri
1705 1975 1814 2015 cm-

191 2044 345 2101 nobii
373 2045 729 2101 Cassinensis
775 2047 1118 2114 monachus,
1151 2046 1210 2101 in
1274 2047 1519 2102 Historia
1548 2047 1812 2101 Romana

189 2133 334 2190 libro
349 2134 772 2200 decimosexto,
805 2134 1176 2208 taliterhujus
1220 2134 1399 2190 sancti
1419 2134 1602 2190 Patris
1630 2130 1809 2190 nostri

189 2220 324 2278 facit
351 2221 757 2278 mentioncm:
789 2245 817 2273 ‹‹
859 2223 953 2280 His
975 2223 1111 2294 ipsis
1161 2224 1552 2296 temporibus,
1611 2223 1810 2295 procul

191 2310 364 2366 dubio
390 2310 600 2382 quibus
624 2310 924 2368 Belisarius
950 2312 1225 2384 patricius
1245 2313 1526 2368 Vandalos
1548 2313 1604 2367 in
1621 2312 1812 2368 Africa

191 2398 341 2455 bello
377 2399 631 2467 domuit,-
677 2400 833 2471 apud
861 2399 1124 2456 Castrum
1156 2401 1476 2469 Cassinum,
1507 2405 1643 2473 post
1677 2401 1809 2456 soli-

189 2487 404 2543 tariam
430 2487 633 2555 vitam,
684 2491 880 2546 sancto
942 2489 1160 2561 degens
1195 2490 1482 2558 cmnobio,
1514 2489 1811 2561 stupendis

190 2575 562 2632 beatissimus
573 2579 742 2633 Pater
758 2578 1118 2647 Benedictus,
1151 2595 1258 2634 nec
1275 2578 1466 2634 minus
1483 2579 1810 2634 futurorum

198 2665 493 2739 praescius,
547 2666 812 2724 radiabat
865 2667 1186 2726 virtutibus.
1231 2670 1408 2724 Porro
1459 2669 1518 2724 in
1568 2668 1813 2725 Historia

192 2754 382 2825 gentis
402 2755 654 2822 suaz,hoc
674 2758 759 2810 est
786 2756 1326 2829 Langobardorum,
1345 2757 1521 2814 vitam
1553 2758 1812 2829 ejusdem

193 2843 382 2898 nostri
416 2846 548 2915 post
577 2844 889 2900 Dominum
941 2845 1282 2916 protectoris
1313 2846 1565 2917 elegacio
1625 2850 1811 2901 metro

193 2931 514 2986 discribere
545 2932 875 3006 disponens,
890 2933 998 2988 hoc
1030 2933 1274 3005 sumpsit
1297 2934 1616 2990 exordium.
1645 2935 1811 2990 «Jus-

188 3018 401 3075 tiniani
412 3021 652 3092 Augusti
662 3022 1144 3095 temporibus,qui
1157 3023 1483 3078 Romanum
1502 3023 1578 3077 im
1587 3023 1812 3096 perium

3039 1959 3226 2020 [mine
3261 1963 3519 2019 mentem

1985 2051 2306 2107 Excludunt
2335 2051 2582 2121 pestem,
2615 2047 2766 2103 lenia
2791 2047 2976 2119 ﬂagra
3003 2063 3235 2118 vagam.

1913 2140 2079 2197 Unda
2105 2139 2373 2214 perennis
2401 2154 2587 2210 aquae,
2621 2136 2810 2192 nativo
2837 2153 2868 2191 ο
2896 2151 3188 2192 marmore
3209 2138 3435 2201 manat,

1980 2227 2160 2284 Arida
2187 2228 2364 2284 corda
2391 2225 2543 2298 rigat
2573 2224 2729 2280 unda
2757 2223 3036 2296 perennis
3066 2240 3253 2296 aquae.

1912 2316 2160 2390 Gurgitis
2189 2316 2310 2371 ima
2335 2314 2578 2386 Chalybs
2604 2314 2806 2385 capulo
2828 2313 3042 2368 divulse
3074 2313 3287 2384 petisti,

1984 2405 2208 2462 Deseris
2238 2407 2355 2460 alta
2377 2406 2597 2477 petens,
2625 2401 2868 2474 gurgitis
2891 2401 3011 2456 ima
3031 2401 3256 2473 Calybe.

1911 2498 2073 2552 Jussa
2093 2498 2338 2566 paterna
2363 2509 2571 2565 gerens
2599 2492 2849 2563 dilapsus
2866 2489 3045 2545 currit
3071 2489 3130 2545 in
3158 2507 3378 2563 aequor,

1986 2584 2182 2641 Currit
2207 2587 2400 2638 vectus
2431 2581 2612 2654 aquis,
2630 2581 2789 2652 jussa
2811 2583 3054 2652 paterna
3079 2596 3308 2651 gerens.

1914 2673 2166 2730 Praabuit
2181 2672 2340 2728 unda
2356 2671 2529 2740 viam,
2545 2674 2816 2742 prompto
2838 2668 2911 2724 ad
2931 2671 3220 2740 prmeepta
3240 2667 3524 2740 magistri,

1986 2763 2240 2818 Cursoris
2264 2761 2491 2833 ignaro,
2518 2756 2765 2829 prebuit
2792 2755 2945 2812 unda
2973 2754 3145 2810 viam.

1912 2854 1994 2909 Tu
2025 2867 2275 2924 quoque,
2305 2865 2479 2923 parve
2516 2863 2680 2918 puer,
2716 2844 2940 2917 raperis
2963 2859 3070 2899 nec
3101 2841 3314 2899 occidis
3343 2842 3520 2916 (mer-

3101 2932 3302 3004 [geris)
3333 2932 3524 2998 undis,

1982 3029 2160 3086 Testis
2190 3028 2327 3084 ades
2355 3043 2548 3095 verax,
2570 3027 2632 3080 tu
2661 3039 2910 3096 quoque,
2935 3037 3110 3094 parve
3141 3037 3304 3094 puer.

191 3106 348 3162 felici
380 3111 535 3164 sorte
557 3108 721 3177 rexit,
752 3109 850 3182 qui
880 3113 939 3164 et
965 3110 1118 3166 bella
1145 3128 1420 3184 prospere
1450 3112 1643 3184 gessit,
1669 3115 1726 3166 et
1753 3111 1812 3166 in
1842 3163 1889 3188 η
1915 3118 2141 3174 Perﬁda
2170 3116 2590 3188 cordagemunt
2609 3112 2854 3168 stimulis
2883 3111 3100 3182 agitata
3128 3108 3400 3182 malignis

423 3163 427 3164 ν
598 3163 609 3164 κ
645 3163 672 3164 η
708 3163 721 3177 ι
763 3163 810 3182 ιν
891 3163 934 3164 η
966 3163 1115 3166 η--ήτ
1145 3163 1414 3184 τηεμ-τ
1450 3163 1643 3184 om--.
1677 3163 1722 3166 η
1915 3163 1937 3174 -
1961 3163 2141 3174 -.η-..-
2171 3163 2303 3172 -.η-
2389 3163 2848 3170 -.-η----πη--η-
2889 3163 3096 3182 πον-η

188 3196 377 3252 causis
415 3197 677 3253 civilibus
718 3198 991 3254 miriﬁcus
1036 3200 1268 3267 exstitit,
1313 3200 1672 3256 beatissimus
1707 3201 1811 3255 Be—
1841 3163 1890 3228 δ
1979 3206 2265 3261 Tartareis
2290 3163 2542 3260 ﬂammis
2569 3203 2790 3274 perfida
2813 3201 2989 3257 corda
3019 3203 3286 3272 gemunt.

191 3284 461 3340 nedictus
490 3287 648 3358 prius
677 3287 735 3342 in
759 3287 887 3343 loco
933 3287 1029 3361 qui
1056 3287 1330 3344 Sublacus
1357 3288 1587 3357 dicitur,
1615 3289 1712 3361 qui
1738 3289 1810 3344 ab

190 3381 338 3438 urbe
363 3383 552 3438 Roma
580 3383 966 3456 quadraginta
1017 3383 1270 3440 millibus
1301 3383 1482 3451 abest,
1509 3388 1569 3440 et
1611 3387 1814 3456 postea

188 3471 254 3526 in
289 3470 492 3525 Castro
519 3470 750 3526 Cassino
772 3473 928 3545 quod
973 3473 1191 3528 Harum
1233 3473 1583 3544 appellatur,
1601 3475 1661 3527 et
1686 3489 1811 3527 ma-

188 3576 330 3632 gna;
357 3559 490 3614 vitae
524 3559 768 3628 meritis,
798 3565 856 3617 et
893 3561 1218 3633 apostolicis
1245 3561 1546 3617 virtutibus
1582 3561 1810 3617 effulsit.

189 3647 372 3720 Cujus
393 3648 592 3716 vitam,
615 3648 762 3704 sicut
790 3654 995 3706 notum
1018 3652 1124 3718 est,
1149 3650 1352 3706 beatus
1408 3666 1559 3722 papa
1601 3651 1816 3722 Grego-

189 3737 316 3794 rius
340 3737 402 3792 in
437 3737 555 3793 suis
579 3738 830 3810 Dialogis
854 3739 1009 3794 suavi
1036 3755 1305 3795 sermone
1321 3739 1665 3809 composuit.
1697 3741 1814 3812 Ego

187 3843 435 3900 quoque
463 3826 880 3899 Paulus,ipsius
900 3827 1246 3884 sanctissimi
1267 3829 1454 3885 Patris
1476 3829 1814 3898 monachus,

186 3932 304 3990 pro
331 3915 615 3988 parvitate
644 3915 865 3989 ingenii
885 3917 1024 3982 mei,
1054 3917 1128 3973 ad
1154 3918 1437 3974 honorem
1467 3919 1613 3974 tanti
1637 3918 1818 3974 Patris

187 4005 430 4077 singula
453 4005 575 4076 ejus
626 4005 926 4076 miracula,
957 4023 1062 4080 per
1110 4007 1340 4078 singula
1395 4007 1657 4077 disticha,
1701 4007 1816 4063 ele-

190 4094 367 4168 giaco
401 4097 591 4150 metro
614 4095 725 4150 hoc
744 4095 920 4152 modo
949 4096 1215 4152 contexui
1248 4112 1262 4151 :

192 4183 414 4240 Ordiar
435 4183 589 4239 unde
612 4187 764 4251 tuos,
795 4201 957 4252 sacer
981 4201 1014 4240 ο
1033 4183 1361 4252 Benedicte,
1382 4183 1706 4258 triumphos
1723 4185 1751 4241 ‘l

271 4272 566 4328 Virtutum
591 4274 852 4328 cumulos
893 4273 1089 4330 ordiar
1110 4273 1264 4330 unde
1288 4275 1418 4330 tuos
1438 4276 1468 4328 ?

194 4361 578 4433 Euge,'beate
603 4363 794 4432 Pater,
818 4362 1092 4418 meritum
1121 4361 1220 4434 qui
1251 4362 1489 4419 nomine
1509 4363 1706 4438 prodis
1729 4362 1745 4419 l

281 4449 523 4522 Fulgida
551 4450 647 4505 lux
671 4450 843 4519 szecli;
871 4467 1041 4524 euge,
1072 4451 1241 4506 beate
1274 4452 1443 4507 Pater
1472 4451 1486 4506 l

197 4537 432 4606 Nursia,
463 4539 674 4611 plaude
705 4539 863 4607 satis,
881 4542 1046 4596 tanto
1078 4539 1343 4596 sublimis
1367 4541 1626 4610 alumno,

276 4629 446 4682 Astra
473 4627 666 4683 ferens
693 4629 934 4698 mundo,
965 4629 1185 4698 Nursia,
1224 4629 1434 4701 plaude
1471 4631 1608 4688 satis
1639 4630 1652 4685 l

200 4715 251 4773 Ο
285 4716 506 4787 puerile
533 4716 707 4772 decus
726 4717 1141 4774 transcendens
1165 4716 1422 4774 moribus
1452 4735 1658 4789 annos,

281 4805 757 4879 Exsuperansque
786 4823 972 4876 senes,
1004 4823 1037 4862 ο
1063 4806 1285 4879 puerile
1315 4807 1487 4864 decus
1511 4807 1524 4862 ι

201 4894 356 4963 Flos,
387 4894 680 4967 paradise,
711 4898 844 4949 tuus
864 4896 1120 4967 despexit
1150 4895 1357 4952 ﬂorida
1384 4898 1611 4968 mundi,

279 4982 661 5055 Sprevitopes
691 4983 888 5038 Romae
918 4984 1045 5053 ﬂos,
1078 4984 1365 5056 paradise,
1396 4989 1545 5043 tuus.

203 5070 318 5127 Vas
348 5072 661 5144 pedagoga
683 5071 788 5144 (59)
821 5071 952 5127 tulit
978 5074 1360 5138 confractum,
1392 5078 1624 5147 pectore
1672 5077 1818 5133 tristi

278 5163 435 5218 Laeta
486 5162 871 5216 reformatum
893 5178 988 5217 vas
1023 5163 1327 5235 pedagoga
1357 5165 1503 5220 tulit.

1913 3296 2046 3351 Fert
2075 3293 2358 3348 alimenta
2383 3293 2563 3347 Corax
2588 3290 2781 3362 digitis
2801 3290 2996 3345 oblata
3015 3289 3315 3362 malignis;

1985 3382 2119 3439 Dira
2132 3381 2329 3453 procul
2351 3380 2562 3450 jussus,
2599 3379 2714 3434 fert
2743 3378 3022 3433 alimenta
3051 3378 3254 3434 Corax.

1916 3473 2156 3527 Pectora
2193 3484 2355 3523 sacra
2393 3468 2593 3522 dolent
2621 3466 2923 3521 inimicum
2961 3467 3089 3522 labe
3129 3468 3520 3538 peremptum.

1989 3556 2258 3631 Discipuli
2287 3571 2581 3613 excessum
2612 3557 2849 3626 pectora
2875 3569 3040 3610 sacra
3068 3554 3286 3609 dolent.

1917 3647 2065 3706 Diris
2087 3662 2319 3703 ammna
2337 3647 2542 3716 patens
2568 3643 2805 3700 ducibus
2834 3641 3128 3698 comitaris
3157 3639 3385 3712 opimis,

1989 3737 2219 3794 Caelitus
2251 3733 2581 3801 attraheris,
2604 3730 2739 3804 lyris
2765 3746 2994 3788 amcena
3017 3733 3240 3802 petens.

1917 3826 2137 3899 Anguis
2165 3824 2365 3897 inique
2396 3822 2539 3878 furis
2564 3822 2689 3878 loco
2721 3819 2898 3885 [luco]
2931 3817 3205 3891 spoliatus
3233 3819 3293 3874 et
3311 3817 3458 3888 aris;

1989 3914 2227 3971 Amissis
2248 3911 2495 3986 populis,
2529 3908 2732 3982 anguis
2759 3909 2955 3982 inique
2979 3907 3145 3964 furis.

1919 4004 2190 4077 Improbe
2230 4017 2416 4058 sessor
2454 3999 2569 4067 abi,
2601 3998 2726 4054 sine
2752 3998 2962 4054 dentur
2991 4012 3290 4054 marmora
3316 3994 3529 4066 muris;

1993 4092 2229 4166 Cogeris
2254 4089 2524 4164 imperio,
2552 4087 2818 4159 improbe
2845 4103 3032 4143 sessor
3059 4085 3174 4142 abi.

1924 4182 2190 4240 Cernitur
2219 4179 2372 4253 ignis
2401 4179 2545 4234 edax
2574 4176 2728 4233 falsis
2757 4175 3057 4248 insurgere
3083 4173 3358 4243 ﬂammis,

1992 4272 2106 4328 Nec
2128 4269 2256 4338 tibi,
2283 4282 2522 4342 gemma
2546 4265 2788 4334 micans,
2819 4264 3076 4321 cernitur
3100 4263 3252 4335 ignis
3277 4263 3444 4320 edax.

1921 4361 2072 4418 Dum
2093 4358 2330 4415 struitur
2360 4355 2569 4429 paries,
2599 4355 2930 4411 lacerantur
2947 4352 3164 4410 viscera
3192 4351 3406 4410 fratris.

1844 4411 1899 4472 Β
1922 4411 1961 4418 —
1978 4411 2392 4522 wSospes:adest
2419 4411 2620 4511 frater,
2653 4443 2794 4499 dum
2819 4442 3058 4499 struitur
3086 4439 3294 4513 paries.

1921 4538 2132 4598 Abdita
2152 4537 2303 4594 facta
2332 4536 2556 4608 patent,
2588 4533 2784 4606 patulo
2815 4532 3142 4605 produntur
3164 4528 3388 4598 edaces,

1993 4627 2244 4687 Muneris
2269 4623 2510 4697 accepti,
2542 4622 2740 4679 abdita
2769 4621 2921 4678 facta
2942 4620 3166 4694 patent.

1926 4719 2086 4776 Saeve
2115 4719 2383 4790 tyranne,
2416 4715 2531 4768 tua:
2556 4711 2909 4767 frustrantur
2935 4708 3088 4766 retia
3110 4707 3348 4778 fraudis,

1997 4808 2182 4862 Frena
2211 4803 2365 4875 capis
2393 4802 2544 4869 vitae,
2571 4815 2716 4856 suave
2743 4801 3010 4870 tyranne,
3042 4800 3178 4853 tuae.

1924 4895 2132 4954 Mtenia
2159 4895 2310 4950 celsa
2339 4891 2573 4946 Neuma:
2606 4887 2764 4943 nullo
2790 4886 3141 4940 subruentur
3165 4885 3238 4942 ab
3264 4885 3453 4954 hoste,

1995 4985 2185 5041 Turbo
2213 4983 2310 5050 ait,
2343 4981 2582 5046 evertet,
2605 4973 2821 5032 moenia
2849 4975 2999 5028 celsa
3027 4975 3262 5030 Neumaa

1928 5073 2199 5130 Plecteris
2226 5072 2391 5126 hoste
2421 5066 2578 5139 gravi
2608 5081 2683 5119 ne
2711 5062 2840 5117 lites
2867 5077 3078 5116 munus
3107 5062 3180 5116 ad
3210 5079 3395 5131 aram,

1998 5164 2197 5219 Munus
2227 5161 2341 5215 fers
2367 5157 2506 5212 dum
2537 5153 2669 5215 aris,
2699 5149 2964 5221 plecteris
2993 5149 3156 5204 hoste
3181 5152 3360 5220 gravi.

206 5252 357 5308 Urbe
376 5268 661 5308 vocamen
695 5251 913 5306 habens
942 5234 1079 5325 (ϐό),
1101 5234 1368 5324 lyr-onem
1385 5255 1641 5311 cautibus
1671 5257 1833 5319 abdit,
1933 5253 2142 5310 Omnia
2165 5251 2327 5321 septa
2355 5242 2569 5317 gregis,
2595 5238 2921 5311 Ρτωεοὶῐιιῐη
2959 5240 3065 5304 εει,
3091 5237 3303 5325 tradita
3341 5234 3523 5308 εθηιίι

278 5343 411 5397 Fert
430 5339 665 5413 pietatis
691 5356 883 5410 opem,
913 5341 1060 5396 Urbe
1082 5358 1362 5397 vocanem
1389 5344 1631 5403 habens.

209 5428 495 5487 Laudibus
516 5432 691 5484 antra
709 5433 918 5484 sonant
949 5430 1293 5487 mortalibus
1333 5431 1530 5488 abdita
1585 5433 1825 5507 cunctis,

281 5592 726 5660 (58)Obscurum
762 5588 1021 5647 verbum.

281 5595 366 5660 (58
397 5594 726 5650 Obscurum
762 5594 1021 5647 verbum.

281 5594 390 5743 (59;
422 5660 768 5724 Excusanda
794 5662 1122 5739 antiquitas.

1999 5342 2152 5395 Gens
2181 5336 2386 5393 eadem
2407 5333 2660 5402 reparat,
2693 5325 2890 5382 omnia
2921 5327 3083 5397 septa
3102 5324 3316 5397 gregis.

1928 5427 2165 5484 Fraudis
2194 5423 2379 5480 amice
2408 5435 2552 5491 puer
2582 5432 2746 5474 suaso
2767 5412 3012 5487 capturis
3041 5413 3116 5470 ab
3144 5412 3356 5488 hydro,

1999 5590 2103 5668 (60)
2137 5587 2196 5646 S.
2228 5585 2542 5644 Romanus.
