3882 6212
234 444 335 507 865

516 563 662 622 Vite
687 577 863 620 sacras
893 557 1250 634 sequacibus.

589 655 718 710 Jam
749 653 862 709 dux
891 650 1108 707 alumni
1141 653 1228 704 sat
1257 651 1484 720 potens,

509 743 684 800 Adsis
710 741 902 814 gregis
931 738 1203 812 suspiriis,

515 833 724 887 Gliscat
753 830 940 896 bonis,
982 829 1230 900 hydrum
1261 842 1485 892 cavens,

515 920 602 974 Sit
632 918 789 974 callis
818 922 880 972 ut
907 934 1117 990 sequax
1145 915 1246 970 tui.

1497 434 1725 493 SERMO
1747 433 1840 491 DE
1869 432 1926 490 S.
1963 432 2347 490 BENEDICTO

1865 557 1922 618 Α
1948 553 2227 609 Omnibus
2253 556 2337 608 est
2366 552 2528 624 virga
2548 549 2796 623 gracilis,
2815 549 3140 607 moderatio
3163 549 3340 622 justa,

3451 428 3555 488 866

2019 643 2180 698 Lima
2209 641 2306 714 pia
2332 641 2467 714 [pie]
2491 642 2743 712 capiens,
2775 658 2957 712 regna
2982 641 3151 696 beata
3180 657 3410 712 parans.

1943 731 2177 803 Arguit,
2206 732 2486 798 obsecrat,
2519 729 2799 802 increpat,
2848 734 3019 802 atque
3070 730 3319 786 libenter
3350 745 3552 785 emen-

3233 818 3374 891 (dat.

2018 907 2169 972 Quos
2201 908 2306 963 sibi
2334 924 2614 979 germano
2649 907 2864 962 foedere
2887 907 3197 964 consociat.

296 1013 482 1066 Porro
539 1007 958 1063 desolationem
1003 1005 1174 1077 ipsius
1215 1001 1583 1057 sacratissimi
1638 1000 1841 1057 Montis
1942 997 2105 1052 Novit
2133 998 2204 1051 ad
2235 1000 2518 1051 mternum
2569 997 2884 1050 monachos
2935 996 3251 1067 perducere
3301 1009 3552 1066 regnum

229 1099 470 1165 Cassini,
499 1113 676 1170 quam
708 1095 911 1150 beatus
931 1096 1098 1149 Pater
1121 1092 1476 1158 Benedictus,
1501 1092 1681 1145 multo
1705 1094 1838 1144 ante

224 1186 582 1261 spiritalibus
614 1184 958 1257 prmviderat
996 1182 1192 1248 oculis,
1242 1197 1347 1235 nec
1405 1197 1521 1234 non
1555 1183 1838 1234 restaura-

224 1277 447 1332 tionem
499 1275 647 1345 ejus,
693 1272 1029 1328 brevissimo
1073 1269 1349 1325 narrandi
1381 1285 1593 1340 genere
1624 1268 1840 1323 curavit

220 1364 622 1420 manifestare.
651 1364 724 1416 At
765 1377 899 1415 vero
926 1359 1287 1414 translationi
1318 1356 1681 1412 sacratissimi
1711 1373 1837 1411 cor-

219 1454 375 1526 poris
403 1452 669 1523 ejusdem
708 1448 891 1504 sancti
926 1447 1105 1502 Patris
1151 1464 1213 1501 ac
1272 1446 1482 1500 sororis
1513 1446 1634 1516 ejus
1659 1445 1835 1499 Scho-

217 1541 457 1607 lasticae,
491 1540 566 1595 ad
594 1541 747 1594 hunc
798 1536 1187 1592 venerabilem
1246 1537 1436 1590 locum
1491 1533 1833 1600 Floriacum,

221 1629 605 1696 licetinvitus,
622 1627 682 1682 in
700 1627 824 1700 ipsa
857 1625 1376 1697 Longobardorum
1407 1622 1652 1678 Historia
1682 1621 1836 1676 testi-

220 1719 488 1774 monium
514 1717 760 1790 praebuit
789 1715 1017 1787 (Paulus
1047 1712 1432 1783 Cassinensis.)
1465 1711 1602 1775 Quae
1637 1711 1836 1765 omnia

219 1808 352 1881 quia
387 1805 452 1860 in
499 1805 687 1877 primo
718 1804 866 1858 libro
893 1802 1295 1857 Miraculorum
1319 1816 1469 1870 pene
1495 1798 1668 1872 ipsius
1707 1816 1836 1854 ver-

2013 1087 2078 1138 Et
2109 1086 2324 1139 sociare
2357 1086 2530 1139 choro
2565 1085 2808 1138 dulciter
2836 1085 3120 1154 angelico.

1942 1155 2212 1221 Quamvis
2241 1158 2363 1210 haec
2396 1156 2576 1210 socios
2603 1156 2727 1210 cocli
2755 1156 2998 1209 deducat
3026 1156 3097 1209 ad
3131 1155 3266 1225 alta,

2012 1247 2106 1298 Est
2137 1249 2331 1299 tamen
2364 1249 2636 1314 angustus
2667 1245 2844 1310 callis,
2878 1248 2934 1296 et
2966 1247 3124 1297 arcta
3154 1243 3262 1310 via,

1938 1335 2109 1388 Arcta
2137 1334 2257 1404 pios
2289 1333 2422 1386 celsi
2455 1333 2683 1386 deducit
2716 1333 2788 1386 ad
2827 1332 2974 1386 atria
3001 1331 3189 1402 regni,

2008 1423 2215 1492 Ampla
2242 1423 2423 1475 malos
2451 1423 2605 1493 putci
2629 1420 2841 1490 mergit
2870 1420 2926 1473 in
2952 1421 3070 1474 ima
3093 1419 3261 1490 nigri.

1936 1510 2116 1564 Nemo
2133 1510 2279 1564 viam
2295 1511 2495 1564 timeat
2515 1510 2932 1563 monachorum
2953 1508 3168 1562 intrare
3186 1525 3288 1578 per
3310 1511 3550 1576 arctam,

2006 1599 2233 1652 Ducunt
2265 1598 2338 1651 ad
2365 1599 2710 1668 astrigerum
2736 1601 2923 1651 castra
2951 1598 3122 1651 beata
3150 1597 3373 1668 polum.

2010 1686 2322 1757 [Astrigero
2349 1685 2630 1740 inducunt
2658 1690 2844 1740 castra
2865 1686 3033 1739 beata
3054 1686 3206 1754 polo]

1940 1774 2038 1829 Ille
2069 1773 2182 1846 poli
2213 1773 2425 1844 poterit
2456 1773 2656 1828 leviter
2686 1773 3072 1830 conscendere
3105 1774 3257 1828 celsa

219 1861 302 1951 bis
317 1899 558 1950 exarata
578 1895 731 1960 sunt,
751 1908 856 1946 nos
879 1889 1113 1945 interim
1139 1889 1426 1943 succincte
1457 1904 1670 1959 genere
1701 1903 1834 1942 nar-
1862 1871 1914 1929 Β
2221 1877 2404 1917 “Ocno
2439 1862 2596 1960 nulla
2616 1861 2873 1960 Ponqere
2901 1863 3067 1960 συξρᾶ
3094 1865 3313 1932 gravat:

217 1983 386 2039 randi
415 1981 745 2056 praelibasse
779 1979 1041 2034 sufﬁciat.
1078 1977 1221 2032 lllud
1271 1993 1408 2032 sane
1448 1993 1565 2031 non
1595 1976 1838 2032 reticen-

222 2071 362 2127 dum
393 2070 534 2144 quia
549 2071 665 2125 Deo
684 2067 950 2124 amabilis
968 2066 1146 2121 abbas
1163 2065 1284 2120 Odo
1311 2064 1370 2119 in
1393 2065 1561 2119 laude
1576 2064 1836 2136 ejusdem

214 2160 398 2216 Patris
429 2174 764 2214 sermonem
788 2155 1039 2210 facunda
1085 2154 1268 2209 edidit
1296 2153 1651 2225 eloquentia,
1685 2157 1744 2208 et
1775 2153 1837 2207 in

215 2265 494 2307 sermone
524 2262 699 2320 quem
731 2245 801 2300 de
828 2247 1025 2298 sancto
1053 2241 1387 2314 conscripsit
1409 2240 1651 2297 Martino
1669 2241 1839 2312 hujus

215 2355 332 2395 non
363 2337 522 2392 siluit
553 2333 860 2408 praeconia.
889 2331 1239 2402 Smaragdus
1256 2347 1506 2403 quoque,
1531 2329 1840 2402 expositio-

213 2444 353 2483 nem
385 2427 450 2481 in
479 2424 656 2497 ipsius
684 2422 950 2497 regulam
971 2422 1418 2488 commentatus,
1437 2420 1542 2474 hos
1556 2416 1838 2491 praemisit

211 2515 530 2572 versiculos
544 2530 558 2568 :

215 2603 489 2676 Quisquis
519 2602 593 2657 ad
609 2603 895 2656 aeternum
916 2600 1136 2654 mavult
1152 2598 1540 2653 conscendere
1559 2612 1830 2668 regnum,

286 2694 476 2748 Debet
507 2690 581 2746 ad
613 2689 957 2762 astrigerum
991 2691 1186 2742 mente
1217 2687 1407 2741 subire
1435 2687 1654 2758 polum,

218 2781 546 2853 Relligione
578 2780 695 2852 pia,
726 2779 854 2834 vitae
885 2776 1220 2850 perquirere
1251 2777 1477 2842 callem,

295 2870 590 2926 Scandere
612 2883 725 2940 quo
758 2867 946 2921 valeat
974 2882 1148 2919 aurea
1176 2881 1357 2936 regna
1378 2864 1548 2930 celer,

219 2961 318 3014 Est
350 2956 650 3013 monachis
679 2955 862 3010 sancti
892 2953 1182 3009 Benedicti
1213 2953 1412 3024 regula
1442 2951 1623 3006 Patris

290 3045 589 3111 Perfectis,
617 3047 810 3116 plana,
844 3043 1050 3109 suavis,
1081 3044 1139 3096 et
1168 3041 1360 3111 ampla
1384 3040 1494 3105 via,

217 3136 460 3207 Aspera,
480 3132 580 3187 sed
605 3132 816 3205 pueris,
851 3147 956 3185 nec
988 3146 1106 3184 non
1140 3128 1436 3200 tyronibus
1465 3129 1621 3181 arcta

295 3225 450 3288 Quos
478 3223 618 3277 aluit
645 3220 871 3294 gremio
901 3222 1085 3274 lactea
1108 3219 1223 3272 vita
1252 3218 1371 3272 diu.

220 3316 354 3370 Haec
386 3317 473 3368 est
498 3315 695 3368 sancta
725 3310 834 3379 via,
857 3309 1169 3382 prmlucida
1193 3307 1399 3362 semita
1427 3305 1582 3373 cmli;

295 3405 549 3474 Carpere
581 3416 758 3472 quam
797 3398 1034 3470 cupiunt
1058 3400 1242 3452 castra
1267 3397 1437 3450 beata
1462 3395 1586 3450 Dei.

220 3491 521 3547 Admonet
544 3489 668 3542 haec
694 3487 1009 3542 monachos
1058 3484 1319 3540 sublimis
1348 3483 1548 3554 regula
1577 3483 1834 3547 cunctos,

293 3581 367 3635 Ut
390 3578 564 3633 rebus
595 3578 849 3644 careant,
879 3591 1062 3646 regna
1091 3590 1341 3644 superna
1364 3575 1584 3645 petant,

220 3668 466 3741 Propria
498 3665 814 3731 dimittant,
847 3664 1102 3718 habeant
1123 3666 1184 3716 ut
1205 3661 1441 3733 propria
1466 3663 1694 3726 cuncta,

289 3759 575 3828 Prospera
605 3770 732 3826 quas
759 3752 923 3808 sociis
953 3751 1150 3806 caelica
1181 3766 1364 3822 regna
1393 3753 1658 3816 manent,

222 3844 486 3901 Patribus
513 3860 548 3897 a
575 3840 804 3908 nostris,
837 3840 896 3895 in
924 3856 1086 3895 sacro
1104 3838 1362 3894 carmine
1391 3837 1552 3909 legis,

300 3931 484 4003 Regia
511 3928 868 4001 rectogradis
926 3927 1132 3982 dicitur
1163 3927 1271 3981 ista
1300 3927 1411 3984 via.

222 4022 353 4076 Hac
379 4023 466 4075 est
494 4018 609 4073 vita
641 4017 829 4084 bonis,
860 4033 966 4071 nec
1001 4033 1118 4070 non
1148 4019 1207 4069 et
1235 4031 1445 4069 norma
1475 4012 1694 4081 salutis,

292 4111 472 4164 Arcus
502 4108 560 4161 et
585 4122 750 4161 arma
779 4105 908 4177 piis,
935 4103 1149 4175 frigida
1179 4104 1293 4157 tela
1324 4101 1514 4157 malis.

222 4197 380 4252 Hanc
410 4196 600 4250 nullus
624 4194 850 4260 nolens,
873 4192 1108 4264 cupiens
1139 4191 1406 4265 implebit
1430 4194 1488 4245 et
1510 4189 1728 4245 omnis:

292 4287 502 4356 Estque
530 4281 720 4354 gravis
744 4281 1032 4353 gravibus,
1066 4280 1249 4335 suavis
1289 4283 1346 4334 et
1375 4282 1510 4350 apta
1539 4277 1728 4336 bonis.

223 4370 502 4444 Florigeri
532 4369 832 4424 monachis
855 4369 999 4436 [cceli
1014 4369 1181 4440 jubet
1204 4368 1312 4423 ista
1333 4367 1631 4438 docetque]
1652 4370 1839 4421 osten-

1157 4457 1265 4524 [dit
1293 4457 1416 4510 haec
1447 4454 1697 4526 paradisi

290 4548 534 4623 Regula,
566 4547 863 4603 luciﬂuum
887 4545 1214 4602 desiderare
1267 4542 1836 4623 locum_lconcupisse

222 4712 349 4768 Haec
371 4713 523 4768 bene
554 4713 822 4767 materno
855 4709 1023 4762 natos
1051 4704 1293 4776 castigat
1322 4719 1545 4770 amore,

293 4799 803 4874 Arguiterudiens,
822 4800 879 4851 et
903 4795 1026 4850 sine
1056 4794 1186 4849 felle
1210 4808 1474 4847 monens.

223 4890 350 4946 Haec
375 4890 670 4963 patienter
699 4903 798 4942 eos
823 4889 1024 4939 tenero
1053 4899 1182 4937 cum
1215 4882 1453 4936 verbere
1485 4879 1686 4947 nutrit,

295 4978 556 5035 Candida
585 4978 717 5050 post
745 4973 968 5030 obitum
997 4970 1235 5044 praemia
1265 4969 1446 5023 multa
1472 4967 1651 5028 dabit.

226 5067 435 5123 Pandit
463 5066 574 5121 iter
602 5062 795 5130 rectis,
827 5059 1075 5117 coelestia
1104 5057 1307 5130 pandit
1336 5055 1554 5123 amicis,

295 5157 542 5211 Currere
568 5170 642 5208 ne
671 5151 888 5223 pigeat,
915 5148 1014 5202 sed
1044 5147 1330 5219 patienter
1360 5148 1514 5199 eant.

297 5243 601 5299 Examinat
629 5240 795 5304 vitas,
825 5253 1016 5292 mores
1042 5234 1340 5306 componit
1367 5237 1422 5287 et
1449 5235 1638 5288 ornat.

296 5332 490 5389 Librat
512 5335 569 5387 et
593 5327 914 5401 mquiparat
936 5329 993 5380 et
1021 5323 1380 5379 moderando
1403 5322 1588 5376 minat
1613 5319 1695 5393 (et
1725 5319 1834 5375 mi-

1240 5411 1386 5476 [nuit
1407 5407 1761 5478 moderans).

229 5510 544 5579 Adnihilat,
575 5521 820 5582 parvum
841 5504 1063 5576 justum
1111 5501 1408 5560 conflascit
1449 5502 1567 5572 [δι’σ,
1600 5497 1835 5565 conﬁat]

1423 5593 1506 5656 [ut
1536 5603 1763 5644 aurum.

300 5692 486 5749 Limat
517 5693 576 5746 et
601 5685 916 5755 examinat,
940 5688 997 5742 et
1020 5682 1292 5758 poliendo
1323 5680 1510 5735 librat.

2009 1952 2209 2022 [Noxia
2232 1967 2405 2022 quem
2428 1950 2583 2004 nullo
2617 1949 2872 2020 pondere
2901 1950 3067 2022 culpa
3096 1953 3364 2020 gravat..]

1938 2039 2134 2111 Aliger
2152 2040 2431 2094 aethereus
2457 2037 2692 2108 gravido
2725 2054 2856 2092 cum
2883 2054 3123 2110 corpore
3151 2038 3340 2092 nullus

2011 2128 2306 2195 Verberat,
2338 2127 2618 2182 aethereas
2651 2143 2800 2198 saepe
2831 2126 3077 2180 volando
3110 2125 3247 2179 vias.

1941 2217 2138 2272 Nullus
2161 2216 2318 2271 enim
2345 2215 2663 2270 monachus
2689 2214 2906 2286 peccati
2938 2214 3195 2285 pondere
3230 2230 3458 2286 pressus

2013 2304 2299 2375 Stelligeri
2331 2303 2543 2377 poterit
2567 2319 2748 2373 regna
2778 2302 2966 2357 subire
2998 2301 3136 2372 poli.

1939 2393 2139 2449 Omnis
2156 2393 2316 2447 enim
2347 2392 2663 2448 monachus
2693 2390 2960 2462 lacrymis
3003 2391 3308 2445 commissa
3360 2392 3552 2446 lavare

2007 2484 2209 2551 Debet,
2239 2486 2296 2537 et
2328 2482 2568 2536 ulterius
2591 2481 2749 2535 nulla
2776 2480 3022 2535 lavanda
3052 2481 3192 2550 pati.

1933 2571 2240 2644 Temperet
2264 2569 2485 2625 interea
2510 2567 2781 2623 monachi
2815 2567 3082 2621 discretio
3114 2568 3396 2634 mentem,

2008 2659 2073 2715 Et
2104 2660 2193 2714 via
2224 2675 2326 2731 per
2349 2657 2607 2713 medium
2638 2655 2797 2727 regia
2829 2656 2999 2710 ducat
3030 2672 3183 2710 eum.

1939 2749 2010 2804 Ut
2035 2752 2230 2803 caveat
2247 2747 2509 2802 dextram
2527 2746 2724 2812 solers,
2760 2744 3073 2815 timeatque
3105 2743 3420 2810 sinistram,

2010 2839 2325 2892 Hortantur
2354 2852 2529 2890 sacrae
2563 2835 2762 2889 munia
2793 2835 2933 2905 legis
2970 2849 3125 2886 eum.

1935 2927 2141 2983 Tristia
2171 2943 2288 2980 non
2316 2927 2659 2980 timeat......
2693 2923 2793 2978 sed
2824 2930 3101 2995 prospera
3123 2921 3346 2990 mundi,

2009 3016 2295 3072 Scandere
2329 3019 2450 3068 tum
2482 3013 2716 3086 poterit,
2748 3029 2932 3082 regna
2963 3011 3131 3066 beata
3162 3011 3304 3082 poli.

1937 3103 2204 3176 Quisquis
2228 3106 2386 3158 amat
2418 3102 2620 3156 rutilos
2672 3103 3004 3154 sanctorum
3047 3116 3281 3170 carpere
3313 3099 3551 3168 fructus,

2005 3192 2235 3247 Actibus
2259 3192 2317 3246 in
2351 3190 2571 3244 cunctis
2597 3189 2957 3244 consocietur
2986 3188 3085 3242 eis.

1935 3281 2182 3337 Moribus
2199 3281 2454 3345 ornatus,
2488 3280 2546 3331 et
2571 3280 2723 3330 casto
2754 3292 2994 3346 corpore
3025 3279 3310 3348 comptus,

2007 3369 2188 3435 Vivat,
2219 3370 2276 3421 et
2301 3383 2334 3420 a
2366 3365 2614 3420 Domino
2647 3379 2877 3434 semper
2908 3367 3136 3417 amatus
3171 3363 3299 3417 erit.

1939 3456 2031 3512 Sic
2061 3455 2179 3523 [sit]
2212 3455 2436 3520 tacitus,
2464 3452 2717 3518 humilis,
2764 3450 3146 3519 mittissimus,
3193 3454 3363 3522 atque
3388 3449 3552 3506 beni-

3220 3540 3408 3610 [gnus.

2013 3633 2097 3689 Sit
2127 3631 2370 3703 patiens,
2404 3627 2626 3683 sobrius
2666 3626 2957 3700 providus,
2989 3629 3160 3696 atque
3192 3626 3338 3698 pius,

1941 3721 2159 3778 lndolis
2185 3723 2243 3775 et
2275 3717 2492 3784 docilis,
2515 3716 2767 3788 sapiens,
2795 3731 2859 3769 ac
2885 3717 3082 3768 mente
3114 3713 3350 3786 pusillus

2013 3811 2354 3881 Conceptus,
2387 3805 2661 3879 placidus,
2697 3809 2755 3860 et
2790 3804 2937 3858 bene
2964 3807 3190 3857 caustus
3216 3806 3331 3857 eat.

1941 3898 2158 3955 Excitet
2188 3897 2410 3952 interea
2435 3894 2623 3950 cordis
2653 3891 3020 3965 compunctio
3043 3895 3292 3957 sontem,

2014 3988 2122 4053 Qui
2153 3985 2350 4041 sordes
2373 3983 2582 4039 animae
2614 3981 2847 4056 [mentis
2873 3979 2970 4053 qui
2983 3979 3198 4050 sordes]
3221 3978 3554 4051 illuviesque

3245 4069 3441 4138 [lavet.

1941 4166 2262 4222 Chrismate
2296 4161 2525 4236 perfuso
2556 4161 2945 4231 lacrymarum
2976 4156 3123 4212 fusio
3152 4156 3300 4213 fonti

2010 4255 2366 4327 xEquiparat,
2400 4251 2654 4304 maculas
2681 4248 2856 4319 tergit
2887 4250 2948 4302 ut
2976 4246 3070 4302 ille
3099 4245 3312 4318 nigras.

1937 4345 2131 4415 Tergit
2157 4345 2215 4397 et
2242 4337 2740 4421 ablutos'paradisi
2772 4338 2879 4391 rite
2906 4337 3163 4399 colonos,

1862 4441 1916 4500 D
2012 4431 2199 4487 Efficit
2229 4433 2290 4484 ut
2315 4429 2462 4482 cives
2485 4427 2610 4496 jam
2641 4426 2763 4479 sine
2797 4425 2910 4479 fine
2941 4428 3118 4496 petat.

1942 4521 2048 4586 Qui
2053 4521 2074 4590 j
2086 4518 2274 4590 ugiter
2289 4511 2727 4584 laudes[lautas)
2746 4512 2966 4582 possint
2985 4511 3310 4583 persolvere
3333 4512 3548 4581 grates,

2007 4610 2206 4664 Vivere
2227 4623 2358 4662 cum
2393 4603 2636 4659 Domino
2664 4617 2896 4673 semper
2922 4604 2978 4655 et
3008 4616 3129 4655 esse
3157 4615 3282 4654 suo.

2007 4696 2388 4754 Nihilominus
2413 4693 2738 4748 Adhelmus
2768 4691 3006 4761 Anglus,
3061 4688 3318 4760 primum
3351 4687 3547 4755 abbas,

1935 4791 2066 4860 post
2109 4785 2405 4858 episcopus
2451 4782 2653 4847 factus,
2704 4779 2762 4834 in
2804 4779 2948 4833 libro
2988 4778 3068 4830 De
3107 4776 3274 4830 laude
3322 4778 3550 4830 sancto-

1932 4893 2064 4932 rum
2092 4891 2206 4929 ase
2237 4873 2413 4939 edito,
2455 4870 2624 4940 hujus
2651 4869 2707 4923 S.
2761 4867 2943 4924 Patris
2980 4867 3092 4921 hoc
3133 4864 3299 4922 modo
3345 4861 3554 4919 memi-

1933 4963 2050 5019 nit.

2005 5051 2318 5122 Imperium
2347 5045 2550 5101 mundi
2581 5045 2794 5099 ﬂorens
2825 5058 2956 5096 cum
2978 5043 3162 5097 Roma
3187 5043 3435 5109 teneret,

1934 5143 2118 5213 Atque
2149 5138 2503 5211 gubernaret
2523 5146 2844 5203 regnorum
2867 5133 3028 5200 septa
3051 5147 3152 5201 per
3179 5131 3402 5196 orbem,

1932 5227 2310 5298 Temporibus
2327 5225 2563 5278 Faustus
2591 5217 2929 5273 Benedictus
2960 5216 3181 5270 claruit.
3216 5217 3403 5270 Isdem

1938 5317 2122 5381 Quem
2153 5315 2301 5367 Deus
2351 5309 2617 5365 Ausonia:
2676 5307 2930 5359 clemens
2982 5303 3296 5357 indulserat
3326 5306 3542 5371 auctor,

1937 5407 2010 5460 Ut
2032 5403 2309 5476 populum
2340 5397 2592 5463 Domini,
2629 5393 2937 5448 vadentem
2955 5391 3190 5446 tramite
3219 5393 3398 5458 recto,

1938 5489 2232 5549 Ferretad
2260 5487 2454 5542 aeterni
2483 5487 2683 5539 ductor
2711 5481 2947 5553 vestigia
2977 5479 3160 5550 regni.

1938 5583 2122 5648 Quem
2153 5579 2306 5651 prius
2338 5576 2625 5630 abstrusus
2652 5572 2811 5627 saevis
2841 5570 3190 5625 anfractibus
3215 5585 3398 5635 error,

1935 5671 2121 5730 Trusit
2150 5669 2222 5725 ad
2254 5664 2464 5722 inferni
2493 5663 2765 5720 torrentis
2796 5666 3010 5718 tartara
3040 5659 3227 5732 nigra,
