3882 6212
446 507 3738 570 Μ

1853 683 1995 722 ANNO
2033 683 2220 722 DOMINI
2259 683 2413 725 MVIH.

547 842 1900 1074 JOANNES
2068 843 3582 1074 DIACONUS

1880 1179 2210 1234 VENETUS.

898 1539 1184 1700 DE
1259 1538 2120 1701 JOANNE
2222 1535 3185 1701 DIACONO

1766 1754 1848 1807 ET
1881 1753 2040 1807 EJUS
2081 1752 2384 1809 SCRIPTIS

781 1883 1356 1993 NOTITIA
1432 1882 2196 1989 HISTORICA
2273 1884 2451 1988 ET
2504 1885 3404 1994 LITTERARIA.

1411 2053 1596 2126 (Apud
1622 2055 1814 2121 Psarz,
1840 2052 2088 2109 Monum.
2126 2054 2308 2108 Germ.
2337 2054 2460 2108 hist.
2494 2053 2604 2122 V11,
2637 2057 2709 2117 1.)

469 2308 947 2381 Antiquissimum
959 2308 1311 2362 Venetorum
1327 2308 1481 2379 quod
1503 2309 1684 2362 exstat
1702 2307 2020 2362 chronicon
2047 2317 2102 2377 Α
2123 2306 2588 2375 fabulosis,libris
2607 2306 3082 2378 annalibus,quos
3109 2305 3260 2360 inter
3276 2304 3496 2361 Bedam
3529 2307 3612 2361 De
3640 2321 3736 2361 sex

420 2402 662 2452 exeunte
687 2399 892 2452 saeculo
925 2397 1148 2451 decimo
1176 2397 1507 2451 inchoatum
1525 2399 1694 2467 atque
1711 2396 1781 2450 ad
1801 2413 2021 2452 annum

406 2503 582 2557 usque
620 2487 755 2539 1008
782 2485 1150 2557 perductum,
1183 2501 1216 2537 a
1249 2484 1542 2538 nonnullis
1571 2483 1778 2538 Joanni
1809 2485 2022 2555 Sagor-

405 2575 568 2639 nino,
615 2574 778 2626 fabro
803 2573 1068 2637 ferrario,
1115 2573 1270 2643 quod
1311 2571 1576 2626 notitiam
1609 2572 1680 2625 ab
1729 2589 1796 2627 eo
1827 2574 2018 2646 profe-

405 2665 557 2714 ctam
590 2660 663 2715 ad
702 2661 918 2714 calcem
967 2660 1154 2731 Operis
1185 2660 1450 2728 legimus,
1483 2659 1780 2726 tribuitur;
1814 2678 2018 2733 perpe-

403 2766 528 2803 ram
559 2752 778 2814 tamen,
811 2764 941 2802 cum
985 2748 1188 2802 notitia
1218 2749 1314 2802 illa
1362 2747 1560 2818 viginti
1594 2753 1838 2820 quatuor
1890 2754 2018 2821 post

398 2840 611 2893 librum
639 2838 965 2892 absolutum
995 2837 1160 2891 annis
1189 2835 1372 2908 spatio
1404 2837 2013 2908 vacuoinscripta,non

401 2927 670 2981 Chronici
703 2930 997 2980 auctorem
1009 2924 1128 2992 ,sed
1145 2925 1353 2979 codicis
1368 2925 1607 2979 fortasse
1621 2943 2012 2994 possessorem

407 3015 640 3069 indicet.
697 3017 913 3068 Auctor
963 3029 1119 3079 vero,
1171 3013 1303 3067 licet
1347 3030 1561 3068 nomen
1611 3031 1776 3068 suum
1833 3017 2010 3071 latere

401 3104 664 3170 voluerit,
691 3119 808 3157 non
842 3101 984 3156 alius
1018 3100 1187 3156 fuisse
1212 3101 1435 3156 videtur
1460 3119 1493 3156 a
1516 3103 1737 3156 Joanne
1765 3103 2007 3159 diacono

400 3193 637 3257 Veneto,
672 3191 824 3245 Petri
857 3189 1241 3244 Urseoliducis
1273 3190 1560 3257 ministro,
1581 3208 1752 3262 quem
1769 3192 2008 3262 legatio-

401 3282 488 3336 nis
518 3281 590 3335 ad
628 3281 899 3335 Ottonem
931 3281 999 3333 lll
1031 3296 1244 3334 munus
1270 3296 1386 3334 non
1439 3281 1614 3334 semel
1673 3281 2005 3351 suscepisse,

396 3371 932 3441 imperatoremque
962 3369 1111 3422 clam
1140 3367 1402 3422 Venetias
1433 3368 1730 3423 adduxisse
1747 3370 1827 3439 (1)
1858 3370 2009 3425 infra

397 3460 661 3530 legimus.
695 3457 866 3528 Cujus
919 3457 1221 3528 legationis
1251 3456 1489 3511 historia
1541 3458 1621 3510 ita
1674 3463 2009 3529 comparata

397 3551 502 3614 est,
536 3550 596 3601 ut
617 3549 714 3600 aut
748 3546 936 3615 ipsum
972 3546 1281 3614 Joannem,
1311 3549 1408 3599 aut
1433 3545 1618 3598 virum
1649 3545 1699 3600 ei
1729 3546 2004 3601 amicissi-

2122 2397 2390 2452 mtatibus
2427 2396 2631 2451 mundi
2665 2401 2722 2450 et
2751 2395 2910 2451 Pauli
2941 2393 3735 2464 diaconiHistoriamLango-

2119 2485 2262 2540 bard
2271 2501 2434 2539 orum
2448 2484 2620 2539 fuisse
2634 2485 2931 2554 complura
2947 2483 3082 2538 inde
3098 2483 3369 2554 decerpta
3382 2482 3727 2562 ostendunt,

2120 2574 2396 2645 catalogis
2427 2573 2638 2628 ducum
2659 2573 3008 2626 Venetorum
3041 2573 3098 2626 et
3124 2570 3590 2642 patriarcharum
3602 2572 3741 2626 Gra-

2121 2662 2409 2728 densium,
2441 2660 2651 2716 chartis
2688 2659 2866 2715 etiam
2918 2658 3158 2731 publicis
3185 2657 3392 2729 majori
3442 2658 3738 2714 minorive

2117 2750 2232 2804 ﬁde
2289 2750 2501 2820 dignis,
2568 2765 2710 2820 quas
2763 2747 3219 2820 quamplurimas
3273 2745 3427 2818 apud
3483 2746 3739 2803 Venetos

2117 2843 2430 2893 asservatas
2461 2837 2632 2892 fuisse
2665 2854 2730 2891 ex
2762 2837 3017 2892 maxima
3037 2851 3238 2891 earum
3256 2835 3423 2906 copia
3437 2835 3737 2908 hodieque

2115 2927 2470 2982 Vindobona:
2503 2930 2560 2981 et
2611 2927 2860 2981 Venetiis
2918 2929 3174 2982 exstante
3227 2925 3516 2996 conjicere
3574 2926 3732 2980 licet.

2115 3015 2329 3080 Quibus
2359 3014 2624 3069 subsidiis
2653 3015 2732 3069 ita
2763 3031 2894 3068 usus
2918 3017 3022 3082 est,
3060 3017 3118 3068 ut
3145 3013 3204 3068 in
3234 3012 3737 3084 antiquioribuset

2110 3107 2329 3158 rectam
2345 3103 2626 3175 temporis
2637 3102 3132 3175 computationem
3148 3105 3204 3157 et
3207 3102 3229 3172 j
3241 3101 3732 3171 ustumjudicium

2112 3208 2541 3262 nonnunquam
2574 3191 2946 3256 desideres,in
2971 3190 3389 3244 recentioribus
3405 3190 3732 3262 plurimum

2110 3280 2328 3334 laudes.
2362 3279 2615 3334 Primam
2645 3279 2804 3351 operi
2846 3295 3085 3333 manum
3117 3277 3439 3333 admovisse
3494 3279 3726 3336 videtur

2109 3369 2258 3423 circa
2284 3385 2502 3422 annum
2557 3371 2660 3423 980
2711 3369 2808 3439 (2),
2841 3367 3051 3422 deinde
3101 3366 3297 3422 codice
3352 3369 3725 3440 autographo

2109 3461 2251 3512 teste
2283 3457 2524 3512 decursu
2553 3458 2836 3530 temporis
2849 3457 3243 3512 narrationem
3262 3456 3536 3527 produxit
3554 3457 3658 3528 (3),
3677 3461 3733 3514 et

2108 3547 2346 3602 demum
2369 3563 2522 3602 anno
2542 3549 2675 3602 1008
2696 3548 2905 3618 stylum
2921 3545 3520 3620 deposuit.Scribendi
3542 3563 3727 3618 genus

394 3653 558 3691 mum
591 3634 917 3690 Chronicon
949 3633 1351 3706 conscripsisse
1384 3651 1613 3688 necesse
1640 3635 1865 3688 sit.Fuit
1896 3635 2003 3707 igi-
2035 3641 2086 3700 B
2108 3641 2168 3691 ut
2198 3637 2515 3708 plurimum
2539 3635 2778 3707 simplex
2811 3639 2868 3690 et
2898 3635 3236 3703 dilucidum,
3288 3634 3490 3706 lingua
3523 3639 3727 3691 tamen

393 3729 486 3780 tur
514 3725 598 3778 vir
627 3740 870 3778 summa:
883 3723 1037 3793 apud
1054 3738 1184 3776 suos
1204 3720 1671 3786 existimationis,
1704 3723 2005 3778 ducidedi—

393 3817 485 3868 tus
511 3813 583 3867 ab
613 3829 796 3884 eoque
837 3811 1058 3864 arcanis
1087 3809 1383 3880 regiminis
1418 3809 1704 3876 admotus,
1734 3812 1892 3882 cujus
1920 3813 2003 3867 rei

393 3903 516 3974 ipsa
546 3900 799 3955 narratio
832 3898 891 3952 in
924 3897 1170 3952 Historia
1224 3897 1308 3950 sui
1342 3898 1622 3967 temporis
1653 3899 1884 3954 maximi
1918 3901 2002 3955 fa-

392 3989 598 4044 cienda
624 3989 882 4059 amplum
911 3984 1308 4041 testimonium
1323 3985 1562 4056 prazbet.
1585 3987 2004 4044 Fontibususus

393 4082 478 4135 est
506 4076 936 4134 narrationibus
986 4073 1238 4145 antiquis
1278 4077 1335 4129 et
1381 4075 1640 4146 legendis
1670 4081 2002 4132 sanctorum

2107 3725 2306 3780 Latina
2324 3724 2630 3779 dialectum
2655 3724 2934 3779 Venetam
2946 3724 3023 3793 (4)
3039 3723 3234 3796 prodit
3255 3725 3313 3778 et
3327 3724 3728 3795 compluribus

2105 3817 2305 3868 contra
2317 3811 2730 3883 grammatices
2745 3813 2970 3884 regulas
2981 3811 3228 3882 peccatis
3245 3810 3573 3882 formisque
3601 3829 3725 3868 ver-

2103 3903 2310 3957 borum
2341 3901 2548 3956 ltalam
2570 3901 2832 3971 linguam
2861 3900 3023 3971 quasi
3057 3901 3472 3971 praemonstrat
3504 3902 3614 3970 (5).

2176 3990 2342 4044 Liber
2367 4006 2484 4044 non
2511 3990 2696 4044 solum
2710 3988 2960 4044 Venetiis
2991 3987 3277 4054 inclaruit,
3309 4003 3408 4058 sep
3443 3987 3528 4042 cis
3548 3989 3718 4060 Alpes

2103 4094 2332 4150 quoque
2361 4077 2674 4132 translatus
2723 4093 2842 4132 esse
2871 4075 3118 4140 videtur,
3165 4075 3452 4149 siquidem
3514 4077 3721 4133 saeculo

1942 4194 2169 4251 NOTZE.

467 4298 542 4364 (t)
572 4297 714 4350 Eum
744 4293 952 4348 Joanni
984 4292 1404 4365 quoque,ducis
1429 4293 1568 4361 filio,
1599 4293 2002 4349 Constantino-

435 4369 571 4422 olim
604 4383 706 4437 pro
737 4365 912 4420 Maria
937 4381 1109 4418 uxore
1140 4365 1482 4437 arcessenda
1511 4365 1781 4437 comitem
1812 4365 1996 4434 ivisse,

435 4387 571 4422 011m
604 4387 706 4437 pro
737 4387 912 4420 maria
937 4387 1109 4418 UXOI'B
1140 4387 1482 4419 311365581108.
1511 4387 1781 4419 (Συῐῐιιιϐῐῐι
1812 4387 1994 4434 ινιδδε,

393 4387 602 4494 ἱοῦνθι
615 4437 836 4502 asserit,
859 4437 1017 4505 cujus
1032 4440 1225 4490 tamen
1241 4435 1439 4490 asserti
1463 4436 1750 4489 rationem
1769 4435 1994 4506 ignoro.

466 4511 536 4580 (2)
567 4513 734 4580 Λειηο
767 4511 869 4562 979
896 4509 1127 4562 Petrum
1159 4512 1361 4562 ducem
1397 4511 1453 4560 et
1491 4507 1801 4580 W_arinum_
1821 4507 1997 4560 abba-

394 4577 572 4636 tem'u
604 4579 851 4634 domnos
881 4598 908 4626 »
937 4583 1120 4645 vocat,
1155 4580 1517 4647 etcatalogus
1534 4577 1744 4630 ducum
1761 4577 2000 4631 Veneto-

393 4669 545 4717 rum,
579 4650 860 4705 Chronico
890 4649 1104 4704 Veneto
1135 4650 1422 4719 subjectus
1449 4652 1732 4718 regnante
1764 4648 1996 4702 tribuno

390 4723 536 4779 Meni
577 4737 798 4776 annum
847 4725 904 4776 et
934 4739 1160 4777 menses
1215 4722 1482 4791 quatuor,
1537 4719 1712 4790 igitur
1761 4736 1814 4777 a.
1871 4722 1995 4787 980,

390 4794 660 4850 subsistit.

461 4865 543 4937 (3)
575 4865 712 4919 Vide
743 4863 896 4918 infra
947 4862 1248 4917 historiam
1281 4860 1422 4937 anni
1456 4861 1624 4937 1004,
1645 4876 1852 4937 quam_
1876 4861 1998 4937 ipso

391 4931 677 5009 tempore,
699 4939 854 4991 certe
887 4938 1022 4989 ante
1074 4948 1293 4987 annum
1331 4934 1488 4998 l007,
1521 4931 1793 5003 scriptam
1828 4931 2000 4987 fuisse

429 5012 565 5063 atet.

388 5025 822 5150 palzllkxempli
870 5073 1418 5150 gratia:Serzi_pro_
1465 5073 1648 5141 Sergii
1671 5073 2002 5150 ;_circumsce

379 5144 486 5222 pti,
523 5144 760 5214 'viscere;
802 5144 957 5214 scita,
1003 5163 1177 5222 posce,
1199 5144 1446 5222 hobscula
1494 5161 1597 5215 pro
1645 5146 1996 5222 circumsepti,

391 5214 575 5289 msere,
615 5223 739 5286 sita,
763 5234 934 5289 posse,
967 5214 1162 5273 oscula.
1188 5214 1591 5289 Consendentes,
1611 5215 1997 5289 siplmsjusta,

389 5287 569 5348 estitit’
599 5308 702 5362 pro
734 5287 1153 5362 cbrwcendentes,
1186 5287 1638 5362 scyphus,_ju.rtr_z,
1685 5289 1856 5362 ertitit
1873 5315 1888 5351 ,-
1919 5288 2001 5340 le-

390 5365 544 5432 gitur
599 5358 775 5416 etiam
845 5360 1162 5431 dequoritas,
1219 5358 1486 5430 quomoda
1561 5358 1996 5432 Venetiquorum,

392 5376 544 5432 gitur
599 5376 775 5416 etiam
845 5376 1162 5431 uequoruas,
1219 5376 1486 5430 quomoaa
1567 5376 1996 5482 venetguorum,

392 5435 854 5504 Tentom'quorum
887 5447 988 5500 pro
1029 5428 1674 5504 dequoritus,_commoda,
1722 5500 1732 5504 _
1775 5431 2001 5504 enetico-

393 5523 532 5569 rum,
579 5500 1027 5564 Teutonicorum;
1058 5500 1180 5554 tum
1231 5501 1453 5554 condam
1485 5501 1520 5552 Ι.
1555 5500 1841 5570 quondam.
1884 5500 1996 5554 Lit-

392 5577 516 5628 tera
545 5576 598 5626 h.
633 5573 842 5643 passim
866 5571 1170 5637 omittitur,
1203 5588 1252 5625 e.
1289 5589 1344 5643 g.
1398 5571 1639 5624 illm'esco
1674 5587 1774 5640 pro
1801 5569 1998 5643 aitare-

390 5661 492 5696 sco.
539 5641 792 5697 Habetur
825 5646 880 5695 et
902 5643 1158 5707 mollitur,
1200 5642 1511 5710 pallacittm;
1545 5657 1751 5708 cessar;
1800 5641 1995 5709 Verge-

392 5713 577 5772 lcnsis.
627 5712 938 5767 Belonensis
992 5727 1094 5778 pro
1141 5713 1376 5778 molitur,
1443 5711 1751 5780 palacium,
1817 5730 1996 5780 cesar,-

2107 4293 2462 4360 Vercellensis,
2525 4292 2856 4348 Bellunensis
2868 4321 2886 4362 ,-
2940 4291 3269 4358 Federicus;
3328 4292 3709 4364 Arripdanus,

2098 4365 2404 4435 Ertpdanus
2432 4367 2470 4420 l.
2502 4365 2803 4420 Eridanus.

2169 4434 2249 4507 (ὅ)
2282 4437 2366 4508 Cf.
2395 4453 2445 4490 e.
2480 4454 2537 4508 g.
2570 4436 2788 4490 formas
2814 4451 3064 4508 casuum,
3099 4434 3330 4508 vitiosas
3368 4451 3424 4508 αῖ
3455 4434 3712 4508 Ausonia

2141 4505 2202 4561 ro
2232 4505 2304 4560 ad
2356 4505 2681 4571 Ausaniam;
2713 4523 2804 4559 suo
2834 4507 3083 4576 sceptrui,
3143 4507 3443 4576 episcoPati,
3467 4505 3713 4575 precarii

2123 4595 2224 4632 oco
2237 4581 2520 4648 praeconis,
2553 4578 2647 4632 illo
2679 4593 2780 4646 pro
2822 4577 2992 4642 illum,
3023 4577 3138 4645 ﬁlia
3169 4591 3271 4648 pro
3296 4577 3491 4644 ﬁliam,
3515 4576 3706 4644 ﬁlium,

2103 4665 2204 4718 pro
2235 4648 2408 4719 ﬁlius,
2447 4651 2733 4702 adventum
2758 4664 2862 4718 pro
2893 4649 3167 4711 adventus,
3198 4662 3339 4719 unus
3364 4663 3470 4717 pro
3519 4665 3706 4719 unum,

2098 4716 2304 4773 ditatus
2331 4735 2434 4789 pro
2493 4716 2925 4785 ditatum—tanti
2953 4734 3057 4788 pro
3081 4724 3249 4789 tanta,
3277 4716 3404 4770 duci
3423 4734 3544 4789 Apro
3565 4718 3710 4772 ducis

2099 4787 2389 4860 capacitate
2413 4807 2515 4860 pro
2549 4791 2925 4860 capacitatem,
2954 4787 3192 4842 subditos
3220 4803 3324 4858 pro
3345 4787 3709 4854 subditi,cun-

2098 4868 2207 4916 ctos
2231 4861 2390 4917 cleres
2430 4878 2533 4931 pro
2565 4860 2998 4931 cunctusclerus,
3020 4876 3289 4931 perversos
3302 4861 3705 4931 properat-si,

2097 4932 2208 4985 dies
2239 4949 2342 5002 pro
2377 4928 2489 4997 die,
2541 4930 2888 4985 multitudine
2913 4928 3382 5002 pro’multitud‘o,
3414 4928 3706 4984 Mediola-

2101 5019 2202 5073 sem
2234 5020 2413 5056 rurem
2439 5019 2542 5073 pro
2573 5002 2976 5058 Mediolanense
3024 5018 3144 5063 rus;
3168 5008 3329 5072 patre
3357 5016 3464 5073 pro
3516 5010 3704 5070 pater;

2102 5072 2420 5130 Cradensem
2440 5071 2717 5138 castrum,-
2756 5073 2974 5127 formas
3000 5071 3310 5126 verborum
3367 5071 3707 5141 diferabatur

2098 5145 2137 5198 l.
2170 5145 2480 5214 differebat,-
2511 5145 3183 5214 largivit,expugnaturam
3212 5143 3248 5196 l.
3269 5143 3708 5213 expugnandam;

2099 5223 2251 5272 vento
2288 5217 2628 5286 imperatore,
2677 5215 2890 5286 auderet
2923 5215 2960 5267 l.
2994 5216 3293 5286 auderent,-
3321 5214 3706 5286 constructio-

2100 5304 2201 5341 nes
2230 5284 2540 5341 verborum
2578 5291 2639 5340 ut
2667 5303 2679 5339 :
2715 5285 2883 5352 Quem
2901 5287 3144 5339 successit
3170 5284 3388 5356 Petrus,
3410 5284 3480 5336 ab
3494 5285 3703 5356 aliquis,

2099 5359 2165 5412 ab
2197 5359 2303 5428 ipso
2336 5359 2722 5429 infortunium,
2749 5367 2805 5410 ut
2835 5354 3429 5429 sequenteindicativo
3457 5356 3554 5408 ubi
3578 5354 3708 5408 con-

2092 5425 2397 5501 junctivus'
2418 5429 2841 5501 requirebatur,
2874 5425 3220 5501 accusativos
3265 5425 3582 5501 absolutos
3607 5440 3704 5501 pro
3726 5461 3739 5472 .

2101 5494 2377 5554 ablativis.
2413 5494 2568 5553 Mitto
2629 5501 2794 5553 turim
2826 5500 2860 5552 l.
2898 5499 3110 5562 turrim,
3144 5495 3514 5550 vocesaliena
3543 5494 3708 5566 signi-

2101 5571 2366 5624 ficatione
2393 5571 2646 5631 usitatas,
2681 5586 2730 5624 e.
2767 5587 2823 5640 g.
2859 5570 3064 5622 interim
3097 5567 3358 5640 l._don_ec,
3389 5569 3708 5640 reciprocare

2101 5641 2140 5696 i.
2174 5648 2418 5716 repetere,
2448 5647 2677 5716 repetere
2707 5643 2746 5716 l_.
2772 5637 2966 5716 redire
3004 5643 3062 5695 et
3090 5638 3203 5694 alia
3232 5637 3543 5710 ejusmodi.
3593 5637 3705 5692 Ad-

2102 5712 2297 5768 verbia
2328 5711 2534 5785 sapius
2555 5712 2612 5768 in
2639 5730 2680 5766 ω
2705 5711 2996 5771 desinunt.
