3882 6212
121 496 217 562 873

543 495 846 558 JOANNES
889 493 1239 559 DIACONUS
1278 491 1611 554 VENETUS.
1639 524 1707 538 —
1733 490 2008 555 ΝΟΤΙΤΙᾹ
2031 493 2388 555 HISTORICA
2428 494 2512 554 ΕΤ
2550 493 2978 557 LITTERARIA.

3304 497 3408 563 874

120 619 446 678 duodecimo
468 618 793 677 Chronicon
808 616 1095 673 Gradense
1122 619 1475 690 excerptum,
1495 614 1702 673 eodem
1720 621 1777 685 Α
1805 620 2219 691 argumentum
2250 620 2355 686 est,
2388 616 2544 693 quod
2563 619 2608 676 si
2628 618 2709 677 ita
2732 620 3157 694 autographum
3178 637 3410 697 quoque

120 713 343 766 exeunte
393 709 664 782 quaedam
714 705 968 763 chronici
1017 705 1218 761 Veneti
1278 706 1350 761 ab
1406 705 1705 761 Annalists

122 802 321 856 Saxone
346 799 622 871 decerpta
649 798 910 853 videmus
929 795 1037 869 (6);
1067 812 1180 869 quo
1221 798 1417 850 tamen
1438 797 1701 867 tempore

121 889 489 961 autographus
518 889 695 943 codex
722 887 1003 941 damnum
1031 902 1247 958 passus,
1300 882 1505 938 ultima
1541 882 1699 951 folia,

126 979 343 1033 alteram
374 976 593 1031 scilicet
619 975 900 1031 Chronoci
948 972 1252 1029 Gradensis
1281 975 1528 1044 partem,
1562 970 1705 1025 ami-

122 1069 193 1122 sit.
248 1067 463 1122 Sazculo
516 1065 739 1121 decimo
799 1064 969 1119 tertio
1018 1062 1413 1135 transcriptus,
1476 1060 1700 1116 decimo

124 1157 304 1229 quarto
336 1155 484 1210 liber
515 1158 634 1211 tam
677 1154 943 1210 Chronici
976 1152 1173 1208 Veneti
1200 1167 1374 1224 quam
1399 1149 1704 1206 Gradensis

122 1247 322 1317 integer
351 1246 422 1299 ab
454 1244 691 1300 Andrea
720 1242 1003 1309 Dandulo,
1036 1239 1412 1296 celeberrimo
1442 1238 1706 1293 Venetia-

121 1349 230 1388 rum
252 1333 411 1400 duce,
435 1332 711 1387 Historia:
729 1349 843 1385 sure
862 1329 1151 1385 adhibitus
1171 1329 1276 1396 est,
1304 1333 1361 1383 et
1380 1327 1709 1383 auctoribus

126 1423 376 1477 librorum
404 1422 484 1476 De
521 1420 663 1474 Vitis
710 1419 1170 1490 patriarcharum
1214 1415 1708 1489 Aquilegiensium

123 1510 365 1567 innotuit.
402 1511 506 1579 (7).
540 1509 789 1564 Posteris
819 1524 1049 1581 quoque
1080 1505 1299 1561 saeculis
1329 1522 1471 1576 opus
1499 1504 1710 1560 iterum

124 1601 506 1673 transcriptum
575 1601 636 1653 et
680 1597 858 1653 doctis
909 1596 1141 1651 Venetis
1195 1594 1271 1667 (8)
1327 1598 1551 1660 notum,
1606 1592 1708 1648 sed

124 1686 323 1742 nonnisi
366 1703 524 1741 anno
578 1687 709 1742 1765
744 1683 980 1739 Venitiis
1005 1700 1038 1738 a
1065 1681 1321 1737 Zanettio
1345 1680 1455 1736 luci
1479 1680 1701 1747 datum,

127 1775 269 1829 hodie
299 1774 552 1830 subsidio
584 1773 845 1829 codicum
878 1772 1232 1844 Optimorum
1261 1769 1472 1825 iterum
1484 1767 1698 1841 prodit.

124 1861 251 1926 Quos
277 1863 421 1918 inter
449 1862 647 1935 primo
678 1864 802 1918 loco
836 1859 1224 1916 nominandus
1241 1858 1480 1915 eminet.

1802 708 2121 781 antiquitus
2148 712 2515 780 compactum
2544 709 2715 765 fuisse
2739 713 2974 778 statuas,
2998 710 3223 782 jactura
3254 713 3410 785 prio-

1801 814 1931 851 rum
1956 801 2014 852 et
2028 797 2363 855 ultimarum
2381 798 2753 871 paginarum,
2771 799 2918 855 initii
2940 800 3194 856 chronici
3220 802 3411 859 Veniti

1804 888 1861 940 et
1890 886 2124 941 alterius
2144 886 2319 958 partis
2347 887 2615 943 Chronici
2648 888 2969 955 Gradensis,
2992 889 3211 945 facilius
3230 892 3410 962 expli-

1801 977 1983 1029 catur.
2018 974 2130 1029 Nec
2159 974 2494 1030 adversatur
2513 976 2766 1031 conditio
2784 977 3013 1045 codicis,
3036 994 3167 1032 cum
3185 979 3413 1035 hodier-

1802 1081 1909 1118 nus
1930 1063 2378 1136 quaternionum
2396 1065 2539 1120 ordo
2556 1065 2768 1138 ciphris
2796 1066 3173 1138 prodentibus
3194 1066 3411 1124 recenti

1805 1156 2069 1225 tempore
2100 1152 2389 1208 institutus
2408 1153 2496 1221 sit,
2512 1157 2570 1209 et
2590 1155 2782 1228 prima
2803 1154 2990 1210 ultimi
3011 1158 3411 1229 quaternionis

1809 1242 2044 1315 pagina,
2088 1260 2214 1314 qua:
2259 1261 2375 1298 una
2415 1261 2657 1299 numero
2701 1245 2938 1317 antiquo
2968 1263 3001 1300 x
3030 1246 3308 1318 signatur,
3332 1248 3414 1304 ita

1813 1331 2023 1386 detrita
2053 1331 2144 1399 sit,
2179 1334 2242 1386 ut
2266 1349 2397 1387 eam
2427 1338 2678 1405 primam
2710 1334 2883 1389 totius
2926 1334 3193 1391 Chronici
3221 1354 3411 1410 quon-

1812 1420 1948 1477 dam
1977 1420 2149 1476 fuisse
2178 1421 2342 1476 facile
2374 1420 2663 1492 conjicias.

1881 1511 1957 1564 Ex
1980 1508 2253 1565 Urbinate
2280 1511 2657 1582 transcriptus
2687 1513 2790 1566 est.

1880 1599 1955 1667 (2)
1980 1599 2158 1653 codex
2187 1597 2491 1654 Vaticanus
2520 1616 2766 1655 numero
2785 1603 2923 1656 5269
2941 1600 3199 1673 signatus
3224 1620 3412 1660 mem-

1805 1686 2141 1753 branaceus,
2172 1687 2338 1743 in-8°.
2364 1688 2593 1759 majori,
2612 1694 2671 1744 et
2694 1691 2901 1745 saeculo
2921 1691 3200 1758 xm,intra
3228 1710 3413 1750 annos

1803 1774 2016 1830 scilicet
2041 1779 2173 1832 1237
2193 1778 2252 1831 et
2270 1778 2429 1844 1261,
2446 1780 2731 1832 exaratus.
2756 1778 3141 1835 Habenturibi
3159 1781 3258 1837 fol.
3283 1786 3414 1839 1-40

1803 1862 2175 1919 ChroniconV
2191 1864 2554 1931 enetum,fol.
2570 1867 2741 1921 41-48
2758 1865 3082 1922 Chronicon
3097 1868 3408 1938 Gradense,

187 1950 231 2024 l)
254 1952 311 2008 C.
335 1926 471 2008 bibl:
497 1949 797 2007 Urbinatis
827 1950 886 2005 in
926 1948 1194 2005 Vaticano
1213 1963 1457 2003 numero
1487 1948 1593 2003 440
1622 1945 1698 2001 si-
1718 1926 1772 1989 Β
1799 1951 1902 2017 fol.
1927 1953 2096 2007 49-96
2138 1952 2305 2007 Gesta
2340 1926 2680 2024 pontificum
2713 1954 3111 2010 Romanorum
3139 1972 3316 2028 usque
3340 1926 3415 2015 ad

128 2044 325 2113 gnatus,
378 2038 887 2105 membranaceus,
946 2038 1005 2093 in
1075 2039 1110 2093 4
1158 2036 1387 2108 majori,
1436 2052 1610 2108 quem
1667 2052 1701 2090 a
1800 2040 2140 2112 Gregorium
2168 2040 2233 2109 ll,
2265 2040 2472 2112 quibus
2518 2040 2659 2095 olim
2698 2041 2876 2096 Lucas
2914 2042 3240 2098 Holstenius
3282 2062 3413 2102 usus

132 2129 414 2185 Boebmero
444 2129 652 2185 nostro
685 2128 977 2183 evolutum
1016 2125 1280 2199 precibus
1319 2124 1462 2180 meis
1504 2123 1569 2179 V.
1626 2122 1698 2178 cl.

132 2216 457 2274 Giesebrecht
486 2218 599 2273 Ph.
631 2214 697 2270 D.
738 2214 1173 2287 diligentissime
1204 2211 1518 2285 exscripsit.
1561 2210 1706 2267 Con-

134 2309 224 2361 stat
257 2304 735 2380 quaternionibus
772 2303 1049 2377 quinque,
1095 2318 1344 2375 quorum
1399 2299 1495 2373 qui
1535 2297 1707 2355 hodie

137 2395 355 2466 primum
392 2397 593 2451 locum
617 2392 859 2460 obtinet,
905 2392 1006 2447 sed
1046 2391 1252 2445 seculo
1299 2393 1453 2445 certe
1484 2387 1708 2445 decimo

137 2483 279 2539 tertio
313 2483 513 2538 ultimo
536 2483 671 2537 loco
685 2480 901 2552 positus
919 2480 1048 2548 fuit,
1064 2479 1387 2535 Chronicon
1399 2477 1709 2533 Gradense.

144 2571 320 2645 reliqui
346 2573 636 2627 Venetum
672 2569 964 2625 exhibent.
1012 2569 1334 2638 Utrumque
1384 2566 1711 2622 Chronicon

139 2659 309 2715 eadem
338 2667 513 2716 manu
571 2658 847 2731 scriptum
881 2660 994 2725 est;
1036 2656 1136 2712 fol.
1163 2658 1237 2712 22
1264 2655 1400 2711 inde
1422 2672 1456 2710 a
1482 2653 1713 2711 vocibus

143 2749 481 2819 imperatorum
516 2748 819 2804 Grecorum
852 2748 989 2801 ratio
1019 2746 1185 2817 coegit
1233 2744 1477 2815 scriptor
1518 2743 1715 2800 littera

142 2838 281 2905 paulo
301 2839 505 2894 minori
535 2840 602 2892 et
631 2836 815 2909 magis
843 2835 1050 2908 aequali
1091 2833 1306 2906 pergit;
1340 2832 1463 2890 folii
1488 2837 1554 2888 27
1581 2848 1714 2905 pars

146 2925 273 2996 prior
310 2932 481 2996 vacat,
548 2923 855 2999 posteriori
896 2924 1138 2979 historia
1180 2922 1319 2977 anni
1376 2924 1471 2978 991
1521 2920 1715 2976 littera

146 3014 315 3085 majori
341 3019 394 3071 et
405 3018 742 3073 atramento
759 3013 943 3087 magis
960 3012 1173 3087 pallido
1191 3010 1400 3084 pergit.
1421 3011 1716 3082 Scriptura

148 3101 255 3159 inde
280 3122 309 3161 a
334 3105 466 3162 folio
479 3108 560 3162 32
599 3103 857 3174 Egressus
899 3119 1021 3157 vero
1064 3100 1185 3157 inde
1224 3100 1487 3170 levigrade
1526 3099 1717 3155 minus

149 3194 326 3266 ampla,
355 3195 489 3251 folio
524 3196 599 3250 35
633 3208 794 3247 verso
831 3190 998 3246 lineis
1038 3190 1262 3248 omissis
1297 3189 1507 3244 iterum
1548 3204 1720 3260 gran-

1739 3238 1788 3298 C

1805 2132 1893 2184 est
1912 2128 2011 2199 (9),
2029 2127 2130 2183 fol.
2152 2127 2322 2183 97-99
2344 2129 2638 2199 catalogus
2657 2128 3077 2201 imperatorum
3095 2133 3417 2192 Occidentis

1807 2220 1866 2273 et
1883 2216 2131 2272 Orientis
2145 2216 2428 2288 (9),usque
2439 2216 2514 2271 ad
2532 2216 2907 2273 Balduinuml
2924 2220 3235 2290 productus
3249 2222 3417 2279 Liber

1809 2306 2083 2361 amissam
2098 2304 2308 2360 codicis
2326 2304 2617 2361 Urbinatis
2645 2310 2869 2378 partem
2883 2307 3136 2379 priorem
3152 2312 3415 2382 servavit,

1811 2410 1928 2467 qua
1958 2394 2022 2452 V.
2048 2394 2121 2449 el.
2137 2392 2501 2449 Giesebrecht
2531 2394 2591 2449 in
2608 2397 2765 2451 textu
2802 2395 3145 2467 corrigendo
3163 2417 3293 2456 usus
3309 2405 3417 2459 est.

1887 2483 1963 2555 (3)
1994 2483 2055 2541 C.
2104 2482 2244 2539 olim
2294 2482 2552 2553 Apostoli
2590 2482 2749 2552 Zeni,
2802 2487 3004 2556 postea
3054 2486 3418 2546 bibliothecas

1819 2571 2272 2627 Prasdicatorum
2296 2569 2437 2642 (10),
2484 2571 2609 2643 jam
2654 2588 2789 2629 vero
2832 2572 2893 2628 in
2932 2573 3278 2633 bibliotheca
3296 2579 3420 2636 Divi

1812 2659 1983 2716 Marci
2012 2658 2262 2714 Venetiis
2301 2658 2453 2715 inter
2494 2660 2673 2716 libros
2692 2662 3115 2735 manuscriptos
3142 2665 3334 2721 classis
3356 2668 3419 2736 Χ,

1816 2764 2059 2805 numero
2076 2750 2170 2804 141
2189 2747 2761 2821 signatus,referente
2776 2751 3016 2823 Kaspkio
3030 2757 3225 2809 nostro
3239 2766 3424 2811 mem-

1812 2837 2130 2892 branaceus
2158 2835 2217 2891 in
2247 2834 2408 2904 folio,
2440 2837 2681 2907 pulchra
2706 2838 2898 2894 saeculi
2928 2856 3018 2894 xiv
3050 2842 3307 2897 exeuntis
3335 2846 3423 2900 vel

1814 2942 1884 2979 xv
1968 2924 2220 2980 ineuntis
2287 2941 2466 2979 manu
2514 2930 2777 2981 exaratus
2826 2930 2930 2986 est.
2991 2928 3291 3000 Originem
3355 2948 3422 2988 ex

1815 3012 2089 3068 Vaticano
2120 3012 2352 3068 ductam
2382 3012 2660 3068 lectiones
2690 3012 2970 3070 indicant.
3005 3016 3137 3072 Usui
3175 3018 3285 3073 fuit
3327 3021 3425 3075 Za-

1818 3102 2022 3170 nettio,
2064 3101 2162 3175 qui
2191 3101 2249 3156 in
2283 3098 2536 3156 editione
2566 3117 2670 3156 sua
2698 3105 2917 3157 textum
2949 3105 3100 3160 male
3129 3104 3265 3162 inde
3295 3107 3423 3163 des-

1818 3190 2069 3262 criptum
2092 3189 2386 3261 expressit,
2412 3189 2712 3262 variasque
2730 3193 3038 3248 nonnullas
3055 3194 3347 3251 Urbinatis
3368 3199 3428 3251 et

151 3278 311 3350 descit,
340 3286 394 3339 et
417 3284 519 3341 fol.
553 3284 620 3339 37
652 3281 845 3335 medio
875 3279 1088 3335 Interea
1120 3279 1321 3335 Petrus
1340 3278 1450 3333 dux
1467 3275 1595 3334 dum
1620 3275 1722 3332 sibi
1740 3275 1788 3298 υ
1820 3278 2073 3334 Vaticani
2098 3278 2361 3333 codicum
2386 3278 2662 3333 lectiones
2692 3279 2943 3351 margini
2976 3282 3253 3354 ascripsit,
3282 3302 3425 3357 quas

143 3384 220 3437 pro
250 3373 367 3427 votis
400 3373 732 3444 primarum
758 3369 968 3424 iterum
994 3368 1340 3443 paginarum
1377 3365 1718 3436 scripturam

152 3456 312 3514 refert.
360 3460 511 3517 Folio
561 3462 651 3526 38,
680 3458 832 3513 linea
866 3460 1043 3524 sexta,
1091 3455 1416 3512 Chronicon
1466 3452 1714 3525 explicit,

152 3543 365 3616 subjecto
392 3549 615 3622 pagina
655 3545 959 3618 posteriori
992 3548 1050 3600 et
1099 3547 1165 3600 39
1210 3545 1471 3615 catalogo
1505 3542 1717 3597 ducum

153 3630 477 3692 Venetorum.
513 3638 718 3692 Partes
746 3633 973 3708 paginae
1001 3648 1205 3687 vacuas
1236 3630 1582 3703 posteriores
1611 3646 1716 3685 sar.-

154 3722 241 3777 culi
267 3740 316 3779 x1
343 3726 541 3781 scribae
571 3724 781 3779 chartis
828 3723 1047 3778 duabus
1086 3725 1143 3776 et
1190 3721 1464 3793 catalogis
1510 3735 1719 3791 regum

156 3806 636 3883 Langobardorum
648 3816 707 3867 et
716 3811 792 3866 im
801 3814 1130 3884 peratorem
1147 3808 1470 3867 Occidentis
1481 3807 1721 3865 aCarolo

154 3897 322 3970 “agno
350 3920 528 3976 usque
574 3900 647 3956 ad
695 3899 1107 3971 Berengarium
1142 3901 1184 3967 Ι,
1228 3897 1476 3954 Orientis
1521 3896 1658 3953 inde
1689 3913 1725 3952 a

156 3984 272 4044 Iulio
300 3989 510 4048 Cassare
546 4006 727 4062 usque
752 3989 826 4045 ad
857 3989 1110 4043 Probum
1142 3987 1534 4059 expleverunt.
1555 3984 1723 4041 Codi-

158 4088 259 4131 cem
298 4080 715 4153 autographum
772 4094 893 4133 esse
951 4077 1075 4148 ipsa
1112 4076 1408 4148 scripturas
1457 4073 1723 4141 varietas,

160 4176 322 4221 rerum
339 4168 579 4225 decursu
589 4167 868 4240 temporis
889 4169 1181 4238 gestarum
1197 4164 1405 4220 seriem
1428 4162 1723 4231 comitata,

160 4252 303 4323 atque
330 4258 510 4313 saeculi
535 4274 572 4311 x
608 4254 868 4312 exeuntis
900 4258 960 4310 et
995 4270 1050 4310 ιι
1082 4255 1477 4308 characterem
1506 4268 1627 4324 prae
1666 4266 1726 4306 se

161 4336 321 4399 ferens
340 4346 709 4420 comprobat;
741 4344 900 4415 cujus
929 4342 1013 4398 rei
1037 4346 1095 4398 et
1109 4342 1294 4398 multa
1310 4341 1515 4396 eadem
1549 4356 1729 4395 manu

163 4430 444 4507 eodemque
471 4440 736 4507 tempore
766 4437 1026 4490 correcta
1065 4432 1241 4487 fidem
1266 4430 1515 4499 iaciunt;
1548 4445 1732 4503 pauca

1817 3384 1888 3424 ex
1918 3367 2235 3439 utriusque.

1889 3457 1956 3526 (4)
1973 3454 2308 3527 apographo
2327 3454 2385 3509 in
2400 3471 2566 3510 usum
2582 3456 2748 3511 Marci
2762 3456 3061 3513 Foscareni
3073 3460 3425 3519 Venetorum

1819 3543 1996 3608 ducis,
2021 3542 2162 3598 dum
2196 3543 2417 3612 legatus
2454 3542 2652 3597 Roma:
2682 3543 3040 3607 morabatur,
3081 3548 3341 3604 confecto
3367 3568 3428 3606 se

1818 3630 2124 3703 sumpsisse
2140 3629 2357 3685 scribit.
2378 3628 2542 3702 Quoq
2559 3629 2793 3703 quidem
2812 3634 3211 3704 apographum
3232 3653 3427 3693 veram

1821 3720 2081 3777 codicum
2115 3719 2426 3774 lectionem
2466 3718 2707 3773 minime
2756 3720 3050 3792 expressit,
3095 3726 3269 3795 prout
3297 3724 3433 3799 ipsis

1822 3809 2033 3865 iterum
2054 3808 2380 3880 iterumque
2409 3807 2647 3864 evolutis
2675 3807 3105 3866 Giesebrechtus
3121 3815 3430 3884 perspexit,

1824 3915 2003 3972 quare
2016 3898 2327 3954 lectionem
2350 3900 2608 3953 nostram
2626 3913 2660 3952 a
2678 3898 2828 3953 notis
2842 3899 3085 3955 Zanettii
3101 3902 3436 3975 marginali-

1822 3988 1930 4044 bus
1956 3987 2112 4042 haud
2131 4001 2264 4042 raro
2285 3986 2611 4058 discrepare
2628 3987 2874 4042 noveris.
2892 3990 3307 4063 ApOgraphum
3326 3992 3436 4049 hoc

1826 4093 2011 4148 nuper
2066 4077 2125 4131 in
2177 4078 2440 4148 catalogo
2473 4075 2835 4132 bibliotheca:
2874 4078 3193 4135 Foscarinaa
3235 4082 3435 4137 lauda-

1827 4171 1951 4222 tum
1981 4167 2114 4238 (ll),
2144 4166 2205 4220 in
2232 4165 2642 4221 bibliothecam
2676 4164 2996 4223 Caesaream
3026 4169 3437 4227 Vindobonen-

1828 4272 1948 4313 sem
1976 4255 2203 4311 transiit
2226 4257 2357 4328 (12).

1902 4347 2009 4417 (4ο)
2032 4344 2295 4399 Editione
2325 4347 2524 4399 nostra
2535 4344 2661 4416 jam
2696 4346 2975 4415 absoluta,
2996 4348 3275 4403 beneflcio
3299 4349 3439 4406 Leo-

1831 4434 1988 4507 poldi
2034 4433 2254 4500 Ranke,
2309 4433 2608 4488 clarissimi
2663 4434 2917 4490 historia
2964 4435 3022 4491 in
3072 4437 3441 4493 universitate

166 4524 439 4587 posteriore
469 4531 735 4596 tempore
780 4522 998 4590 addita,
1036 4522 1098 4578 in
1131 4522 1389 4576 numeris
1419 4518 1729 4591 praecipue,
1758 4519 1812 4579 D
1832 4523 1997 4595 regia
2022 4522 2375 4577 Berolinensi
2404 4522 2761 4595 professoris,
2790 4524 2869 4579 uti
2902 4524 3059 4580 licuit
3103 4528 3441 4599 apographo

164 4604 299 4665 facile
339 4613 785 4686 distinguuntur.
838 4611 1118 4667 Ordinem
1158 4610 1504 4683 paginarum
1559 4609 1733 4666 hodie

165 4697 421 4756 turbatum
433 4703 734 4775 complura
745 4704 1016 4773 arguunt,
1034 4704 1158 4755 tum
1176 4698 1331 4772 quod
1359 4699 1531 4770 longe
1544 4698 1736 4772 potior

165 4780 271 4838 libri
298 4801 439 4857 pars,
483 4791 701 4847 scilicet
745 4789 1072 4845 Chronicon
1123 4787 1428 4853 Venetum,
1476 4787 1735 4858 primum

166 4867 325 4930 locum
344 4893 641 4952 occupasse
664 4876 912 4951 judicari
948 4878 1158 4949 potest,
1180 4880 1305 4931 tum
1327 4874 1607 4931 institutio
1637 4891 1734 4931 co-

166 4955 328 5018 dicum
342 4980 404 5021 ex
421 4972 614 5024 nostro
636 4966 1081 5039 descriptorum,
1106 4965 1166 5020 in
1177 4963 1385 5037 quibus
1409 4964 1735 5021 Chronicon

167 5043 418 5110 Gradense
445 5056 712 5114 ultimum
740 5058 934 5113 locum
974 5057 1217 5127 occupat
1260 5069 1370 5109 nec
1420 5053 1735 5111 minimum

1836 4614 2144 4685 apparatus
2172 4611 2350 4666 critici
2374 4628 2406 4666 a
2437 4612 2497 4668 P.
2541 4613 2867 4685 Pellegrino
2920 4631 2974 4669 a.
3026 4616 3160 4669 1806
3191 4615 3249 4669 in
3276 4632 3442 4671 usum

1836 4701 2104 4756 editionis
2131 4717 2293 4756 novae
2325 4700 2602 4773 congesti.
2634 4701 2870 4758 Constat
2897 4706 3055 4758 textu
3081 4704 3443 4768 Zanettiano,

1836 4789 2128 4846 adnotatis
2147 4790 2207 4845 in
2239 4790 2506 4861 margine
2535 4790 2877 4847 lectionibus
2907 4792 3172 4848 codicum
3205 4794 3258 4859 3,
3290 4797 3343 4860 2,
3380 4796 3440 4861 l;

1836 4878 2198 4951 praefatione,
2226 4895 2340 4951 qua
2369 4879 2909 4935 Zanettiiincuriam
2933 4880 3187 4954 exponit,
3211 4884 3446 4937 etnovas

1837 4965 2106 5022 editionis
2128 4966 2397 5033 sub‘sidia,
2421 4967 2681 5021 codicem
2703 4967 2917 5023 scilicet
2931 4969 3215 5024 Venetum
3236 4970 3446 5026 funda-

1840 5054 2023 5110 menti
2056 5057 2180 5111 loco
2212 5054 2464 5128 positum
2496 5057 2553 5110 et
2582 5055 2837 5111 Vaticani
2866 5057 3162 5130 utriusque
3204 5073 3447 5131 apogra-

1660 5152 1885 5209 NOT/E.

228 5241 571 5322 (QVVLMon.
600 5253 793 5308 Germ.
843 5250 942 5311 SS.
995 5254 1039 5306 t.
1093 5251 1183 5319 Vl,
1237 5266 1370 5322 pag.
1428 5252 1529 5307 567
1583 5255 1735 5318 (tam.

173 5308 360 5395 cmi;
383 5321 699 5395 Palrolog.).

229 5388 564 5465 Wmuratori
595 5388 694 5452 SS.
728 5395 860 5461 XVI,
898 5410 1032 5465 pag.
1066 5396 1119 5461 8,
1151 5398 1210 5450 et
1239 5394 1475 5450 alterius
1500 5395 1734 5449 auctore

174 5446 1092 5535 lasani.'sal'an'o‘ib‘a‘d:sagae;

208 5483 388 5515 ,υιυιιιο
419 5483 644 5523 neuono
676 5483 814 5521 una.
885 5483 978 5535 ag.
1006 5483 1092 5520 su.

323 5531 559 5611 Exempli
591 5537 776 5611 gratia
802 5483 1083 5611 Fiaminio
1121 5536 1410 5611 Cornelio,
1446 5536 1540 5607 qui
1580 5534 1735 5590 anno

183 5594 386 5688 ﬂigi“
418 5594 659 5688 .Ec'clesia
681 5608 1050 5688 'T_or_cell‘ana,
1100 5594 1434 5688 pugnis-lt,
1464 5594 1544 5662 ⁵15
1584 5622 1737 5680 sqq.,

182 5661 471 5737 fragmenta
498 5661 758 5734 chronici,
775 5661 1078 5734 Gradensis
1100 5661 1308 5733 edidit.

247 5740 307 5811 (9)
335 5744 505 5803 Codex
533 5750 744 5805 minor.

567 5848 800 5905 Paraon.
833 5845 1085 5906 CXXXIX.

1908 5253 2017 5319 (10)
2040 5250 2291 5322 Cornelii
2311 5251 2472 5322 Eccl.
2488 5250 2729 5322 Torcell.
2763 5265 2822 5322 p.
2855 5253 2908 5305 5.

1907 5322 2021 5396 (11)
2046 5321 2307 5396 Archile
2338 5320 2547 5376 storico
2576 5320 2818 5375 ltaliario
2844 5322 2910 5396 ll.
2939 5339 2998 5396 p.
3032 5322 3157 5377 283.

1907 5392 2004 5459 (12
2032 5394 2189 5447 Alius
2218 5392 2289 5445 de
2315 5408 2430 5463 quo
2463 5406 2627 5463 spem
2651 5392 2963 5462 quamdam
2992 5407 3450 5462 conceperamus

1837 5463 2013 5517 codex
2042 5462 2683 5537 smculoxradgcriptus,
2722 5463 3243 5537 Mediomonlanus,
3271 5482 3446 5537 quem

1838 5550 2023 5607 nuper
2053 5533 2202 5603 apud
2224 5532 2391 5607 _V._ill.
2417 5533 2698 5607 Thomam
2721 5533 2994 5607 Pliillipps
3017 5532 3451 5606 Equitcm'evol-

1836 5603 2042 5681 vimus,
2075 5612 2148 5681 ex
2167 5603 2421 5681 editione
2446 5604 2783 5681 lanettiana
2808 5603 3123 5681 descriptus
3151 5615 3253 5677 est,
3288 5610 3448 5665 idcu-

1840 5694 1951 5751 que
1981 5677 2040 5733 in
2067 5676 2348 5732 calculum
2380 5676 2574 5734 venire
2601 5694 2720 5734 non
2747 5681 2954 5753 potest.

3151 5857 3219 5913 28
