  <div class='ocr_page' id='page_1' title='image "/cluster/home/n/w/nwhite01/storage/ocr_20150623/139/uva.x000829787/445.png"; bbox 0 0 3882 6212; ppageno 0'>
   <div class='ocr_carea' id='block_1_1' title="bbox 414 444 517 504">
    <p class='ocr_par' dir='ltr' id='par_1_1' title="bbox 414 444 517 504">
     <span class='ocr_line' id='line_1_1' title="bbox 414 444 517 504; baseline -0.019 0"><span class='ocrx_word' id='word_1_1' title='bbox 414 444 517 504; x_wconf 77' lang='lat'>875</span> 
     </span>
    </p>
   </div>
   <div class='ocr_carea' id='block_1_2' title="bbox 1624 423 2512 492">
    <p class='ocr_par' dir='ltr' id='par_1_2' title="bbox 1624 423 2512 492">
     <span class='ocr_line' id='line_1_2' title="bbox 1624 423 2512 492; baseline -0.01 -2"><span class='ocrx_word' id='word_1_2' title='bbox 1624 428 1906 492; x_wconf 78' lang='lat' dir='ltr'>JOANNIS</span> <span class='ocrx_word' id='word_1_3' title='bbox 1946 425 2226 490; x_wconf 81' lang='lat' dir='ltr'>DIACONI</span> <span class='ocrx_word' id='word_1_4' title='bbox 2264 423 2512 484; x_wconf 82' lang='lat' dir='ltr'><strong>VENETI</strong></span> 
     </span>
    </p>
   </div>
   <div class='ocr_carea' id='block_1_3' title="bbox 3621 413 3732 475">
    <p class='ocr_par' dir='ltr' id='par_1_3' title="bbox 3621 413 3732 475">
     <span class='ocr_line' id='line_1_3' title="bbox 3621 413 3732 475; baseline 0 -1"><span class='ocrx_word' id='word_1_5' title='bbox 3621 413 3732 475; x_wconf 77' lang='lat'>876</span> 
     </span>
    </p>
   </div>
   <div class='ocr_carea' id='block_1_4' title="bbox 410 540 3736 643">
    <p class='ocr_par' dir='ltr' id='par_1_4' title="bbox 410 540 3736 643">
     <span class='ocr_line' id='line_1_4' title="bbox 410 540 3736 643; baseline -0.009 -19"><span class='ocrx_word' id='word_1_6' title='bbox 410 571 595 643; x_wconf 87' lang='lat' dir='ltr'>phum</span> <span class='ocrx_word' id='word_1_7' title='bbox 620 565 856 622; x_wconf 82' lang='lat' dir='ltr'>curante</span> <span class='ocrx_word' id='word_1_8' title='bbox 884 562 1092 636; x_wconf 89' lang='lat' dir='ltr'>Borgia</span> <span class='ocrx_word' id='word_1_9' title='bbox 1121 559 1228 618; x_wconf 85' lang='lat' dir='ltr'>sibi</span> <span class='ocrx_word' id='word_1_10' title='bbox 1265 559 1684 627; x_wconf 82' lang='lat' dir='ltr'>transmissum,</span> <span class='ocrx_word' id='word_1_11' title='bbox 1716 559 2002 613; x_wconf 83' lang='lat' dir='ltr'>recenset:</span> <span class='ocrx_word' id='word_1_12' title='bbox 2025 561 2080 620; x_wconf 82' lang='lat' dir='ltr'><strong>A</strong></span> <span class='ocrx_word' id='word_1_13' title='bbox 2103 571 2158 610; x_wconf 90' lang='lat' dir='ltr'>a.</span> <span class='ocrx_word' id='word_1_14' title='bbox 2192 555 2324 609; x_wconf 90' lang='lat'><strong>1008</strong></span> <span class='ocrx_word' id='word_1_15' title='bbox 2357 549 2633 623; x_wconf 80' lang='lat' dir='ltr'>procedat</span> <span class='ocrx_word' id='word_1_16' title='bbox 2657 545 2888 605; x_wconf 82' lang='lat' dir='ltr'>nonnisi</span> <span class='ocrx_word' id='word_1_17' title='bbox 2931 561 3115 602; x_wconf 89' lang='lat' dir='ltr'>annos</span> <span class='ocrx_word' id='word_1_18' title='bbox 3154 540 3370 611; x_wconf 80' lang='lat' dir='ltr'>Vitatis,</span> <span class='ocrx_word' id='word_1_19' title='bbox 3419 540 3520 615; x_wconf 85' lang='lat' dir='ltr'>qui</span> <span class='ocrx_word' id='word_1_20' title='bbox 3574 540 3736 596; x_wconf 78' lang='lat' dir='ltr'>circa</span> 
     </span>
    </p>
   </div>
   <div class='ocr_carea' id='block_1_5' title="bbox 403 645 2004 714">
    <p class='ocr_par' dir='ltr' id='par_1_5' title="bbox 403 645 2004 714">
     <span class='ocr_line' id='line_1_5' title="bbox 403 645 2004 714; baseline -0.009 0"><span class='ocrx_word' id='word_1_21' title='bbox 403 655 871 714; x_wconf 71' lang='lat' dir='ltr'>adnotationibus</span> <span class='ocrx_word' id='word_1_22' title='bbox 913 652 1120 708; x_wconf 77' lang='lat' dir='ltr'>criticis</span> <span class='ocrx_word' id='word_1_23' title='bbox 1137 649 1489 706; x_wconf 91' lang='lat' dir='ltr'>ethistoricis</span> <span class='ocrx_word' id='word_1_24' title='bbox 1519 650 1672 704; x_wconf 89' lang='lat' dir='ltr'>locos</span> <span class='ocrx_word' id='word_1_25' title='bbox 1698 645 2004 702; x_wconf 89' lang='lat' dir='ltr'>aZanettio</span> 
     </span>
    </p>
   </div>
   <div class='ocr_carea' id='block_1_6' title="bbox 403 735 2004 820">
    <p class='ocr_par' dir='ltr' id='par_1_6' title="bbox 403 735 2004 820">
     <span class='ocr_line' id='line_1_6' title="bbox 403 735 2004 820; baseline -0.009 -18"><span class='ocrx_word' id='word_1_26' title='bbox 403 745 819 820; x_wconf 65' lang='lat' dir='ltr'>praetermissos</span> <span class='ocrx_word' id='word_1_27' title='bbox 843 740 1181 814; x_wconf 70' lang='lat' dir='ltr'>compleris;</span> <span class='ocrx_word' id='word_1_28' title='bbox 1225 738 1506 794; x_wconf 91' lang='lat' dir='ltr'>Chronico</span> <span class='ocrx_word' id='word_1_29' title='bbox 1528 735 1803 792; x_wconf 88' lang='lat' dir='ltr'>Gradensi</span> <span class='ocrx_word' id='word_1_30' title='bbox 1826 752 1892 789; x_wconf 84' lang='lat' dir='ltr'>ex</span> <span class='ocrx_word' id='word_1_31' title='bbox 1911 749 2004 788; x_wconf 93' lang='lat' dir='ltr'>co-</span> 
     </span>
    </p>
   </div>
   <div class='ocr_carea' id='block_1_7' title="bbox 409 824 2006 903">
    <p class='ocr_par' dir='ltr' id='par_1_7' title="bbox 409 824 2006 903">
     <span class='ocr_line' id='line_1_7' title="bbox 409 824 2006 903; baseline -0.009 -12"><span class='ocrx_word' id='word_1_32' title='bbox 409 836 532 891; x_wconf 84' lang='lat' dir='ltr'>dice</span> <span class='ocrx_word' id='word_1_33' title='bbox 559 835 775 889; x_wconf 87' lang='lat' dir='ltr'>Veneto</span> <span class='ocrx_word' id='word_1_34' title='bbox 802 847 978 903; x_wconf 91' lang='lat' dir='ltr'>usque</span> <span class='ocrx_word' id='word_1_35' title='bbox 1011 831 1084 885; x_wconf 90' lang='lat' dir='ltr'>ad</span> <span class='ocrx_word' id='word_1_36' title='bbox 1122 826 1476 899; x_wconf 86' lang='lat' dir='ltr'>Primogenii</span> <span class='ocrx_word' id='word_1_37' title='bbox 1517 825 1855 897; x_wconf 77' lang='lat' dir='ltr'>patriarchae</span> <span class='ocrx_word' id='word_1_38' title='bbox 1892 824 2006 878; x_wconf 92' lang='lat' dir='ltr'>ele-</span> 
     </span>
    </p>
   </div>
   <div class='ocr_carea' id='block_1_8' title="bbox 408 912 2009 993">
    <p class='ocr_par' dir='ltr' id='par_1_8' title="bbox 408 912 2009 993">
     <span class='ocr_line' id='line_1_8' title="bbox 408 912 2009 993; baseline -0.009 -13"><span class='ocrx_word' id='word_1_39' title='bbox 408 925 662 980; x_wconf 86' lang='lat' dir='ltr'>ctionem</span> <span class='ocrx_word' id='word_1_40' title='bbox 693 922 991 993; x_wconf 89' lang='lat' dir='ltr'>producto,</span> <span class='ocrx_word' id='word_1_41' title='bbox 1013 921 1071 974; x_wconf 90' lang='lat' dir='ltr'>et</span> <span class='ocrx_word' id='word_1_42' title='bbox 1091 918 1275 972; x_wconf 89' lang='lat' dir='ltr'>indice</span> <span class='ocrx_word' id='word_1_43' title='bbox 1293 916 1632 971; x_wconf 89' lang='lat' dir='ltr'>clericorum</span> <span class='ocrx_word' id='word_1_44' title='bbox 1652 916 1823 985; x_wconf 88' lang='lat' dir='ltr'>atque</span> <span class='ocrx_word' id='word_1_45' title='bbox 1840 912 2009 966; x_wconf 83' lang='lat' dir='ltr'>laico-</span> 
     </span>
    </p>
   </div>
   <div class='ocr_carea' id='block_1_9' title="bbox 407 1004 1666 1082">
    <p class='ocr_par' dir='ltr' id='par_1_9' title="bbox 407 1004 1666 1082">
     <span class='ocr_line' id='line_1_9' title="bbox 407 1004 1666 1082; baseline -0.009 -16"><span class='ocrx_word' id='word_1_46' title='bbox 407 1029 538 1067; x_wconf 88' lang='lat' dir='ltr'>rum</span> <span class='ocrx_word' id='word_1_47' title='bbox 572 1011 668 1082; x_wconf 86' lang='lat' dir='ltr'>qui</span> <span class='ocrx_word' id='word_1_48' title='bbox 698 1010 756 1063; x_wconf 91' lang='lat' dir='ltr'>in</span> <span class='ocrx_word' id='word_1_49' title='bbox 785 1007 1066 1062; x_wconf 90' lang='lat' dir='ltr'>Chronico</span> <span class='ocrx_word' id='word_1_50' title='bbox 1094 1006 1310 1059; x_wconf 88' lang='lat' dir='ltr'>Veneto</span> <span class='ocrx_word' id='word_1_51' title='bbox 1342 1004 1666 1058; x_wconf 90' lang='lat' dir='ltr'>occurrunt.</span> 
     </span>
    </p>
   </div>
   <div class='ocr_carea' id='block_1_10' title="bbox 479 1088 2011 1168">
    <p class='ocr_par' dir='ltr' id='par_1_10' title="bbox 479 1088 2011 1168">
     <span class='ocr_line' id='line_1_10' title="bbox 479 1088 2011 1168; baseline -0.009 -14"><span class='ocrx_word' id='word_1_52' title='bbox 479 1103 554 1168; x_wconf 81' lang='lat'>(5)</span> <span class='ocrx_word' id='word_1_53' title='bbox 585 1100 646 1153; x_wconf 88' lang='lat' dir='ltr'>C.</span> <span class='ocrx_word' id='word_1_54' title='bbox 665 1097 1025 1153; x_wconf 66' lang='lat' dir='ltr'>bibliotheca:</span> <span class='ocrx_word' id='word_1_55' title='bbox 1039 1093 1310 1167; x_wconf 90' lang='lat' dir='ltr'>principis</span> <span class='ocrx_word' id='word_1_56' title='bbox 1325 1088 1811 1156; x_wconf 67' lang='lat' dir='ltr'>Barberiui,n.2~’r7</span> <span class='ocrx_word' id='word_1_57' title='bbox 1826 1088 2011 1159; x_wconf 84' lang='lat' dir='ltr'>signa-</span> 
     </span>
    </p>
   </div>
   <div class='ocr_carea' id='block_1_11' title="bbox 407 1176 2011 1255">
    <p class='ocr_par' dir='ltr' id='par_1_11' title="bbox 407 1176 2011 1255">
     <span class='ocr_line' id='line_1_11' title="bbox 407 1176 2011 1255; baseline -0.01 -10"><span class='ocrx_word' id='word_1_58' title='bbox 407 1195 518 1255; x_wconf 92' lang='lat' dir='ltr'>tus,</span> <span class='ocrx_word' id='word_1_59' title='bbox 549 1191 605 1242; x_wconf 92' lang='lat' dir='ltr'>et</span> <span class='ocrx_word' id='word_1_60' title='bbox 626 1187 830 1242; x_wconf 67' lang='lat' dir='ltr'>saeculo</span> <span class='ocrx_word' id='word_1_61' title='bbox 857 1201 931 1239; x_wconf 69' lang='grc' dir='ltr'>χιι</span> <span class='ocrx_word' id='word_1_62' title='bbox 967 1186 1248 1244; x_wconf 82' lang='lat' dir='ltr'>exaratus,</span> <span class='ocrx_word' id='word_1_63' title='bbox 1283 1181 1363 1235; x_wconf 88' lang='lat' dir='ltr'>ita</span> <span class='ocrx_word' id='word_1_64' title='bbox 1393 1179 1752 1234; x_wconf 87' lang='lat' dir='ltr'>inscribitur:</span> <span class='ocrx_word' id='word_1_65' title='bbox 1784 1176 2011 1232; x_wconf 85' lang='lat' dir='ltr'>Crom&#39;ca</span> 
     </span>
    </p>
   </div>
   <div class='ocr_carea' id='block_1_12' title="bbox 406 1266 2010 1346">
    <p class='ocr_par' dir='ltr' id='par_1_12' title="bbox 406 1266 2010 1346">
     <span class='ocr_line' id='line_1_12' title="bbox 406 1266 2010 1346; baseline -0.011 -12"><span class='ocrx_word' id='word_1_66' title='bbox 406 1278 472 1334; x_wconf 87' lang='lat' dir='ltr'>de</span> <span class='ocrx_word' id='word_1_67' title='bbox 489 1276 716 1345; x_wconf 70' lang='lat' dir='ltr'>singulis</span> <span class='ocrx_word' id='word_1_68' title='bbox 736 1273 1058 1346; x_wconf 77' lang='lat' dir='ltr'>patriarchis</span> <span class='ocrx_word' id='word_1_69' title='bbox 1088 1288 1218 1324; x_wconf 74' lang='lat' dir='ltr'>nove</span> <span class='ocrx_word' id='word_1_70' title='bbox 1248 1270 1470 1340; x_wconf 79' lang='lat' dir='ltr'>aquz&#39;lcic</span> <span class='ocrx_word' id='word_1_71' title='bbox 1499 1285 1616 1339; x_wconf 59' lang='lat' dir='ltr'>qua?</span> <span class='ocrx_word' id='word_1_72' title='bbox 1637 1266 1911 1336; x_wconf 77' lang='lat' dir='ltr'>gradcnsz&#39;s</span> <span class='ocrx_word' id='word_1_73' title='bbox 1927 1282 2010 1318; x_wconf 83' lang='lat' dir='ltr'>ec-</span> 
     </span>
    </p>
   </div>
   <div class='ocr_carea' id='block_1_13' title="bbox 407 1353 2010 1430">
    <p class='ocr_par' dir='ltr' id='par_1_13' title="bbox 407 1353 2010 1430">
     <span class='ocr_line' id='line_1_13' title="bbox 407 1353 2010 1430; baseline -0.009 -10"><span class='ocrx_word' id='word_1_74' title='bbox 407 1366 562 1420; x_wconf 76' lang='lat' dir='ltr'>clesia</span> <span class='ocrx_word' id='word_1_75' title='bbox 612 1370 834 1419; x_wconf 81' lang='lat' dir='ltr'>vocatur</span> <span class='ocrx_word' id='word_1_76' title='bbox 880 1379 913 1414; x_wconf 82' lang='grc' dir='ltr'><em>α</em></span> <span class='ocrx_word' id='word_1_77' title='bbox 967 1367 1194 1430; x_wconf 55' lang='lat' dir='ltr'>tempera</span> <span class='ocrx_word' id='word_1_78' title='bbox 1259 1357 1467 1410; x_wconf 54' lang='lat' dir='ltr'>(lumini</span> <span class='ocrx_word' id='word_1_79' title='bbox 1549 1354 1697 1408; x_wconf 61' lang='lat' dir='ltr'>lic-lim</span> <span class='ocrx_word' id='word_1_80' title='bbox 1775 1353 2010 1423; x_wconf 75' lang='lat' dir='ltr'>ejusdem</span> 
     </span>
    </p>
   </div>
   <div class='ocr_carea' id='block_1_14' title="bbox 2106 629 3733 707">
    <p class='ocr_par' dir='ltr' id='par_1_14' title="bbox 2106 629 3733 707">
     <span class='ocr_line' id='line_1_14' title="bbox 2106 629 3733 707; baseline -0.009 -8"><span class='ocrx_word' id='word_1_81' title='bbox 2106 661 2140 699; x_wconf 91' lang='lat' dir='ltr'>a</span> <span class='ocrx_word' id='word_1_82' title='bbox 2173 645 2309 698; x_wconf 88' lang='lat'><strong>1012</strong></span> <span class='ocrx_word' id='word_1_83' title='bbox 2338 641 2500 707; x_wconf 89' lang='lat' dir='ltr'>obiit,</span> <span class='ocrx_word' id='word_1_84' title='bbox 2556 643 2614 694; x_wconf 91' lang='lat' dir='ltr'>et</span> <span class='ocrx_word' id='word_1_85' title='bbox 2661 636 2787 693; x_wconf 91' lang='lat' dir='ltr'>Ursi</span> <span class='ocrx_word' id='word_1_86' title='bbox 2828 635 3246 692; x_wconf 88' lang='lat' dir='ltr'>successionem</span> <span class='ocrx_word' id='word_1_87' title='bbox 3299 649 3334 688; x_wconf 88' lang='lat' dir='ltr'>a</span> <span class='ocrx_word' id='word_1_88' title='bbox 3381 629 3733 686; x_wconf 75' lang='lat' dir='ltr'>succedente</span> 
     </span>
    </p>
   </div>
   <div class='ocr_carea' id='block_1_15' title="bbox 2106 717 3734 804">
    <p class='ocr_par' dir='ltr' id='par_1_15' title="bbox 2106 717 3734 804">
     <span class='ocr_line' id='line_1_15' title="bbox 2106 717 3734 804; baseline -0.008 -19"><span class='ocrx_word' id='word_1_89' title='bbox 2106 731 2361 804; x_wconf 89' lang='lat' dir='ltr'>quodam</span> <span class='ocrx_word' id='word_1_90' title='bbox 2403 727 2589 782; x_wconf 89' lang='lat' dir='ltr'>scriba</span> <span class='ocrx_word' id='word_1_91' title='bbox 2641 726 2838 781; x_wconf 88' lang='lat' dir='ltr'>addita</span> <span class='ocrx_word' id='word_1_92' title='bbox 2865 723 3158 794; x_wconf 88' lang='lat' dir='ltr'>conjicias.</span> <span class='ocrx_word' id='word_1_93' title='bbox 3193 721 3481 776; x_wconf 62' lang='lat' dir='ltr'>Caeterum</span> <span class='ocrx_word' id='word_1_94' title='bbox 3525 717 3734 774; x_wconf 80' lang='lat' dir='ltr'>codice</span> 
     </span>
    </p>
   </div>
   <div class='ocr_carea' id='block_1_16' title="bbox 2107 806 3734 888">
    <p class='ocr_par' dir='ltr' id='par_1_16' title="bbox 2107 806 3734 888">
     <span class='ocr_line' id='line_1_16' title="bbox 2107 806 3734 888; baseline -0.009 -14"><span class='ocrx_word' id='word_1_95' title='bbox 2107 822 2304 874; x_wconf 90' lang='lat' dir='ltr'>nostro</span> <span class='ocrx_word' id='word_1_96' title='bbox 2320 817 2444 888; x_wconf 90' lang='lat' dir='ltr'>jam</span> <span class='ocrx_word' id='word_1_97' title='bbox 2466 817 2735 887; x_wconf 89' lang='lat' dir='ltr'>Ughellus</span> <span class='ocrx_word' id='word_1_98' title='bbox 2761 814 2821 868; x_wconf 90' lang='lat' dir='ltr'>in</span> <span class='ocrx_word' id='word_1_99' title='bbox 2852 811 3237 867; x_wconf 88' lang='lat' dir='ltr'>Gradensibus</span> <span class='ocrx_word' id='word_1_100' title='bbox 3274 806 3639 881; x_wconf 88' lang='lat' dir='ltr'>patriarchis,</span> <span class='ocrx_word' id='word_1_101' title='bbox 3670 810 3734 861; x_wconf 87' lang='lat' dir='ltr'>et</span> 
     </span>
    </p>
   </div>
   <div class='ocr_carea' id='block_1_17' title="bbox 2109 896 3733 978">
    <p class='ocr_par' dir='ltr' id='par_1_17' title="bbox 2109 896 3733 978">
     <span class='ocr_line' id='line_1_17' title="bbox 2109 896 3733 978; baseline -0.009 -16"><span class='ocrx_word' id='word_1_102' title='bbox 2109 906 2510 978; x_wconf 90' lang='lat' dir='ltr'>apographum</span> <span class='ocrx_word' id='word_1_103' title='bbox 2539 903 2787 974; x_wconf 88' lang='lat' dir='ltr'>Philippi</span> <span class='ocrx_word' id='word_1_104' title='bbox 2817 919 2852 956; x_wconf 93' lang='lat' dir='ltr'>a</span> <span class='ocrx_word' id='word_1_105' title='bbox 2873 902 3051 955; x_wconf 91' lang='lat' dir='ltr'>Turre</span> <span class='ocrx_word' id='word_1_106' title='bbox 3083 901 3284 954; x_wconf 90' lang='lat' dir='ltr'>nactus</span> <span class='ocrx_word' id='word_1_107' title='bbox 3311 897 3400 952; x_wconf 81' lang='lat' dir='ltr'>Jo.</span> <span class='ocrx_word' id='word_1_108' title='bbox 3449 896 3542 950; x_wconf 87' lang='lat' dir='ltr'>Fr.</span> <span class='ocrx_word' id='word_1_109' title='bbox 3589 897 3733 950; x_wconf 85' lang='lat' dir='ltr'>Ber-</span> 
     </span>
    </p>
   </div>
   <div class='ocr_carea' id='block_1_18' title="bbox 2110 983 3733 1050">
    <p class='ocr_par' dir='ltr' id='par_1_18' title="bbox 2110 983 3733 1050">
     <span class='ocr_line' id='line_1_18' title="bbox 2110 983 3733 1050; baseline -0.009 0"><span class='ocrx_word' id='word_1_110' title='bbox 2110 995 2325 1050; x_wconf 90' lang='lat' dir='ltr'>nardus</span> <span class='ocrx_word' id='word_1_111' title='bbox 2351 993 2526 1048; x_wconf 83' lang='lat' dir='ltr'>Maria</span> <span class='ocrx_word' id='word_1_112' title='bbox 2565 993 2635 1047; x_wconf 92' lang='lat' dir='ltr'>de</span> <span class='ocrx_word' id='word_1_113' title='bbox 2683 990 2893 1045; x_wconf 85' lang='lat' dir='ltr'>Rubeis</span> <span class='ocrx_word' id='word_1_114' title='bbox 2937 989 2996 1042; x_wconf 92' lang='lat' dir='ltr'>in</span> <span class='ocrx_word' id='word_1_115' title='bbox 3038 985 3424 1043; x_wconf 83' lang='lat' dir='ltr'>Monumentis</span> <span class='ocrx_word' id='word_1_116' title='bbox 3462 983 3733 1038; x_wconf 70' lang='lat' dir='ltr'>Ecclesia:</span> 
     </span>
    </p>
   </div>
   <div class='ocr_carea' id='block_1_19' title="bbox 2110 1072 3730 1155">
    <p class='ocr_par' dir='ltr' id='par_1_19' title="bbox 2110 1072 3730 1155">
     <span class='ocr_line' id='line_1_19' title="bbox 2110 1072 3730 1155; baseline -0.007 -18"><span class='ocrx_word' id='word_1_117' title='bbox 2110 1081 2484 1155; x_wconf 80' lang='lat' dir='ltr'>Aquileiensis</span> <span class='ocrx_word' id='word_1_118' title='bbox 2517 1080 2600 1135; x_wconf 92' lang='lat' dir='ltr'>usi</span> <span class='ocrx_word' id='word_1_119' title='bbox 2633 1082 2765 1134; x_wconf 87' lang='lat' dir='ltr'>sunt</span> <span class='ocrx_word' id='word_1_120' title='bbox 2797 1080 2944 1148; x_wconf 85' lang='lat'>(13);</span> <span class='ocrx_word' id='word_1_121' title='bbox 2981 1079 3245 1130; x_wconf 84' lang='lat' dir='ltr'>nostrum</span> <span class='ocrx_word' id='word_1_122' title='bbox 3277 1074 3335 1128; x_wconf 91' lang='lat' dir='ltr'>in</span> <span class='ocrx_word' id='word_1_123' title='bbox 3363 1088 3531 1127; x_wconf 90' lang='lat' dir='ltr'>usum</span> <span class='ocrx_word' id='word_1_124' title='bbox 3552 1072 3617 1126; x_wconf 74' lang='grc' dir='ltr'><strong>ν.</strong></span> <span class='ocrx_word' id='word_1_125' title='bbox 3654 1072 3730 1127; x_wconf 91' lang='lat' dir='ltr'>cl.</span> 
     </span>
    </p>
   </div>
   <div class='ocr_carea' id='block_1_20' title="bbox 2112 1161 3734 1240">
    <p class='ocr_par' dir='ltr' id='par_1_20' title="bbox 2112 1161 3734 1240">
     <span class='ocr_line' id='line_1_20' title="bbox 2112 1161 3734 1240; baseline -0.009 -14"><span class='ocrx_word' id='word_1_126' title='bbox 2112 1171 2378 1238; x_wconf 80' lang='lat' dir='ltr'>Roestell,</span> <span class='ocrx_word' id='word_1_127' title='bbox 2410 1170 2666 1240; x_wconf 91' lang='lat' dir='ltr'>publicus</span> <span class='ocrx_word' id='word_1_128' title='bbox 2701 1167 2842 1237; x_wconf 80' lang='lat' dir='ltr'>iuris</span> <span class='ocrx_word' id='word_1_129' title='bbox 2875 1167 2930 1220; x_wconf 91' lang='lat' dir='ltr'>in</span> <span class='ocrx_word' id='word_1_130' title='bbox 2966 1163 3336 1219; x_wconf 80' lang='lat' dir='ltr'>universitate</span> <span class='ocrx_word' id='word_1_131' title='bbox 3367 1161 3530 1231; x_wconf 85' lang='lat' dir='ltr'>regia</span> <span class='ocrx_word' id='word_1_132' title='bbox 3559 1161 3734 1214; x_wconf 89' lang='lat' dir='ltr'>Bero-</span> 
     </span>
    </p>
   </div>
   <div class='ocr_carea' id='block_1_21' title="bbox 2109 1248 3730 1330">
    <p class='ocr_par' dir='ltr' id='par_1_21' title="bbox 2109 1248 3730 1330">
     <span class='ocr_line' id='line_1_21' title="bbox 2109 1248 3730 1330; baseline -0.009 -16"><span class='ocrx_word' id='word_1_133' title='bbox 2109 1259 2315 1314; x_wconf 89' lang='lat' dir='ltr'>linensi</span> <span class='ocrx_word' id='word_1_134' title='bbox 2356 1258 2663 1330; x_wconf 84' lang='lat' dir='ltr'>professor,</span> <span class='ocrx_word' id='word_1_135' title='bbox 2715 1255 2854 1309; x_wconf 92' lang='lat' dir='ltr'>dum</span> <span class='ocrx_word' id='word_1_136' title='bbox 2901 1257 3036 1308; x_wconf 85' lang='lat' dir='ltr'>ante</span> <span class='ocrx_word' id='word_1_137' title='bbox 3066 1251 3267 1321; x_wconf 88' lang='lat' dir='ltr'>viginti</span> <span class='ocrx_word' id='word_1_138' title='bbox 3300 1265 3486 1303; x_wconf 91' lang='lat' dir='ltr'>annos</span> <span class='ocrx_word' id='word_1_139' title='bbox 3525 1248 3730 1301; x_wconf 62' lang='lat' dir='ltr'>Bome</span> 
     </span>
    </p>
   </div>
   <div class='ocr_carea' id='block_1_22' title="bbox 2111 1335 3548 1418">
    <p class='ocr_par' dir='ltr' id='par_1_22' title="bbox 2111 1335 3548 1418">
     <span class='ocr_line' id='line_1_22' title="bbox 2111 1335 3548 1418; baseline -0.009 -16"><span class='ocrx_word' id='word_1_140' title='bbox 2111 1348 2375 1418; x_wconf 86' lang='lat' dir='ltr'>degebat,</span> <span class='ocrx_word' id='word_1_141' title='bbox 2404 1345 2660 1400; x_wconf 90' lang='lat' dir='ltr'>codicem</span> <span class='ocrx_word' id='word_1_142' title='bbox 2687 1343 2896 1396; x_wconf 86' lang='lat' dir='ltr'>iterum</span> <span class='ocrx_word' id='word_1_143' title='bbox 2929 1338 3223 1410; x_wconf 80' lang='lat' dir='ltr'>exscripsit</span> <span class='ocrx_word' id='word_1_144' title='bbox 3253 1341 3310 1391; x_wconf 92' lang='lat' dir='ltr'>et</span> <span class='ocrx_word' id='word_1_145' title='bbox 3339 1335 3548 1390; x_wconf 90' lang='lat' dir='ltr'>varias.</span> 
     </span>
    </p>
   </div>
   <div class='ocr_carea' id='block_1_23' title="bbox 408 1422 3727 1515">
    <p class='ocr_par' dir='ltr' id='par_1_23' title="bbox 408 1422 3727 1515">
     <span class='ocr_line' id='line_1_23' title="bbox 408 1422 3727 1515; baseline -0.008 -14"><span class='ocrx_word' id='word_1_146' title='bbox 408 1447 635 1502; x_wconf 59' lang='lat' dir='ltr'>ecclesia</span> <span class='ocrx_word' id='word_1_147' title='bbox 649 1443 993 1515; x_wconf 65' lang='lat' dir='ltr'>patriarchae.</span> <span class='ocrx_word' id='word_1_148' title='bbox 1029 1422 1267 1493; x_wconf 63' lang='lat' dir='ltr'>Eithibet</span> <span class='ocrx_word' id='word_1_149' title='bbox 1298 1437 1355 1490; x_wconf 90' lang='lat' dir='ltr'>in</span> <span class='ocrx_word' id='word_1_150' title='bbox 1386 1439 1631 1507; x_wconf 88' lang='lat' dir='ltr'>quatuor</span> <span class='ocrx_word' id='word_1_151' title='bbox 1653 1422 2010 1488; x_wconf 70' lang='lat' dir='ltr'>membranae</span> <span class='ocrx_word' id='word_1_152' title='bbox 2177 1437 2252 1504; x_wconf 85' lang='lat'>(6)</span> <span class='ocrx_word' id='word_1_153' title='bbox 2289 1434 2498 1488; x_wconf 89' lang='lat' dir='ltr'>codicis</span> <span class='ocrx_word' id='word_1_154' title='bbox 2525 1431 2779 1486; x_wconf 87' lang='lat' dir='ltr'>Vaticani</span> <span class='ocrx_word' id='word_1_155' title='bbox 2801 1449 2858 1484; x_wconf 92' lang='lat' dir='ltr'>n.</span> <span class='ocrx_word' id='word_1_156' title='bbox 2881 1432 3020 1484; x_wconf 84' lang='lat'><strong>3922</strong></span> <span class='ocrx_word' id='word_1_157' title='bbox 3046 1428 3250 1482; x_wconf 90' lang='lat' dir='ltr'>eadem</span> <span class='ocrx_word' id='word_1_158' title='bbox 3276 1428 3548 1496; x_wconf 81' lang='lat' dir='ltr'>excerpta</span> <span class='ocrx_word' id='word_1_159' title='bbox 3570 1422 3727 1478; x_wconf 80' lang='lat' dir='ltr'>exhi-</span> 
     </span>
    </p>
   </div>
   <div class='ocr_carea' id='block_1_24' title="bbox 409 1519 2939 1607">
    <p class='ocr_par' dir='ltr' id='par_1_24' title="bbox 409 1519 2939 1607">
     <span class='ocr_line' id='line_1_24' title="bbox 409 1519 2939 1607; baseline -0.006 -19"><span class='ocrx_word' id='word_1_160' title='bbox 409 1533 654 1607; x_wconf 87' lang='lat' dir='ltr'>plagulis</span> <span class='ocrx_word' id='word_1_161' title='bbox 685 1530 950 1586; x_wconf 89' lang='lat' dir='ltr'>Chronici</span> <span class='ocrx_word' id='word_1_162' title='bbox 981 1525 1282 1583; x_wconf 89' lang='lat' dir='ltr'>Gradensis</span> <span class='ocrx_word' id='word_1_163' title='bbox 1328 1527 1595 1595; x_wconf 88' lang='lat' dir='ltr'>excerpta</span> <span class='ocrx_word' id='word_1_164' title='bbox 1647 1523 1754 1576; x_wconf 87' lang='lat' dir='ltr'>hoc</span> <span class='ocrx_word' id='word_1_165' title='bbox 1813 1521 2007 1576; x_wconf 88' lang='lat' dir='ltr'>initio:</span> <span class='ocrx_word' id='word_1_166' title='bbox 2110 1522 2297 1578; x_wconf 86' lang='lat' dir='ltr'>bentis</span> <span class='ocrx_word' id='word_1_167' title='bbox 2328 1521 2601 1575; x_wconf 90' lang='lat' dir='ltr'>lectiones</span> <span class='ocrx_word' id='word_1_168' title='bbox 2624 1519 2939 1573; x_wconf 90' lang='lat' dir='ltr'>adnotavit.</span> 
     </span>
    </p>
   </div>
   <div class='ocr_carea' id='block_1_25' title="bbox 411 1600 3732 1692">
    <p class='ocr_par' dir='ltr' id='par_1_25' title="bbox 411 1600 3732 1692">
     <span class='ocr_line' id='line_1_25' title="bbox 411 1600 3732 1692; baseline -0.007 -16"><span class='ocrx_word' id='word_1_169' title='bbox 411 1600 967 1692; x_wconf 38' lang='lat' dir='ltr'>ieniporibustyberii</span> <span class='ocrx_word' id='word_1_170' title='bbox 983 1615 1310 1671; x_wconf 79' lang='lat' dir='ltr'>constantinz‘</span> <span class='ocrx_word' id='word_1_171' title='bbox 1337 1614 1554 1680; x_wconf 80' lang='lat' dir='ltr'>augusti</span> <span class='ocrx_word' id='word_1_172' title='bbox 1583 1611 1749 1665; x_wconf 75' lang='lat' dir='ltr'>helias</span> <span class='ocrx_word' id='word_1_173' title='bbox 1768 1611 2012 1681; x_wconf 80' lang='lat' dir='ltr'>patriar-</span> <span class='ocrx_word' id='word_1_174' title='bbox 2183 1610 2398 1674; x_wconf 88' lang='lat' dir='ltr'>Quibus</span> <span class='ocrx_word' id='word_1_175' title='bbox 2441 1607 2700 1662; x_wconf 88' lang='lat' dir='ltr'>subsidiis</span> <span class='ocrx_word' id='word_1_176' title='bbox 2746 1605 2948 1677; x_wconf 84' lang='lat' dir='ltr'>adjuti,</span> <span class='ocrx_word' id='word_1_177' title='bbox 2995 1603 3310 1659; x_wconf 88' lang='lat' dir='ltr'>editionem</span> <span class='ocrx_word' id='word_1_178' title='bbox 3343 1602 3611 1654; x_wconf 89' lang='lat' dir='ltr'>nostram</span> <span class='ocrx_word' id='word_1_179' title='bbox 3652 1600 3732 1653; x_wconf 87' lang='lat' dir='ltr'>ita</span> 
     </span>
    </p>
   </div>
   <div class='ocr_carea' id='block_1_26' title="bbox 409 1688 3731 1781">
    <p class='ocr_par' dir='ltr' id='par_1_26' title="bbox 409 1688 3731 1781">
     <span class='ocr_line' id='line_1_26' title="bbox 409 1688 3731 1781; baseline -0.008 -15"><span class='ocrx_word' id='word_1_180' title='bbox 409 1711 509 1766; x_wconf 70' lang='lat' dir='ltr'>cita</span> <span class='ocrx_word' id='word_1_181' title='bbox 539 1709 874 1781; x_wconf 78' lang='lat' dir='ltr'>aquz&#39;lez&#39;ensis</span> <span class='ocrx_word' id='word_1_182' title='bbox 931 1709 986 1758; x_wconf 75' lang='lat' dir='ltr'>in</span> <span class='ocrx_word' id='word_1_183' title='bbox 1039 1703 1293 1774; x_wconf 76' lang='lat' dir='ltr'>gradensi</span> <span class='ocrx_word' id='word_1_184' title='bbox 1323 1709 1491 1754; x_wconf 83' lang='lat' dir='ltr'>castro</span> <span class='ocrx_word' id='word_1_185' title='bbox 1520 1701 1789 1754; x_wconf 79' lang='lat' dir='ltr'>ecclesiam</span> <span class='ocrx_word' id='word_1_186' title='bbox 1818 1705 2014 1753; x_wconf 67' lang='lat' dir='ltr'>sancta:</span> <span class='ocrx_word' id='word_1_187' title='bbox 2111 1698 2487 1762; x_wconf 83' lang='lat' dir='ltr'>instituimus,</span> <span class='ocrx_word' id='word_1_188' title='bbox 2519 1699 2581 1749; x_wconf 92' lang='lat' dir='ltr'>ut</span> <span class='ocrx_word' id='word_1_189' title='bbox 2604 1695 2802 1749; x_wconf 90' lang='lat' dir='ltr'>codice</span> <span class='ocrx_word' id='word_1_190' title='bbox 2845 1699 2864 1748; x_wconf 93' lang='lat'>1</span> <span class='ocrx_word' id='word_1_191' title='bbox 2902 1692 3270 1747; x_wconf 84' lang='lat' dir='ltr'>fundamenti</span> <span class='ocrx_word' id='word_1_192' title='bbox 3287 1691 3414 1744; x_wconf 91' lang='lat' dir='ltr'>loco</span> <span class='ocrx_word' id='word_1_193' title='bbox 3435 1688 3731 1760; x_wconf 86' lang='lat' dir='ltr'>positola-</span> 
     </span>
    </p>
   </div>
   <div class='ocr_carea' id='block_1_27' title="bbox 408 1776 3734 1871">
    <p class='ocr_par' dir='ltr' id='par_1_27' title="bbox 408 1776 3734 1871">
     <span class='ocr_line' id='line_1_27' title="bbox 408 1776 3734 1871; baseline -0.007 -18"><span class='ocrx_word' id='word_1_194' title='bbox 408 1799 655 1871; x_wconf 72' lang='lat' dir='ltr'>cufemz&#39;m</span> <span class='ocrx_word' id='word_1_195' title='bbox 681 1796 950 1866; x_wconf 78' lang='lat' dir='ltr'>fabricari</span> <span class='ocrx_word' id='word_1_196' title='bbox 967 1794 1220 1864; x_wconf 65' lang='lat' dir='ltr'>praecepit</span> <span class='ocrx_word' id='word_1_197' title='bbox 1235 1818 1251 1856; x_wconf 85' lang='lat'>,-</span> <span class='ocrx_word' id='word_1_198' title='bbox 1279 1792 1336 1842; x_wconf 89' lang='lat' dir='ltr'>et</span> <span class='ocrx_word' id='word_1_199' title='bbox 1365 1789 1514 1842; x_wconf 89' lang='lat' dir='ltr'>ultra</span> <span class='ocrx_word' id='word_1_200' title='bbox 1544 1788 1699 1859; x_wconf 91' lang='lat' dir='ltr'>quod</span> <span class='ocrx_word' id='word_1_201' title='bbox 1726 1787 1783 1839; x_wconf 92' lang='lat' dir='ltr'>in</span> <span class='ocrx_word' id='word_1_202' title='bbox 1810 1787 2014 1842; x_wconf 88' lang='lat' dir='ltr'>codici-</span> <span class='ocrx_word' id='word_1_203' title='bbox 2035 1858 2082 1871; x_wconf 57' lang='lat'><strong>“</strong></span> <span class='ocrx_word' id='word_1_204' title='bbox 2111 1803 2285 1841; x_wconf 91' lang='lat' dir='ltr'>cunas</span> <span class='ocrx_word' id='word_1_205' title='bbox 2306 1785 2353 1855; x_wconf 87' lang='lat' dir='ltr'>ej</span> <span class='ocrx_word' id='word_1_206' title='bbox 2365 1803 2425 1839; x_wconf 93' lang='lat' dir='ltr'>us</span> <span class='ocrx_word' id='word_1_207' title='bbox 2449 1784 2657 1840; x_wconf 84' lang='lat' dir='ltr'>auxilio</span> <span class='ocrx_word' id='word_1_208' title='bbox 2681 1782 2938 1838; x_wconf 91' lang='lat' dir='ltr'>codicis2</span> <span class='ocrx_word' id='word_1_209' title='bbox 2962 1781 3345 1852; x_wconf 82' lang='lat' dir='ltr'>expleremus,</span> <span class='ocrx_word' id='word_1_210' title='bbox 3370 1782 3427 1830; x_wconf 91' lang='lat' dir='ltr'>et</span> <span class='ocrx_word' id='word_1_211' title='bbox 3461 1776 3734 1830; x_wconf 86' lang='lat' dir='ltr'>Chronici</span> 
     </span>
    </p>
   </div>
   <div class='ocr_carea' id='block_1_28' title="bbox 408 1858 3731 1951">
    <p class='ocr_par' dir='ltr' id='par_1_28' title="bbox 408 1858 3731 1951">
     <span class='ocr_line' id='line_1_28' title="bbox 408 1858 3731 1951; baseline -0.007 -10"><span class='ocrx_word' id='word_1_212' title='bbox 408 1858 515 1940; x_wconf 76' lang='lat' dir='ltr'>bus</span> <span class='ocrx_word' id='word_1_213' title='bbox 547 1890 567 1940; x_wconf 90' lang='lat'>1</span> <span class='ocrx_word' id='word_1_214' title='bbox 602 1887 636 1939; x_wconf 80' lang='grc'>4</span> <span class='ocrx_word' id='word_1_215' title='bbox 656 1858 1174 1951; x_wconf 77' lang='lat' dir='ltr'>exstatcatalogum</span> <span class='ocrx_word' id='word_1_216' title='bbox 1190 1858 1753 1948; x_wconf 81' lang='lat' dir='ltr'>archiepiscoporum</span> <span class='ocrx_word' id='word_1_217' title='bbox 1766 1875 2014 1929; x_wconf 87' lang='lat' dir='ltr'>Graden-</span> <span class='ocrx_word' id='word_1_218' title='bbox 2033 1858 2084 1917; x_wconf 86' lang='lat' dir='ltr'><strong>B</strong></span> <span class='ocrx_word' id='word_1_219' title='bbox 2112 1874 2413 1930; x_wconf 86' lang='lat' dir='ltr'>Gradensis</span> <span class='ocrx_word' id='word_1_220' title='bbox 2425 1877 2648 1944; x_wconf 90' lang='lat' dir='ltr'>partem</span> <span class='ocrx_word' id='word_1_221' title='bbox 2671 1873 2935 1937; x_wconf 87' lang='lat' dir='ltr'>alteram,</span> <span class='ocrx_word' id='word_1_222' title='bbox 2961 1868 3146 1941; x_wconf 86' lang='lat' dir='ltr'>qualis</span> <span class='ocrx_word' id='word_1_223' title='bbox 3165 1867 3226 1922; x_wconf 89' lang='lat' dir='ltr'>in</span> <span class='ocrx_word' id='word_1_224' title='bbox 3253 1865 3450 1920; x_wconf 89' lang='lat' dir='ltr'>codice</span> <span class='ocrx_word' id='word_1_225' title='bbox 3475 1868 3507 1918; x_wconf 74' lang='grc' dir='ltr'>ὅ</span> <span class='ocrx_word' id='word_1_226' title='bbox 3527 1867 3731 1931; x_wconf 79' lang='lat' dir='ltr'>exstat,</span> 
     </span>
    </p>
   </div>
   <div class='ocr_carea' id='block_1_29' title="bbox 408 1951 3736 2044">
    <p class='ocr_par' dir='ltr' id='par_1_29' title="bbox 408 1951 3736 2044">
     <span class='ocr_line' id='line_1_29' title="bbox 408 1951 3736 2044; baseline -0.008 -15"><span class='ocrx_word' id='word_1_227' title='bbox 408 1976 558 2030; x_wconf 89' lang='lat' dir='ltr'>sium</span> <span class='ocrx_word' id='word_1_228' title='bbox 606 1989 784 2044; x_wconf 89' lang='lat' dir='ltr'>usque</span> <span class='ocrx_word' id='word_1_229' title='bbox 833 1971 907 2025; x_wconf 86' lang='lat' dir='ltr'>ad</span> <span class='ocrx_word' id='word_1_230' title='bbox 956 1970 1163 2024; x_wconf 89' lang='lat' dir='ltr'>Ursum</span> <span class='ocrx_word' id='word_1_231' title='bbox 1210 1967 1253 2019; x_wconf 87' lang='lat' dir='ltr'>ll</span> <span class='ocrx_word' id='word_1_232' title='bbox 1299 1964 1584 2036; x_wconf 90' lang='lat' dir='ltr'>producit,</span> <span class='ocrx_word' id='word_1_233' title='bbox 1637 1962 1735 2034; x_wconf 88' lang='lat' dir='ltr'>qui</span> <span class='ocrx_word' id='word_1_234' title='bbox 1785 1980 1838 2017; x_wconf 93' lang='lat' dir='ltr'>a.</span> <span class='ocrx_word' id='word_1_235' title='bbox 1881 1965 2014 2017; x_wconf 87' lang='lat'><strong>1012</strong></span> <span class='ocrx_word' id='word_1_236' title='bbox 2114 1964 2334 2034; x_wconf 88' lang='lat' dir='ltr'>aliquot</span> <span class='ocrx_word' id='word_1_237' title='bbox 2364 1951 3736 2031; x_wconf 69' lang='lat' dir='ltr'>locisopeChroniciAndreaaDanduliemenda-</span> 
     </span>
    </p>
   </div>
   <div class='ocr_carea' id='block_1_30' title="bbox 408 2042 3736 2124">
    <p class='ocr_par' dir='ltr' id='par_1_30' title="bbox 408 2042 3736 2124">
     <span class='ocr_line' id='line_1_30' title="bbox 408 2042 3736 2124; baseline -0.008 -5"><span class='ocrx_word' id='word_1_238' title='bbox 408 2063 695 2120; x_wconf 65' lang='lat' dir='ltr'>cathedrae</span> <span class='ocrx_word' id='word_1_239' title='bbox 720 2060 1008 2124; x_wconf 91' lang='lat' dir='ltr'>admotus,</span> <span class='ocrx_word' id='word_1_240' title='bbox 1043 2073 1174 2110; x_wconf 90' lang='lat' dir='ltr'>eam</span> <span class='ocrx_word' id='word_1_241' title='bbox 1208 2059 1272 2110; x_wconf 88' lang='lat'>37</span> <span class='ocrx_word' id='word_1_242' title='bbox 1311 2053 1480 2109; x_wconf 89' lang='lat' dir='ltr'>annis</span> <span class='ocrx_word' id='word_1_243' title='bbox 1505 2052 1820 2124; x_wconf 74' lang='lat' dir='ltr'>occupavit.</span> <span class='ocrx_word' id='word_1_244' title='bbox 1873 2053 2014 2106; x_wconf 89' lang='lat' dir='ltr'>Eam</span> <span class='ocrx_word' id='word_1_245' title='bbox 2115 2058 2234 2108; x_wconf 91' lang='lat' dir='ltr'>tam</span> <span class='ocrx_word' id='word_1_246' title='bbox 2269 2051 2700 2122; x_wconf 88' lang='lat' dir='ltr'>subjiceremus.</span> <span class='ocrx_word' id='word_1_247' title='bbox 2734 2049 3029 2104; x_wconf 89' lang='lat' dir='ltr'>Lectiones</span> <span class='ocrx_word' id='word_1_248' title='bbox 3058 2046 3322 2101; x_wconf 90' lang='lat' dir='ltr'>codicum</span> <span class='ocrx_word' id='word_1_249' title='bbox 3349 2042 3592 2097; x_wconf 89' lang='lat' dir='ltr'>minotis</span> <span class='ocrx_word' id='word_1_250' title='bbox 3610 2057 3736 2096; x_wconf 91' lang='lat' dir='ltr'>mo-</span> 
     </span>
    </p>
   </div>
   <div class='ocr_carea' id='block_1_31' title="bbox 408 2129 3735 2224">
    <p class='ocr_par' dir='ltr' id='par_1_31' title="bbox 408 2129 3735 2224">
     <span class='ocr_line' id='line_1_31' title="bbox 408 2129 3735 2224; baseline -0.007 -16"><span class='ocrx_word' id='word_1_251' title='bbox 408 2151 585 2224; x_wconf 84' lang='lat' dir='ltr'>igitur</span> <span class='ocrx_word' id='word_1_252' title='bbox 605 2149 869 2207; x_wconf 88' lang='lat' dir='ltr'>Chronici</span> <span class='ocrx_word' id='word_1_253' title='bbox 888 2150 1114 2220; x_wconf 88' lang='lat' dir='ltr'>partem</span> <span class='ocrx_word' id='word_1_254' title='bbox 1127 2142 1337 2200; x_wconf 92' lang='lat' dir='ltr'>codicis</span> <span class='ocrx_word' id='word_1_255' title='bbox 1360 2142 1528 2211; x_wconf 88' lang='lat' dir='ltr'>hujus</span> <span class='ocrx_word' id='word_1_256' title='bbox 1545 2140 1826 2194; x_wconf 81' lang='lat' dir='ltr'>beneficio</span> <span class='ocrx_word' id='word_1_257' title='bbox 1849 2140 2012 2195; x_wconf 91' lang='lat' dir='ltr'>resti-</span> <span class='ocrx_word' id='word_1_258' title='bbox 2114 2142 2296 2196; x_wconf 90' lang='lat' dir='ltr'>menti</span> <span class='ocrx_word' id='word_1_259' title='bbox 2321 2143 2377 2194; x_wconf 88' lang='lat' dir='ltr'>et</span> <span class='ocrx_word' id='word_1_260' title='bbox 2394 2139 2660 2194; x_wconf 89' lang='lat' dir='ltr'>editionis</span> <span class='ocrx_word' id='word_1_261' title='bbox 2686 2137 3038 2193; x_wconf 71' lang='lat' dir='ltr'>Zanettianae</span> <span class='ocrx_word' id='word_1_262' title='bbox 3066 2150 3196 2192; x_wconf 89' lang='lat' dir='ltr'>raro</span> <span class='ocrx_word' id='word_1_263' title='bbox 3221 2135 3451 2189; x_wconf 83' lang='lat' dir='ltr'>tantum</span> <span class='ocrx_word' id='word_1_264' title='bbox 3469 2129 3735 2187; x_wconf 88' lang='lat' dir='ltr'>indican-</span> 
     </span>
    </p>
   </div>
   <div class='ocr_carea' id='block_1_32' title="bbox 408 2227 2587 2303">
    <p class='ocr_par' dir='ltr' id='par_1_32' title="bbox 408 2227 2587 2303">
     <span class='ocr_line' id='line_1_32' title="bbox 408 2227 2587 2303; baseline -0.007 -7"><span class='ocrx_word' id='word_1_265' title='bbox 408 2245 569 2298; x_wconf 89' lang='lat' dir='ltr'>tuere</span> <span class='ocrx_word' id='word_1_266' title='bbox 601 2240 752 2296; x_wconf 91' lang='lat' dir='ltr'>licet.</span> <span class='ocrx_word' id='word_1_267' title='bbox 779 2239 923 2293; x_wconf 88' lang='lat' dir='ltr'>Nam</span> <span class='ocrx_word' id='word_1_268' title='bbox 952 2251 1084 2291; x_wconf 92' lang='lat' dir='ltr'>cum</span> <span class='ocrx_word' id='word_1_269' title='bbox 1102 2231 1417 2289; x_wconf 88' lang='lat' dir='ltr'>chronicon</span> <span class='ocrx_word' id='word_1_270' title='bbox 1437 2229 1721 2285; x_wconf 87' lang='lat' dir='ltr'>Venetum</span> <span class='ocrx_word' id='word_1_271' title='bbox 1747 2245 1924 2303; x_wconf 89' lang='lat' dir='ltr'>usque</span> <span class='ocrx_word' id='word_1_272' title='bbox 1942 2229 2015 2284; x_wconf 88' lang='lat' dir='ltr'>ad</span> <span class='ocrx_word' id='word_1_273' title='bbox 2117 2229 2217 2284; x_wconf 91' lang='lat' dir='ltr'>das</span> <span class='ocrx_word' id='word_1_274' title='bbox 2240 2227 2587 2284; x_wconf 88' lang='lat' dir='ltr'>censuimus.</span> 
     </span>
    </p>
   </div>
   <div class='ocr_carea' id='block_1_33' title="bbox 1955 2351 2176 2409">
    <p class='ocr_par' dir='ltr' id='par_1_33' title="bbox 1955 2351 2176 2409">
     <span class='ocr_line' id='line_1_33' title="bbox 1955 2351 2176 2409; baseline -0.005 -2"><span class='ocrx_word' id='word_1_275' title='bbox 1955 2351 2176 2409; x_wconf 75' lang='grc' dir='ltr'>ΝΟΤᾸΞ.</span> 
     </span>
    </p>
   </div>
   <div class='ocr_carea' id='block_1_34' title="bbox 479 2461 954 2535">
    <p class='ocr_par' dir='ltr' id='par_1_34' title="bbox 479 2461 954 2535">
     <span class='ocr_line' id='line_1_34' title="bbox 479 2461 954 2535; baseline -0.006 -17"><span class='ocrx_word' id='word_1_276' title='bbox 479 2462 586 2535; x_wconf 87' lang='grc'>(13)</span> <span class='ocrx_word' id='word_1_277' title='bbox 627 2463 690 2521; x_wconf 89' lang='grc' dir='ltr'>Ρ.</span> <span class='ocrx_word' id='word_1_278' title='bbox 717 2461 815 2517; x_wconf 76' lang='grc'>241</span> <span class='ocrx_word' id='word_1_279' title='bbox 848 2476 954 2532; x_wconf 80' lang='lat' dir='ltr'>sqq</span> 
     </span>
    </p>
   </div>
   <div class='ocr_carea' id='block_1_35' title="bbox 417 2623 3710 2653">
    <p class='ocr_par' dir='ltr' id='par_1_35' title="bbox 417 2623 3710 2653">
     <span class='ocr_line' id='line_1_35' title="bbox 417 2623 3710 2653; baseline -0.009 0"><span class='ocrx_word' id='word_1_280' title='bbox 417 2623 3710 2653; x_wconf 59' lang='lat' dir='ltr'>MM</span> 
     </span>
    </p>
   </div>
   <div class='ocr_carea' id='block_1_36' title="bbox 1080 2715 3042 2916">
    <p class='ocr_par' dir='ltr' id='par_1_36' title="bbox 1080 2715 3042 2916">
     <span class='ocr_line' id='line_1_36' title="bbox 1080 2715 3042 2916; baseline -0.01 -1"><span class='ocrx_word' id='word_1_281' title='bbox 1080 2757 2028 2916; x_wconf 80' lang='lat' dir='ltr'>JOANNIS</span> <span class='ocrx_word' id='word_1_282' title='bbox 2114 2715 3042 2900; x_wconf 80' lang='lat' dir='ltr'>DIAGONI</span> 
     </span>
    </p>
   </div>
   <div class='ocr_carea' id='block_1_37' title="bbox 736 2944 3484 3140">
    <p class='ocr_par' dir='ltr' id='par_1_37' title="bbox 736 2944 3484 3140">
     <span class='ocr_line' id='line_1_37' title="bbox 736 2944 3484 3140; baseline -0.007 0"><span class='ocrx_word' id='word_1_283' title='bbox 736 3025 1568 3140; x_wconf 85' lang='lat' dir='ltr'>CHRONICON</span> <span class='ocrx_word' id='word_1_284' title='bbox 1636 3020 2329 3128; x_wconf 90' lang='lat' dir='ltr'>VENETUM</span> <span class='ocrx_word' id='word_1_285' title='bbox 2401 3018 2581 3122; x_wconf 93' lang='lat' dir='ltr'>ET</span> <span class='ocrx_word' id='word_1_286' title='bbox 2653 2944 3484 3123; x_wconf 31' lang='lat' dir='ltr'>GRADENSE.</span> 
     </span>
    </p>
   </div>
   <div class='ocr_carea' id='block_1_38' title="bbox 1400 3229 2743 3314">
    <p class='ocr_par' dir='ltr' id='par_1_38' title="bbox 1400 3229 2743 3314">
     <span class='ocr_line' id='line_1_38' title="bbox 1400 3229 2743 3314; baseline -0.009 -17"><span class='ocrx_word' id='word_1_287' title='bbox 1400 3241 1616 3314; x_wconf 73' lang='lat' dir='ltr'>(Psarz,</span> <span class='ocrx_word' id='word_1_288' title='bbox 1638 3236 1888 3295; x_wconf 80' lang='lat' dir='ltr'>Monum.</span> <span class='ocrx_word' id='word_1_289' title='bbox 1922 3234 2107 3291; x_wconf 87' lang='lat' dir='ltr'>Germ.</span> <span class='ocrx_word' id='word_1_290' title='bbox 2139 3234 2261 3292; x_wconf 74' lang='lat' dir='ltr'>hist.</span> <span class='ocrx_word' id='word_1_291' title='bbox 2292 3232 2500 3306; x_wconf 91' lang='lat' dir='ltr'>Script.</span> <span class='ocrx_word' id='word_1_292' title='bbox 2527 3231 2639 3299; x_wconf 84' lang='lat' dir='ltr'>VII,</span> <span class='ocrx_word' id='word_1_293' title='bbox 2671 3229 2743 3301; x_wconf 88' lang='lat'>1.)</span> 
     </span>
    </p>
   </div>
   <div class='ocr_carea' id='block_1_39' title="bbox 1296 3575 2926 3686">
    <p class='ocr_par' dir='ltr' id='par_1_39' title="bbox 1296 3575 2926 3686">
     <span class='ocr_line' id='line_1_39' title="bbox 1296 3575 2926 3686; baseline -0.007 0"><span class='ocrx_word' id='word_1_294' title='bbox 1296 3576 2132 3686; x_wconf 84' lang='lat' dir='ltr'>CHRONICON</span> <span class='ocrx_word' id='word_1_295' title='bbox 2201 3575 2926 3683; x_wconf 87' lang='lat' dir='ltr'>VENETUM.</span> 
     </span>
    </p>
   </div>
   <div class='ocr_carea' id='block_1_40' title="bbox 498 3782 3744 3884">
    <p class='ocr_par' dir='ltr' id='par_1_40' title="bbox 498 3782 3744 3884">
     <span class='ocr_line' id='line_1_40' title="bbox 498 3782 3744 3884; baseline -0.008 -16"><span class='ocrx_word' id='word_1_296' title='bbox 498 3810 797 3884; x_wconf 89' lang='lat' dir='ltr'>Siquidem</span> <span class='ocrx_word' id='word_1_297' title='bbox 826 3802 1079 3861; x_wconf 67' lang='lat' dir='ltr'>Venetia:</span> <span class='ocrx_word' id='word_1_298' title='bbox 1106 3800 1234 3856; x_wconf 71' lang='lat' dir='ltr'>dure</span> <span class='ocrx_word' id='word_1_299' title='bbox 1263 3798 1416 3884; x_wconf 90' lang='lat' dir='ltr'>sunt.</span> <span class='ocrx_word' id='word_1_300' title='bbox 1450 3793 1644 3848; x_wconf 85' lang='lat' dir='ltr'>Prima</span> <span class='ocrx_word' id='word_1_301' title='bbox 1666 3795 1751 3847; x_wconf 91' lang='lat' dir='ltr'>est</span> <span class='ocrx_word' id='word_1_302' title='bbox 1779 3791 1876 3846; x_wconf 92' lang='lat' dir='ltr'>illa</span> <span class='ocrx_word' id='word_1_303' title='bbox 1901 3808 2029 3864; x_wconf 72' lang='lat' dir='ltr'>quae</span> <span class='ocrx_word' id='word_1_304' title='bbox 2057 3795 2103 3854; x_wconf 87' lang='lat' dir='ltr'>C</span> <span class='ocrx_word' id='word_1_305' title='bbox 2127 3792 2334 3847; x_wconf 89' lang='lat' dir='ltr'>nianus</span> <span class='ocrx_word' id='word_1_306' title='bbox 2346 3787 2790 3861; x_wconf 83' lang='lat' dir='ltr'>gloriosissimus</span> <span class='ocrx_word' id='word_1_307' title='bbox 2803 3782 3744 3858; x_wconf 79' lang='lat' dir='ltr'>augustusRomanumimperium</span> 
     </span>
    </p>
   </div>
   <div class='ocr_carea' id='block_1_41' title="bbox 427 3874 3744 3973">
    <p class='ocr_par' dir='ltr' id='par_1_41' title="bbox 427 3874 3744 3973">
     <span class='ocr_line' id='line_1_41' title="bbox 427 3874 3744 3973; baseline -0.009 -13"><span class='ocrx_word' id='word_1_308' title='bbox 427 3905 486 3960; x_wconf 93' lang='lat' dir='ltr'>in</span> <span class='ocrx_word' id='word_1_309' title='bbox 510 3874 920 3973; x_wconf 71' lang='lat' dir='ltr'>antiquitatum</span> <span class='ocrx_word' id='word_1_310' title='bbox 932 3888 1202 3964; x_wconf 84' lang='lat' dir='ltr'>hystoriis</span> <span class='ocrx_word' id='word_1_311' title='bbox 1225 3883 1576 3973; x_wconf 65' lang='lat' dir='ltr'>continetur,</span> <span class='ocrx_word' id='word_1_312' title='bbox 1596 3897 1724 3953; x_wconf 68' lang='lat' dir='ltr'>qua:</span> <span class='ocrx_word' id='word_1_313' title='bbox 1757 3883 2032 3973; x_wconf 8' lang='lat' dir='ltr'>agPanno-</span> <span class='ocrx_word' id='word_1_314' title='bbox 2129 3881 2282 3952; x_wconf 89' lang='lat' dir='ltr'>apud</span> <span class='ocrx_word' id='word_1_315' title='bbox 2310 3879 2867 3951; x_wconf 74' lang='lat' dir='ltr'>ConstaiitinOpolim</span> <span class='ocrx_word' id='word_1_316' title='bbox 2886 3875 3272 3951; x_wconf 88' lang='lat' dir='ltr'>gubernabat,</span> <span class='ocrx_word' id='word_1_317' title='bbox 3293 3874 3552 3930; x_wconf 86' lang='lat' dir='ltr'>directus</span> <span class='ocrx_word' id='word_1_318' title='bbox 3584 3877 3657 3931; x_wconf 89' lang='lat' dir='ltr'>ab</span> <span class='ocrx_word' id='word_1_319' title='bbox 3681 3891 3744 3930; x_wconf 90' lang='lat' dir='ltr'>eo</span> 
     </span>
    </p>
   </div>
   <div class='ocr_carea' id='block_1_42' title="bbox 429 3963 1962 4052">
    <p class='ocr_par' dir='ltr' id='par_1_42' title="bbox 429 3963 1962 4052">
     <span class='ocr_line' id='line_1_42' title="bbox 429 3963 1962 4052; baseline -0.016 -4"><span class='ocrx_word' id='word_1_320' title='bbox 429 3994 541 4048; x_wconf 51' lang='lat' dir='ltr'>nia).</span> <span class='ocrx_word' id='word_1_321' title='bbox 562 3963 826 4044; x_wconf 75' lang='lat' dir='ltr'>terminis</span> <span class='ocrx_word' id='word_1_322' title='bbox 855 3963 1034 4052; x_wconf 88' lang='lat' dir='ltr'>usque</span> <span class='ocrx_word' id='word_1_323' title='bbox 1079 3977 1151 4031; x_wconf 87' lang='lat' dir='ltr'>ad</span> <span class='ocrx_word' id='word_1_324' title='bbox 1183 3972 1349 4027; x_wconf 84' lang='lat' dir='ltr'>Adda</span> <span class='ocrx_word' id='word_1_325' title='bbox 1405 3968 1640 4024; x_wconf 88' lang='lat' dir='ltr'>ﬂuvium</span> <span class='ocrx_word' id='word_1_326' title='bbox 1680 3969 1962 4039; x_wconf 90' lang='lat' dir='ltr'>protelatu</span> 
     </span>
    </p>
   </div>
   <div class='ocr_carea' id='block_1_43' title="bbox 2210 3963 3743 4052">
    <p class='ocr_par' dir='ltr' id='par_1_43' title="bbox 2210 3963 3743 4038">
     <span class='ocr_line' id='line_1_43' title="bbox 2210 3963 3743 4038; baseline -0.003 -15"><span class='ocrx_word' id='word_1_327' title='bbox 2210 3968 2434 4023; x_wconf 89' lang='lat' dir='ltr'>.Narsis</span> <span class='ocrx_word' id='word_1_328' title='bbox 2454 3967 2738 4038; x_wconf 88' lang='lat' dir='ltr'>patritius,</span> <span class='ocrx_word' id='word_1_329' title='bbox 2767 3967 2849 4022; x_wconf 88' lang='lat' dir='ltr'>vir</span> <span class='ocrx_word' id='word_1_330' title='bbox 2894 3965 3209 4032; x_wconf 85' lang='lat' dir='ltr'>eunuchus,</span> <span class='ocrx_word' id='word_1_331' title='bbox 3260 3963 3336 4018; x_wconf 87' lang='lat' dir='ltr'>ad</span> <span class='ocrx_word' id='word_1_332' title='bbox 3378 3964 3594 4019; x_wconf 89' lang='lat' dir='ltr'>urbem</span> <span class='ocrx_word' id='word_1_333' title='bbox 3642 3965 3743 4019; x_wconf 81' lang='lat' dir='ltr'>Bo-</span> 
     </span>
    </p>
   </div>
   <div class='ocr_carea' id='block_1_44' title="bbox 431 4050 1964 4149">
    <p class='ocr_par' dir='ltr' id='par_1_44' title="bbox 431 4050 1964 4149">
     <span class='ocr_line' id='line_1_44' title="bbox 431 4050 1964 4149; baseline -0.016 -14"><span class='ocrx_word' id='word_1_334' title='bbox 431 4080 590 4149; x_wconf 87' lang='lat' dir='ltr'>cujus</span> <span class='ocrx_word' id='word_1_335' title='bbox 605 4079 662 4130; x_wconf 90' lang='lat' dir='ltr'>et</span> <span class='ocrx_word' id='word_1_336' title='bbox 682 4050 981 4144; x_wconf 74' lang='lat' dir='ltr'>Aquilegia</span> <span class='ocrx_word' id='word_1_337' title='bbox 1001 4065 1194 4120; x_wconf 90' lang='lat' dir='ltr'>civitas</span> <span class='ocrx_word' id='word_1_338' title='bbox 1215 4058 1400 4115; x_wconf 85' lang='lat' dir='ltr'>extitit</span> <span class='ocrx_word' id='word_1_339' title='bbox 1438 4059 1629 4129; x_wconf 88' lang='lat' dir='ltr'>caput,</span> <span class='ocrx_word' id='word_1_340' title='bbox 1671 4057 1731 4111; x_wconf 90' lang='lat' dir='ltr'>in</span> <span class='ocrx_word' id='word_1_341' title='bbox 1755 4073 1869 4129; x_wconf 88' lang='lat' dir='ltr'>qua</span> <span class='ocrx_word' id='word_1_342' title='bbox 1896 4057 1964 4111; x_wconf 92' lang='lat' dir='ltr'>be</span> 
     </span>
    </p>
   </div>
   <div class='ocr_carea' id='block_1_45' title="bbox 2210 4050 3743 4149">
    <p class='ocr_par' dir='ltr' id='par_1_45' title="bbox 2210 4050 3743 4124">
     <span class='ocr_line' id='line_1_45' title="bbox 2210 4050 3743 4124; baseline -0.004 -13"><span class='ocrx_word' id='word_1_343' title='bbox 2210 4074 2319 4119; x_wconf 79' lang='lat' dir='ltr'>am,</span> <span class='ocrx_word' id='word_1_344' title='bbox 2369 4059 2430 4110; x_wconf 90' lang='lat' dir='ltr'>ut</span> <span class='ocrx_word' id='word_1_345' title='bbox 2469 4055 2746 4111; x_wconf 86' lang='lat' dir='ltr'>exercitus</span> <span class='ocrx_word' id='word_1_346' title='bbox 2797 4055 2995 4110; x_wconf 69' lang='lat' dir='ltr'>Totilze</span> <span class='ocrx_word' id='word_1_347' title='bbox 3051 4053 3204 4124; x_wconf 90' lang='lat' dir='ltr'>regis</span> <span class='ocrx_word' id='word_1_348' title='bbox 3252 4051 3603 4120; x_wconf 87' lang='lat' dir='ltr'>Gothorum,</span> <span class='ocrx_word' id='word_1_349' title='bbox 3657 4050 3743 4124; x_wconf 88' lang='lat' dir='ltr'>qui</span> 
     </span>
    </p>
   </div>
   <div class='ocr_carea' id='block_1_46' title="bbox 433 4140 3748 4226">
    <p class='ocr_par' dir='ltr' id='par_1_46' title="bbox 433 4140 3748 4226">
     <span class='ocr_line' id='line_1_46' title="bbox 433 4140 3748 4226; baseline -0.009 -5"><span class='ocrx_word' id='word_1_350' title='bbox 433 4140 523 4221; x_wconf 74' lang='lat' dir='ltr'>tus</span> <span class='ocrx_word' id='word_1_351' title='bbox 546 4140 768 4219; x_wconf 73' lang='lat' dir='ltr'>Marcus</span> <span class='ocrx_word' id='word_1_352' title='bbox 790 4152 1141 4226; x_wconf 85' lang='lat' dir='ltr'>evangelista</span> <span class='ocrx_word' id='word_1_353' title='bbox 1169 4148 1364 4204; x_wconf 90' lang='lat' dir='ltr'>divina</span> <span class='ocrx_word' id='word_1_354' title='bbox 1408 4145 1594 4215; x_wconf 82' lang='lat' dir='ltr'>gratia</span> <span class='ocrx_word' id='word_1_355' title='bbox 1641 4146 2038 4217; x_wconf 86' lang='lat' dir='ltr'>perlustratus,</span> <span class='ocrx_word' id='word_1_356' title='bbox 2137 4144 2383 4199; x_wconf 82' lang='lat' dir='ltr'>Ytaliam</span> <span class='ocrx_word' id='word_1_357' title='bbox 2433 4143 2788 4211; x_wconf 77' lang='lat' dir='ltr'>devastabat,</span> <span class='ocrx_word' id='word_1_358' title='bbox 2856 4146 2972 4200; x_wconf 92' lang='lat' dir='ltr'>Deo</span> <span class='ocrx_word' id='word_1_359' title='bbox 3044 4140 3355 4196; x_wconf 83' lang='lat' dir='ltr'>auxiliante</span> <span class='ocrx_word' id='word_1_360' title='bbox 3426 4143 3748 4196; x_wconf 87' lang='lat' dir='ltr'>contereret</span> 
     </span>
    </p>
   </div>
   <div class='ocr_carea' id='block_1_47' title="bbox 438 4229 3746 4308">
    <p class='ocr_par' dir='ltr' id='par_1_47' title="bbox 438 4229 3746 4308">
     <span class='ocr_line' id='line_1_47' title="bbox 438 4229 3746 4308; baseline -0.008 0"><span class='ocrx_word' id='word_1_361' title='bbox 438 4239 1247 4308; x_wconf 86' lang='lat' dir='ltr'>ChristnmJesumdominum</span> <span class='ocrx_word' id='word_1_362' title='bbox 1262 4233 1609 4308; x_wconf 67' lang='lat' dir='ltr'>praedicavit.</span> <span class='ocrx_word' id='word_1_363' title='bbox 1631 4234 2040 4289; x_wconf 89' lang='lat' dir='ltr'>Secundavero</span> <span class='ocrx_word' id='word_1_364' title='bbox 2143 4233 2240 4300; x_wconf 80' lang='lat' dir='ltr'>(ib.</span> <span class='ocrx_word' id='word_1_365' title='bbox 2276 4249 2325 4287; x_wconf 93' lang='lat' dir='ltr'>c.</span> <span class='ocrx_word' id='word_1_366' title='bbox 2358 4233 2426 4302; x_wconf 93' lang='lat'>1).</span> <span class='ocrx_word' id='word_1_367' title='bbox 2457 4231 2564 4296; x_wconf 83' lang='lat' dir='ltr'>Qui</span> <span class='ocrx_word' id='word_1_368' title='bbox 2595 4248 2724 4286; x_wconf 90' lang='lat' dir='ltr'>cum</span> <span class='ocrx_word' id='word_1_369' title='bbox 2755 4232 3020 4296; x_wconf 90' lang='lat' dir='ltr'>venisset,</span> <span class='ocrx_word' id='word_1_370' title='bbox 3047 4229 3303 4300; x_wconf 90' lang='lat' dir='ltr'>primum</span> <span class='ocrx_word' id='word_1_371' title='bbox 3349 4243 3484 4284; x_wconf 89' lang='lat' dir='ltr'>cum</span> <span class='ocrx_word' id='word_1_372' title='bbox 3531 4229 3746 4300; x_wconf 80' lang='lat' dir='ltr'>Longo-</span> 
     </span>
    </p>
   </div>
   <div class='ocr_carea' id='block_1_48' title="bbox 436 4315 3747 4402">
    <p class='ocr_par' dir='ltr' id='par_1_48' title="bbox 436 4315 3747 4402">
     <span class='ocr_line' id='line_1_48' title="bbox 436 4315 3747 4402; baseline -0.008 -6"><span class='ocrx_word' id='word_1_373' title='bbox 436 4339 676 4396; x_wconf 83' lang='lat' dir='ltr'>Venetia</span> <span class='ocrx_word' id='word_1_374' title='bbox 710 4338 795 4390; x_wconf 88' lang='lat' dir='ltr'>est</span> <span class='ocrx_word' id='word_1_375' title='bbox 837 4333 934 4386; x_wconf 90' lang='lat' dir='ltr'>illa</span> <span class='ocrx_word' id='word_1_376' title='bbox 980 4343 1155 4402; x_wconf 90' lang='lat' dir='ltr'>quam</span> <span class='ocrx_word' id='word_1_377' title='bbox 1197 4325 1350 4397; x_wconf 91' lang='lat' dir='ltr'>apud</span> <span class='ocrx_word' id='word_1_378' title='bbox 1388 4324 1602 4378; x_wconf 86' lang='lat' dir='ltr'>insulas</span> <span class='ocrx_word' id='word_1_379' title='bbox 1649 4323 1878 4390; x_wconf 89' lang='lat' dir='ltr'>scimus,</span> <span class='ocrx_word' id='word_1_380' title='bbox 1917 4338 2045 4393; x_wconf 74' lang='lat' dir='ltr'>qua:</span> <span class='ocrx_word' id='word_1_381' title='bbox 2141 4320 2334 4376; x_wconf 90' lang='lat' dir='ltr'>bardis</span> <span class='ocrx_word' id='word_1_382' title='bbox 2368 4321 2768 4376; x_wconf 88' lang='lat' dir='ltr'>omnimodam</span> <span class='ocrx_word' id='word_1_383' title='bbox 2801 4336 3000 4392; x_wconf 82' lang='lat' dir='ltr'>pacem</span> <span class='ocrx_word' id='word_1_384' title='bbox 3023 4316 3291 4383; x_wconf 90' lang='lat' dir='ltr'>instituit,</span> <span class='ocrx_word' id='word_1_385' title='bbox 3321 4319 3500 4387; x_wconf 90' lang='lat' dir='ltr'>atque</span> <span class='ocrx_word' id='word_1_386' title='bbox 3549 4315 3747 4371; x_wconf 89' lang='lat' dir='ltr'>deinde</span> 
     </span>
    </p>
   </div>
   <div class='ocr_carea' id='block_1_49' title="bbox 439 4404 3748 4488">
    <p class='ocr_par' dir='ltr' id='par_1_49' title="bbox 439 4404 3748 4488">
     <span class='ocr_line' id='line_1_49' title="bbox 439 4404 3748 4488; baseline -0.008 -2"><span class='ocrx_word' id='word_1_387' title='bbox 439 4427 714 4488; x_wconf 78' lang='lat' dir='ltr'>Adriatici</span> <span class='ocrx_word' id='word_1_388' title='bbox 745 4421 919 4479; x_wconf 90' lang='lat' dir='ltr'>maris</span> <span class='ocrx_word' id='word_1_389' title='bbox 947 4419 1182 4475; x_wconf 90' lang='lat' dir='ltr'>collecta</span> <span class='ocrx_word' id='word_1_390' title='bbox 1209 4414 1336 4471; x_wconf 89' lang='lat' dir='ltr'>sinu</span> <span class='ocrx_word' id='word_1_391' title='bbox 1372 4411 1834 4468; x_wconf 84' lang='lat' dir='ltr'>interﬂuentibus</span> <span class='ocrx_word' id='word_1_392' title='bbox 1878 4409 2048 4464; x_wconf 91' lang='lat' dir='ltr'>undis</span> <span class='ocrx_word' id='word_1_393' title='bbox 2147 4409 2465 4482; x_wconf 86' lang='lat' dir='ltr'>procedens</span> <span class='ocrx_word' id='word_1_394' title='bbox 2485 4409 2556 4462; x_wconf 89' lang='lat' dir='ltr'>ad</span> <span class='ocrx_word' id='word_1_395' title='bbox 2578 4409 2814 4475; x_wconf 91' lang='lat' dir='ltr'>bellum,</span> <span class='ocrx_word' id='word_1_396' title='bbox 2840 4408 3165 4462; x_wconf 88' lang='lat' dir='ltr'>universam</span> <span class='ocrx_word' id='word_1_397' title='bbox 3187 4404 3508 4460; x_wconf 88' lang='lat' dir='ltr'>Gothorum</span> <span class='ocrx_word' id='word_1_398' title='bbox 3524 4410 3748 4476; x_wconf 81' lang='lat' dir='ltr'>gentem</span> 
     </span>
    </p>
   </div>
   <div class='ocr_carea' id='block_1_50' title="bbox 442 4493 3747 4594">
    <p class='ocr_par' dir='ltr' id='par_1_50' title="bbox 442 4493 3747 4594">
     <span class='ocr_line' id='line_1_50' title="bbox 442 4493 3747 4594; baseline -0.013 -19"><span class='ocrx_word' id='word_1_399' title='bbox 442 4518 729 4594; x_wconf 82' lang='lat' dir='ltr'>positione</span> <span class='ocrx_word' id='word_1_400' title='bbox 748 4508 1016 4576; x_wconf 89' lang='lat' dir='ltr'>mirabili,</span> <span class='ocrx_word' id='word_1_401' title='bbox 1037 4503 1404 4561; x_wconf 86' lang='lat' dir='ltr'>multitudine</span> <span class='ocrx_word' id='word_1_402' title='bbox 1420 4499 1872 4573; x_wconf 86' lang='lat' dir='ltr'>populifeliciter</span> <span class='ocrx_word' id='word_1_403' title='bbox 1890 4497 2048 4594; x_wconf 77' lang='lat' dir='ltr'>habi-</span> <span class='ocrx_word' id='word_1_404' title='bbox 2146 4498 2521 4568; x_wconf 91' lang='lat' dir='ltr'>ipsorumque</span> <span class='ocrx_word' id='word_1_405' title='bbox 2537 4513 2735 4567; x_wconf 87' lang='lat' dir='ltr'>regem</span> <span class='ocrx_word' id='word_1_406' title='bbox 2749 4497 2994 4552; x_wconf 90' lang='lat' dir='ltr'>Totilam</span> <span class='ocrx_word' id='word_1_407' title='bbox 3017 4511 3195 4566; x_wconf 83' lang='lat' dir='ltr'>usque</span> <span class='ocrx_word' id='word_1_408' title='bbox 3215 4493 3290 4548; x_wconf 88' lang='lat' dir='ltr'>ad</span> <span class='ocrx_word' id='word_1_409' title='bbox 3313 4493 3747 4550; x_wconf 67' lang='lat' dir='ltr'>intemmonem</span> 
     </span>
    </p>
   </div>
   <div class='ocr_carea' id='block_1_51' title="bbox 446 4581 3471 4669">
    <p class='ocr_par' dir='ltr' id='par_1_51' title="bbox 446 4581 3471 4669">
     <span class='ocr_line' id='line_1_51' title="bbox 446 4581 3471 4669; baseline -0.009 -4"><span class='ocrx_word' id='word_1_410' title='bbox 446 4581 600 4665; x_wconf 76' lang='lat' dir='ltr'>tatur</span> <span class='ocrx_word' id='word_1_411' title='bbox 627 4601 805 4669; x_wconf 71' lang='lat' dir='ltr'>1..Qui</span> <span class='ocrx_word' id='word_1_412' title='bbox 826 4597 1087 4654; x_wconf 89' lang='lat' dir='ltr'>videlicet</span> <span class='ocrx_word' id='word_1_413' title='bbox 1116 4594 1378 4668; x_wconf 91' lang='lat' dir='ltr'>populus,</span> <span class='ocrx_word' id='word_1_414' title='bbox 1409 4593 1690 4662; x_wconf 86' lang='lat' dir='ltr'>quantum</span> <span class='ocrx_word' id='word_1_415' title='bbox 1715 4605 1779 4641; x_wconf 83' lang='lat' dir='ltr'>ex</span> <span class='ocrx_word' id='word_1_416' title='bbox 1811 4585 2048 4641; x_wconf 90' lang='lat' dir='ltr'>nomine</span> <span class='ocrx_word' id='word_1_417' title='bbox 2149 4586 2378 4652; x_wconf 90' lang='lat' dir='ltr'>delevit,</span> <span class='ocrx_word' id='word_1_418' title='bbox 2412 4589 2470 4640; x_wconf 91' lang='lat' dir='ltr'>et</span> <span class='ocrx_word' id='word_1_419' title='bbox 2499 4586 2792 4640; x_wconf 89' lang='lat' dir='ltr'>universos</span> <span class='ocrx_word' id='word_1_420' title='bbox 2820 4585 2994 4639; x_wconf 80' lang='lat' dir='ltr'>Italiae</span> <span class='ocrx_word' id='word_1_421' title='bbox 3024 4584 3168 4638; x_wconf 78' lang='lat' dir='ltr'>fines</span> <span class='ocrx_word' id='word_1_422' title='bbox 3200 4581 3471 4640; x_wconf 87' lang='lat' dir='ltr'>obtinuit.</span> 
     </span>
    </p>
   </div>
   <div class='ocr_carea' id='block_1_52' title="bbox 449 4669 3746 4760">
    <p class='ocr_par' dir='ltr' id='par_1_52' title="bbox 449 4669 3746 4760">
     <span class='ocr_line' id='line_1_52' title="bbox 449 4669 3746 4760; baseline -0.011 -7"><span class='ocrx_word' id='word_1_423' title='bbox 449 4699 618 4754; x_wconf 87' lang='lat' dir='ltr'>datur</span> <span class='ocrx_word' id='word_1_424' title='bbox 645 4688 888 4760; x_wconf 87' lang='lat' dir='ltr'>intelligi</span> <span class='ocrx_word' id='word_1_425' title='bbox 919 4691 977 4742; x_wconf 89' lang='lat' dir='ltr'>et</span> <span class='ocrx_word' id='word_1_426' title='bbox 1004 4684 1164 4740; x_wconf 90' lang='lat' dir='ltr'>libris</span> <span class='ocrx_word' id='word_1_427' title='bbox 1191 4680 1497 4736; x_wconf 88' lang='lat' dir='ltr'>annalibus</span> <span class='ocrx_word' id='word_1_428' title='bbox 1525 4676 1960 4748; x_wconf 88' lang='lat' dir='ltr'>comprobatur,</span> <span class='ocrx_word' id='word_1_429' title='bbox 1983 4691 2048 4729; x_wconf 82' lang='lat' dir='ltr'>ex</span> <span class='ocrx_word' id='word_1_430' title='bbox 2223 4676 2290 4746; x_wconf 76' lang='grc' dir='ltr'>(ο,</span> <span class='ocrx_word' id='word_1_431' title='bbox 2327 4674 2382 4746; x_wconf 88' lang='lat'>3)</span> <span class='ocrx_word' id='word_1_432' title='bbox 2427 4673 2523 4727; x_wconf 87' lang='lat' dir='ltr'>Hic</span> <span class='ocrx_word' id='word_1_433' title='bbox 2568 4674 2756 4728; x_wconf 85' lang='lat' dir='ltr'>Narsis</span> <span class='ocrx_word' id='word_1_434' title='bbox 2795 4673 2950 4744; x_wconf 90' lang='lat' dir='ltr'>prius</span> <span class='ocrx_word' id='word_1_435' title='bbox 3002 4671 3345 4726; x_wconf 89' lang='lat' dir='ltr'>cartolarius</span> <span class='ocrx_word' id='word_1_436' title='bbox 3378 4670 3511 4738; x_wconf 84' lang='lat' dir='ltr'>fuit,</span> <span class='ocrx_word' id='word_1_437' title='bbox 3556 4669 3746 4727; x_wconf 87' lang='lat' dir='ltr'>deinde</span> 
     </span>
    </p>
   </div>
   <div class='ocr_carea' id='block_1_53' title="bbox 448 4758 3746 4863">
    <p class='ocr_par' dir='ltr' id='par_1_53' title="bbox 448 4758 3746 4863">
     <span class='ocr_line' id='line_1_53' title="bbox 448 4758 3746 4863; baseline -0.009 -20"><span class='ocrx_word' id='word_1_438' title='bbox 448 4785 623 4863; x_wconf 91' lang='lat' dir='ltr'>priori</span> <span class='ocrx_word' id='word_1_439' title='bbox 650 4758 890 4838; x_wconf 81' lang='lat' dir='ltr'>Venetia</span> <span class='ocrx_word' id='word_1_440' title='bbox 910 4775 1066 4832; x_wconf 88' lang='lat' dir='ltr'>ducit</span> <span class='ocrx_word' id='word_1_441' title='bbox 1085 4770 1394 4842; x_wconf 88' lang='lat' dir='ltr'>originem.</span> <span class='ocrx_word' id='word_1_442' title='bbox 1417 4766 1581 4863; x_wconf 79' lang='lat' dir='ltr'>Quod</span> <span class='ocrx_word' id='word_1_443' title='bbox 1603 4769 1797 4819; x_wconf 89' lang='lat' dir='ltr'>autem</span> <span class='ocrx_word' id='word_1_444' title='bbox 1819 4762 2052 4817; x_wconf 91' lang='lat' dir='ltr'>ininsu-</span> <span class='ocrx_word' id='word_1_445' title='bbox 2150 4767 2388 4836; x_wconf 90' lang='lat' dir='ltr'>propter</span> <span class='ocrx_word' id='word_1_446' title='bbox 2414 4762 2677 4816; x_wconf 90' lang='lat' dir='ltr'>virtutem</span> <span class='ocrx_word' id='word_1_447' title='bbox 2712 4761 3040 4832; x_wconf 88' lang='lat' dir='ltr'>patriciatus</span> <span class='ocrx_word' id='word_1_448' title='bbox 3072 4761 3357 4814; x_wconf 90' lang='lat' dir='ltr'>honorem</span> <span class='ocrx_word' id='word_1_449' title='bbox 3414 4758 3746 4828; x_wconf 86' lang='lat' dir='ltr'>promeruit.</span> 
     </span>
    </p>
   </div>
   <div class='ocr_carea' id='block_1_54' title="bbox 447 4846 3745 4934">
    <p class='ocr_par' dir='ltr' id='par_1_54' title="bbox 447 4846 3745 4934">
     <span class='ocr_line' id='line_1_54' title="bbox 447 4846 3745 4934; baseline -0.011 0"><span class='ocrx_word' id='word_1_450' title='bbox 447 4846 515 4934; x_wconf 71' lang='lat' dir='ltr'>iis</span> <span class='ocrx_word' id='word_1_451' title='bbox 546 4873 717 4930; x_wconf 89' lang='lat' dir='ltr'>maris</span> <span class='ocrx_word' id='word_1_452' title='bbox 734 4865 1040 4929; x_wconf 87' lang='lat' dir='ltr'>inhabitat,</span> <span class='ocrx_word' id='word_1_453' title='bbox 1062 4861 1185 4914; x_wconf 74' lang='lat' dir='ltr'>hmc</span> <span class='ocrx_word' id='word_1_454' title='bbox 1205 4875 1376 4912; x_wconf 89' lang='lat' dir='ltr'>causa</span> <span class='ocrx_word' id='word_1_455' title='bbox 1393 4854 1518 4910; x_wconf 84' lang='lat' dir='ltr'>fuit.</span> <span class='ocrx_word' id='word_1_456' title='bbox 1539 4854 1895 4907; x_wconf 85' lang='lat' dir='ltr'>Winulorum</span> <span class='ocrx_word' id='word_1_457' title='bbox 1915 4861 1934 4893; x_wconf 71' lang='grc'>³</span> <span class='ocrx_word' id='word_1_458' title='bbox 1955 4850 2051 4922; x_wconf 92' lang='lat' dir='ltr'>qui</span> <span class='ocrx_word' id='word_1_459' title='bbox 2151 4854 2286 4908; x_wconf 87' lang='lat' dir='ltr'>Erat</span> <span class='ocrx_word' id='word_1_460' title='bbox 2315 4854 2507 4906; x_wconf 87' lang='lat' dir='ltr'>autem</span> <span class='ocrx_word' id='word_1_461' title='bbox 2543 4850 2626 4904; x_wconf 93' lang='lat' dir='ltr'>vir</span> <span class='ocrx_word' id='word_1_462' title='bbox 2657 4851 2863 4920; x_wconf 88' lang='lat' dir='ltr'>justus,</span> <span class='ocrx_word' id='word_1_463' title='bbox 2900 4848 2958 4903; x_wconf 90' lang='lat' dir='ltr'>in</span> <span class='ocrx_word' id='word_1_464' title='bbox 3003 4847 3283 4920; x_wconf 88' lang='lat' dir='ltr'>religione</span> <span class='ocrx_word' id='word_1_465' title='bbox 3332 4848 3666 4912; x_wconf 89' lang='lat' dir='ltr'>catholicus,</span> <span class='ocrx_word' id='word_1_466' title='bbox 3695 4846 3745 4899; x_wconf 91' lang='lat' dir='ltr'>in</span> 
     </span>
    </p>
   </div>
   <div class='ocr_carea' id='block_1_55' title="bbox 449 4934 3747 5034">
    <p class='ocr_par' dir='ltr' id='par_1_55' title="bbox 449 4934 3747 5034">
     <span class='ocr_line' id='line_1_55' title="bbox 449 4934 3747 5034; baseline -0.008 -21"><span class='ocrx_word' id='word_1_467' title='bbox 449 4969 508 5022; x_wconf 73' lang='grc' dir='ltr'>ει</span> <span class='ocrx_word' id='word_1_468' title='bbox 535 4956 1052 5034; x_wconf 78' lang='lat' dir='ltr'>Longnbardorum</span> <span class='ocrx_word' id='word_1_469' title='bbox 1076 4965 1220 5021; x_wconf 88' lang='lat' dir='ltr'>gens</span> <span class='ocrx_word' id='word_1_470' title='bbox 1238 4947 1307 5000; x_wconf 92' lang='lat' dir='ltr'>de</span> <span class='ocrx_word' id='word_1_471' title='bbox 1339 4942 1600 5000; x_wconf 89' lang='lat' dir='ltr'>litoribus</span> <span class='ocrx_word' id='word_1_472' title='bbox 1628 4941 1828 4996; x_wconf 87' lang='lat' dir='ltr'>oceani</span> <span class='ocrx_word' id='word_1_473' title='bbox 1861 4943 2052 5011; x_wconf 85' lang='lat' dir='ltr'>partes</span> <span class='ocrx_word' id='word_1_474' title='bbox 2151 4940 2500 5014; x_wconf 84' lang='lat' dir='ltr'>pauperibus</span> <span class='ocrx_word' id='word_1_475' title='bbox 2527 4941 2741 5011; x_wconf 86' lang='lat' dir='ltr'>largus,</span> <span class='ocrx_word' id='word_1_476' title='bbox 2791 4937 2847 4992; x_wconf 87' lang='lat' dir='ltr'>in</span> <span class='ocrx_word' id='word_1_477' title='bbox 2891 4935 3302 5009; x_wconf 89' lang='lat' dir='ltr'>recuperandis</span> <span class='ocrx_word' id='word_1_478' title='bbox 3343 4936 3594 4991; x_wconf 84' lang='lat' dir='ltr'>basilicis</span> <span class='ocrx_word' id='word_1_479' title='bbox 3631 4934 3747 4989; x_wconf 85' lang='lat' dir='ltr'>satis</span> 
     </span>
    </p>
   </div>
   <div class='ocr_carea' id='block_1_56' title="bbox 449 5023 3744 5124">
    <p class='ocr_par' dir='ltr' id='par_1_56' title="bbox 449 5023 3744 5124">
     <span class='ocr_line' id='line_1_56' title="bbox 449 5023 3744 5124; baseline -0.011 -13"><span class='ocrx_word' id='word_1_480' title='bbox 449 5045 876 5124; x_wconf 90' lang='lat' dir='ltr'>septemtrionis</span> <span class='ocrx_word' id='word_1_481' title='bbox 893 5054 1144 5111; x_wconf 80' lang='lat' dir='ltr'>egressa,</span> <span class='ocrx_word' id='word_1_482' title='bbox 1162 5051 1292 5088; x_wconf 91' lang='lat' dir='ltr'>cum</span> <span class='ocrx_word' id='word_1_483' title='bbox 1315 5050 1418 5104; x_wconf 89' lang='lat' dir='ltr'>per</span> <span class='ocrx_word' id='word_1_484' title='bbox 1436 5031 1751 5085; x_wconf 87' lang='lat' dir='ltr'>multorum</span> <span class='ocrx_word' id='word_1_485' title='bbox 1766 5030 2051 5083; x_wconf 90' lang='lat' dir='ltr'>bellorum</span> <span class='ocrx_word' id='word_1_486' title='bbox 2079 5096 2129 5124; x_wconf 58' lang='grc' dir='ltr'>Π</span> <span class='ocrx_word' id='word_1_487' title='bbox 2153 5029 2453 5093; x_wconf 82' lang='lat' dir='ltr'>studiosus,</span> <span class='ocrx_word' id='word_1_488' title='bbox 2477 5027 2681 5099; x_wconf 83' lang='lat' dir='ltr'>vigiliis</span> <span class='ocrx_word' id='word_1_489' title='bbox 2711 5031 2765 5081; x_wconf 88' lang='lat' dir='ltr'>et</span> <span class='ocrx_word' id='word_1_490' title='bbox 2781 5025 3138 5081; x_wconf 89' lang='lat' dir='ltr'>orationibus</span> <span class='ocrx_word' id='word_1_491' title='bbox 3169 5023 3225 5078; x_wconf 91' lang='lat' dir='ltr'>in</span> <span class='ocrx_word' id='word_1_492' title='bbox 3251 5027 3484 5078; x_wconf 90' lang='lat' dir='ltr'>tantum</span> <span class='ocrx_word' id='word_1_493' title='bbox 3505 5025 3744 5086; x_wconf 87' lang='lat' dir='ltr'>studens,</span> 
     </span>
    </p>
   </div>
   <div class='ocr_carea' id='block_1_57' title="bbox 449 5096 3747 5197">
    <p class='ocr_par' dir='ltr' id='par_1_57' title="bbox 449 5096 3747 5197">
     <span class='ocr_line' id='line_1_57' title="bbox 449 5096 3747 5197; baseline -0.011 0"><span class='ocrx_word' id='word_1_494' title='bbox 449 5096 767 5196; x_wconf 45' lang='lat' dir='ltr'>cegtamina</span> <span class='ocrx_word' id='word_1_495' title='bbox 791 5133 1257 5197; x_wconf 90' lang='lat' dir='ltr'>diversarumque</span> <span class='ocrx_word' id='word_1_496' title='bbox 1286 5126 1562 5176; x_wconf 90' lang='lat' dir='ltr'>terrarum</span> <span class='ocrx_word' id='word_1_497' title='bbox 1591 5127 1612 5161; x_wconf 74' lang='grc'>³</span> <span class='ocrx_word' id='word_1_498' title='bbox 1633 5116 1898 5172; x_wconf 88' lang='lat' dir='ltr'>circuitus</span> <span class='ocrx_word' id='word_1_499' title='bbox 1927 5121 2050 5170; x_wconf 88' lang='lat' dir='ltr'>tan-</span> <span class='ocrx_word' id='word_1_500' title='bbox 2078 5096 2129 5154; x_wconf 85' lang='lat' dir='ltr'>D</span> <span class='ocrx_word' id='word_1_501' title='bbox 2154 5122 2216 5172; x_wconf 87' lang='lat' dir='ltr'>ut</span> <span class='ocrx_word' id='word_1_502' title='bbox 2247 5118 2372 5187; x_wconf 90' lang='lat' dir='ltr'>plus</span> <span class='ocrx_word' id='word_1_503' title='bbox 2404 5115 2915 5187; x_wconf 88' lang='lat' dir='ltr'>supplicationibus</span> <span class='ocrx_word' id='word_1_504' title='bbox 2955 5113 3027 5168; x_wconf 90' lang='lat' dir='ltr'>ad</span> <span class='ocrx_word' id='word_1_505' title='bbox 3057 5113 3243 5166; x_wconf 91' lang='lat' dir='ltr'>Deum</span> <span class='ocrx_word' id='word_1_506' title='bbox 3287 5111 3545 5182; x_wconf 84' lang='lat' dir='ltr'>profusis</span> <span class='ocrx_word' id='word_1_507' title='bbox 3592 5125 3747 5183; x_wconf 87' lang='lat' dir='ltr'>quam</span> 
     </span>
    </p>
   </div>
   <div class='ocr_carea' id='block_1_58' title="bbox 448 5200 3748 5286">
    <p class='ocr_par' dir='ltr' id='par_1_58' title="bbox 448 5200 3748 5286">
     <span class='ocr_line' id='line_1_58' title="bbox 448 5200 3748 5286; baseline -0.011 1"><span class='ocrx_word' id='word_1_508' title='bbox 448 5231 586 5286; x_wconf 90' lang='lat' dir='ltr'>dem</span> <span class='ocrx_word' id='word_1_509' title='bbox 611 5223 856 5282; x_wconf 89' lang='lat' dir='ltr'>venisset</span> <span class='ocrx_word' id='word_1_510' title='bbox 903 5220 1291 5280; x_wconf 85' lang='lat' dir='ltr'>Pannomam,</span> <span class='ocrx_word' id='word_1_511' title='bbox 1331 5211 1482 5265; x_wconf 88' lang='lat' dir='ltr'>ultra</span> <span class='ocrx_word' id='word_1_512' title='bbox 1512 5209 1638 5280; x_wconf 88' lang='lat' dir='ltr'>jam</span> <span class='ocrx_word' id='word_1_513' title='bbox 1690 5222 1806 5261; x_wconf 89' lang='lat' dir='ltr'>non</span> <span class='ocrx_word' id='word_1_514' title='bbox 1835 5205 2055 5260; x_wconf 87' lang='lat' dir='ltr'>audens</span> <span class='ocrx_word' id='word_1_515' title='bbox 2152 5206 2327 5261; x_wconf 88' lang='lat' dir='ltr'>armis</span> <span class='ocrx_word' id='word_1_516' title='bbox 2355 5205 2572 5259; x_wconf 90' lang='lat' dir='ltr'>bellicis</span> <span class='ocrx_word' id='word_1_517' title='bbox 2594 5203 2892 5258; x_wconf 84' lang='lat' dir='ltr'>victoriam</span> <span class='ocrx_word' id='word_1_518' title='bbox 2923 5201 3212 5256; x_wconf 88' lang='lat' dir='ltr'>obtineret</span> <span class='ocrx_word' id='word_1_519' title='bbox 3241 5201 3308 5260; x_wconf 93' lang='lat' dir='ltr'>(c.</span> <span class='ocrx_word' id='word_1_520' title='bbox 3365 5203 3440 5263; x_wconf 78' lang='lat'>5).</span> <span class='ocrx_word' id='word_1_521' title='bbox 3495 5200 3611 5255; x_wconf 87' lang='lat' dir='ltr'>Sed</span> <span class='ocrx_word' id='word_1_522' title='bbox 3631 5214 3748 5254; x_wconf 89' lang='lat' dir='ltr'>cum</span> 
     </span>
    </p>
   </div>
   <div class='ocr_carea' id='block_1_59' title="bbox 445 5284 3749 5392">
    <p class='ocr_par' dir='ltr' id='par_1_59' title="bbox 445 5284 3749 5392">
     <span class='ocr_line' id='line_1_59' title="bbox 445 5284 3749 5392; baseline -0.011 -16"><span class='ocrx_word' id='word_1_523' title='bbox 445 5284 782 5392; x_wconf 81' lang='lat' dir='ltr'>procedere,</span> <span class='ocrx_word' id='word_1_524' title='bbox 813 5308 1011 5366; x_wconf 90' lang='lat' dir='ltr'>sedem</span> <span class='ocrx_word' id='word_1_525' title='bbox 1042 5302 1149 5360; x_wconf 90' lang='lat' dir='ltr'>sibi</span> <span class='ocrx_word' id='word_1_526' title='bbox 1179 5301 1238 5357; x_wconf 90' lang='lat' dir='ltr'>in</span> <span class='ocrx_word' id='word_1_527' title='bbox 1270 5317 1340 5356; x_wconf 88' lang='lat' dir='ltr'>ea</span> <span class='ocrx_word' id='word_1_528' title='bbox 1359 5300 1652 5372; x_wconf 71' lang='lat' dir='ltr'>perpetuae</span> <span class='ocrx_word' id='word_1_529' title='bbox 1679 5293 2054 5392; x_wconf 72' lang='lat' dir='ltr'>habitationis</span> <span class='ocrx_word' id='word_1_530' title='bbox 2155 5295 2224 5350; x_wconf 92' lang='lat' dir='ltr'>de</span> <span class='ocrx_word' id='word_1_531' title='bbox 2252 5293 2447 5366; x_wconf 91' lang='lat' dir='ltr'>spoliis</span> <span class='ocrx_word' id='word_1_532' title='bbox 2476 5292 2739 5364; x_wconf 89' lang='lat' dir='ltr'>gentium</span> <span class='ocrx_word' id='word_1_533' title='bbox 2765 5308 2904 5363; x_wconf 88' lang='lat' dir='ltr'>quas</span> <span class='ocrx_word' id='word_1_534' title='bbox 2918 5289 3268 5345; x_wconf 91' lang='lat' dir='ltr'>contriverat</span> <span class='ocrx_word' id='word_1_535' title='bbox 3286 5287 3606 5359; x_wconf 89' lang='lat' dir='ltr'>plurimum</span> <span class='ocrx_word' id='word_1_536' title='bbox 3639 5284 3749 5340; x_wconf 88' lang='lat' dir='ltr'>auri</span> 
     </span>
    </p>
   </div>
   <div class='ocr_carea' id='block_1_60' title="bbox 446 5374 3750 5465">
    <p class='ocr_par' dir='ltr' id='par_1_60' title="bbox 446 5374 3750 5465">
     <span class='ocr_line' id='line_1_60' title="bbox 446 5374 3750 5465; baseline -0.013 7"><span class='ocrx_word' id='word_1_537' title='bbox 446 5374 693 5464; x_wconf 60' lang='grc' dir='ltr'>ἷιὶέιίῐιιὶῐ</span> <span class='ocrx_word' id='word_1_538' title='bbox 715 5374 907 5465; x_wconf 57' lang='grc' dir='ltr'>(έΔυιιι</span> <span class='ocrx_word' id='word_1_539' title='bbox 938 5396 1060 5451; x_wconf 75' lang='lat' dir='ltr'>hist.</span> <span class='ocrx_word' id='word_1_540' title='bbox 1083 5393 1257 5463; x_wconf 84' lang='lat' dir='ltr'>Long.</span> <span class='ocrx_word' id='word_1_541' title='bbox 1299 5407 1360 5458; x_wconf 82' lang='grc' dir='ltr'>ιι,</span> <span class='ocrx_word' id='word_1_542' title='bbox 1392 5387 1470 5461; x_wconf 88' lang='lat'>7).</span> <span class='ocrx_word' id='word_1_543' title='bbox 1503 5386 1611 5442; x_wconf 90' lang='lat' dir='ltr'>Ubi</span> <span class='ocrx_word' id='word_1_544' title='bbox 1635 5401 1768 5440; x_wconf 92' lang='lat' dir='ltr'>cum</span> <span class='ocrx_word' id='word_1_545' title='bbox 1798 5381 2055 5439; x_wconf 86' lang='lat' dir='ltr'>habitas-</span> <span class='ocrx_word' id='word_1_546' title='bbox 2153 5385 2212 5438; x_wconf 90' lang='lat' dir='ltr'>et</span> <span class='ocrx_word' id='word_1_547' title='bbox 2237 5381 2464 5453; x_wconf 87' lang='lat' dir='ltr'>argenti</span> <span class='ocrx_word' id='word_1_548' title='bbox 2487 5381 2954 5452; x_wconf 87' lang='lat' dir='ltr'>diversarumque</span> <span class='ocrx_word' id='word_1_549' title='bbox 2983 5393 3179 5432; x_wconf 91' lang='lat' dir='ltr'>rerum</span> <span class='ocrx_word' id='word_1_550' title='bbox 3204 5375 3524 5433; x_wconf 89' lang='lat' dir='ltr'>immensas</span> <span class='ocrx_word' id='word_1_551' title='bbox 3547 5374 3750 5432; x_wconf 82' lang='lat' dir='ltr'>divitias</span> 
     </span>
    </p>
   </div>
   <div class='ocr_carea' id='block_1_61' title="bbox 445 5463 3749 5566">
    <p class='ocr_par' dir='ltr' id='par_1_61' title="bbox 445 5463 3749 5566">
     <span class='ocr_line' id='line_1_61' title="bbox 445 5463 3749 5566; baseline -0.011 -14"><span class='ocrx_word' id='word_1_552' title='bbox 445 5500 534 5552; x_wconf 85' lang='lat' dir='ltr'>set</span> <span class='ocrx_word' id='word_1_553' title='bbox 551 5463 936 5566; x_wconf 85' lang='lat' dir='ltr'>quadraginta</span> <span class='ocrx_word' id='word_1_554' title='bbox 977 5483 1200 5541; x_wconf 90' lang='lat' dir='ltr'>duobus</span> <span class='ocrx_word' id='word_1_555' title='bbox 1223 5477 1410 5548; x_wconf 86' lang='lat' dir='ltr'>annis,</span> <span class='ocrx_word' id='word_1_556' title='bbox 1442 5480 1707 5550; x_wconf 89' lang='lat' dir='ltr'>tempore</span> <span class='ocrx_word' id='word_1_557' title='bbox 1739 5489 1853 5547; x_wconf 89' lang='lat' dir='ltr'>quo</span> <span class='ocrx_word' id='word_1_558' title='bbox 1881 5472 2051 5528; x_wconf 83' lang='lat' dir='ltr'>Justi-</span> <span class='ocrx_word' id='word_1_559' title='bbox 2155 5470 2503 5544; x_wconf 88' lang='lat' dir='ltr'>acquisisset,</span> <span class='ocrx_word' id='word_1_560' title='bbox 2535 5485 2810 5542; x_wconf 89' lang='lat' dir='ltr'>magnam</span> <span class='ocrx_word' id='word_1_561' title='bbox 2839 5484 2871 5523; x_wconf 86' lang='lat' dir='ltr'>a</span> <span class='ocrx_word' id='word_1_562' title='bbox 2900 5465 3194 5532; x_wconf 83' lang='lat' dir='ltr'>Romanis,</span> <span class='ocrx_word' id='word_1_563' title='bbox 3225 5481 3334 5538; x_wconf 88' lang='lat' dir='ltr'>pro</span> <span class='ocrx_word' id='word_1_564' title='bbox 3361 5465 3566 5538; x_wconf 89' lang='lat' dir='ltr'>quibus</span> <span class='ocrx_word' id='word_1_565' title='bbox 3585 5463 3749 5520; x_wconf 84' lang='lat' dir='ltr'>multa</span> 
     </span>
    </p>
   </div>
   <div class='ocr_carea' id='block_1_62' title="bbox 1756 5591 2448 5651">
    <p class='ocr_par' dir='ltr' id='par_1_62' title="bbox 1756 5591 2448 5651">
     <span class='ocr_line' id='line_1_62' title="bbox 1756 5591 2448 5651; baseline -0.003 -1"><span class='ocrx_word' id='word_1_566' title='bbox 1756 5595 1987 5650; x_wconf 71' lang='lat' dir='ltr'><strong>VARIE</strong></span> <span class='ocrx_word' id='word_1_567' title='bbox 2046 5591 2448 5651; x_wconf 84' lang='lat' dir='ltr'>LECTIONES.</span> 
     </span>
    </p>
   </div>
   <div class='ocr_carea' id='block_1_63' title="bbox 512 5690 2695 5772">
    <p class='ocr_par' dir='ltr' id='par_1_63' title="bbox 512 5690 2695 5772">
     <span class='ocr_line' id='line_1_63' title="bbox 512 5690 2695 5772; baseline -0.011 -2"><span class='ocrx_word' id='word_1_568' title='bbox 512 5722 532 5760; x_wconf 75' lang='grc' dir='ltr'><strong><em>ι</em></strong></span> <span class='ocrx_word' id='word_1_569' title='bbox 553 5713 632 5769; x_wconf 73' lang='lat' dir='ltr'>ita</span> <span class='ocrx_word' id='word_1_570' title='bbox 658 5709 740 5769; x_wconf 80' lang='lat' dir='ltr'>ed.</span> <span class='ocrx_word' id='word_1_571' title='bbox 771 5703 1038 5766; x_wconf 78' lang='lat' dir='ltr'>habitant</span> <span class='ocrx_word' id='word_1_572' title='bbox 1060 5700 1119 5760; x_wconf 84' lang='lat'>2.</span> <span class='ocrx_word' id='word_1_573' title='bbox 1192 5711 1215 5745; x_wconf 71' lang='grc' dir='ltr'>ι</span> <span class='ocrx_word' id='word_1_574' title='bbox 1244 5700 1326 5759; x_wconf 74' lang='lat' dir='ltr'>ita</span> <span class='ocrx_word' id='word_1_575' title='bbox 1357 5698 1602 5772; x_wconf 77' lang='lat' dir='ltr'>corrigo,-</span> <span class='ocrx_word' id='word_1_576' title='bbox 1632 5694 1981 5755; x_wconf 88' lang='lat' dir='ltr'>winillorum</span> <span class='ocrx_word' id='word_1_577' title='bbox 2001 5698 2058 5758; x_wconf 85' lang='lat'>2.</span> <span class='ocrx_word' id='word_1_578' title='bbox 2132 5702 2154 5739; x_wconf 79' lang='grc'><em>³</em></span> <span class='ocrx_word' id='word_1_579' title='bbox 2180 5691 2586 5752; x_wconf 85' lang='lat' dir='ltr'>transitionum</span> <span class='ocrx_word' id='word_1_580' title='bbox 2613 5690 2695 5746; x_wconf 80' lang='lat' dir='ltr'>ed.</span> 
     </span>
    </p>
   </div>
  </div>
