3882 6212
417 404 520 463 879

1640 401 1924 465 JOANNIS
1967 402 2251 463 DlACONI
2284 401 2532 462 VENETI

3641 412 3740 473 880

413 529 551 585 dum
569 527 765 602 papuli
791 525 904 582 illic
924 509 1712 597 man‘entesepiscopalisede
1733 530 2017 594 carerent,
2046 532 2102 592 Α
2132 526 2235 582 Hic
2278 534 2351 582 est
2407 529 2550 582 enim
2587 544 2814 599 magnus
2862 526 3158 598 thesaurus,
3202 527 3408 589 dicente
3454 530 3690 593 Domino
3720 555 3736 594 :

415 618 754 673 auctoritate
781 615 972 670 divina
1004 632 1182 670 novus
1217 615 1574 687 episcopatus
1609 613 1686 668 ibi
1723 615 2020 670 ordinatus

414 712 518 762 est.

483 799 652 851 Sexta
695 796 881 850 insula
917 795 1202 848 Torcellus
1231 792 1348 864 (23\
1387 793 1670 860 subsistit;
1708 811 1855 865 quae,
1888 793 2019 848 licet

411 888 640 942 urbium
674 885 953 939 mmnibus
984 884 1228 938 minime
1258 892 1279 924 8
1311 884 1604 950 clarescat,
1644 886 1842 937 tamen
1877 883 2019 938 alia-

410 995 541 1032 rum
563 976 879 1029 insularum
912 973 1236 1028 munitione
1263 971 1696 1044 circumscepta,
1733 974 1790 1028 in
1824 972 2016 1028 medio

410 1065 693 1119 tutissima
711 1064 918 1133 pollet.

481 1154 738 1226 Septima
764 1153 949 1206 insula
973 1150 1253 1206 Moriauas
1283 1150 1394 1220 (2i)
1424 1149 1728 1204 vocitatur.

481 1244 688 1298 Octava
715 1240 947 1312 quidem
981 1239 1166 1293 insula
1194 1240 1480 1292 llivoaltus
1508 1243 1621 1310 (25)
1655 1238 2018 1295 subsistit.Ad

407 1349 583 1404 quam
607 1313 678 1385 ad
699 1333 1023 1384 extremum
1045 1327 1380 1398 licetpopuli
1401 1327 1473 1381 ad
1491 1327 1871 1381 habitandum
1889 1345 2020 1382 con-

411 1423 676 1486 fluerent,
709 1422 906 1472 tamen
950 1417 1224 1472 ditissima
1257 1420 1314 1470 et
1351 1416 1659 1470 sublimata
1692 1425 1713 1458 θ
1755 1415 2020 1470 omnibus

419 1512 648 1573 manet;
684 1523 810 1578 quas
833 1521 951 1560 non
982 1505 1167 1558 solum
1196 1503 1569 1557 ecclesiarum
1593 1519 1689 1556 seu
1709 1503 2020 1558 domorum

415 1597 730 1652 decoritate
761 1597 1104 1659 ostentatur,
1134 1607 1333 1646 verum
1363 1591 1540 1646 etiam
1569 1590 1804 1646 ducatus
1830 1591 2017 1662 digni-

416 1691 595 1741 tatem
622 1688 791 1756 atque
822 1680 1132 1754 episcopali
1159 1681 1354 1735 sedem
1395 1679 1610 1734 habere
1640 1681 1697 1734 et
1726 1679 2019 1750 possidere

415 1775 658 1829 videtur.

485 1863 648 1916 Nona
678 1860 862 1915 insula
897 1860 1282 1915 Metamaucus
1319 1856 1437 1930 (26)
1469 1856 1697 1924 dicitur,
1727 1873 1855 1928 quae
1901 1872 2019 1911 non
2045 1831 2096 1890 Β

415 1950 637 2021 indiget
660 1950 852 2021 aliqua
876 1947 1104 2002 urbium
1118 1945 1572 2013 munitione,sed
1591 1945 1829 2016 pulchro
1850 1943 2019 1999 litore

414 2056 578 2112 paene
605 2056 672 2093 ex
693 2037 853 2093 omni
884 2038 1046 2107 parte
1075 2034 1353 2107 cingitur;
1381 2035 1478 2090 ubi
1505 2034 1844 2090 auctoritate
1860 2049 2022 2106 apos-

413 2129 583 2184 tolica
609 2127 993 2200 episcopalem
1026 2123 1222 2179 sedem
1252 2123 1450 2197 populi
1482 2123 1697 2178 habere
1728 2121 2019 2178 consecuti

412 2221 563 2273 sunt.

482 2306 716 2362 Decima
742 2321 877 2362 vero
903 2304 1089 2359 insula
1114 2301 1338 2374 Pupilia
1365 2300 1467 2372 (27)
1502 2305 1722 2356 manet.

483 2396 801 2452 Undecima
842 2393 1024 2449 Minor
1076 2391 1301 2462 Clugies
1354 2390 1475 2462 (28)
1525 2389 1767 2459 dicitur;
1803 2389 1860 2444 in
1908 2406 2023 2463 qua

413 2485 831 2540 monasterium
863 2482 1047 2537 sancti
1066 2480 1334 2536 Michaelis
1365 2488 1410 2521 ιο
1446 2479 1620 2534 situm
1651 2483 1756 2533 est.

483 2573 838 2629 Duodecima
880 2572 1065 2626 insula
1100 2569 1325 2640 Clugies
1351 2568 1467 2639 (29)
1499 2568 1678 2639 Major
1725 2584 2024 2639 nuncupa-

410 2668 523 2718 tur.

483 2753 579 2806 Est
603 2750 778 2806 etiam
812 2749 870 2803 in
899 2747 1260 2803 extremitate
1291 2747 1543 2802 Venetiae
1573 2749 1822 2802 castrum
1868 2748 2024 2820 quod

414 2841 596 2912 Caput
612 2838 818 2909 Argilis
831 2837 938 2907 (30)
960 2836 1186 2890 dicitur.
1205 2834 1351 2889 Sunt
1367 2835 1584 2889 etenim
1605 2836 1757 2907 apud
1775 2835 2022 2891 eandem

410 2929 758 3001 provintiam
791 2942 967 2998 quam
999 2924 1262 2997 plurimae
1291 2924 1488 2978 insulae
1520 2924 1885 2982 habitabiles.

485 3018 563 3089 (P.
591 3019 656 3072 D.
689 3033 768 3083 ιιι,
804 3014 915 3086 11.)
941 3016 1047 3068 Per
1076 3014 1182 3068 hec
1216 3016 1484 3084 tempora
1503 3013 1656 3084 apud
1689 3013 2022 3068 Constanti-

413 3107 710 3177 nopolym,
738 3107 801 3158 ut
823 3120 996 3175 supra
1027 3101 1374 3174 premissum
1403 3105 1508 3165 est,
1539 3101 1795 3156 Justinus
1825 3102 2021 3157 minor

411 3195 691 3266 regnavit.
714 3192 885 3248 Virin
918 3192 1077 3246 omni
1108 3190 1346 3245 avarilia
1377 3190 1626 3256 deditus,
1649 3193 2020 3261 contemptor

410 3301 752 3359 pauperum,
783 3286 1118 3338 senatorum
1149 3280 1445 3354 spoliator.
1473 3280 1572 3334 Cui
1603 3285 1765 3334 tanta
1787 3280 1894 3335 fuit
1921 3298 2018 3336 cu-

413 3373 664 3446 piditatis
700 3372 909 3436 rabies,
942 3373 1004 3424 ut
1038 3369 1240 3424 archas
1262 3368 1495 3439 juberet
1524 3368 1741 3423 ferreas
1781 3368 1927 3436 fieri,
1959 3369 2020 3424 in

411 3462 619 3535 quibus
657 3478 726 3516 ea
749 3478 877 3532 quae
920 3459 1183 3531 replebat
1224 3455 1348 3512 auri
1387 3457 1606 3512 talenta
1644 3460 2012 3528 congereret;

411 3568 584 3626 quem
598 3551 773 3606 etiam
787 3551 981 3606 ferunt
992 3550 1050 3603 in
1062 3547 1312 3603 heresim
1327 3548 1696 3619 Pelagianam
1712 3548 2016 3618 dilapsum.

411 3641 532 3710 llic,
549 3656 679 3701 cum
697 3657 730 3694 a
747 3639 955 3695 divinis
977 3637 1266 3693 mandatis
1290 3653 1490 3691 aurem
1504 3636 1694 3710 co_rdis
1711 3640 2016 3704 averteret,

403 3731 560 3801 justo
579 3730 678 3785 Dei
693 3728 911 3800 judicio
933 3726 1209 3782 ammisso
1235 3724 1476 3780 rationis
1495 3705 1790 3778 inkllectu
1819 3739 2021 3781 amens

413 3819 646 3874 effectus
674 3821 761 3872 est
800 3817 897 3870 Hic
925 3813 1235 3886 Tyberium
1266 3821 1309 3854 ιι
1339 3827 1596 3866 cesarem
1630 3810 1886 3878 adscivit,
1922 3814 2018 3884 qui

413 3909 536 3978 ejus
558 3905 843 3977 palacium
879 3904 966 3956 vel
996 3902 1251 3973 singulas
1282 3899 1604 3970 provincias
1645 3900 2018 3970 gubernaret,

412 3995 714 4051 hominem
729 3990 1538 4062 justum,utilem,strenuum,
1555 3986 2018 4058 sapientem,ele-

415 4081 818 4146 moSinarium,
838 4077 1137 4149 injudiciis
1158 4091 1411 4147 aequum,
1435 4075 1494 4129 in
1517 4074 2017 4143 victoriisclarum,

415 4168 654 4241 et,quod
676 4167 762 4222 his
787 4165 1057 4221 omnibus
1083 4162 1863 4236 supereminet,verissimum
1877 4164 2017 4218 chri.

417 4259 689 4314 stianum.
711 4256 810 4310 Hic
831 4270 965 4310 cum
986 4253 1196 4308 multas
1224 4254 1295 4308 de
1315 4253 1595 4308 thesauris
1615 4270 1759 4324 quos
1772 4253 2023 4309 Justinus

418 4348 836 4420 aggregaverat
864 4342 1210 4416 pauperibus
1255 4346 1544 4413 erogaret,
1570 4341 1748 4397 Suflia
1782 4346 2025 4415 augusta

2124 617 2498 672 Thesaurizate
2528 617 2671 672 vobis
2695 619 2967 673 thesauros
2998 622 3053 674 in
3077 620 3235 687 catis,
3260 621 3354 676 ubi
3382 640 3552 695 neque
3573 642 3736 698 erugo

2121 723 2288 778 neque
2312 713 2453 760 tznea
2487 713 2800 778 corrumpit,
2831 715 2880 762 et
2910 709 3004 761 ubi
3027 710 3180 778 fures
3213 727 3321 764 non
3347 712 3614 782 effodiunt
3651 733 3740 771 nec

2117 796 2400 865 furantur.
2435 796 2585 868 Ergo
2623 797 2686 850 de
2720 797 2820 865 his,
2853 813 2972 870 qua:
3001 798 3265 853 Dominus
3298 801 3484 855 tribuit
3525 820 3738 875 congre-

2117 901 2298 953 gemus
2340 886 2612 941 thesauros
2650 889 2707 940 in
2744 885 2890 952 caelo,
2933 894 2983 940 et
3032 886 3296 943 Dominus
3356 890 3507 946 nobis
3548 910 3737 962 augere

2117 972 2432 1043 dignabitur
2471 977 2527 1027 in
2553 974 2762 1029 saeculo.
2797 974 2974 1046 Igitur
2999 975 3249 1031 Justinus
3294 993 3430 1032 cum
3463 982 3520 1032 11
3574 982 3738 1036 annis

2118 1066 2436 1132 regnasset,
2456 1063 2792 1132 amentiam,
2811 1080 2983 1134 quam
2997 1065 3591 1132 incurrerat,tandem
3605 1086 3734 1124 cum

2119 1153 2234 1206 vita
2263 1152 2469 1207 ﬁnivit.
2497 1153 2651 1205 Bella
2681 1169 2816 1206 sane
2839 1169 2965 1223 quae
2988 1169 3090 1222 per
3108 1153 3406 1209 Narsetem
3428 1156 3734 1227 patricium

2120 1240 2314 1294 Gothis
2340 1242 2421 1294 vel
2452 1240 2726 1294 Franchis
2755 1240 2913 1294 illata
2940 1257 3042 1310 per
3076 1241 3560 1313 anticipationem
3592 1246 3731 1301 dixi-

2122 1345 2269 1394 mus,
2303 1329 2470 1398 hujus
2505 1328 2782 1400 temporis
2817 1333 2978 1398 gesta
3019 1332 3169 1384 sunt.
3196 1331 3456 1402 Denique
3505 1337 3567 1387 et
3605 1351 3731 1389 cum

2123 1417 2306 1470 Roma
2321 1416 2962 1486 lemporibusBenedicti
2976 1420 3524 1489 papaa,vastantibus
3538 1423 3733 1477 omnia

2123 1521 2226 1576 per
2238 1505 2538 1559 circuitum
2557 1504 3149 1575 Longobardis,famis
3159 1507 3404 1576 penuria
3418 1508 3732 1578 laboraret,

2123 1595 2306 1648 multa
2336 1594 2496 1649 milia
2527 1593 2801 1649 frumenti
2839 1593 3074 1649 navibus
3103 1595 3173 1650 ab
3218 1595 3423 1666 Egipto
3454 1597 3730 1671 dirigens,

2121 1699 2252 1738 eam
2275 1701 2390 1738 suae
2411 1684 2596 1738 studio
2626 1683 3034 1738 misericordiae
3056 1685 3328 1739 revelavit
3360 1694 3427 1744 1³.

2195 1774 2262 1836 (c.
2312 1771 2424 1844 12.)
2471 1773 2688 1827 Mortuo
2732 1771 2910 1843 igitur
2947 1771 3189 1840 Justiuo,
3240 1773 3548 1830 Thiberius
3591 1777 3731 1832 Con-

2122 1860 2425 1928 stantinus,
2474 1861 2871 1916 Romanorum
2922 1876 3128 1932 regum
3177 1861 3732 1935 quinquagesimus,

2121 1949 2365 2021 sumpsit
2403 1948 2736 2020 imperium.
2771 1948 2871 2003 Hic
2896 1965 3028 2004 cum
3069 1952 3130 2004 ut
3171 1951 3430 2020 superius
3471 1952 3734 2022 diximus,

2121 2039 2226 2094 sub
2273 2038 2494 2094 Justino
2543 2038 2729 2093 adhuc
2783 2054 2992 2093 cessare
3042 2038 3330 2110 palacium
3377 2049 3636 2112 regeret,
3682 2049 3738 2098 et

2122 2130 2332 2184 multas
2354 2128 2610 2201 quotidie
2632 2128 2978 2183 elemosinas
3006 2127 3534 2201 faceret,magnam
3561 2133 3617 2187 ei
3635 2133 3736 2188 Do-

2124 2217 2312 2272 minus
2333 2216 2457 2273 auri
2471 2215 2696 2287 copiam
2707 2215 3329 2271 subministravit.Nam
3354 2217 3738 2275 deambulans

2125 2323 2226 2379 per
2264 2306 2570 2377 palacium,
2598 2305 2740 2360 vidit
2769 2305 2828 2359 in
2862 2303 3195 2376 pavimento
3225 2305 3434 2360 domus
3474 2307 3734 2363 tabuiam

2124 2410 2515 2450 marmoream
2542 2393 2600 2448 in
2631 2410 2746 2465 qua
2775 2397 2899 2448 erat
2917 2409 3052 2448 crux
3082 2392 3378 2448 dominica
3408 2395 3658 2466 sculpta.
3683 2399 3736 2451 et

2127 2485 2207 2541 ait
2237 2497 2250 2540 :
2286 2482 2457 2540 Cruce
2476 2483 2699 2537 Domini
2713 2483 2949 2553 frontem
2967 2490 3205 2537 nostram
3217 2489 3268 2536 et
3278 2488 3505 2553 pectora
3529 2488 3738 2540 munire

2124 2573 2385 2638 debemus,
2418 2575 2474 2627 et
2508 2589 2621 2626 ecce
2665 2586 2782 2626 eam
2820 2571 2918 2625 sub
2955 2570 3173 2642 pedibus
3220 2572 3644 2628 concukanms!
3681 2575 3740 2628 Et

2126 2662 2276 2717 dicto
2308 2661 2470 2716 citius
2485 2661 2654 2731 jussit
2676 2676 2804 2714 eam
2833 2659 3090 2714 tabulam
3123 2659 3359 2715 auferri.
3390 2661 3736 2718 Detfossam-

2126 2769 2236 2824 que
2267 2751 2520 2806 tabulam
2548 2754 2606 2805 et
2635 2754 2888 2804 erectam
2916 2749 3218 2805 inveniunt
3235 2751 3436 2806 subter
3473 2754 3535 2807 et
3568 2753 3739 2808 aliam

2124 2841 2233 2894 hoc
2263 2839 2492 2908 signum
2520 2839 2853 2892 habentem.
2883 2837 2988 2902 Qui
3015 2841 3073 2892 et
3101 2838 3288 2910 ipsam
3306 2838 3476 2909 jussit
3497 2840 3732 2896 auferri.

2125 2928 2248 2992 Qua
2269 2931 2465 2982 amota
2489 2926 2786 2998 reperiunt
2806 2929 2864 2981 et
2885 2926 3141 2994 tertiam,
3151 2927 3434 2998 jussuque
3458 2927 3593 2998 ejus
3617 2945 3739 2984 cum

2122 3016 2320 3071 fuisset
2359 3017 2568 3081 ablata,
2603 3015 2905 3070 inveniunt
2943 3031 3223 3086 magnum
3266 3015 3613 3071 thesaurum
3641 3017 3734 3071 ha-

2124 3105 2358 3159 bentem
2388 3121 2558 3176 supra
2592 3103 2750 3157 mille
2795 3103 2918 3157 auri
2948 3102 3288 3169 centinaria,
3322 3104 3731 3177 sublatumque

2124 3210 2329 3248 aurum
2353 3191 2698 3264 pauperibus
2728 3191 2914 3246 adhuc
2936 3191 3368 3246 habundantius
3397 3209 3580 3263 quam
3604 3211 3734 3249 con-

2123 3285 2388 3337 sueverat
2416 3281 2658 3352 largitur
2689 3279 2763 3351 (c.
2796 3281 2910 3344 25).
2947 3281 3226 3335 Defuncto
3259 3297 3396 3336 vero
3429 3283 3615 3338 Paulo
3641 3301 3734 3356 pa-

2123 3370 2392 3438 triarcha,
2427 3369 2523 3442 qui
2565 3369 2863 3424 ecclesiam
2909 3369 3261 3425 Gradensem
3291 3373 3523 3426 rexerat
3556 3388 3735 3427 annos

2126 3463 2211 3526 12,
2244 3458 2373 3514 huic
2403 3458 2670 3513 successit
2691 3458 2991 3514 Probinus.
3023 3457 3096 3530 (c.
3137 3460 3253 3530 12.)
3279 3458 3470 3513 Narsis
3505 3475 3731 3532 quoque

2122 3547 2393 3620 patricius
2422 3548 2619 3602 Ytaliaa
2632 3563 2763 3600 cum
2791 3545 2849 3601 in
2876 3546 3128 3618 quadam
3155 3547 3383 3602 civitate
3413 3547 3575 3603 intra
3610 3549 3731 3603 Yta-

2123 3637 2260 3691 liam
2280 3637 2519 3692 domum
2538 3651 2814 3707 magnam
2833 3635 3436 3703 haberet,cummultis
3453 3637 3732 3693 thesauris

2123 3725 2196 3778 ad
2225 3741 2400 3797 supra
2425 3726 2810 3778 memoratam
2853 3722 3058 3778 urbem
3083 3723 3415 3790 advenerat,
3454 3724 3651 3798 ibique
3679 3726 3730 3780 in

2122 3813 2296 3868 domo
2327 3829 2426 3867 sua
2449 3813 2666 3867 occulte
2697 3815 3021 3882 cysternam
3047 3827 3323 3883 magnam
3345 3811 3516 3878 fodit,
3540 3813 3602 3868 in
3629 3829 3734 3885 qua

2123 3903 2305 3955 multa
2318 3901 2393 3956 mi
2402 3901 2476 3955 lia
2487 3900 2953 3955 centenariorum
2966 3899 3089 3954 auri
3102 3899 3447 3970 argentique
3460 3902 3736 3972 reposuit.

2123 3990 2562 4060 Interfectisque
2586 3989 2856 4043 omnibus
2878 3987 3214 4055 conciis,uui
3243 3990 3596 4045 tantumodo
3617 3987 3733 4044 seni

2123 4079 2230 4133 hec
2250 4079 2650 4149 juramentum
2679 4077 2750 4131 ab
2781 4091 2848 4130 eo
2869 4075 3124 4147 exigens,
3145 4077 3604 4136 commendavit.
3631 4079 3726 4132 De-

2124 4167 2320 4222 functo
2337 4183 2471 4221 vero
2501 4166 2734 4220 Narsete
2763 4164 3120 4235 supradictus
3148 4181 3321 4220 senex
3342 4165 3419 4220 ad
3441 4167 3727 4222 Tiberium

2127 4273 2383 4311 cesarem
2411 4255 2649 4311 veniens
2671 4254 2810 4309 dixit
2844 4271 2856 4308 :
2889 4253 2958 4309 Si
2985 4254 3139 4320 mihi,
3166 4253 3375 4325 inquit,
3397 4255 3608 4328 aliquid
3616 4271 3734 4328 pro-

2124 4345 2253 4410 dest,
2286 4361 2541 4412 magnam
2581 4359 2691 4399 rem
2723 4342 2824 4397 tibi
2861 4344 3026 4396 cesari
3051 4341 3254 4397 dicam.
3296 4342 3399 4397 Cui
3433 4343 3530 4398 ille
3556 4343 3688 4399 dixit
3717 4359 3731 4396 :

416 4434 774 4508 frequentius
795 4431 1466 4504 eumincrepabat,quod
1480 4448 1601 4486 rem
1627 4431 1916 4502 publicam
1939 4448 2026 4486 re-
2045 4452 2098 4510 Ι)
2127 4433 2271 4500 Quid
2291 4435 2366 4487 vis
2385 4434 2412 4485 ?
2433 4431 2689 4487 Proderit
2723 4433 2864 4485 enim
2891 4429 3006 4496 tibi,
3045 4435 3098 4484 si
3135 4431 3276 4503 quod
3314 4431 3464 4486 nobis
3485 4432 3731 4503 pro/utu-

421 4526 656 4598 digisset
685 4524 743 4578 in
774 4523 1200 4594 paupertatem,
1232 4520 1426 4576 dicens
1457 4537 1471 4576 :
1518 4521 1672 4588 Quod
1709 4538 1802 4590 ego
1845 4521 2026 4575 multis

421 4615 575 4670 annis
613 4611 946 4682 congregavi,
1001 4617 1060 4662 tu
1107 4611 1249 4664 intra
1282 4625 1521 4680 paucam
1569 4617 1769 4679 tempus
1800 4609 2028 4680 prodige

418 4703 692 4775 dispergis.
727 4700 951 4772 Agebat
981 4708 1025 4741 η
1056 4701 1252 4754 autem
1280 4699 1374 4754 ille
1408 4716 1422 4754 :
1453 4698 1677 4767 Conﬁdo
1709 4700 1765 4752 in
1793 4698 2027 4753 Domino

420 4795 546 4866 quia
583 4809 688 4847 non
711 4791 874 4846 deerit
895 4793 1123 4862 pecunia
1157 4789 1285 4862 ﬁsco
1320 4796 1517 4856 nostro,
1556 4795 1767 4844 tantum
1794 4795 1852 4842 ut
1881 4806 2027 4859 pau-

419 4899 565 4955 peres
613 4881 955 4940 elemosinam
994 4879 1266 4952 accipiant
1301 4889 1393 4933 aut
1430 4879 1628 4950 captivi
1669 4877 2019 4932 redimantur.

2127 4539 2248 4575 rum
2268 4538 2372 4576 esse
2402 4521 2721 4575 narraveris.
2759 4520 3117 4587 Thesaurum,
3161 4519 3371 4591 inquit,
3413 4520 3613 4576 Narsis
3655 4537 3733 4573 re-

2127 4610 2399 4665 conditum
2427 4609 2608 4675 habeo,
2653 4609 2790 4681 quod
2829 4610 2885 4664 in
2925 4615 3156 4663 extremo
3196 4610 3319 4665 vitae
3357 4613 3539 4681 potius
3575 4608 3730 4663 celare

2126 4715 2232 4752 non
2251 4715 2488 4769 possum.
2513 4698 2672 4752 Tunc
2701 4713 2860 4752 cesar
2884 4696 3158 4768 Tyberius
3187 4696 3435 4768 gavisus,
3460 4697 3633 4753 mittit
3649 4713 3730 4750 ns-

2128 4804 2239 4860 que
2269 4787 2341 4841 ad
2371 4788 2560 4842 locum
2593 4803 2801 4859 pueros
2821 4801 2985 4856 suos;
3029 4785 3398 4856 praecedente
3428 4803 3559 4842 vero
3580 4801 3727 4852 sene,

2129 4876 2186 4930 hi
2205 4879 2474 4931 secuntur
2503 4873 3280 4947 attoniti.Pervenieutesque
3309 4875 3386 4931 ad
3412 4875 3728 4938 cisternam,

1779 5023 2008 5078 VARle
2057 5021 2348 5079 LECTION
2355 5021 2458 5077 ES.

495 5157 516 5191 8
540 5147 762 5205 munita
792 5147 874 5202 ed.
952 5154 974 5188 θ
999 5160 1118 5217 prae
1137 5140 1320 5200 inserit
1356 5143 1438 5199 ed.
1517 5140 1780 5198 ioscitum
1820 5145 1854 5198 2
1929 5150 1970 5184 ιι
1999 5139 2251 5214 tyberim
2279 5141 2329 5194 3.
2410 5147 2454 5181 η
2477 5141 2514 5195 i.
2543 5156 2568 5193 e
2608 5139 2817 5194 aiebat.
2897 5146 2941 5181 ιδ
2977 5139 3014 5193 i.
3059 5154 3104 5193 e.
3137 5137 3436 5195 relevavit.

1980 5263 2201 5319 NOTAE.

499 5391 614 5462 (23)
653 5389 934 5446 Torcello.

501 5462 613 5531 (2’s)
654 5465 914 5518 Murano.

503 5533 618 5603 {223)
661 5533 866 5586 llialto.

508 5607 625 5670 (26)
661 5604 1028 5656 Malamocco.

512 5671 626 5744 (27)
666 5670 955 5741 Poveglia.

2233 5385 2322 5437 28)
2363 5382 2616 5437 Chiozza.

2208 5382 2322 5454 (28)
2363 5382 2616 5437 Chiozza.
3683 5447 3691 5454 ι

2210 5458 2319 5527 (29)
2360 5455 2440 5527 De
2473 5452 2682 5527 duplici
2714 5451 2912 5527 _Clugia
2947 5451 3071 5527 vide
3103 5467 3231 5520 quae
3255 5449 3661 5527 adnotavimus
3676 5462 3731 5526 in

2141 5522 2632 5582 observationibus
2663 5525 2734 5579 ad
2768 5522 2974 5594 Papyr.
3009 5524 3263 5578 Raveun.
3300 5522 3470 5578 editis
3499 5522 3730 5576 Venetus

2142 5615 2194 5654 a.
2233 5601 2387 5661 1752,
2417 5613 2548 5668 pag.
2586 5600 2672 5651 29.
2700 5597 2950 5668 ZANETTI.

2217 5672 2330 5742 (30)
2353 5667 2516 5741 Capo’
2533 5667 2824 5739 d’Argine:
