3882 6212
403 467 508 523 883

1613 451 1894 519 JOANNIS
1934 459 2218 519 DIACONI
2256 455 2500 518 VENETI

3619 454 3775 524 884'

405 585 771 657 solidosquos
783 580 971 639 eidem
986 578 1577 654 obLangobardorum
1593 583 2010 638 detrimentum
2033 589 2089 647 Α
2119 583 2354 639 veniens
2371 584 2441 639 de
2470 585 2739 639 Ravenna
2759 582 2818 638 in
2839 577 3113 651 Gradnm,
3131 593 3234 656 per
3250 584 3635 658 semetipsum
3666 605 3748 643 ex

408 675 648 730 dederat
670 677 930 744 repetere
952 671 1131 743 cepit;
1160 672 1259 726 sed
1278 671 1391 738 ille,
1427 687 1658 726 suarum
1688 671 1890 726 virium
1913 688 2014 742 po-

407 763 590 818 tentia
619 763 818 830 fretus,
852 777 956 834 pro
995 762 1102 815 hac
1140 778 1200 815 re
1246 778 1351 815 nec
1391 777 1730 832 responsum
1774 761 2016 814 reddere

407 852 606 908 voluit.

480 943 551 1012 (c.
576 939 690 1012 20.)
715 940 969 1012 Denique
988 945 1112 1012 post
1131 939 1501 994 Benedictum
1528 955 1738 1011 papam
1757 939 2018 1009 Pelagius

410 1031 684 1084 Romanae
705 1030 952 1082 ecclesia}
976 1029 1230 1100 pontifex
1246 1028 1723 1100 absquejussione
1743 1026 2016 1097 principis

411 1119 707 1174 ordinatus
730 1122 907 1183 est,eo
937 1117 1086 1188 quod
1120 1117 1486 1187 Langobardi
1514 1118 1759 1170 Romam
1785 1132 1886 1186 per
1906 1115 2013 1168 cir-

409 1207 626 1261 cuitum
658 1207 1012 1270 obsiderent,
1047 1222 1151 1259 nec
1184 1208 1374 1277 posset
1415 1205 1719 1276 quisquam
1761 1222 1792 1259 a
1834 1204 2017 1258 Roma

410 1294 702 1370 progredi.
721 1294 816 1348 Hic
847 1293 1107 1364 Pelagius
1133 1294 1305 1365 Helye
1327 1293 1701 1365 Aquilegensi
1725 1293 2014 1364 episc0po,

412 1383 630 1439 nolenti
650 1383 758 1436 tria
776 1383 1023 1452 capitula
1039 1382 1476 1436 Calcedonensis
1489 1383 1692 1454 synodi
1706 1383 2014 1451 suscipere,

411 1473 715 1544 epistolam
748 1472 882 1524 satis
910 1472 1110 1524 utilem
1140 1471 1324 1536 misit,
1367 1487 1543 1542 quam
1572 1471 1770 1525 beatus
1802 1471 2014 1540 Grego-

409 1560 526 1615 rius
555 1576 682 1614 cnm
718 1561 864 1612 esset
895 1559 1079 1612 adhuc
1108 1559 1382 1613 diaconus
1408 1560 1764 1629 conscripsit.

482 1649 553 1720 (c.
588 1648 698 1718 23.)
730 1647 891 1701 Circa
918 1649 1024 1701 hoc
1054 1647 1181 1716 fuit,
1209 1652 1269 1702 ut
1299 1647 1502 1702 diluvii
1521 1648 1796 1702 effusione
1818 1648 1872 1702 in
1901 1651 2020 1701 tan-

411 1741 535 1791 tum
568 1737 718 1808 apud
755 1737 954 1790 urbem
985 1737 1229 1790 Romam
1261 1738 1461 1790 fluvius
1489 1737 1720 1808 Tyberis
1748 1737 2015 1802 excrevit,

410 1829 645 1897 ntaqure
660 1825 780 1896 ejus
792 1842 962 1896 super
977 1841 1170 1879 muros
1184 1826 1337 1879 urbis
1355 1826 1727 1880 inlluerentet
1741 1826 2019 1880 maximas

2119 671 2354 727 basilica
2388 673 2722 734 extrahens,
2755 673 3091 727 Ravennam
3117 673 3274 728 duxit
3302 691 3436 729 cum
3471 675 3599 729 aliis
3625 676 3751 730 tri-

2118 760 2221 815 bus
2245 778 2310 815 ex
2340 761 2564 832 Hystria
2589 761 2888 832 episcopis,
2909 760 2965 815 id
2985 765 3074 816 est
3091 763 3311 817 Joanne
3332 763 3649 818 Parentino
3683 768 3754 819 et

2118 849 2327 904 Severo
2342 848 2865 921 atqueVendemio,
2887 867 2990 903 nec
3006 867 3121 904 non
3144 849 3319 904 etiam
3342 850 3747 922 Antoniojam

2118 955 2253 993 sene
2282 938 2531 992 ecclesiae
2563 938 2886 992 defensore.
2922 938 3137 1002 Quibus
3162 939 3530 994 comminans
3563 941 3750 996 exilia

2118 1031 2289 1098 atque
2323 1027 2652 1080 violentiam
2680 1026 2956 1093 inferens,
2991 1027 3422 1082 communicare
3447 1030 3750 1100 compulit

2115 1115 2319 1170 Joanni
2349 1114 2659 1168 Ravennati
2684 1114 2950 1186 episcopo
2968 1115 3138 1169 trium
3161 1116 3546 1186 capitulorum
3571 1117 3746 1171 dam-

2117 1203 2326 1268 natori,
2357 1203 2452 1274 qui
2484 1207 2745 1274 tempore
2781 1219 2944 1274 papa:
2978 1203 3161 1274 Vigilii
3193 1205 3277 1258 vel
3304 1204 3521 1275 Pelagii
3554 1221 3590 1258 a
3617 1206 3745 1261 Ro-

2117 1311 2308 1348 mamn
2350 1293 2599 1347 ecclesia:
2636 1292 2989 1348 describerat
3019 1303 3060 1336 ιι
3103 1295 3393 1350 societate.
3442 1297 3740 1369 Exempto

2116 1399 2250 1437 vero
2294 1399 2470 1448 anno,
2505 1399 2534 1436 e
2585 1382 2856 1436 Ravenna
2901 1383 2974 1436 ad
3013 1383 3265 1437 Gradum
3316 1383 3530 1437 reversi
3571 1389 3742 1450 sunt,

2119 1471 2324 1542 quibus
2362 1487 2467 1524 nec
2509 1471 2670 1540 plebs
2708 1470 3138 1526 communicare
3170 1471 3368 1538 voluit,
3403 1488 3509 1526 nec
3551 1473 3744 1526 ceteri

2119 1557 2368 1630 episc0pi
2399 1574 2494 1612 eos
2525 1562 2886 1628 receperunt.
2911 1557 3261 1629 Smaragdus
3286 1558 3559 1630 patricius
3582 1577 3616 1613 a
3637 1559 3744 1614 de-

2120 1646 2318 1701 monio
2335 1664 2449 1701 non
2467 1646 2674 1716 injuste
2687 1648 3742 1717 correptus,successoremRomanum

2121 1736 2425 1806 patricium
2467 1735 2780 1806 accipiens,
2813 1735 3386 1806 Constantinopolym
3425 1737 3741 1794 remeavit.

2129 1826 2262 1878 Post
2290 1825 2412 1880 haec
2446 1824 2597 1879 facta
2625 1829 2711 1878 est
2735 1825 2986 1895 synodus
3006 1824 3204 1878 decem
3236 1825 3646 1895 episcoporum
3677 1826 3743 1880 in

410 1913 468 1966 in
492 1930 560 1966 ea
576 1914 837 1983 regiones
856 1914 1382 1984 occuparent.Tunc
1397 1930 1500 1985 per
1518 1915 1741 1967 alveum
1759 1914 2017 1984 ejusdem
2043 1909 2092 1966 B
2126 1913 2397 1967 Mariano.
2450 1913 2555 1967 Ubi
2616 1916 2957 1983 receperunt
3021 1912 3294 1966 Severum
3343 1912 3748 1983 patriarcham

413 2001 672 2056 ﬂuminis
697 2018 827 2054 cum
863 2003 1045 2055 multa
1075 2001 1430 2073 serpentium
1456 2002 1824 2056 multitudine
1847 2001 2018 2056 draco

381 2089 584 2145 ‘etiam
609 2106 771 2162 aqua:
788 2089 1187 2160 magnitudine
1205 2107 1308 2161 per
1324 2091 1530 2145 urbem
1549 2091 1831 2145 transiens
1846 2107 2022 2161 usque

421 2178 492 2233 ad
511 2194 670 2232 mare
689 2178 1385 2234 transcendit.Subsecuta
1409 2182 1494 2233 est
1509 2179 1702 2233 statim
1727 2182 1853 2252 post
1876 2180 2023 2232 hanc

413 2266 850 2322 inundationem
878 2267 1214 2337 gravissima
1242 2267 1588 2338 pestilentia,
1618 2285 1791 2339 quam
1824 2267 2013 2337 ingui-

414 2356 637 2410 nariam
654 2355 1110 2427 appellant.0uae
1128 2359 1287 2410 tanta
1299 2359 1490 2426 strage
1505 2356 1700 2428 populi
1716 2356 2027 2411 devastavit

415 2446 642 2512 urbem,
666 2449 729 2498 ut
754 2445 825 2498 de
851 2444 1226 2499 inextimabili
1252 2446 1620 2500 multitudine
1641 2445 1727 2499 vix
1750 2445 1912 2516 pauci
1934 2462 2023 2499 re-

415 2536 741 2588 manerent.
767 2532 1143 2604 Primumque
1157 2533 1453 2604 Pelagium
1475 2550 1707 2606 papam,
1727 2534 1909 2588 virum
1931 2551 2024 2589 ve-

415 2622 757 2687 nerabilem,
788 2622 1029 2692 perculit
1065 2626 1124 2676 et
1157 2622 1279 2676 sine
1310 2639 1478 2678 mora
1519 2623 1776 2678 extinxit.
1811 2623 2024 2678 Deinde

415 2714 643 2783 pastore
672 2711 1026 2782 interempto
1056 2729 1177 2766 sese
1207 2728 1310 2782 per
1337 2714 1582 2784 populos
1607 2713 1881 2768 extendit.

387 2805 390 2808 ’
487 2799 558 2871 (c.
587 2801 654 2855 24
681 2799 781 2871 )1η
809 2800 913 2854 hac
939 2804 1098 2854 tanta
1122 2801 1488 2856 tribulatione
1511 2801 1869 2856 beatissimus
1888 2801 2024 2856 Gre-

415 2887 632 2960 gorius,
664 2888 760 2959 qui
799 2891 934 2942 tunc
969 2888 1140 2943 levita
1180 2892 1322 2955 erat,
1357 2907 1391 2944 a
1423 2890 1640 2944 cunctis
1679 2891 2026 2961 generaliter

417 2991 568 3046 papa
583 2976 794 3030 electus
806 2975 1024 3040 est.Qui
1039 2976 1176 3031 dum
1195 2978 1593 3049 septiformem
1611 2978 1882 3033 letaniam
1900 2979 2024 3034 ﬁeri

419 3063 760 3131 erdinasset,
785 3063 936 3119 intra
953 3064 1122 3119 unius
1143 3067 1283 3121 bore
1313 3066 1589 3138 spacium,
1607 3067 1744 3121 dum
1761 3067 1818 3122 hi
1839 3068 2024 3123 Deum

419 3151 892 3224 deprecarentur,
926 3154 1221 3225 octoginta
1249 3172 1316 3210 ex
1351 3155 1431 3211 eis
1474 3155 1660 3211 subito
1696 3156 1769 3210 ad
1809 3161 2026 3211 terram

2122 2001 2564 2073 Aquilegensem
2607 2001 2844 2055 dantem
2895 2000 3151 2055 libellum
3201 2001 3414 2055 erroris
3449 2001 3558 2067 sui,
3603 2002 3750 2074 quia

2123 2090 2298 2144 trium
2331 2089 2715 2160 capitulorum
2743 2089 3177 2144 damnatoribus
3207 2090 3750 2144 communicaverat

2126 2177 2699 2233 RavennaeNomina
2723 2194 2858 2232 vero
2885 2176 3286 2250 episcoporum
3314 2178 3411 2249 qui
3438 2195 3497 2232 se
3523 2178 3602 2233 ab
3632 2179 3751 2232 hoc

2123 2267 2388 2320 scismate
2415 2265 2818 2333 cohibuerunt,
2851 2266 2958 2320 hec
2990 2269 3126 2320 sunt
3156 2283 3169 2320 :
3212 2268 3410 2320 Petrus
3434 2265 3509 2321 de
3532 2266 3746 2321 Altino

2125 2354 2494 2421 clarissimus,
2523 2353 2876 2424 Ingenuinus
2907 2353 2978 2408 de
3008 2353 3278 2421 Sabione,
3306 2355 3583 2426 Agnellus
3611 2355 3754 2410 Tri-

2127 2443 2419 2510 dentinus,
2451 2441 2652 2497 Junior
2669 2441 3033 2509 Veronensis,
3051 2442 3360 2498 Horontius
3379 2443 3750 2506 Vicentinus,

2126 2533 2385 2587 Rusticus
2417 2531 2487 2586 de
2515 2530 2786 2598 Tarvisio,
2827 2530 3096 2586 Fonteius
3127 2531 3428 2597 Feltrinns,
3462 2531 3754 2602 Agnellus

2127 2621 2198 2676 de
2227 2620 2408 2688 Acilo,
2446 2619 2783 2674 Laurentius
2816 2618 3188 2673 Bellunensis.
3219 2618 3361 2674 Cum
3409 2621 3755 2690 patriarcha

2128 2713 2321 2764 autem
2352 2707 2928 2763 communicaverunt
2945 2706 3036 2760 isti
3058 2706 3340 2780 episcopi:
3367 2705 3614 2762 Severus
3630 2709 3755 2762 Pa-

2126 2797 2662 2864 rentinus,Joannes
2683 2794 2977 2866 patricius,
3007 2794 3354 2850 Vendemius
3383 2797 3442 2849 et
3464 2795 3754 2852 Joannes.

2199 2886 2388 2958 (PAUL.
2425 2887 2489 2939 D.
2521 2901 2592 2942 IV.
2618 2884 2703 2954 4.)
2735 2884 2849 2938 Hoc
2885 2899 3039 2938 anno
3066 2883 3175 2937 fuit
3203 2881 3377 2954 pestis
3405 2883 3756 2954 inguinaria

2126 2975 2336 3030 iterum
2355 2975 2506 3048 apud
2521 2973 3100 3040 Ravennam,Gradus
3116 2977 3174 3028 et
3187 2973 3473 3045 Hystriam
3488 2973 3754 3029 nimium

2126 3065 2332 3136 gravis,
2365 3065 2508 3118 sicut
2531 3068 2588 3119 et
2619 3065 2775 3134 prius
2807 3065 2940 3116 ante
2971 3062 3210 3134 triginta
3239 3079 3424 3118 annos
3449 3062 3751 3118 extiterat.

2129 3153 2201 3225 (c.
2221 3157 2328 3224 26.)
2359 3153 2538 3225 Igitur
2565 3151 2866 3209 Mauricius
2895 3155 3188 3223 angustus,
3215 3154 3528 3223 postquam
3552 3168 3676 3208 uno
3695 3155 3755 3207 et

453 3245 756 3296 orruentes
788 3243 1055 3314 spiritum
1085 3245 1404 3299 exalarunt.
1441 3245 1805 3316 Septiformis
1830 3249 2026 3302 autem
2058 3247 2104 3306 C
2128 3241 2328 3312 viginti
2357 3242 2522 3296 annis
2540 3242 2686 3296 rexit
2715 3239 3024 3310 imperium
3046 3257 3178 3294 cum
3194 3240 3321 3294 ﬁliis
3336 3239 3671 3296 Theodosio
3694 3246 3755 3296 et

421 3330 637 3386 letania
667 3330 797 3385 ideo
825 3331 978 3386 dicta
1003 3335 1108 3400 est,
1142 3332 1276 3404 quia
1304 3333 1493 3388 omnis
1526 3334 1690 3389 Urbis
1721 3336 1964 3406 pepulus
1995 3353 2030 3390 a

421 3419 591 3474 beato
618 3420 890 3491 Gregorio
905 3422 960 3476 in
988 3425 1207 3494 septem
1224 3423 1479 3494 partibus
1496 3423 1904 3496 deprecaturus
1927 3427 2031 3480 Do-

421 3508 646 3563 minum
674 3511 760 3562 est
789 3508 1022 3564 divisus.
1044 3511 1104 3564 In
1127 3511 1316 3583 primo
1336 3511 1494 3566 enim
1517 3513 1693 3567 choro
1716 3513 1824 3568 fuit
1845 3513 2032 3568 omnis

419 3597 624 3664 clerus,
658 3596 714 3651 in
756 3597 1008 3652 secundo
1041 3615 1246 3654 omnes
1288 3600 1526 3655 abbates
1563 3617 1694 3655 cum
1734 3600 2032 3656 monachis

419 3683 619 3751 suis,in
633 3685 803 3740 tertio
818 3702 1022 3741 omnes
1034 3687 1318 3742 abbatisse
1337 3703 1468 3742 cum
1483 3689 2031 3759 congregationibus

421 3772 558 3841 suis,
592 3773 651 3827 in
689 3777 894 3846 quarto
943 3791 1148 3830 omnes
1186 3775 1456 3842 infantes,
1490 3775 1550 3830 in
1592 3776 1794 3847 quinto
1826 3793 2030 3831 omnes

422 3861 574 3931 laici,
611 3861 671 3916 in
712 3865 869 3917 sexto
904 3862 1168 3917 universe
1197 3861 1403 3930 viduae,
1433 3863 1492 3916 in
1533 3863 1778 3934 septimo
1827 3881 2031 3919 omnes

422 3951 695 4005 mulieres
723 3952 1068 4021 conjngatze.
1088 3950 1220 4004 Ideo
1243 3954 1436 4005 autem
1455 3951 1525 4006 de
1555 3952 1724 4007 beato
1755 3952 2028 4024 Gregorio

422 4038 589 4108 plura
613 4037 802 4092 dicere
819 4037 1227 4100 ommittimus,
1248 4037 1518 4108 quiajam
1535 4043 1668 4095 ante
1686 4041 1904 4112 aliquot
1925 4059 2028 4095 an-

422 4141 530 4179 nos
553 4125 674 4194 ejus
694 4125 872 4178 vitam
898 4125 1014 4179 Deo
1038 4124 1348 4180 auxiliante
1366 4127 1649 4182 texuimus
1665 4127 1801 4201 (38).
1827 4132 1889 4184 In
1917 4147 2030 4202 qua

423 4228 554 4283 quae
581 4211 824 4266 dicenda
852 4213 1114 4280 fuerant,
1135 4213 1301 4284 juxta
1335 4216 1630 4272 tenuitatis
1659 4222 1854 4273 nostre
1885 4219 2030 4274 vires

423 4300 692 4355 universa
723 4301 1149 4373 descripsimus.

493 4393 566 4456 (c.
596 4392 710 4454 235.)
737 4391 848 4443 Hoc
880 4394 1141 4462 tempore
1174 4391 1329 4449 idem
1361 4395 1560 4450 beatus
1589 4395 1894 4468 Gregorius
1922 4401 2032 4452 Au-

2127 3330 2371 3401 Tyberio
2405 3333 2462 3385 et
2493 3329 2894 3396 Constantino,
2927 3346 2961 3383 a
2992 3329 3225 3395 Focate,
3259 3329 3357 3401 qui
3389 3329 3501 3382 fuit
3529 3333 3754 3384 strator

2130 3419 2326 3474 Priscii
2358 3418 2604 3491 patricii,
2639 3417 2936 3473 occiditur.
2970 3417 3097 3472 Fuit
3125 3420 3321 3471 autem
3345 3416 3500 3471 utilis
3527 3417 3617 3471 rei
3644 3433 3751 3488 pu-

2132 3508 2297 3575 blice,
2339 3524 2474 3563 nam
2515 3524 2648 3579 sepe
2680 3510 2885 3561 contra
2911 3506 3102 3560 hostes
3138 3505 3419 3560 dimicans
3439 3503 3753 3560 victoriam

2133 3595 2400 3650 obtinuit.
2435 3596 2626 3650 Hunni
2653 3611 2903 3667 quoque,
2922 3593 3018 3666 qui
3045 3597 3104 3648 et
3120 3595 3331 3648 Avares
3351 3594 3752 3665 appellantur,

2131 3685 2254 3756 ejus
2282 3684 2489 3738 virtute
2513 3683 2718 3738 devicti
2748 3684 2900 3737 sunt.

2203 3761 2273 3839 (c.
2303 3773 2414 3834 33.)
2445 3772 2541 3826 His
2583 3771 2784 3826 diebus
2831 3769 3103 3826 defuncto
3140 3768 3350 3825 Severo
3393 3770 3750 3843 patriarcha,

2130 3861 2433 3917 ordinatur
2459 3861 2515 3914 in
2547 3861 2674 3914 loco
2705 3860 2827 3931 ejus
2849 3860 3100 3914 Joannes
3121 3858 3300 3914 abbas
3324 3859 3665 3930 patriarcha
3692 3860 3748 3914 in

2129 3951 2434 4023 Aquilegia
2465 3952 2656 4005 vetere
2699 3965 2832 4004 cum
2878 3952 3162 4003 contensu
3199 3947 3352 4020 regis
3391 3951 3450 4003 et
3491 3949 3747 4020 Gisulphi

2129 4039 2306 4096 ducis.
2341 4041 2402 4094 In
2429 4038 2647 4093 Gradus
2673 4055 2901 4110 quoque
2931 4038 3229 4095 ordinatus
3272 4041 3359 4093 est
3388 4054 3424 4092 a
3466 4039 3747 4094 Romanis

2127 4129 2443 4186 Marcianus
2473 4127 2710 4182 antistes
2735 4128 2862 4193 (40).

2199 4219 2275 4288 (c.
2309 4220 2420 4285 36.)
2452 4219 2633 4274 Focax
2671 4216 2868 4288 igitur,
2900 4219 2963 4272 ut
2995 4217 3341 4291 premissum
3384 4220 3495 4285 est,
3527 4218 3742 4273 extinto

2130 4307 2395 4363 Mauricio
2430 4307 2665 4378 ejusque
2695 4306 2845 4374 ﬁliis,
2876 4309 3271 4363 Romanorum
3297 4323 3556 4379 regnum
3589 4308 3742 4363 inva-

2132 4398 2296 4465 dens,
2332 4413 2435 4470 per
2473 4400 2601 4451 octo
2631 4412 2920 4451 annorum
2947 4397 3229 4452 curricula
3251 4395 3614 4469 principatus
3640 4399 3738 4452 est.

420 4477 716 4550 gustinum
744 4481 802 4532 et
834 4479 1110 4535 Mellitum
1148 4484 1206 4536 et
1232 4483 1513 4539 Joannem
1544 4503 1674 4540 cum
1705 4487 1829 4540 aliis
1854 4487 2028 4556 pluri-
2059 4505 2110 4564 Ι)
2133 4487 2310 4557 Hujus
2347 4485 2597 4540 secundo
2629 4502 2784 4541 anno
2833 4485 3148 4540 indictione
3196 4489 3398 4540 octava
3432 4485 3741 4558 Gregorius

417 4570 525 4623 bus
555 4568 854 4622 monachis
881 4569 1219 4627 timentibus
1245 4575 1425 4628 Deum
1446 4575 1504 4629 in
1521 4577 1833 4631 Britaniam
1851 4577 2028 4640 misit,
2132 4593 2282 4648 papa
2303 4574 2660 4646 migravitad
2681 4575 3015 4630 Dominum.
3036 4574 3133 4629 Hic
3154 4578 3400 4647 rogante
3413 4591 3570 4647 papa
3582 4575 3741 4630 Boni-

419 4670 740 4728 eorumque
767 4657 1182 4728 praedicatione
1213 4661 1286 4716 ad
1327 4662 1613 4718 Christum
1649 4665 1865 4735 Anglos
1893 4682 2029 4720 con-

417 4743 612 4799 vertit.

489 4833 562 4906 (c.
596 4833 710 4908 26.)
747 4835 841 4891 His
874 4837 1074 4892 diebus
1107 4854 1240 4892 cum
1275 4843 1466 4894 essent
1494 4839 1632 4894 anni
1670 4840 1740 4894 ab
1773 4839 2033 4897 incarna-

417 4920 580 4978 tione
612 4924 844 4981 Domini
875 4926 1298 4993 588,defuncto
1325 4929 1500 5000 llelya
1520 4929 1848 4999 patriarcha
1862 4930 2034 5002 Aqui-

411 5012 656 5084 legensi,
689 5017 996 5085 postquam
1029 5017 1093 5068 15
1124 5032 1310 5071 annos
1341 5017 1725 5072 sacerdotium
1753 5016 2029 5090 gesserat,

413 5102 668 5171 sepultus
680 5105 766 5156 est
779 5102 931 5172 apud
949 5103 1300 5158 Gradensem
1322 5107 1695 5179 metropolim
1715 5107 1772 5162 in
1797 5109 2034 5164 ecclesia

418 5192 632 5244 sanctae
660 5189 938 5245 Eufemia:
969 5191 1105 5265 (39.)
1135 5191 1319 5257 Quem
1352 5194 1704 5267 Smaragdus
1735 5196 2027 5268 patricius,

2132 4664 2280 4718 facio
2307 4663 2502 4718 statuit
2528 4663 2726 4718 sedem
2751 4664 3025 4718 Romanae
3051 4666 3109 4717 et
3131 4663 3463 4733 apostolicae
3492 4663 3737 4719 ecclesiae

2132 4755 2304 4826 caput
2329 4769 2450 4808 esse
2472 4751 2737 4807 omnium
2759 4751 3154 4822 ecclesiarum,
3177 4751 3314 4824 quia
3333 4753 3578 4807 ecclesia
3603 4753 3738 4807 Gon-

2129 4841 2648 4914 stantinopolitana
2688 4842 2937 4912 primam
2979 4857 3039 4896 se
3071 4840 3338 4896 omnium
3369 4843 3734 4896 ecclesiarum

2133 4931 2440 4986 scribebat.
2471 4929 2632 4984 Idem
2659 4929 2769 4985 alio
2800 4946 2952 5001 papa
2977 4929 3270 4985 Bonifacio
3302 4933 3563 5000 petente,
3579 4927 3738 5001 jussit

2133 5019 2193 5078 in
2225 5019 2402 5074 veteri
2442 5019 2600 5087 fano,
2630 5019 2785 5092 quod
2822 5020 3144 5074 Pantheum
3174 5020 3509 5088 vocabatur,
3544 5019 3736 5074 ablatis

2131 5109 2411 5182 ydolaer
2436 5108 2696 5164 sordibus
2725 5109 3022 5164 ecclesiam
3055 5109 3238 5164 beatae
3265 5125 3614 5181 semperque
3638 5108 3739 5161 vir-

2135 5197 2285 5270 ginis
2309 5197 2498 5253 Maria:
2515 5201 2573 5253 et
2592 5198 2854 5252 omnium
2876 5197 3183 5252 martirum
3207 5196 3429 5266 fieri,ut
3446 5197 3541 5252 ubi
3563 5213 3737 5270 quon-

1728 5344 1962 5401 VARle
2018 5345 2310 5404 LECTION
2317 5345 2418 5405 ES.

479 5445 524 5482 η
544 5436 594 5494 Ι.
623 5456 670 5495 ε.
705 5436 1042 5497 desciverat.

1959 5599 2185 5662 NOTE.

473 5700 597 5848 E38)
632 5701 842 5783 Paulus
865 5699 1098 5782 scilicet,
1132 5720 1252 5761 non
1280 5704 1553 5762 Joannes.

500 5772 590 5848 39)
625 5773 821 5832 Severi
843 5773 1193 5846 patriarchae
1219 5791 1437 5839 nomen
1468 5793 1553 5835 exi

500 5772 590 5848 39)
625 5772 821 5832 Severi
843 5772 1193 5846 patriarchae
1219 5791 1437 5839 nomen
1468 5775 1697 5835 excidit.

2182 5710 2296 5786 (40)
2325 5707 2699 5771 Candz‘dianus
2729 5711 2947 5777 antistes
2979 5710 3206 5773 Paulus.
