3882 6212
402 351 505 408 887

1609 348 1888 407 JOANNIS
1927 349 2211 410 nncom
2250 336 2499 407 Vnum

3675 356 3762 411 888

403 474 790 544 expugnatam
805 469 1623 528 fortiusinvadensdiruitetad
1637 474 1821 528 solum
1835 490 2012 546 usque
2042 477 2097 540 Α
2122 475 2264 539 erat,
2288 472 2359 528 ab
2390 473 2656 544 augusto,
2680 475 2742 528 ut
2781 472 2982 540 fertur,
3037 465 3266 543 viginti
3317 465 3490 530 milia
3531 469 3762 538 militum

405 561 730 634 prostravit.
765 560 1063 617 Arentiam
1109 578 1266 629 sane,
1295 564 1532 635 propter
1573 561 2018 618 munitissimam

409 650 516 704 loci
542 649 910 720 positionem,
931 668 1133 723 capere
1153 651 1392 705 minime
1413 651 1616 723 potuit.
1645 651 1863 705 Deinde
1891 668 2022 705 cum

412 739 570 794 omni
595 756 694 793 suo
711 741 961 795 exercitu
995 743 1381 796 Beneventum
1401 741 1798 803 circumdedit,
1820 744 1876 794 et
1894 757 2022 795 eam

408 829 783 882 vehementer
798 846 1126 900 expugnare
1144 829 1311 900 cepit.
1333 830 1436 884 Ubi
1461 834 1593 883 tunc
1613 829 1890 883 Bomoald
1909 829 2025 882 Gri-

410 933 462 970 m
476 918 627 971 ualdi
644 918 790 972 ﬁlius
805 918 987 971 adhuc
1002 919 1023 989 j
1037 920 1342 973 uvenculus
1354 919 1626 972 ducatum
1645 918 1896 972 tenebat.
1915 903 2020 982 Qui

410 1005 600 1059 statim
625 1009 683 1059 ut
700 1006 1063 1078 imperatoris
1083 1008 1391 1062 adventum
1405 1006 1693 1079 cognovit,
1715 1006 2021 1060 nutricium

410 1111 575 1148 suum
605 1095 841 1149 nomine
873 1096 1250 1150 Sensualdum
1293 1097 1364 1150 ad
1404 1100 1630 1168 patrem
1666 1094 2023 1149 Grimaldum

413 1184 922 1254 transportandum
942 1184 1165 1251 direxit,
1187 1185 1492 1240 obsecrans
1510 1188 1570 1238 ut
1583 1183 1920 1256 quantocius
1935 1200 2025 1238 ve-

412 1272 583 1338 niret,
600 1271 830 1344 filioque
844 1289 942 1326 suo
958 1289 1020 1327 ac
1035 1272 1468 1340 Beneventanis,
1489 1289 1631 1344 quos
1647 1272 1761 1344 ipse
1778 1272 2022 1326 notrive-

412 1362 1353 1432 rat,potentersuccurreret.Quod
1367 1362 1658 1416 Grimoald
1675 1379 1769 1416 rex
1785 1361 2026 1416 audiens

413 1450 607 1503 statim
627 1467 757 1504 cum
777 1450 1407 1517 exercitu,filiolaturus
1420 1450 1711 1505 auxilium.
1733 1452 2026 1504 Beneven-

415 1540 537 1591 tum
554 1555 794 1609 pergere
811 1539 980 1611 cepit.
1005 1539 1187 1604 Quem
1207 1541 1396 1612 plures
1426 1557 1491 1594 ex
1528 1538 1921 1610 Langobardis
1937 1538 2027 1592 iti-

417 1641 555 1680 nere
592 1627 1004 1700 relinquentes,
1030 1629 1100 1683 ad
1128 1629 1361 1701 propria
1391 1631 1744 1693 remearunt,
1777 1627 2032 1682 dicentes

418 1715 552 1786 quia
571 1717 1224 1790 expoliassctpalatium,
1243 1719 1436 1788 etjam
1461 1737 1574 1772 non
1601 1734 1928 1772 reversurus
1943 1735 2034 1772 re-

2123 561 2378 634 expetiit,
2411 577 2583 635 seque
2615 577 2745 616 cum
2776 561 3109 618 Romoaldo
3155 563 3579 632 pugnaturum
3607 560 3764 616 victo-

2124 668 2364 723 remque
2397 651 2724 724 spopondit.
2754 650 2858 714 Qui
2903 667 3038 705 cum
3091 653 3352 723 accepto
3401 649 3670 715 exercitu,
3703 651 3760 706 ad

2124 740 2335 806 locum,
2371 739 2458 794 cui
2492 740 2755 794 Fornitns
2787 756 3001 794 nomen
3037 743 3155 804 est,
3212 739 3552 793 advenisset
3591 739 3762 810 ibique

2124 831 2308 882 castra
2334 827 2632 899 posuisset,
2669 827 2982 894 Grimoald,
3043 827 3151 898 qui
3201 827 3338 898 jam
3389 827 3756 883 Beneventum

2125 915 2457 982 advenerat,
2489 917 2609 971 haec
2640 917 2900 984 audiens,
2927 918 3147 970 contra
3183 933 3330 970 eum
3365 916 3648 986 proﬁcisci
3676 933 3757 970 vo-

2124 1004 2246 1060 luit.
2275 1004 2374 1058 Cui
2407 1005 2555 1060 ﬁlius
2605 1006 2919 1060 Romoald:
2963 1005 3104 1060 Non
3136 1011 3219 1061 est
3253 1020 3416 1076 opus,
3460 1004 3659 1077 inquit,
3686 1005 3760 1059 sed

2125 1100 2335 1147 tantum
2350 1101 2564 1166 partem
2607 1094 2755 1149 nobis
2783 1093 2848 1148 de
2883 1095 3136 1149 exercitu
3178 1100 3359 1149 vestro
3404 1094 3641 1159 tribuite,-
3679 1111 3756 1163 ego

2123 1185 2236 1239 Deo
2272 1186 2484 1254 favente
2513 1204 2633 1240 cum
2666 1202 2722 1240 eo
2753 1185 3035 1258 pugnabo,
3078 1194 3134 1238 et
3183 1200 3319 1238 cum
3361 1185 3558 1248 vicero,
3606 1185 3757 1252 major

2123 1277 2305 1346 utique
2329 1275 2499 1344 gloria
2532 1282 2717 1329 vestrae
2736 1276 2988 1346 potentia.v
3014 1273 3396 1328 adscribatur.
3431 1272 3752 1343 Factumque

2126 1366 2240 1431 est;
2270 1367 2327 1418 et
2363 1367 2594 1436 accepta
2616 1363 2807 1435 aliqua
2828 1366 2989 1435 parte
3013 1362 3092 1416 de
3118 1360 3316 1434 patris
3339 1358 3751 1431 exercitu,pari-

2128 1454 2329 1523 terque
2361 1469 2492 1506 cum
2524 1451 2638 1507 suis
2664 1451 2997 1506 hominibus
3017 1453 3243 1505 contra
3260 1448 3582 1504 Saburrum
3598 1447 3748 1519 proti-

2131 1541 2386 1608 ciscitur;
2420 1541 2538 1612 qui,
2573 1540 2907 1612 priusquam
2943 1540 3177 1595 bellum
3226 1555 3367 1594 cum
3406 1554 3475 1592 eo
3523 1536 3696 1604 iniret,
3723 1553 3750 1590 a

2135 1633 2381 1701 quatuor
2418 1629 2678 1700 partibus
2710 1629 2874 1682 tubas
2899 1627 3187 1683 insonare
3209 1625 3515 1701 praecepit,
3531 1643 3745 1698 moxque

2135 1735 2307 1790 super
2350 1735 2448 1773 eos
2479 1717 2752 1773 audacter
2773 1717 2998 1787 irrupit.
3033 1716 3318 1788 Cumque
3346 1719 3600 1786 utraeque
3625 1714 3747 1768 acies

418 1809 642 1876 peteret
667 1807 1073 1861 Beneventum.
1104 1807 1341 1861 Interim
1365 1806 1730 1879 imperatoris
1753 1806 2035 1861 exercitus
2061 1799 2112 1864 Β
2137 1790 2270 1860 forti
2289 1805 2609 1862 intentione
2626 1808 2975 1878 pugnarent,
2993 1808 3142 1860 tunc
3173 1821 3328 1859 unus
3345 1803 3417 1859 de
3442 1801 3584 1874 regis
3611 1817 3742 1856 exer-

421 1895 811 1948 Beneventnm
827 1895 1059 1950 diversis
1073 1895 1352 1950 machinis
1367 1897 1742 1950 vehementer
1757 1911 2036 1966 expugna-

418 1981 535 2036 bat.
557 1983 802 2037 Econtra
819 1984 1057 2038 Romald
1071 2002 1200 2039 cum
1221 1985 1612 2057 Langobardis
1625 1984 1851 2039 fortiter
1870 1983 2036 2057 resisf

417 2070 598 2125 lebat.
627 2070 731 2134 Qui
752 2072 1010 2142 quamvis
1027 2090 1157 2128 cum
1181 2055 1743 2128 tanta‘multitudine
1762 2055 2037 2144 congredi

421 2175 596 2214 manu
617 2161 687 2215 ad
709 2179 945 2217 manum
965 2168 1202 2238 pr0pter
1233 2163 1584 2237 paucitatem
1620 2162 1900 2218 exercitus
1921 2179 2037 2216 non

420 2250 679 2312 nuberet,
706 2251 1042 2324 frequenter
1065 2256 1264 2308 tamen
1289 2269 1419 2307 cum
1443 2250 2040 2324 expeditisjuvenibus

418 2339 673 2394 hostium
690 2343 874 2395 castra
894 2341 1241 2414 irrumpens,
1259 2357 1502 2413 magnas
1519 2341 1734 2395 eisdem
1755 2339 2041 2394 inferebat

422 2428 676 2499 undique
689 2428 895 2483 clades.
912 2429 1169 2502 Cumque
1182 2429 1474 2484 Grimoald
1486 2430 1610 2499 ejus
1626 2427 2038 2499 paterjamque

422 2520 782 2588 properaret,
807 2519 1078 2572 eumdem
1097 2517 1407 2573 nutricium
1439 2517 1580 2588 ejus,
1601 2517 1670 2571 de
1690 2534 1802 2588 quo
1823 2514 2040 2587 premi-

424 2604 623 2666 simus,
647 2605 717 2658 ad
743 2605 923 2660 lilium
950 2607 1125 2674 misit,
1148 2605 1245 2679 qui
1263 2606 1315 2660 ei
1348 2623 1513 2661 suum
1555 2605 1864 2660 adventum
1893 2621 2040 2658 nun-

426 2691 624 2746 ciaret.
647 2692 898 2756 Quicum
916 2712 1092 2767 prope
1111 2697 1501 2750 Beneventum
1521 2694 1789 2761 venisset,
1805 2693 2039 2748 aGrecis

428 2783 647 2851 captus,
672 2782 1009 2855 imperatori
1031 2784 1250 2838 delatus
1264 2787 1376 2852 est;
1399 2785 1493 2856 qui
1508 2784 1579 2839 ab
1599 2801 1667 2838 eo
1692 2783 1844 2839 unde
1867 2783 2040 2837 adve-

429 2869 580 2923 niret
612 2871 930 2942 requirens,
966 2871 1058 2926 ille
1095 2889 1153 2927 se
1205 2890 1238 2927 a
1284 2872 1613 2929 Grimoaldo
1663 2889 1801 2944 rege
1850 2871 2044 2926 venire

431 2956 592 3026 dixit,
611 2959 976 3030 eundemque
995 2977 1192 3033 regem
1213 2960 1377 3016 citius
1394 2961 1704 3017 adventare
1730 2960 2040 3016 nunciavit.

432 3045 755 3120 Statimque
773 3048 1092 3120 imperator
1111 3050 1432 3118 exterritus,
1457 3051 1757 3107 consilium
1779 3067 1910 3106 cum
1933 3050 2046 3105 suis
2075 3081 2123 3142 Ο

432 3133 854 3208 iniit,quatinus
874 3155 1000 3192 cum
1017 3140 1296 3196 Bomaldo
1319 3139 1723 3212 pacisceretur,
1744 3142 1807 3196 ut
1824 3139 2048 3212 Neapo-

437 3223 532 3278 lim
561 3229 752 3296 posset
774 3225 999 3281 reverti.

512 3313 584 3384 (c.
638 3315 711 3381 8.)
760 3316 1119 3389 Acceptaque
1156 3315 1352 3372 obside
1391 3316 1654 3372 Romaldi
1698 3333 1916 3384 sorore,
1959 3314 2047 3371 cui

441 3419 657 3456 nomen
673 3403 800 3457 Gisa
820 3404 1095 3472 fuit,cum
1115 3406 1322 3460 eodem
1357 3423 1559 3478 pacem
1582 3406 1736 3473 fecit,
1764 3407 1885 3478 ejus
1915 3421 2047 3460 vero

441 3492 744 3547 nutritium
778 3493 1114 3549 Sesualdum
1139 3495 1212 3550 ad
1232 3513 1428 3551 muros
1446 3496 1573 3551 duci
1592 3495 1880 3568 praecepit,
1899 3509 2052 3549 mor-

441 3585 559 3636 tem
593 3583 643 3637 ei
687 3584 936 3638 minatus
980 3584 1025 3641 si
1059 3585 1273 3658 aliquid
1304 3585 1584 3641 Romaldo
1613 3589 1710 3640 aut
1739 3584 1949 3639 civibus
1980 3583 2051 3638 de

390 3654 412 3673 ’
441 3673 753 3728 Grimoaldi
767 3676 1016 3729 adventu
1034 3675 1354 3742 nunciaret,
1374 3675 1474 3729 sed
1491 3674 1680 3746 potius
1706 3676 2054 3728 asseveraret

443 3762 715 3818 eumdem
733 3765 930 3818 venire
948 3764 1190 3818 minime
1207 3780 1390 3836 posse.
1410 3762 1574 3826 Quod
1588 3762 1679 3815 ille
1700 3761 1778 3816 ita
1799 3777 1857 3815 se
1878 3760 2056 3815 factu-

444 3853 724 3920 rum,utei
750 3851 1556 3924 praecipiebat,promisit;sed
1573 3867 1702 3904 cum
1733 3865 1914 3921 prope
1927 3867 2054 3904 mu-

443 3958 538 3996 ros
552 3941 891 4011 advenisset,
909 3942 1050 3994 velle
1064 3957 1121 3994 se
1146 3939 1491 3993 Romaldum
1513 3939 1705 3993 videre
1733 3938 1892 3993 dixit.
1927 3938 2052 4008 Qui,

445 4047 576 4084 cum
601 4030 882 4084 Bomoald
905 4029 1067 4082 citius
1089 4027 1434 4093 venisset,sic
1458 4026 1530 4082 ad
1553 4043 1684 4080 cum
1705 4027 1924 4081 locutus
1942 4032 2052 4082 est:

448 4116 713 4172 Constans
753 4124 880 4183 esto,
921 4117 1132 4169 domine
1171 4115 1452 4182 Romoald,
1493 4122 1542 4169 et
1569 4115 1765 4170 habens
1802 4115 2056 4185 ﬁduciam

446 4206 553 4260 nol:
611 4206 839 4273 turbari,
880 4207 1002 4276 quia
1047 4212 1166 4258 tuus
1201 4206 1409 4274 genitor
1453 4207 1608 4259 citius
1653 4205 1751 4260 tibi
1793 4205 2055 4262 auxilium

437 4294 770 4365 praebiturus
812 4294 1000 4348 aderit.
1047 4293 1194 4347 Nam
1243 4296 1374 4347 scias
1409 4312 1527 4349 eum
1581 4313 1642 4348 ac
1700 4297 1845 4349 nocic
1892 4297 2054 4366 juxta

2139 1893 2253 1948 citu
2277 1895 2514 1948 nomine
2544 1895 2920 1965 Amalongus,
2951 1893 3050 1966 qui
3087 1893 3332 1964 regium
3363 1894 3593 1948 contum
3617 1889 3744 1946 ferre

2141 1987 2264 2038 erat
2293 1983 2509 2052 solitus,
2525 1983 2816 2056 quendam
2837 1983 3154 2038 Greculum
3186 1981 3405 2036 eodem
3428 1981 3590 2034 conto
3605 1977 3744 2032 utris-

2140 2088 2250 2144 que
2278 2072 2545 2126 manibus
2571 2071 2797 2126 fortiter
2827 2071 3188 2144 percutiens,
3213 2070 3289 2124 de
3312 2069 3454 2124 sella
3481 2083 3638 2140 super
3652 2081 3744 2136 qua

2141 2161 2437 2233 equitabat
2468 2161 2754 2227 substulit,
2776 2177 3026 2234 eumque
3053 2161 3218 2215 inter
3246 2175 3389 2214 aera
3415 2171 3578 2230 super
3602 2155 3743 2225 caput

2141 2269 2309 2307 suum
2365 2250 2590 2306 levavit.
2658 2249 2823 2314 Quod
2866 2266 3118 2304 cernens
3187 2248 3505 2304 Grecorum
3566 2241 3742 2298 exerci-

2143 2343 2251 2406 tus,
2285 2340 2572 2394 immenso
2591 2355 2801 2410 pavore
2825 2337 3250 2410 perterritusin
3265 2337 3468 2408 fugam
3495 2329 3739 2388 converti-

2143 2432 2254 2497 tur,
2279 2429 2596 2502 ultimaque
2610 2427 2865 2500 pernicie
2889 2443 3052 2482 cesus
3077 2426 3190 2481 sibi
3215 2424 3465 2497 fugiens,
3495 2417 3738 2476 Romaldo

2143 2522 2200 2572 et
2231 2517 2624 2588 Langobardis
2643 2515 2941 2570 victoriam
2963 2514 3220 2587 peperit.
3245 2516 3330 2567 Ita
3349 2512 3637 2574 Saburrus,
3661 2504 3739 2578 qui

2143 2623 2201 2662 se
2233 2605 2571 2678 imperatori
2600 2622 2700 2660 suo
2734 2605 2982 2660 victoria:
3011 2604 3337 2677 tropheum
3361 2601 3428 2656 de
3449 2595 3734 2668 Langobar-

2145 2695 2230 2750 dis
2273 2694 2620 2770 promiserat
2669 2696 2922 2764 patrare,
2980 2691 3052 2746 ad
3097 2708 3240 2746 eum
3273 2705 3408 2745 cum
3455 2683 3635 2760 paucis
3663 2697 3735 2735 re-

2145 2801 2348 2839 means
2377 2766 2764 2855 ignominiam
2808 2780 3160 2853 deportavit.
3209 2776 3457 2834 Romald
3480 2788 3622 2838 vero,
3651 2785 3732 2840 pa-

2144 2875 2296 2929 trata
2325 2873 2394 2927 de
2426 2871 2672 2927 inimicis
2702 2870 3379 2938 victoria,Beneventum
3412 2859 3734 2932 triumphali.s

2146 2978 2405 3017 reversus
2440 2964 2544 3028 est,
2577 2959 2842 3032 patrique
2871 2957 3157 3031 gaudium
3195 2960 3256 3012 et
3297 2952 3509 3010 cunctis
3551 2943 3728 3004 securi-

2147 3054 2328 3106 tatem
2362 3049 2644 3104 convexit.

2222 3140 2291 3210 (c.
2331 3139 2435 3209 14.)
2473 3139 2546 3191 At
2575 3154 2710 3193 vero
2747 3137 3029 3192 Constans
3058 3136 3362 3208 angustus,
3387 3144 3512 3186 cum
3536 3122 3656 3184 nihil
3681 3135 3727 3175 se

2149 3232 2351 3284 contra
2373 3226 2783 3298 Langobardos
2799 3225 3038 3298 gessisse
3055 3223 3442 3295 conspiceret,
3461 3229 3644 3273 omnes
3659 3225 3727 3264 se-

2147 3316 2287 3371 vicie
2318 3333 2417 3372 sue
2449 3316 2637 3371 minas
2658 3317 2862 3369 contra
2891 3329 3042 3380 suos,
3075 3313 3192 3368 hoc
3221 3313 3308 3365 est
3343 3309 3630 3366 Romanos,
3660 3311 3730 3352 re‘

2148 3405 2340 3461 torsit:
2377 3420 2510 3459 nam
2553 3420 2813 3476 egressus
2861 3402 3206 3474 Neapolym,
3255 3400 3496 3454 Romam
3522 3386 3720 3465 perexit.

2152 3493 2250 3548 Cui
2275 3496 2430 3547 sexto
2447 3493 2519 3547 ab
2547 3492 2696 3546 Urbe
2722 3490 2968 3545 miliario
2993 3489 3317 3545 Vitalianus
3349 3499 3492 3557 papa
3521 3493 3635 3534 cum
3655 3489 3723 3536 sa-

2153 3581 2480 3636 cerdotibus
2509 3585 2567 3635 et
2596 3581 2858 3636 Romano
2895 3580 3110 3651 populo
3145 3574 3412 3636 occurrit.
3455 3567 3553 3634 Qui
3575 3578 3721 3651 augu-

2154 3674 2272 3725 stus
2297 3687 2427 3724 cum
2458 3669 2530 3724 ad
2563 3668 2716 3723 beati
2746 3649 2909 3724 Petri
2928 3667 3135 3723 limina
3159 3661 3524 3740 pervenisset,
3553 3649 3722 3709 obtulit

2156 3758 2235 3814 ibi
2266 3758 2481 3830 palium
2513 3773 2652 3813 auro
2693 3760 2934 3824 textum,
2978 3759 3036 3810 et
3065 3770 3314 3812 manens
3343 3747 3488 3821 apud
3516 3745 3716 3836 Itomfm

2157 3847 2460 3904 duodecim
2503 3847 2724 3909 diebus,
2774 3846 2974 3901 omnia
3017 3863 3150 3917 quae
3195 3842 3424 3900 fuerant
3457 3831 3720 3922 antiquitus

2158 3936 2465 3990 constituta
2479 3952 2542 3990 ex
2558 3951 2671 3990 mre
2694 3935 2752 3990 in
2778 3938 3193 3990 ornamentum
3225 3926 3460 3987 civitatis
3479 3915 3713 4010 deposuit,

2157 4026 2215 4080 in
2240 4028 2467 4080 tantum
2487 4028 2548 4078 ut
2565 4025 2740 4078 etiam
2755 4023 3050 4078 basilicam
3071 4023 3258 4080 beatae
3283 4015 3484 4080 Maria,
3501 4024 3612 4082 qua:
3637 4003 3714 4057 ali-

2157 4116 2388 4189 quando
2416 4115 2740 4169 Pantheum
2779 4114 3112 4182 vocabatur,
3155 4115 3214 4168 et
3258 4106 3540 4166 conditum
3564 4090 3715 4188 fuerat

2157 4206 2215 4260 in
2243 4205 2527 4260 honorem
2551 4201 2816 4259 omnium
2849 4202 3114 4269 deorum,
3140 4205 3199 4256 et
3225 4199 3301 4254 ibi
3328 4211 3426 4268 per
3453 4195 3715 4246 concessw-

2156 4311 2294 4350 nem
2309 4291 2674 4364 superiorum
2687 4290 3016 4364 principum
3028 4291 3188 4345 locus
3200 4279 3574 4344 eratomnium
3587 4282 3713 4364 ξηωξ

445 4383 718 4453 Sangrum
752 4384 979 4452 ﬂuvium
1017 4401 1135 4437 cum
1190 4382 1364 4437 valido
1395 4387 1624 4440 exercitu
1652 4400 1864 4438 manere
1876 4412 1892 4450 ,-
1935 4391 2052 4438 tan-
2075 4371 2128 4430 D
2154 4379 3116 4458 tyrum,discoperiret,tegulasque
3130 4356 3712 4458 mreasexindeaufell‘el.

451 4481 561 4528 tum
617 4472 823 4527 obsecro
873 4477 932 4526 ut
987 4473 1400 4528 miscricordiam
1469 4474 1711 4527 exhibeas
1771 4490 1890 4526 cum
1937 4487 2053 4527 mea

446 4579 613 4617 uxore
636 4570 684 4615 et
724 4562 870 4630 ﬁliis,
918 4565 1041 4634 quia
1077 4580 1203 4634 gens
1244 4565 1343 4617 ista
1374 4562 1584 4634 perﬁda
1627 4579 1711 4616 me
1749 4564 1925 4616 vivere
1952 4578 2058 4615 non

447 4651 920 4724 sinebit.Cumque
943 4653 1049 4707 hoc
1067 4653 1490 4724 dixisset,jussu
1509 4651 1874 4724 imperatoris
1890 4653 2062 4723 caput

448 4743 571 4814 ejus
593 4741 877 4797 abscisum
914 4747 1084 4814 atque
1106 4760 1238 4797 cum
1273 4741 1406 4797 belli
1448 4740 1718 4794 machina
1755 4755 1930 4810 quam
1961 4755 2059 4810 pe-

447 4831 688 4887 trariam
719 4837 926 4888 vocant
956 4833 1016 4886 in
1048 4833 1252 4888 urbem
1284 4830 1606 4902 projectum
1637 4829 1742 4882 est.
1773 4826 1936 4890 Quod
1963 4843 2060 4882 ca-

447 4925 551 4994 put
581 4922 861 4977 Romoald
897 4921 1001 4976 sibi
1037 4921 1247 4976 deferri
1271 4917 1442 4990 jussit
1471 4920 1528 4972 et
1564 4916 1874 4970 lacrimans
1901 4932 2059 4971 oscu-

446 5010 595 5066 latus
621 5014 706 5064 est
735 5011 1026 5082 dignoque
1055 5009 1112 5064 in
1141 5009 1326 5064 loculo
1358 5005 1632 5061 tumulari
1661 5005 1952 5077 praecepit.

521 5099 589 5170 (c.
619 5097 698 5170 9.)
729 5098 1169 5169 Metuensigitur
1188 5093 1766 5167 imperatorsubituni
1785 5094 2060 5149 Grimoal-

449 5186 503 5240 di
543 5187 694 5258 regis
735 5188 1070 5252 adventum,
1109 5184 1341 5239 dimissa
1391 5183 1697 5237 Beneventi
1738 5183 2057 5250 obsidione,

447 5275 760 5349 Neapolym
775 5274 1530 5346 proﬁcisciturCujustamcn
1549 5271 1854 5325 exercitum
1875 5271 2064 5326 Mitola

449 5364 771 5436 Capuamus
784 5364 1004 5435 comesj
1017 5367 1147 5417 uxta
1162 5364 1377 5416 tluenta
1389 5360 1860 5416 Calorislluminis
1876 5360 2062 5415 inloco

449 5453 544 5522 qui
564 5470 740 5523 usque
767 5454 937 5508 hodie
963 5454 1162 5523 Pugna
1192 5451 1402 5505 dicitur
1425 5447 2061 5504 vehementeradtrivit.

520 5541 592 5610 (c.
613 5541 721 5609 l0.)
736 5543 1046 5613 Postquam
1063 5557 1196 5595 vero
1210 5539 1526 5611 imperator
1541 5540 1852 5610 Neapolym
1872 5554 2065 5613 perve-

451 5626 721 5699 uit,unus
749 5645 817 5687 ex
846 5629 970 5703 ejus
999 5627 1396 5701 Optimatibus,
1418 5627 1506 5683 cui
1538 5643 1754 5684 nomen
1778 5627 2060 5685 Saburrus

2158 4449 2374 4543 eosque
2389 4470 2560 4526 simul
2573 4486 2702 4524 cum
2718 4468 2841 4522 aliis
2853 4467 3122 4523 omnibus
3134 4457 3482 4521 ornamentis
3492 4449 3712 4543 Consum:

2158 4534 2485 4633 tinopolym
2501 4555 3174 4612 transmitteret.Deinde
3191 4563 3438 4609 reversus
3449 4534 3708 4633 imperauit

2161 4630 2474 4721 Neapolj'm
2491 4647 2697 4701 itinere
2717 4647 2970 4714 terreno,
2986 4646 3206 4717 perexit
3219 4630 3706 4721 civitatemBegiu'Hl-

2152 4705 2566 4810 Ingressusque
2581 4733 2832 4790 Siciliam
2849 4749 2953 4804 per
2965 4731 3333 4787 indictionem
3347 4705 3705 4810 εθριὶξηὸωνίὶίξ

2159 4799 2361 4885 δὶῖδνὶι
2391 4825 2450 4880 in
2471 4799 2797 4896 -Syracusa,
2838 4799 2896 4877 et
2943 4823 3086 4877 tales
3127 4815 3455 4876 afllictiones
3477 4799 3707 4896 imponi-ll

2157 4916 2370 4990 populo
2392 4931 2490 4969 seu
2509 4887 2932 4968 habitatoribus
2945 4911 3029 4965 vel
3049 4903 3452 4981 possessoribus
3462 4887 3700 4990 Calabtli‘i‘j

2157 4983 2387 5072 Sicilire,
2413 5001 2620 5057 Africa:
2649 5005 2823 5072 atque
2853 4999 3156 5066 Sardiniae,
3192 4994 3379 5069 quales
3415 4986 3565 5040 antea

2158 5108 2334 5167 quam
2372 5089 2581 5146 auditae
2615 5093 2770 5156 sunt,
2807 5087 2888 5143 ita
2917 5090 2981 5141 ut
3024 5087 3198 5142 etiam
3233 5093 3421 5167 uxores
3449 5059 3699 5167 ἔξωδξξξξῗ

2162 5141 2776 5250 tibia—parentibus
2794 5141 3220 5248 separarentur.
3245 5167 3350 5225 Sed
3371 5165 3424 5218 et
3441 5155 3537 5255 alia

2173 5229 2929 5250 .--------,κ---η-η--πηπ
2979 5229 3009 5230 η
3475 5245 3484 5255 ο
3645 5229 3651 5236 .

2163 5272 2220 5326 et
2237 5268 2496 5324 inaudita
2516 5283 2682 5322 arum
2703 5265 3013 5337 regionum
3035 5261 3229 5336 populi
3257 5263 3486 5331 perpessx
3501 5229 3696 5337 sunt:

2165 5316 2220 5326 vv
2238 5316 2496 5324 IIu—"n—"v'
2519 5316 2570 5322 ’⁷-
2588 5316 3061 5337 ’“”’“”“Ο“⁷”““”-ῐ
3085 5316 3141 5336 ’Χ
3257 5316 3273 5331 ι
3355 5316 3372 5325 -

2163 5361 2227 5413 ut
2239 5357 2402 5412 alicui
2419 5373 2545 5428 spes
2559 5356 2670 5411 vite
2687 5372 2803 5409 non
2816 5355 3165 5408 remaneret.
3185 5351 3318 5404 Nam
3333 5316 3695 5428 etvasasaft‘lt‘l.a

2164 5449 2248 5503 vel
2265 5445 2496 5517 cymilia
2509 5449 2838 5500 sanctarum
2857 5443 2957 5497 Dei
2975 5440 3331 5496 ecclesiarum
3350 5413 3693 5517 ίωριῆιζιδηξῗζ

2165 5554 2227 5591 su
2249 5498 2656 5589 etCrmcorum
2681 5531 2923 5586 avaritia
2945 5530 3166 5584 sublata
3187 5508 3518 5582 sunt.hlansit
3542 5498 3689 5587 ante!”

2167 5625 2487 5700 imperator
2514 5622 2575 5681 in
2602 5620 2793 5680 Sicilia
2814 5620 2885 5679 ab
2913 5617 3226 5677 indictione
3251 5607 3472 5686 septima
3491 5597 3632 5664 usque
3646 5591 3687 5634 ¹⁰
