3882 6212
447 456 540 514 891

1661 452 1943 510 JOANNIS
1986 449 2274 510 DlACONl
2312 442 2555 506 VENETI
3638 454 3720 509 892

516 579 605 646 (γι,
642 578 725 647 l2)
749 577 903 631 Inter
933 577 1052 630 haec
1099 575 1506 630 Constantinus
1556 576 1873 646 imperator
1903 575 2054 646 apud
2075 579 2129 638 Α
2153 574 2447 630 votissime
2473 587 2823 644 componere
2849 565 3132 644 variisque
3151 565 3530 627 marmoribus
3549 574 3718 629 conde-

447 665 1026 735 Constantinopolym
1049 664 1314 729 moritur,
1353 667 1410 717 et
1431 665 1552 735 ejus
1581 664 1730 717 filius
1761 664 1953 718 minor
1967 664 2057 716 Ju-

448 755 728 809 stinianus
760 755 1156 807 Romanorum
1193 770 1437 823 regnum
1470 753 1736 823 suscepit,
1769 753 1928 821 cujus
1956 768 2056 823 per

447 859 632 897 annos
657 845 720 896 10
740 843 1128 911 gubernacula
1145 841 1348 895 tenuit.
1377 841 1474 894 llic
1498 841 1748 895 Africam
1767 859 1800 895 a
1821 841 2057 894 Sarace-

451 930 538 985 nis
563 931 813 996 abstulit,
847 933 904 984 et
933 947 1064 984 cum
1098 930 1314 984 eisdem
1359 947 1560 1000 pacem
1609 934 1763 983 terra
1797 929 2058 1000 marique

448 1020 604 1076 fecit.
640 1019 735 1072 llic
768 1019 1034 1089 Sergium
1068 1019 1422 1090 pontificem,
1453 1019 1657 1088 quiain
1684 1017 2058 1072 errorisillius

449 1108 690 1179 synodo,
727 1124 900 1178 quam
940 1107 1455 1176 Constantinopoly
1501 1107 1737 1171 fecerat,
1787 1106 1974 1158 favere
2004 1107 2055 1158 et

452 1197 806 1250 subscribere
857 1195 1266 1258 noluit,,misso
1298 1195 1568 1248 Zacharia
1597 1193 2058 1265 prothospatario

451 1285 750 1354 suo,jussit
781 1269 1354 1356 Constanhnopolym
1378 1284 1690 1355 deportari.
1717 1284 1829 1338 Sed
1856 1282 2061 1336 militia

454 1374 741 1427 Ravennae
771 1373 1200 1443 vicinarumque
1223 1373 1470 1442 partium
1489 1373 1647 1442 jussa
1669 1371 2056 1442 principisne-

455 1463 688 1533 phanda
706 1466 1104 1526 contemnens,
1126 1461 1397 1514 eumdem
1413 1461 1742 1514 Zachariam
1771 1476 1901 1512 cum
1922 1476 2059 1513 con-

457 1549 708 1604 tumeliis
736 1550 808 1602 ab
835 1549 974 1602 urbe
1005 1551 1187 1602 Roma
1214 1553 1270 1602 et
1289 1549 1508 1619 injuriis
1531 1549 1766 1619 pepulit.
1794 1548 2063 1600 Justinia—

459 1639 650 1692 nusob
663 1640 891 1708 culpam
913 1638 1165 1709 perfidiae
1185 1638 1345 1707 regni
1365 1639 1547 1707 gloria
1570 1639 1817 1707 privatus
1845 1637 1970 1689 exul
2005 1635 2061 1688 in

460 1727 709 1780 Pontum
759 1726 989 1779 secedit.
1046 1728 1213 1780 Anno
1264 1727 1336 1780 ab
1395 1724 1792 1778 incarnatione
1834 1724 2064 1778 Domini

458 1814 869 1869 sexcentesimo
888 1814 1311 1884 septuagesimo
1335 1813 1584 1868 secundo
1612 1812 1935 1882 Stephanus
1962 1827 2062 1883 pa-

2159 679 2356 717 corare
2384 661 2726 734 perfecerat.

2227 753 2316 820 (P.
2369 752 2434 804 D.
2477 767 2554 811 vr,
2598 749 2681 810 34)
2731 750 2803 803 At
2839 765 2972 802 vero
3013 747 3379 819 Pbilippicus,
3420 749 3510 821 qui
3547 754 3597 806 et
3619 752 3720 806 Bar-

2159 840 2324 894 danis
2349 839 2551 903 dictus,
2582 840 2887 908 postquam
2920 837 3205 907 imperiali
3237 836 3510 907 dignitate
3545 839 3716 894 conﬁr-

2158 931 2346 981 matus
2375 931 2480 994 est,
2504 927 2738 997 Cyrum,
2753 927 2822 979 de
2841 942 2953 996 quo
2974 924 3324 987 dixeramus,
3338 925 3408 979 de
3429 926 3714 997 pontificatu

2159 1018 2408 1087 ejectum
2437 1015 2967 1084 adgubernandum
2999 1013 3414 1068 monasterium
3429 1031 3580 1068 suum
3596 1016 3714 1068 Pon-

2160 1109 2284 1158 tum
2315 1104 2502 1157 redire
2548 1102 2824 1174 precepit.
2874 1102 2969 1156 llic
3003 1101 3350 1172 Philippicus
3392 1101 3714 1157 Constantino

2160 1193 2559 1264 papmlitteras
2589 1191 2746 1262 pravi
2788 1190 3078 1262 dogmatis
3116 1189 3502 1261 direxit;quas
3518 1190 3598 1244 ille
3616 1207 3716 1244 cum

2161 1280 2470 1352 apostolice
2488 1280 2636 1334 sedis
2657 1279 2898 1334 concilio
2921 1278 3156 1349 respuit.
3192 1280 3267 1332 Et
3294 1279 3454 1350 hujus
3486 1277 3558 1332 rei
3585 1294 3716 1332 causa

2160 1371 2294 1425 fecit
2320 1371 2569 1440 picturas
2595 1369 2650 1422 in
2688 1368 2911 1439 porticu
2942 1367 3120 1422 sancti
3147 1367 3461 1439 Petri,quae
3485 1371 3623 1438 gesta
3644 1385 3716 1422 sex

2161 1463 2489 1513 sanctarum
2517 1458 2868 1529 synodorum
2891 1457 3301 1511 universalium
3320 1457 3577 1513 retinent.
3604 1457 3716 1510 Nam

2161 1551 2254 1619 huj
2267 1550 2488 1603 usmodi
2514 1549 2782 1619 picturas,
2818 1564 2947 1602 cum
2972 1547 3398 1602 haberenturin
3427 1546 3554 1600 urbe
3572 1545 3714 1616 regia.

2164 1638 2767 1708 Philippicusjusserat
2797 1636 3030 1691 auferri.
3051 1635 3268 1690 Statuit
3295 1636 3524 1706 p0pulus
3549 1634 3716 1688 Roma-

2165 1745 2271 1782 nus
2303 1743 2375 1781 ne
2403 1726 2641 1781 heretici
2675 1725 3041 1796 imperatoris
3067 1741 3288 1780 nomen
3328 1726 3422 1778 aut
3453 1726 3614 1777 cartas
3643 1723 3717 1774 aut

2166 1817 2413 1886 figuram
2457 1815 2649 1869 solidis
2676 1814 3049 1886 susciperent.
3084 1813 3251 1868 Unde
3280 1828 3384 1867 nec
3413 1811 3524 1882 ejus
3544 1806 3716 1879 efﬁgies

460 1902 710 1957 triarcha
738 1919 802 1956 ex
831 1904 936 1956 hac
962 1904 1086 1957 luce
1119 1902 1408 1972 migravit,
1442 1901 1539 1973 qui
1589 1902 1890 1956 ecclesiam
1935 1901 2065 1956 Gra-
2088 1904 2136 1961 B
2167 1904 2223 1958 in
2257 1903 2496 1958 ecclesia
2517 1903 2846 1957 introducta
2874 1905 2980 1970 est,
3013 1917 3119 1957 nec
3149 1917 3364 1956 nomen
3383 1899 3453 1955 ad
3469 1897 3716 1953 missarum

459 1992 697 2047 densem
719 1992 865 2046 rexit
894 1991 1059 2046 annis
1086 1991 1362 2062 quinque,
1385 1991 1522 2044 Huic
1553 1992 1838 2060 Agathon.

531 2087 602 2146 (c.
631 2079 744 2151 13.)
783 2081 998 2135 Contra
1032 2081 1184 2133 hunc
1205 2079 1655 2151 suprascriptum
1678 2079 2064 2134 Iustinianum

460 2170 570 2224 Leo
597 2169 956 2240 augustalem
988 2167 1330 2238 dignitatem
1357 2167 1660 2238 arripiens,
1695 2185 1829 2222 eum
1883 2185 2064 2241 regno

459 2257 717 2330 privavit.
747 2258 1128 2327 Regnumque
1156 2257 1550 2311 Romanorum
1579 2257 1762 2312 tribus
1784 2256 1949 2311 annis
1974 2273 2065 2312 re-

462 2362 624 2418 gens,
650 2346 1034 2399 Justinianum
1063 2346 1290 2398 exulem
1315 2344 1372 2398 in
1407 2346 1588 2399 Ponto
1612 2345 1873 2401 servavit.

535 2436 866 2504 Rusumque
903 2433 1160 2486 Tiberius
1188 2435 1392 2486 contra
1427 2433 1579 2486 hunc
1604 2433 1856 2487 Leonem
1880 2435 2064 2488 insur-

464 2540 624 2594 gens,
655 2537 898 2590 regnum
934 2521 1056 2590 ejus
1098 2519 1323 2586 invasit,
1375 2537 1626 2591 eumque
1656 2525 1774 2576 toto
1799 2539 1912 2592 quo
1950 2521 2067 2594 ipse

464 2611 730 2680 regnavit
758 2612 1017 2679 tempore
1049 2608 1106 2662 in
1155 2609 1361 2663 eadem
1419 2609 1643 2663 civitate
1696 2609 1754 2663 in
1811 2611 2070 2665 custodia

465 2697 670 2753 tenuit.

537 2788 603 2857 (c.
624 2789 680 2841 31
698 2786 737 2857 .)
759 2788 830 2840 At
852 2802 984 2840 vero
996 2785 1364 2852 Justinianus,
1389 2787 1484 2858 qui
1507 2787 1716 2842 amisso
1742 2787 2066 2860 principatu

464 2874 523 2930 in
535 2877 725 2930 Ponto
745 2874 1243 2941 exulabat,auxilio
1259 2875 1533 2930 Terebelli
1551 2877 1859 2947 Vulgarum
1893 2877 2064 2947 regis,

457 2980 705 3034 regnum
725 2979 917 3016 rursus
937 2963 1238 3032 recipiens,
1288 2981 1384 3017 eos
1417 2965 1511 3035 qui
1533 2982 1590 3018 se
1610 2966 1949 3035 expulerant
1967 2982 2065 3036 pa-

462 3051 654 3106 tricios
677 3051 899 3106 occidit.
922 3052 1170 3105 Leonem
1191 3068 1418 3122 quoque
1446 3052 1846 3124 etTyberium,
1865 3053 1960 3124 qui
1982 3055 2064 3107 lo-

464 3156 594 3194 cum
610 3140 730 3210 ejus
749 3144 1182 3210 usurpaverant,
1219 3141 1388 3210 cepit,
1416 3146 1472 3195 et
1499 3142 1556 3195 in
1583 3142 1773 3196 medio
1797 3143 1947 3196 circo
1969 3159 2066 3196 co-

2167 1992 2449 2048 solemnia
2480 1992 2793 2064 prolatum.

2238 2080 2336 2135 Hic
2359 2097 2491 2134 cum
2520 2096 2740 2135 annum
2770 2095 2951 2135 unum
2966 2081 3129 2134 etsex
3145 2094 3374 2134 menses
3387 2091 3606 2150 regnum
3620 2089 3717 2146 ges-

2167 2168 2349 2236 sisset,
2403 2171 2606 2223 contra
2637 2167 2988 2232 Anastasius,
3029 2166 3128 2240 qui
3164 2170 3224 2221 et
3263 2165 3536 2222 Artemius
3579 2162 3720 2217 dictus

2167 2259 2272 2323 est,
2307 2256 2630 2328 insurgens,
2661 2271 2796 2310 eum
2821 2259 2982 2311 extra
3002 2271 3255 2325 regnum
3270 2249 3720 2326 expulitoculisque

2167 2345 2430 2417 privavit,
2471 2361 2575 2399 nec
2597 2348 2792 2399 tamen
2819 2343 3045 2401 occidit.
3082 2343 3184 2398 Hic
3211 2341 3526 2397 Anastasius
3551 2339 3722 2394 litteras

2170 2434 2547 2489 Constantino
2570 2449 2733 2505 papae
2759 2434 3006 2487 Romam
3040 2449 3144 2504 per
3175 2431 3553 2495 Scolasticum,
3582 2424 3723 2499 patri-

2169 2522 2321 2576 cium
2343 2524 2401 2576 et
2431 2537 2703 2576 exarcum
2734 2521 2956 2590 Ytaliaa,
2990 2519 3221 2588 direxit,
3249 2519 3446 2592 quibus
3474 2533 3526 2572 se
3547 2515 3721 2569 faueto-

2170 2628 2296 2666 rem
2329 2611 2623 2665 catholica:
2655 2610 2789 2664 ﬁdei
2821 2609 2871 2664 ei
2905 2609 3086 2665 sancti
3108 2608 3252 2664 sexti
3284 2605 3496 2663 concilii
3520 2599 3723 2676 pradica-

2170 2704 2359 2754 torem
2391 2716 2449 2753 se
2477 2716 2598 2753 esse
2630 2699 2956 2754 declaravit.

2240 2789 2419 2858 Igitur
2430 2788 2567 2842 dum
2582 2787 2733 2858 apud
2748 2787 2993 2841 eandem
3009 2784 3360 2858 provintiam
3373 2793 3416 2826 ’³
3433 2780 3722 2855 populorum

2168 2875 2538 2930 multitudine
2553 2869 3622 2947 permanerent,tribunistantummodo
3637 2881 3723 2920 ma-

2167 2965 2398 3019 luerunt
2419 2966 2665 3018 subesse.
2699 2964 2858 3017 Unde
2889 2964 3103 3018 factum
3144 2967 3232 3018 est
3258 2979 3388 3035 quo,
3435 2957 3596 3030 spatio
3617 2971 3722 3009 cen-

2167 3055 2290 3106 tum
2319 3051 2743 3123 quinquaginta
2781 3067 3090 3117 annorum,
3137 3065 3477 3122 unoquoque
3505 3061 3634 3100 anno
3667 3039 3721 3095 ad

2167 3141 2334 3211 hujus
2349 3140 2520 3194 officii
2538 3140 2829 3210 fastigium
2854 3137 3596 3209 sublimabant,quiillorum
3619 3145 3720 3184 cau-

460 3245 588 3284 ram
622 3229 781 3283 omni
813 3231 1024 3300 populo
1075 3229 1326 3300 jugulari
1377 3230 1539 3298 fecit;
1591 3230 1885 3284 Callicium
1933 3248 2065 3285 vero
2095 3225 2142 3283 C
2167 3247 2254 3284 sas
2276 3229 2553 3283 examinis
2588 3245 2830 3283 censura
2874 3228 3119 3300 experiri
3165 3226 3501 3298 satagerent.
3529 3222 3586 3275 Et
3610 3232 3720 3290 quo-

463 3317 851 3389 patriarcham
881 3318 1621 3390 Constantinopolytanum,
1661 3319 1837 3374 erutis
1867 3320 2064 3388 oculis,

465 3406 712 3461 Romam
744 3406 919 3473 misit,
948 3407 1272 3479 Cyrumque
1321 3409 1614 3475 abbatem,
1677 3408 1773 3480 qui
1822 3425 1956 3462 eum
2007 3408 2066 3462 in

466 3496 650 3550 Ponto
681 3497 906 3550 exulem
935 3497 1176 3560 aluerat,
1199 3497 1605 3568 episcopumin
1632 3499 1822 3553 locum
1854 3495 2068 3551 Gallicii

464 3583 779 3639 constituit.
813 3585 929 3640 Hoc
969 3585 1408 3640 Constantinum
1438 3601 1651 3659 papam
1683 3587 1754 3640 ad
1784 3603 1842 3640 se
1872 3584 2068 3640 venire

455 3672 689 3744 jubens,
713 3673 1032 3729 honorifice
1058 3674 1302 3746 suscepit
1325 3677 1403 3728 ‘ac
1430 3674 1674 3741 remisit,
1704 3690 1878 3746 quem
1905 3691 2070 3746 pros-

463 3764 646 3816 tratus
665 3762 725 3818 in
752 3764 908 3817 terra
924 3779 1028 3834 pro
1050 3762 1163 3817 suis
1184 3763 1432 3833 peccatis
1456 3761 1810 3816 intercedere
1832 3778 2065 3833 rogans.

465 3853 671 3904 cuncta
698 3850 820 3921 ejus
849 3851 1098 3904 ecclesia:
1129 3849 1425 3920 privilegia
1455 3849 1769 3904 renovavit.
1799 3849 1904 3913 Qui
1935 3866 2067 3905 cum

467 3938 780 3993 exercitum
803 3938 860 3992 in
877 3939 1059 3992 Ponto
1071 3937 1331 3992 mitteret
1354 3937 1425 3992 ad
1455 3937 2068 4008 comprehendendum

466 4026 872 4097 Philippicum,
904 4041 1078 4097 quem
1109 4025 1186 4080 ibi
1211 4026 1584 4097 relegaverat,
1641 4027 1887 4082 multum
1937 4045 2069 4083 eum

465 4115 685 4170 eisdem
717 4113 1056 4168 venerabilis
1102 4128 1253 4184 papa
1296 4113 1587 4178 prohibuit
1615 4131 1688 4170 ne
1725 4115 1833 4171 hoc
1881 4116 2071 4172 facere

466 4202 777 4269 deberent;
810 4201 904 4255 sed
937 4203 1134 4256 tamen
1167 4200 1426 4257 inhibere
1475 4218 1592 4258 non
1620 4205 1824 4276 potuit.
1855 4211 1923 4272 (c.
1957 4206 2072 4276 32.)

469 4290 784 4345 Conversus
805 4289 996 4344 omnis
1016 4291 1291 4345 exercitus
1321 4291 1393 4346 ad
1423 4296 1614 4363 partes
1635 4293 1956 4364 Philippici,
1989 4295 2074 4348 fe-

467 4378 544 4432 cit
574 4395 708 4432 eum
739 4377 954 4433 ibidem
980 4378 1414 4450 imperatorem.
1434 4382 1821 4454 Reversusque
1847 4399 1977 4436 cum
2005 4399 2072 4438 eo

2168 3317 2322 3371 niam
2350 3317 2590 3372 omnino
2625 3316 2841 3387 patrios
2868 3317 3012 3371 fines
3032 3315 3310 3371 dolebant
3326 3331 3358 3369 a
3373 3310 3604 3368 barbaris
3626 3319 3722 3378 pos-

2169 3404 2361 3470 sideri,
2381 3406 2635 3460 maxima
2661 3408 2812 3460 inter
2843 3407 3112 3476 utrasque
3146 3407 3339 3474 partes
3365 3397 3544 3472 jurgia
3573 3405 3722 3448 versa-

2170 3493 2400 3560 bantur,
2423 3493 2504 3548 ita
2526 3496 2587 3548 ut
2606 3492 2760 3547 inter
2780 3509 2839 3547 se
2864 3491 3110 3546 vicissim
3132 3489 3423 3547 molestias
3449 3489 3501 3541 et
3516 3484 3722 3554 depopu-

2169 3580 2415 3636 lationes
2444 3581 2706 3636 conferre
2738 3581 3122 3636 decertarent.
3163 3575 3526 3649 Temporibus
3551 3580 3719 3638 nempe

2168 3667 2537 3742 imperatoris
2551 3670 2834 3726 Anastasii
2854 3673 2910 3724 et
2930 3668 3244 3741 Liuprandi
3275 3659 3721 3736 Langobardorum

2167 3759 2322 3832 regis
2349 3760 2622 3830 (713-716)
2651 3775 2854 3814 omnes
2877 3756 3130 3813 Venetici
3162 3773 3279 3812 una
3304 3769 3429 3810 cum
3449 3742 3719 3823 patriarcha

2169 3853 2228 3904 et
2257 3847 2537 3921 episcopis
2557 3844 3305 3914 convenientes,communi
3334 3837 3550 3898 consilio
3577 3833 3724 3921 deter-

2168 3917 2556 4002 minaverunt,
2577 3935 2732 4006 quod
2761 3935 2968 3989 dehinc
2987 3932 3382 3989 honorabilius
3400 3922 3628 3984 essetsub
3645 3917 3720 3972 du-

2170 4027 2330 4082 eibus
2362 4040 2537 4096 quam
2561 4023 2666 4077 sub
2708 4022 2950 4078 tribunis
2976 4038 3236 4077 manere.
3264 4021 3507 4090 Cumque
3526 4011 3608 4067 diu
3622 4020 3722 4077 per-

2171 4115 2490 4170 tractarent
2512 4127 2685 4182 quem
2709 4110 2940 4165 illorum
2961 4110 3033 4164 ad
3053 4111 3206 4165 hanc
3223 4107 3541 4180 dignitatem
3560 4107 3722 4170 prove-

2172 4203 2382 4257 herent
2398 4200 2637 4254 tandem
2652 4199 2996 4254 invenerunt
3009 4198 3416 4270 peritissimum
3429 4188 3719 4247 etillustrem

2172 4293 2358 4347 virum
2381 4289 2763 4345 Paulitionem
2782 4288 3048 4357 nomine;
3078 4287 3164 4343 cui
3179 4280 3494 4359 jusjurandi
3518 4289 3558 4321 ιι
3579 4272 3716 4329 ﬁdem

2175 4382 2400 4447 dantes,
2423 4396 2557 4434 eum
2571 4379 2723 4450 apud
2745 4379 3108 4434 Eraclianam
3124 4377 3404 4432 civitatem
3425 4371 3603 4426 ducem
3613 4373 3718 4414 con-

463 4467 539 4522 ad
571 4466 2072 4541 Constantinopolym,pugnavitcontraIustinianum
2095 4489 2147 4548 D
2176 4471 2503 4525 stituerunt.
2534 4467 2640 4532 Qui
2669 4470 2846 4522 tanta
2873 4467 3061 4522 fuerat
3087 4462 3497 4537 temperantia,
3518 4457 3714 4548 u‘lw‘lufJ

467 4555 543 4612 ad
571 4556 978 4611 duodecimum
1011 4559 1080 4612 ab
1108 4559 1249 4613 urbe
1279 4559 1610 4614 miliarium.
1661 4559 1852 4614 Evicto
1901 4563 2074 4631 atque

469 4643 654 4700 occiso
677 4645 1019 4713 Justiniano,
1052 4664 1300 4719 regnum
1327 4647 1573 4718 suscepit
1599 4647 1964 4718 Philippicus.

541 4733 656 4788 Hoc
670 4749 897 4805 quoque
912 4737 1172 4806 tempore
1192 4739 1421 4790 mortuo
1433 4735 1734 4806 Agathone
1751 4734 2076 4807 patriarcha

469 4822 567 4898 qui
616 4823 914 4878 ecclesiam
973 4824 1326 4880 Gradensem
1355 4827 1582 4878 rexerat
1611 4840 1798 4878 annos
1828 4826 1912 4891 10,
1944 4824 2074 4878 huic

467 4912 735 4968 successit
765 4913 1226 4984 Christophorus.
1259 4912 1422 4967 Circa
1450 4913 1571 4966 haec
1598 4915 1863 4983 tempora
1909 4913 2078 4967 Julia-

467 5018 576 5058 nus
606 5001 909 5056 Allinensis
924 5002 1223 5074 episcopus
1245 5005 1512 5056 mortuus
1533 5004 1636 5068 est,
1659 5001 1754 5072 qui
1777 5001 2077 5056 ecclesiam

468 5093 696 5146 rexerat
709 5107 893 5144 annos
911 5090 1296 5162 quadraginta
1311 5093 1460 5145 octo.
1480 5089 1616 5144 Huic
1633 5089 1898 5145 successit
1910 5092 2080 5144 Deus-

469 5178 605 5236 dedi
620 5179 947 5250 episcopus,
994 5179 1090 5251 qui
1114 5181 1327 5234 sancta:
1349 5179 1639 5250 genitricis
1659 5179 1959 5235 ecclesiam
1980 5178 2078 5233 de-

2175 4557 2577 4614 moderamine
2604 4573 2733 4611 suos
2749 4556 3110 4626 dijudicaret.
3133 4557 3276 4611 Cum
3297 4543 3590 4623 Liuprando
3613 4547 3713 4626 vero

2175 4663 2313 4718 rege
2343 4646 2689 4700 inconvulsae
2721 4645 2875 4716 pacis
2905 4645 3195 4699 vinculum
3221 4633 3579 4698 confirmavit;
3599 4618 3714 4718 apt“?

2177 4709 2350 4808 quvem
2381 4734 2529 4808 Ρθοοῐί
2550 4709 2782 4800 statuta,
2800 4751 2927 4806 quae
2960 4749 3113 4788 nunc
3138 4732 3289 4787 inter
3308 4723 3658 4810 Veneticum-lin
3673 4709 3716 4760 et

2178 4803 2691 4895 Langobardorum
2706 4803 2984 4894 pop—ulum
3002 4803 3714 4895 manent,impetravit.FiDes

2179 4894 2356 4967 etiam
2386 4911 2639 4966 Civitatis
2673 4928 2856 4978 novas,
2882 4927 3009 4982 quae
3033 4914 3266 4965 actenus
3294 4924 3327 4961 a
3345 4894 3593 4958 Veneticis
3617 4899 3713 4982 ρρε·

2179 5001 2460 5064 sidentur,
2506 5001 2611 5054 iste
2653 5016 2784 5054 cum
2821 4999 3028 5054 eodem
3073 5016 3211 5070 rege
3251 4991 3498 5054 instituit,
3528 4982 3576 5038 id
3599 4977 3664 5070 θξι
3691 4985 3715 5023 δ

2181 5091 2348 5144 Plave
2377 5090 2484 5160 (43)
2517 5089 2767 5160 majore,
2808 5088 3124 5143 secundum
3143 5065 3308 5159 iquod
3333 5072 3602 5148 designata
3622 5065 3715 5118 loca

2183 5177 2609 5241 discernuntur,
2644 5194 2820 5249 usque
2849 5176 2908 5232 in
2935 5176 3310 5232 Plavisellam.

1793 5299 2024 5354 VARIAE
2066 5299 2469 5356 LECTIONES.

533 5407 580 5442 ﬂ
594 5397 821 5472 Ζαῃειιξ
836 5398 920 5454 hic
949 5397 1020 5452 ad
1041 5399 1338 5468 marginem
1365 5404 1552 5453 notam
1600 5415 1764 5472 quam
1799 5398 2004 5454 Noster
2032 5399 2440 5472 interpretatur,
2491 5395 2898 5454 haberitscribil
2911 5424 2930 5467 ε
2959 5394 3056 5453 sed
3083 5402 3158 5453 est
3191 5395 3398 5467 signum
3445 5376 3713 5442 notissimi“

461 5474 511 5527 et
535 5471 594 5528 iu
621 5469 884 5526 codicibus
917 5475 968 5528 1.
999 5473 1060 5532 2.
1088 5487 1222 5543 saepe
1247 5485 1529 5529 occurrens
1567 5486 1582 5526 :

1666 5471 1822 5528 OTA.
1898 5479 1947 5513 ²ι
1967 5469 2362 5542 cuiusjiirandi
2385 5473 2440 5528 2.

2008 5593 2235 5657 ΝΟΤΛΕ.

540 5690 654 5773 (43)
693 5691 886 5753 Piave.
