3882 6212
155 481 280 536 8'93

1454 471 1858 537 CHRONICON
1896 470 2235 536 VENETUM.

3390 459 3509 537 ’894

241 602 418 654 Anno
443 595 864 654 incarnationis
917 596 1147 656 Domini
1195 598 1296 656 717
1337 608 1382 642 ²⁶
1411 600 1875 664 ChristoforusA
1974 600 2134 656 Circa
2164 601 2284 655 hac
2317 603 2580 672 tempora
2625 600 2881 655 Donatus
2926 599 3252 670 patriarcha
3297 617 3362 655 ex
3407 601 3514 654 hac

162 686 510 760 patriarcha
561 703 628 741 ex
680 686 790 741 hac
836 688 962 742 luce
1006 687 1296 759 migravit.
1343 689 1480 743 Huic
1531 688 1800 743 successit

163 777 458 831 Donatus.

249 864 421 918 Circa
450 864 574 919 hac
601 867 866 936 tempora
879 863 1552 918 DeusdediTorcellensis
1574 864 1791 936 episco-

163 968 307 1023 pus,
345 953 444 1024 qui
469 952 769 1007 ecclesiam
798 955 1024 1007 rexerat
1053 952 1220 1006 annis
1250 954 1341 1017 24,
1397 969 1461 1006 ex
1511 953 1619 1006 hac
1671 954 1794 1006 luce

164 1040 490 1112 migravit;
519 1041 608 1095 cui
635 1040 902 1095 successit
928 1041 1250 1095 Honoratus
1294 1041 1612 1111 episcopus.

246 1132 326 1198 (c.
363 1129 475 1200 36.)
499 1129 851 1183 Theodosius
903 1145 1056 1182 anno
1111 1133 1160 1182 1.
1196 1127 1293 1182 Hic
1318 1130 1531 1182 electus
1562 1131 1666 1194 est,
1695 1127 1798 1181 im-

165 1222 518 1291 peratorem
544 1217 909 1271 Anastasium
957 1217 1108 1287 apud
1141 1216 1369 1271 Niceam
1401 1217 1558 1286 gravi
1600 1216 1795 1286 pralio

168 1307 340 1373 vicit,
376 1306 629 1377 datoque
677 1306 784 1360 sibi
829 1309 1218 1367 sacramento,
1263 1305 1532 1360 clericum
1581 1306 1706 1359 ﬁeri
1735 1322 1798 1358 ac

172 1396 590 1468 presbyterum
609 1393 744 1449 fecit
764 1393 1041 1448 ordinari.
1067 1395 1187 1466 Ipse
1205 1411 1336 1447 vero
1359 1398 1420 1448 ut
1439 1411 1684 1464 regnum
1709 1412 1801 1449 ac-

171 1484 360 1555 cepit,
381 1500 512 1537 cum
538 1485 686 1537 esset
701 1481 1032 1547 catholicus,
1053 1499 1187 1536 mox
1212 1482 1270 1535 in
1301 1482 1460 1552 regia
1477 1483 1616 1536 urbe
1640 1499 1800 1553 yma-

175 1575 388 1645 ginem
409 1572 569 1625 illam
581 1571 997 1637 venerandam,
1012 1570 1070 1623 in
1091 1587 1202 1640 qua
1219 1573 1427 1624 sancta
1441 1586 1534 1624 sex
1552 1570 1800 1641 synodus

177 1665 313 1716 erat
334 1659 586 1732 depicta,
609 1661 667 1712 et
691 1675 724 1712 a
746 1658 1059 1730 Philippico
1081 1659 1268 1712 fuerat
1300 1659 1542 1728 dejecta,
1560 1658 1799 1729 pristino

176 1750 244 1804 in
276 1751 408 1804 loco
433 1747 631 1802 erexit.
663 1746 896 1817 Tyberis
916 1745 1118 1801 ﬂuvius
1150 1748 1374 1801 alveum
1403 1763 1568 1801 suum
1608 1762 1799 1816 egres-

1899 690 2023 743 luce
2082 689 2369 760 migravit,
2423 688 2519 760 qui
2591 687 2888 743 ecclesiam
2962 689 3312 743 Gradensem
3368 687 3516 742 rexit

1900 777 2066 831 annis
2096 783 2150 834 7.
2183 777 2317 831 Huic
2347 776 2613 831 successit
2638 777 2963 831 Antoninus
2993 776 3340 847 patriarcha.

1971 865 2186 919 Eodem
2221 882 2448 936 quoque
2475 869 2735 936 tempore
2768 865 3066 934 pralibato
3084 865 3344 919 Marcello
3369 864 3510 919 duce

1901 957 2154 1019 mortuo,
2176 954 2272 1024 qui
2304 954 2451 1024 apud
2483 954 2779 1007 Civitatem
2807 969 3019 1007 novam
3053 952 3310 1006 Venecia
3344 953 3512 1007 duca-

1899 1043 2022 1095 tum
2058 1041 2223 1094 annis
2266 1045 2327 1098 l2
2354 1046 2411 1094 et
2441 1041 2640 1095 diebus
2684 1043 2751 1096 2O
2783 1042 3233 1109 gubernavcrat;
3266 1041 3353 1094 cui
3386 1057 3508 1094 suc-

1900 1129 2068 1182 cessit
2099 1129 2266 1184 Ursus
2299 1131 2431 1195 dux,
2479 1130 2574 1200 qui
2627 1129 2800 1182 etiam
2838 1130 2894 1182 in
2928 1130 3132 1183 eadem
3175 1130 3253 1170 36‘
3286 1129 3511 1183 civitate

1899 1217 2253 1289 sepedictum
2295 1218 2566 1272 ducatum
2600 1220 2824 1271 rexerat
2880 1217 3044 1272 annis
3095 1221 3148 1271 Η
3187 1222 3242 1271 et
3295 1217 3506 1270 mensi-

1899 1306 2005 1360 bus
2119 1307 2281 1361 Unde
2313 1307 2684 1376 postmodum
2711 1305 2963 1359 Venetici
2997 1306 3154 1360 illum
3188 1305 3303 1359 acri
3333 1305 3508 1359 livore

1900 1393 2319 1460 interirncntes,
2337 1394 2590 1465 quinque
2605 1411 2891 1448 annorum
2910 1394 3092 1465 spatio
3109 1393 3395 1464 magistris
3409 1410 3463 1447 m
3475 1393 3511 1446 i-

1901 1485 2066 1538 litum
2090 1484 2494 1538 tantummodo
2529 1484 2736 1537 subditi
2771 1500 3007 1537 manere
3036 1484 3362 1537 voluerunt.
3388 1480 3506 1535 Pri-

1904 1589 2030 1626 mus
2063 1589 2307 1643 quorum
2341 1573 2576 1626 nomine
2602 1573 2711 1626 Leo
2731 1571 3046 1637 dicebatur,
3079 1572 3238 1642 cujus
3258 1573 3510 1641 potestas

1904 1677 2076 1730 super
2105 1662 2339 1714 eosdem
2367 1661 2473 1713 fuit
2490 1678 2642 1715 anno
2675 1665 2716 1715 l.
2740 1661 2954 1715 Deinde
2979 1660 3260 1714 secundus
3284 1659 3510 1713 illorum

1907 1749 2318 1802 nominabatur
2359 1748 2506 1802 Felix
2535 1750 2924 1818 cognomento
2953 1748 3272 1812 Cornicula,
3317 1746 3412 1818 qui
3440 1747 3512 1800 si-

179 1855 300 1903 sus,
323 1837 511 1890 multa
532 1836 810 1890 Romana
830 1834 1149 1888 fecitexitia
1175 1834 1407 1902 civitati,
1438 1835 1517 1888 ita
1548 1833 1686 1888 utin
1702 1833 1805 1886 Via
1907 1836 2122 1891 militer
2153 1837 2279 1890 illos
2304 1837 2472 1890 unius
2501 1837 2639 1890 anni
2670 1837 2852 1906 spatio
2880 1839 3124 1890 rexerat.
3160 1835 3372 1888 Exinde
3405 1838 3516 1888 ter-

177 1927 305 1981 lata
323 1927 400 1979 ad
423 1940 600 1978 unam
627 1925 685 1977 et
713 1922 887 1976 semis
915 1925 1193 1977 staturam
1233 1925 1598 1988 excresseret,
1633 1925 1805 1992 atque
1829 1920 1879 1979 B
1907 1925 2024 1979 cius
2054 1925 2329 1995 magister
2360 1924 2610 1978 militum
2643 1924 2999 1978 vocitabatur
3027 1922 3332 1988 Deusdedi,
3367 1922 3513 1976 filius

181 2031 218 2070 a
243 2011 612 2086 portasancti
632 2010 785 2065 Petri
799 2026 975 2083 usque
1005 2011 1077 2064 ad
1110 2012 1352 2065 Pontem
1371 2009 1633 2065 Molvium
1660 2026 1806 2081 aque
1907 2013 2197 2083 saepedicti
2223 2013 2455 2068 Ursonis
2480 2011 2768 2066 interfecti
2795 2011 2972 2077 ducis,
3009 2011 3106 2082 qui
3138 2009 3312 2064 etiam
3349 2008 3516 2062 unius

183 2100 610 2157 descendentes
639 2099 1082 2170 conjungerent.
1111 2099 1312 2153 Mansit
1359 2101 1553 2152 autem
1607 2097 1806 2152 diebus

181 2193 438 2262 septem,
461 2189 644 2243 donec
656 2187 960 2260 agentibus
981 2186 1220 2241 letanias
1236 2186 1450 2240 crebris
1469 2185 1682 2240 vicibus
1706 2185 1803 2239 de-

182 2277 408 2333 cimum
441 2276 597 2332 diem
646 2275 900 2330 revertit.
933 2275 1108 2346 (Beas
1136 2273 1220 2328 De
1241 2291 1330 2328 sex
1374 2281 1520 2329 atat.
1571 2273 1806 2346 mundi.)

183 2367 281 2421 His
309 2364 677 2436 temporibus
710 2363 874 2418 multi
896 2364 1224 2434 Anglorum
1248 2366 1470 2433 gentes,
1500 2363 1720 2418 nobiles
1751 2365 1807 2416 et

183 2454 499 2527 ignobiles,
533 2452 638 2507 viri
675 2455 732 2508 et
769 2451 1025 2519 femina,
1063 2451 1234 2506 duces
1271 2454 1328 2505 et
1375 2451 1601 2524 privati,
1630 2449 1806 2506 divini

182 2541 409 2598 amoris
438 2540 733 2607 instinctu,
775 2539 846 2594 de
889 2539 1144 2595 Britania
1174 2541 1419 2595 Romam
1447 2539 1642 2594 venire
1673 2556 1805 2594 con-

183 2632 521 2686 sueverant.
551 2631 707 2683 Inter
736 2645 882 2701 quos
909 2628 1084 2683 etiam
1105 2629 1617 2683 reverendissimus
1629 2628 1807 2682 abbas

188 2718 519 2774 Ceolfridus
533 2734 715 2772 annos
737 2720 904 2770 natus
919 2719 1010 2777 74.
1031 2733 1162 2771 cum
1184 2720 1329 2771 esset
1343 2716 1624 2788 presbiter
1641 2715 1808 2770 annis

188 2806 588 2881 quadraginta
609 2809 850 2877 septem,
871 2805 1050 2860 abbas
1067 2808 1260 2860 autem
1276 2806 1440 2859 annis
1455 2808 1541 2872 35,
1560 2804 1657 2859 ubi
1676 2804 1805 2857 Lin-

188 2914 380 2969 gonas
430 2893 713 2967 pervenit,
755 2893 834 2948 ibi
875 2893 1194 2960 defunctus,
1246 2897 1416 2964 atque
1467 2893 1524 2947 in
1573 2892 1809 2948 ecclesia

188 2985 504 3040 beatorum
538 2983 907 3054 geminorum
941 2985 1260 3053 martyrum
1289 2983 1540 3052 sepultus
1566 2985 1668 3035 est.
1702 2979 1807 3043 Qui

188 3073 347 3128 inter
362 3072 477 3127 alia
497 3070 738 3126 donaria
754 3085 882 3142 qua
899 3069 1105 3124 afferre
1128 3069 1507 3139 disposuerat,
1532 3069 1686 3123 misit
1716 3085 1809 3122 ec-

191 3164 381 3218 clesia
409 3160 591 3216 sancti
613 3159 766 3214 Petri
796 3159 1087 3231 pandente
1121 3175 1154 3212 a
1185 3159 1354 3212 beato
1386 3157 1718 3213 Hieronimo
1748 3157 1806 3212 in

1907 2101 2046 2156 anni
2067 2101 2250 2172 spatio
2279 2101 2429 2155 illius
2461 2100 2758 2172 potestatis
2799 2100 2987 2156 fuerat
3027 2108 3093 2152 ετ.
3137 2097 3516 2152 Postmodum

1907 2193 2144 2262 quartus
2170 2206 2236 2244 ex
2275 2189 2342 2242 iis
2361 2188 2682 2243 habebatur
2709 2187 2982 2242 Jubianus
3013 2186 3252 2242 nomine
3280 2186 3512 2256 Ypatus,

1907 2279 2004 2349 qui
2032 2286 2078 2320 ³8
2108 2278 2366 2348 ejusdem
2399 2277 2638 2332 honoris
2665 2277 2832 2331 unius
2874 2276 3012 2331 anni
3042 2275 3305 2330 similiter
3331 2274 3514 2346 spatio

1907 2382 2198 2436 possessor
2248 2367 2454 2420 fuerat.
2507 2366 2677 2436 Cujus
2723 2382 2951 2437 quoque
2996 2364 3194 2420 diebus
3234 2364 3341 2435 (an.
3387 2362 3515 2434 729)

1908 2457 2184 2511 exarchus
2214 2457 2497 2510 Ravenna
2546 2454 2763 2526 primas
2807 2453 3104 2508 Venetiam
3137 2452 3392 2518 veniens,
3425 2451 3514 2505 ni-

1909 2545 2207 2616 miumque
2240 2545 2536 2598 Veneticos
2566 2544 2880 2615 postulans,
2910 2545 3191 2614 quatenus
3215 2541 3513 2612 propriam

1907 2635 2137 2700 urbem,
2156 2649 2330 2704 quam
2346 2631 2911 2702 Ildebrandusnepos
2938 2630 3246 2685 Liubrandi
3276 2629 3428 2700 regis
3460 2633 3518 2683 et

1911 2723 2198 2778 Paradeus
2249 2721 2576 2777 Vicentinus
2602 2721 2713 2775 dux
2744 2723 2971 2791 captam
2998 2720 3342 2785 habuerant,
3371 2717 3518 2772 tueri

1914 2815 2086 2883 atque
2109 2811 2420 2866 defendere
2439 2826 2638 2864 eorum
2663 2808 2883 2863 auxiliis
2902 2807 3194 2880 potuisset.
3221 2806 3392 2876 Cujus
3412 2806 3516 2858 Ve-

1911 2900 2084 2954 netici
2105 2898 2660 2968 faventespetitioni,
2685 2897 2870 2952 navali
2899 2913 3028 2951 cum
3063 2894 3312 2950 exercitu
3337 2893 3522 2964 prali-

1910 2991 2106 3045 batam
2129 2989 2460 3042 Ravennam
2479 2987 2550 3041 ad
2570 2988 2771 3041 urbem
2800 2988 3198 3058 properantes,
3232 3000 3376 3036 unus
3399 2983 3520 3036 illo-

1912 3095 2064 3144 rum,
2089 3077 2461 3132 lldebrandus
2491 3084 2536 3117 ²ο
2568 3075 2803 3141 scilicet,
2826 3074 2980 3127 vivus
3004 3074 3074 3127 ab
3093 3073 3174 3126 eis
3189 3076 3383 3142 captus
3404 3074 3518 3134 est;

1913 3169 2056 3221 alter
2082 3181 2216 3219 vero
2249 3165 2346 3234 qui
2399 3164 2696 3218 dicebatur
2744 3162 3050 3227 Paradeus,
3103 3178 3317 3216 occnsus
3349 3159 3519 3213 dimi-

191 3251 469 3307 Latinum
500 3266 568 3304 ex
599 3247 819 3302 ΗθῘπθο
845 3248 932 3302 V81
969 3246 1144 3301 Greco
1182 3246 1343 3300 fonte
1371 3247 1732 3300 ὶτειηδῖἃὶιιῐη·
1827 3258 1874 3321 C.
1913 3255 2098 3308 cando
2133 3253 2498 3307 occubuerat.
2523 3255 2708 3322 Atque
2731 3250 3319 3320 hujusmodiexarcho
3339 3246 3523 3319 prali-

264 3339 488 3394 Eodem
521 3339 785 3407 tempore
816 3338 1048 3390 mortuo
1080 3335 1372 3390 Honorato
1405 3333 1807 3404 cpiscopo,qui

1916 3341 2054 3396 baro
2073 3340 2305 3412 primati
2338 3340 2472 3393 urbs
2501 3339 2773 3392 decenter
2801 3341 2885 3391 est
2912 3338 3195 3392 restituta.
3230 3337 3312 3391 Ob
3345 3351 3520 3407 quam

187 3427 556 3485 Altinensem
594 3422 890 3480 ecclesiam
933 3427 1160 3478 rexerat
1205 3422 1373 3478 annis
1409 3428 1462 3489 7,
1511 3421 1704 3476 Vitalis
1737 3422 1811 3476 ad
1909 3446 2037 3484 rem
2065 3429 2365 3500 Gregorius
2380 3443 2608 3498 quoque
2637 3426 2980 3496 apostolicus
2997 3425 3150 3479 urbis
3177 3426 3374 3480 Roma
3401 3427 3524 3478 tota

193 3513 520 3588 regendam
549 3512 798 3583 suscepit
841 3511 1167 3567 Ocelesiam-
1217 3512 1302 3574 (Ρ.
1338 3511 1408 3566 Β.
1439 3527 1516 3576 Vl.
1550 3508 1666 3581 47-)
1698 3509 1809 3564 L80
1913 3517 2184 3572 aviditate
2228 3515 2550 3586 sapedicta
2592 3514 2720 3568 urbi
2762 3513 3175 3578 subveniendo,
3222 3511 3518 3584 propriam

193 3603 364 3660 annis
392 3605 446 3658 8.
469 3600 770 3656 Sarraceni
791 3617 923 3655 cum
945 3599 1234 3655 immenso
1253 3599 1507 3653 exercitu
1528 3597 1809 3652 Constan-
1914 3606 2220 3678 epistolam
2251 3621 2378 3676 quae
2405 3603 2640 3657 inferius
2680 3602 2892 3672 legitur
2924 3600 3218 3655 Antonino
3249 3597 3524 3652 Gradensi

194 3691 526 3762 tinopolym
563 3689 860 3744 venientes
889 3688 1140 3743 triennio
1193 3687 1484 3745 civitatem
1525 3686 1810 3754 obsident,

1916 3693 2256 3767 patriarcha
2283 3693 2543 3758 miserat,
2578 3694 2637 3745 ut
2661 3688 2963 3745 Veneticos
3003 3686 3238 3742 amabili
3269 3687 3527 3740 obsecra-

197 3781 409 3847 donec,
423 3779 636 3833 civibus
650 3779 830 3833 multa
844 3777 1116 3832 instantia
1128 3775 1810 3842 adDeumclamantibus,
1913 3784 2072 3838 tione
2098 3781 2328 3836 inlicere
2348 3780 2605 3847 deberet,
2625 3779 2698 3834 ad
2715 3777 2962 3833 eandem
2977 3775 3406 3831 defendendam
3429 3790 3526 3828 ur-

193 3867 434 3942 plurimi
453 3882 658 3921 eorum
678 3867 853 3927 fame,
867 3865 1103 3937 frigore,
1125 3864 1454 3936 pestilentia
1467 3863 1812 3936 perirent,ac

1916 3871 2050 3926 bern
2083 3871 2373 3925 venirent:
2413 3868 2766 3923 Dilectissimo
2795 3867 2962 3936 fratri
2996 3863 3277 3918 Antonino
3323 3861 3527 3932 Grego-

197 3958 244 4014 si
267 3965 316 3999 ²⁶
347 3955 576 4028 pertasi
607 3953 920 4009 obsidionis
940 3954 1334 4008 abscederent.
1372 3952 1478 4016 Qui
1507 3951 1564 4006 in
1602 3952 1693 4006 die
1724 3968 1812 4006 re-

1917 3962 2052 4016 rius.
2079 3959 2218 4025 Quia
2239 3964 2456 4030 peccato
2483 3957 2716 4030 faciente
2760 3955 3160 4010 Ravenantium
3195 3951 3408 4018 civitas,
3437 3953 3532 4023 qui

199 4044 403 4119 gressi,
450 4043 832 4114 Vulgarorum
875 4045 1134 4113 gentem,
1159 4058 1287 4112 qua
1327 4044 1410 4095 est
1428 4056 1602 4111 supra
1631 4041 1818 4094 Danu-

199 4133 384 4200 bium,
409 4132 560 4186 bello
584 4130 980 4202 agrediuntur,
1013 4134 1070 4184 et
1108 4130 1179 4184 ab
1205 4131 1312 4184 hac
1333 4145 1562 4201 quoque
1579 4128 1707 4182 victi
1723 4145 1815 4182 re-

201 4221 454 4294 fugiunt,
479 4235 545 4274 ac
568 4236 740 4274 naves
760 4221 1030 4287 repetunt
1059 4236 1216 4287 suas;
1247 4219 1452 4290 quibus
1483 4234 1614 4271 cum
1634 4218 1814 4271 altum

202 4309 808 4384 peterent,ingruente
820 4307 1006 4362 subita
1020 4305 1624 4380 tempestate,plurimi
1637 4305 1812 4359 etiam

205 4399 410 4455 mersis
441 4397 555 4452 sive
584 4396 888 4452 confractis
916 4412 1020 4467 per
1057 4395 1252 4450 littora
1275 4394 1533 4460 navibus,
1566 4395 1700 4446 sunt
1723 4409 1818 4447 ne-

1917 4057 2074 4120 caput
2104 4055 2218 4104 erat
2254 4049 2515 4114 omnium,
2548 4046 2612 4101 ab
2640 4063 2732 4100 nec
2775 4043 2996 4098 dicenda
3033 4049 3186 4112 gente
3224 4039 3530 4109 Langobar-

1920 4138 2110 4194 dorum
2153 4144 2307 4208 capta
2338 4143 2454 4202 'est,
2510 4142 2560 4190 et
2605 4133 2751 4208 ﬁlius
2808 4139 2982 4187 noster
3033 4132 3258 4188 eximius
3305 4129 3531 4184 domnus

1917 4227 2172 4281 crare/tus
2203 4225 2344 4296 apud
2377 4225 2649 4290 Venerias,
2681 4231 2742 4277 ut
2760 4223 3118 4293 cognovimus,
3169 4225 3410 4274 moratur
3440 4217 3530 4271 de-

1922 4317 2036 4371 beat
2068 4324 2158 4370 tua
2195 4317 2440 4385 fraterna
2488 4316 2740 4369 sanctitas
2792 4314 2842 4367 ei
2892 4311 3142 4378 adserere,
3203 4316 3252 4364 et
3309 4325 3429 4363 cum
3474 4323 3531 4362 eo

1918 4411 2097 4458 nostra
2127 4406 2238 4458 vice
2269 4407 2474 4475 pariter
2501 4403 2785 4468 decertare,
2826 4405 2886 4455 vt
2910 4399 2981 4453 ad
2999 4400 3297 4470 pristinum
3334 4400 3534 4451 statum

205 4488 339 4546 cati.
363 4495 435 4554 (c.
468 4485 586 4558 48.)
615 4455 973 4556 Liuprandus
985 4483 1224 4538 audiens
1245 4483 1401 4554 quod
1424 4455 1812 4547 Saraceni,de-

1917 4499 2114 4547 sanctae
2148 4493 2226 4546 rei
2268 4493 2498 4563 publica
2541 4496 2589 4546 et
2639 4489 2904 4561 imperiali
2944 4488 3160 4542 ser-vicio
3193 4485 3531 4538 dominorum

206 4578 486 4651 populata
507 4573 795 4639 Sardinia,
818 4573 993 4628 etiam
1010 4575 1136 4627 loca
1151 4573 1416 4628 fe’darent
1446 4571 1543 4625 illa
1567 4568 1664 4624 ubi
1694 4585 1819 4623 ossa

210 4664 393 4722 sancti
431 4662 735 4735 Augustini
759 4661 1008 4734 epiSCOpi
1028 4662 1267 4733 propter
1285 4659 1665 4714 vastationem
1687 4658 1818 4732 bar-

211 4755 489 4811 barorum
514 4750 654 4806 olim
684 4750 963 4804 translata
992 4751 1050 4802 et
1077 4747 1394 4803 honoriﬁce
1424 4747 1656 4802 fuerant
1683 4762 1821 4801 con-

209 4842 351 4910 dita,
377 4839 555 4907 misit,
588 4842 646 4894 et
665 4838 797 4892 dato
825 4853 1039 4908 magno
1069 4835 1261 4908 precio
1292 4836 1532 4909 accepit,
1552 4838 1610 4890 et
1632 4840 1824 4891 trans-

211 4931 343 4986 tulit
372 4947 442 4984 ea
480 4929 537 4983 in
577 4926 798 4994 Ticino,
832 4925 1026 4998 ibique
1072 4943 1204 4980 cum
1248 4925 1443 4980 debito
1484 4927 1645 4979 tanto
1675 4922 1826 4995 patri

211 5019 437 5075 honore
467 5015 818 5074 recondidit.

281 5109 453 5162 Anno
486 5107 558 5161 ab
575 5103 972 5160 incarnatione
991 5101 1222 5159 Domini
1243 5106 1368 5170 727,
1384 5103 1615 5157 mortuo
1635 5099 1823 5154 Pauli-

211 5196 371 5253 tione
390 5197 533 5250 duce
551 5194 704 5265 apud
724 5192 1022 5247 Civitatem
1044 5209 1275 5260 novam,
1291 5191 1390 5263 qui
1415 5189 1640 5244 ducavit
1661 5206 1730 5242 an
1741 5188 1826 5242 nis

216 5288 306 5353 20,
330 5284 628 5339 mensibus
659 5281 993 5350 6,5uccessit
1007 5282 1301 5336 Marcellus
1324 5280 1456 5334 dux.
1485 5279 1562 5331 Eo
1595 5293 1824 5348 quoque

214 5379 483 5447 tempore
504 5375 616 5427 Leo
636 5370 954 5442 imperator
974 5369 1243 5442 migravit
1267 5386 1301 5426 a
1316 5369 1554 5437 saeculo;
1585 5363 1676 5420 cui
1699 5381 1827 5420 suc-

217 5466 467 5525 cesserat
499 5460 927 5520 Constantinus.

1919 4579 2256 4653 ﬁliorumque
2277 4588 2575 4634 nostrorum
2599 4579 2791 4633 Leonis
2839 4585 2887 4632 et
2919 4575 3283 4642 Constantini,
3311 4586 3534 4642 magna“

1920 4687 2048 4727 rum
2072 4671 2476 4741 imperatorum,
2521 4671 2632 4738 ipsa
2677 4673 2948 4721 revocetur
2977 4665 3374 4720 Ravenantium
3403 4663 3543 4744 czvi-O

1929 4768 2029 4827 tas,
2058 4768 2116 4814 ut
2151 4759 2257 4814 zelo
2286 4765 2335 4813 et
2381 4773 2559 4813 amore
2598 4762 2794 4811 sancta
2832 4755 2961 4824 ﬁdei
2989 4759 3184 4809 nostra
3214 4755 3269 4807 in
3295 4756 3437 4807 statu
3461 4750 3538 4802 νει

1919 4849 2146 4921 publica
2193 4855 2241 4902 et
2289 4847 2557 4917 imperiali
2591 4846 2806 4900 servicio
2834 4844 2981 4911 ﬁrmi
2997 4847 3278 4913 persistere
3303 4840 3535 4894 Domino

1927 4955 2030 5012 quo
2060 4946 2106 4980 30
2138 4943 2446 5007 cooperante
2475 4935 2765 4990 valeamus.
2799 4930 2943 4984 Deus
2981 4939 3027 4985 te
3074 4931 3387 4985 incolumem
3425 4943 3540 4982 cus-

1930 5027 2118 5095 todiat,
2148 5027 2479 5081 dilectissime
2505 5025 2697 5094 frater.

1999 5116 2093 5170 His
2124 5112 2453 5188 pralibatis,
2476 5115 2607 5184 post
2627 5111 2922 5164 decessum
2962 5106 3369 5178 pradictorum
3404 5122 3539 5177 qua-

1927 5206 2060 5259 tuor
2081 5204 2328 5259 militum
2344 5201 2759 5271 magistrorum
2777 5195 3012 5267 quintus
3028 5194 3286 5263 ejusdem
3305 5195 3538 5262 prafec-

1929 5296 2072 5348 tura
2105 5292 2427 5355 ordinatur,
2459 5288 2556 5360 qui
2573 5288 2864 5343 Johannes
2883 5281 3186 5337 Fabriacus
3207 5281 3535 5349 vocabatur,

1931 5382 2090 5452 cujus
2119 5378 2293 5436 simili
2321 5376 2497 5434 modo
2528 5379 2593 5432 ut
2622 5374 2766 5444 aliis,
2805 5370 3159 5446 principatus
3202 5366 3369 5423 unius
3397 5371 3536 5426 anni

1543 5607 1774 5665 VARLE
1811 5604 2212 5666 LECTIONES.

289 5736 489 5793 "712.
549 5731 632 5788 ed.
707 5731 816 5804 292'.
869 5746 917 5791 e.
976 5729 1057 5792 sic
1109 5727 1230 5793 (En.
1284 5727 1472 5804 Pun).
1548 5727 1623 5773 ’θ’
1649 5724 1790 5786 cade
1851 5731 1906 5788 2.
1981 5726 2166 5790 “seu.
2226 5732 2538 5803 possessor.
2622 5725 2670 5765 ’θ
2689 5717 2829 5779 deest
2891 5714 2948 5777 2.
3025 5708 3428 5776 avilderandus
3483 5713 3539 5774 2,

217 5808 363 5872 "ita
386 5809 444 5869 2.
476 5802 756 5890 quoque?
