3882 6212
426 449 527 502 895

1643 442 1925 500 IOANNIS
1965 444 2082 502 DIA
2093 442 2253 500 CONl
2293 441 2534 503 VENETI
3631 451 3714 506 896

423 568 607 641 spatio
632 570 944 636 manserat,
980 567 1268 640 ipsiusque
1313 568 1490 624 etiam
1518 585 1552 624 a
1583 567 1861 624 Veneticis
1891 567 2037 623 oculi
2061 569 2116 628 Α
2141 568 2311 636 oculi,
2334 568 2626 640 ipsiusque
2641 568 2911 623 ducatum
2924 565 3194 624 auferens
3210 582 3600 644 possessorque
3616 574 3714 644 ejus

425 657 603 712 avulsi
639 660 789 711 sunt.

494 745 587 799 llis
614 762 842 816 quoque
870 745 1224 816 temporibus
1248 744 1583 800 Antoninus
1607 744 1910 800 Cradensis
1936 762 2038 816 pa-

424 833 675 887 triarcha
695 850 726 887 a
747 834 1015 904 prmsenti
1040 835 1162 887 luce
1185 834 1565 903 migraverat;
1595 835 1753 905 cujus
1773 834 2036 904 regimen

423 937 715 976 annorum
743 925 811 975 22
842 926 898 975 et
936 922 1227 975 mensium
1263 924 1348 988 10,
1380 922 1615 994 insuper
1644 926 1701 975 et
1728 922 1950 976 dierum
1972 922 2039 975 20

425 1009 631 1063 fuerat.
661 1009 890 1064 Hisdem
922 1010 1097 1063 etiam
1131 1010 1334 1064 diebus
1364 1010 1710 1081 Forjulensis
1740 1010 1977 1064 ecclesia
2006 1025 2040 1062 a

426 1096 642 1152 Sereno
673 1099 915 1168 praesule
937 1099 1268 1169 regebatur,
1299 1098 1416 1169 qui,
1448 1098 1658 1152 nullius
1682 1098 1912 1169 iustitiae
1944 1115 2040 1152 ex-

425 1189 641 1258 pertus,
673 1186 778 1240 sibi
811 1186 1198 1258 usurpationis
1245 1203 1433 1254 causa,
1465 1187 1628 1257 regia
1657 1189 1940 1258 potestate
1967 1185 2039 1240 ab

425 1274 737 1346 apostolica
769 1275 902 1330 sede
932 1275 1169 1346 pallium
1183 1275 1406 1347 primus
1420 1276 1827 1331 tantummodo
1848 1273 2039 1346 acqui-

423 1362 570 1430 sivit,
604 1379 670 1417 ac
698 1363 1030 1434 hujusmodi
1061 1364 1364 1436 epistolam
1397 1381 1431 1418 a
1458 1365 1736 1436 Gregorio
1786 1363 2039 1418 antistite

426 1450 687 1505 Romano
720 1451 1003 1522 accepisse
1029 1451 1381 1507 dinoscitur:

499 1538 674 1593 Tanto
706 1557 924 1594 munere
952 1542 1069 1611 quis
1092 1539 1319 1607 ditatur,
1348 1547 1605 1612 quantum
1636 1541 1700 1596 in
1719 1540 2042 1596 sublimitate

416 1628 621 1697 positus
645 1626 708 1680 de
735 1645 787 1682 se
815 1645 882 1683 ea:
925 1628 1184 1684 mandato
1228 1628 1438 1682 domini
1471 1627 1842 1700 Redemptoris
1871 1629 2043 1683 humi-

426 1714 541 1768 liter
563 1717 739 1769 sentit.
771 1716 990 1770 Etenim
1029 1716 1320 1787 pastoralis
1348 1717 1582 1786 dignitas
1611 1717 1957 1785 singulariter
1980 1734 2042 1771 ex

426 1803 726 1858 humilitate
783 1810 1044 1870 ornatur;
1099 1805 1448 1876 spernendum
1506 1807 1699 1876 quippe
1757 1805 2042 1875 apostolica

2139 657 2308 711 unius
2321 656 2457 711 anni
2476 656 2662 728 spatio
2676 655 3076 727 fuerat.Super
3087 673 3262 728 quem
3278 657 3482 714 deinde
3497 659 3714 718 Venetici

2138 744 2444 811 irruentes,
2472 762 2701 816 unaque
2719 745 3442 815 conspirantesvoluntate,
3470 749 3711 805 oculossi-

2137 833 2352 886 militer
2372 833 2522 886 illius
2569 835 2866 887 eruerunt.
2902 833 3048 887 Loco
3076 833 3241 903 cujus
3263 833 3612 891 Dominicum
3633 853 3710 893 co-

2138 925 2457 991 gnomento
2479 921 3640 991 Monegarium,Metamaucensem,ducem
3656 927 3711 981 si-

2139 1009 2195 1063 bi
2212 1009 2490 1064 fecerunt.
2514 1011 2581 1064 Et
2598 1013 2659 1063 ut
2674 1026 2798 1064 mos
2813 1009 2966 1081 vulgi
2983 1010 3198 1082 est,qui
3217 1028 3510 1084 nunquam
3531 1013 3580 1067 in
3597 1031 3711 1086 pra:-

2140 1098 2324 1168 posita
2336 1100 2630 1153 voluntate
2663 1097 2973 1168 persistens
2997 1107 3067 1167 83,
3086 1099 3190 1154 sed
3213 1099 3502 1171 quandam
3529 1117 3712 1174 supers-

2138 1186 2331 1241 titiosa
2357 1185 2596 1241 stultitia
2621 1185 2759 1241 alias
2778 1189 2952 1259 atque
2979 1187 3122 1242 alias
3138 1187 3710 1244 adinventionesexco—

2139 1275 2349 1347 gitana,
2381 1275 2573 1347 primo
2605 1274 2754 1330 illius
2785 1275 2974 1330 ducati
3007 1293 3168 1331 anno
3192 1276 3456 1332 tribunos
3473 1277 3618 1346 duos,
3633 1277 3710 1350 qui

2140 1364 2243 1418 sub
2269 1363 2454 1418 ducali
2478 1364 2712 1418 decretu
2733 1363 3138 1431 consisterent,
3163 1364 3273 1419 sibi
3302 1369 3710 1436 praposuerunt.

2144 1450 2308 1514 Quod
2340 1452 2516 1507 etiam
2545 1468 2648 1522 per
2665 1452 2919 1523 singulos
2950 1469 3140 1507 annos
3165 1453 3560 1524 praenominati
3586 1453 3710 1512 ducis

2139 1538 2268 1594 vitae
2294 1539 2484 1595 facere
2514 1541 2705 1596 conati
2759 1545 2911 1596 sunt.
2964 1540 3188 1596 Deinde
3236 1540 3457 1612 praefati
3502 1541 3711 1598 Venetici

2141 1626 2292 1682 facta
2323 1628 2754 1700 conspiratione
2775 1628 3036 1701 ejusdem
3061 1629 3353 1684 Dominici
3383 1629 3531 1686 ducis
3556 1631 3713 1685 oculos

2143 1716 2481 1772 evellerunt.
2500 1717 2864 1789 Fueruntque
2879 1717 3018 1772 anni
3031 1717 3278 1774 ducatus
3291 1717 3436 1773 illius
3448 1721 3709 1774 numeroS.

2216 1807 2350 1859 Post
2397 1814 2443 1847 ³³
2493 1806 2774 1860 dicessum
2828 1816 2873 1850 δι
2921 1807 3081 1878 cujus
3139 1806 3334 1862 omnis
3361 1807 3710 1862 Veneticorum

427 1889 579 1947 lectio
610 1895 790 1960 arguit
835 1893 994 1947 elatos
1014 1921 1032 1959 ,-
1077 1900 1127 1946 et
1179 1895 1230 1948 si
1271 1895 1539 1964 accepisti,
1589 1893 1718 1964 quid
1773 1887 2040 1963 gloriaris,
2065 1887 2116 1951 B
2143 1893 2470 1963 frequentia
2496 1893 2668 1949 simul
2707 1895 2964 1961 collecta,
2992 1894 3320 1967 quemdam
3359 1895 3528 1950 civem
3555 1896 3709 1950 Hiera-

426 1980 585 2049 quasi
611 1981 659 2032 si
684 1996 789 2033 non
805 1982 1088 2051 acceperis.
1111 1980 1260 2035 Nam
1288 1981 1415 2035 dum
1437 1981 1509 2034 ad
1541 1981 1822 2036 cumulum
1847 1985 1928 2036 tui
1957 1982 2046 2035 ho-

425 2069 568 2121 noris
583 2068 831 2139 precibus
856 2071 1038 2123 eximii
1054 2070 1160 2138 ﬁlii
1199 2072 1370 2126 nostri
1403 2072 1538 2140 regis
1581 2071 1727 2138 ﬂexi,
1744 2070 2043 2141 plurimum

427 2157 585 2210 etiam
602 2174 704 2228 pro
735 2159 1048 2212 rectitudine
1076 2158 1201 2228 ﬁdei
1224 2176 1388 2230 quam
1417 2165 1465 2212 te
1496 2165 1746 2230 tuamque
1775 2158 2044 2213 ecclesiam

429 2251 602 2298 tenere
651 2253 699 2300 et
746 2246 1054 2317 amplectere
1098 2249 1438 2316 cognovimus
1472 2249 1769 2317 provocati,
1818 2246 2044 2318 pallium

427 2333 526 2387 tibi
570 2333 879 2402 direximus,
935 2335 1303 2390 interdicentes
1349 2341 1400 2389 et
1429 2338 1566 2388 inter
1616 2342 1807 2402 cetera,
1847 2353 1912 2389 ne
1939 2353 2044 2389 un—

426 2439 588 2495 quam
615 2423 792 2479 aliena
800 2426 937 2494 jura
965 2424 1254 2491 invaderes,
1275 2431 1368 2478 aut
1391 2425 1706 2479 temeritatis
1725 2441 1860 2478 ausu
1882 2440 2044 2480 usur—

416 2528 577 2582 pares
613 2511 683 2581 ju
694 2512 1053 2566 risdictionem
1078 2513 1419 2584 cujusquam,
1449 2512 1542 2567 sed
1571 2515 1627 2565 in
1652 2513 1732 2566 his
1761 2529 1894 2568 esses
1915 2530 2044 2567 con-

427 2604 600 2651 tentus
628 2616 744 2670 qua:
786 2616 950 2670 usque
1001 2599 1212 2654 actedus
1244 2600 1541 2671 possedisti.
1582 2599 1744 2655 Nunc
1790 2616 1932 2667 vero,
1984 2608 2045 2656 ut

427 2688 793 2760 cognovimus,
871 2687 1158 2742 Gradensis
1204 2688 1452 2758 presulis
1528 2689 1709 2743 niteris
1752 2689 2044 2760 pervadere

419 2774 577 2845 jura,
608 2781 767 2848 atque
793 2792 857 2830 ex
882 2775 962 2829 his
981 2793 1094 2846 qua:
1114 2775 1345 2847 possedit
1385 2794 1524 2830 nunc
1563 2793 1726 2848 usque
1763 2795 2038 2848 usurpare.

425 2862 514 2918 Ne
557 2880 679 2932 ergo
732 2865 788 2917 in
842 2863 1075 2936 quodam
1104 2865 1303 2919 cristas
1335 2872 1634 2932 temerator,
1664 2882 1729 2920 ex
1756 2865 2041 2936 apostolica

427 2953 743 3008 auctoritate
759 2953 1105 3023 praecipimus
1132 2968 1199 3007 ne
1245 2952 1352 3007 ulto
1393 2953 1547 3008 modo
1599 2955 1848 3008 terminos
1889 2969 2042 3011 exce-

425 3039 520 3092 das
548 3038 619 3094 ad
643 3057 760 3094 eum
800 3057 1078 3112 possessos,
1132 3041 1220 3096 sed
1267 3040 1442 3097 solum
1468 3043 1706 3112 sufﬁciat
1735 3045 1791 3097 in
1816 3043 1896 3098 his
1923 3059 2042 3114 quae

425 3127 581 3184 modo
607 3144 771 3200 usque
791 3128 1106 3200 possedisti;
1153 3146 1246 3183 nec
1297 3130 1528 3200 amplius
1576 3148 1738 3202 quam
1767 3132 1822 3186 in
1847 3131 2042 3199 ﬁnibus

2143 1981 2342 2035 cliana:
2374 1982 2613 2036 civitatis
2664 1982 2996 2037 Mauricium
3037 1983 3305 2050 nomine,
3352 1983 3709 2055 peritissimum

2141 2069 2396 2123 saeculari
2431 2069 2640 2137 studio,
2669 2070 2906 2124 ducatus
2928 2070 3157 2126 honore
3184 2071 3336 2143 apud
3351 2072 3711 2126 Metamaucen-

2142 2173 2264 2212 sem
2296 2157 2543 2211 insulam
2594 2157 2941 2212 sublimavit.
2991 2157 3098 2222 Qui
3165 2159 3307 2214 dum
3360 2159 3621 2230 sapienter
3665 2161 3710 2212 et

2141 2245 2456 2300 honorifice
2481 2245 2891 2301 Veneticorum
2920 2261 3161 2301 causam
3179 2247 3240 2301 in
3265 2247 3524 2302 omnibus
3540 2249 3707 2301 tracta-

2141 2336 2252 2396 ret,
2280 2334 2589 2389 undecimo
2623 2335 2707 2390 sui
2735 2335 2974 2390 ducatus
3003 2352 3165 2392 anno
3198 2337 3352 2408 apud
3381 2336 3706 2393 Olivolensem

2142 2423 2251 2493 (44)
2278 2422 2526 2478 insulam
2556 2424 2871 2496 apostolica
2895 2424 3247 2480 auctoritate
3291 2441 3496 2481 novum
3532 2423 3707 2497 episco-

2143 2512 2343 2582 patum
2370 2511 2496 2566 fore
2528 2511 2800 2567 decrevit.
2829 2513 2891 2566 ln
2948 2529 3061 2584 quo
3123 2513 3418 2586 quendam
3462 2513 3707 2578 clericum,

2143 2597 2563 2654 Ohelliebatum
2577 2599 2841 2669 nomine,
2863 2600 3206 2673 episcopum
3226 2601 3518 2657 ordinavit.
3533 2598 3708 2656 Dehinc

2140 2703 2274 2742 cum
2303 2687 2546 2758 triginta
2565 2690 2624 2744 et
2654 2705 2770 2743 uno
2804 2705 2963 2744 anno
3014 2689 3260 2745 ducatus
3289 2689 3604 2762 dignitatem
3625 2704 3706 2758 gu-

2140 2774 2431 2841 bernaret,
2454 2776 2580 2846 jam
2617 2776 2852 2832 eﬂ'ectus
2870 2793 3065 2845 senex,
3094 2779 3316 2850 populo
3337 2777 3707 2850 interpellante,

2139 2863 2468 2919 Iohannem
2505 2881 2672 2922 suum
2702 2865 2887 2920 filium
2918 2865 3165 2922 honoris
3182 2867 3267 2922 sui
3289 2866 3492 2922 habere.
3517 2880 3708 2920 consor-

2140 2954 2260 3007 tem
2287 2953 2656 3024 complacuit.
2713 2955 2946 3009 Duobus
2994 2955 3372 3026 postmodum
3414 2953 3563 3010 annis
3601 2967 3704 3006 cum

2139 3040 2337 3095 sobole
2367 3040 2556 3096 extitit
2583 3045 2643 3096 et
2669 3042 2747 3096 sic
2787 3042 3057 3097 ultimum
3111 3043 3172 3104 in
3205 3060 3344 3116 pace
3373 3042 3539 3097 ﬁnivit
3558 3041 3702 3095 diem.

2211 3129 2483 3185 Preterea
2513 3145 2645 3184 cum
2687 3133 2878 3186 essent
2923 3130 3064 3185 anni
3091 3132 3166 3188 ab
3220 3131 3592 3187 incarnatione
3616 3129 3702 3182 Do-

414 3216 608 3287 procul
633 3217 794 3271 dubio
821 3219 998 3288 gentis
1018 3216 1494 3288 Langobardorum
1525 3219 1867 3275 existentibus
1891 3227 2040 3289 ‘gres-
2063 3211 2110 3278 Ο
2139 3215 2285 3271 mini
2337 3217 2658 3288 octingenti
2712 3217 2918 3290 viginti
2967 3222 3107 3288 tres,
3153 3219 3457 3288 Iohannes,
3498 3213 3701 3272 Mauricii

422 3320 540 3359 sum
581 3303 789 3362 tendere
825 3322 1194 3376 prwsummas,
1244 3312 1307 3360 ut
1356 3323 1465 3361 non
1517 3308 1716 3378 injuste
1765 3310 2040 3379 suscepisse

419 3394 655 3462 gratiam
685 3392 933 3448 collatam
958 3402 1001 3436 δι
1030 3393 1195 3466 pallii
1239 3411 1304 3450 ex
1322 3399 1735 3468 pressumptione
1763 3397 2036 3463 ostendas,-

425 3486 477 3537 εἰ
507 3481 625 3536 inde
673 3483 950 3554 apostolici
972 3485 1150 3555 vigore
1171 3486 1408 3553 concilii,
1436 3487 1484 3539 si
1502 3485 1800 3541 inobediens
1845 3487 2035 3556 fueris,

426 3570 730 3641 reprobatus
759 3571 987 3626 multum
1032 3580 1080 3627 et
1132 3573 1380 3644 indignus
1404 3574 1679 3645 iudiceris.

496 3659 713 3714 Eodem
740 3659 916 3715 etiam
940 3664 1204 3734 tempore
1231 3662 1544 3718 Emilianus
1569 3663 1919 3733 patriarcha,
1938 3661 2035 3736 qui

423 3747 774 3804 Gradensem
807 3749 1108 3804 ecclesiam
1137 3750 1305 3805 annis
1335 3752 1366 3804 8
1391 3753 1449 3804 et
1478 3750 1725 3806 diebusii
1753 3752 2038 3821 guberna-

422 3839 603 3904 verat,
636 3836 695 3892 in
725 3853 866 3908 pace
892 3838 1068 3892 vitam
1095 3838 1299 3892 finivit.
1335 3837 1435 3892 Cui
1472 3837 1679 3892 deinde
1722 3839 2037 3896 Vitalianus

425 3924 486 3981 in
515 3926 722 3981 eadem
753 3929 1101 3980 successerat
1131 3925 1287 3980 sede.

493 4015 592 4070 His
640 4031 871 4086 quoque
921 4013 1278 4084 temporibus
1322 4013 1652 4084 praelibatus
1697 4014 1907 4083 Vitalis,
1939 4018 2037 4088 qui

422 4103 780 4157 Altinensem
812 4101 978 4155 annis
1010 4105 1040 4155 9
1073 4105 1131 4154 et
1160 4101 1458 4156 mensibus
1480 4105 1511 4156 6
1543 4103 1843 4159 ecclesiam
1873 4122 2034 4160 rexe-

424 4193 535 4257 rat,
560 4189 631 4244 ab
663 4190 769 4243 hac
817 4189 942 4243 luce
969 4189 1289 4244 subtractus
1320 4193 1423 4246 est.
1457 4190 1756 4247 Severinus
1787 4196 2037 4262 postmo-

426 4278 567 4333 dum
597 4277 725 4331 vitaa
748 4278 908 4348 cujus
920 4277 1224 4332 adsecutor
1239 4277 1297 4332 in
1321 4278 1528 4334 eadem
1550 4279 1738 4336 fuerat
1757 4280 2035 4352 dignitate

426 4367 742 4422 ordinatus.
761 4366 990 4422 Eisdem
1017 4367 1192 4422 etiam
1218 4368 1416 4423 diebus
1450 4369 1702 4424 Venetici
1735 4370 2038 4442 magistro-

424 4472 552 4512 rum
581 4454 829 4511 militum
843 4456 1160 4527 praalibata:
1175 4458 1532 4528 prmfecturae
1547 4457 1890 4530 dignitatem
1905 4459 2037 4514 abo-

2139 3304 2412 3360 antedicti
2443 3305 2611 3374 filius,
2642 3306 2881 3361 honoris
2907 3306 3205 3379 fastigium
3233 3309 3383 3380 apud
3398 3302 3701 3362 eandemin-

2137 3394 2322 3448 aulam
2349 3393 2586 3448 adorans
2616 3397 2705 3448 est
2730 3394 3082 3465 gubernare,
3118 3412 3294 3468 quem
3325 3409 3502 3468 neque
3529 3389 3699 3462 scripto

2136 3497 2324 3552 neque
2351 3482 2632 3537 relatione
2649 3483 2866 3553 experti
2879 3499 3078 3538 sumus
3093 3500 3216 3540 suae
3231 3484 3422 3557 patria:
3441 3477 3701 3537 commoda

2136 3569 2286 3625 bene
2315 3573 2613 3626 tractasse.
2648 3571 2846 3626 Extitit
2871 3571 3111 3643 quidem
3153 3581 3200 3615 ³³
3248 3572 3353 3628 sibi
3382 3571 3519 3626 ﬁlius
3542 3565 3702 3624 Mauri-

2136 3657 2254 3714 cius
2278 3658 2539 3725 nomine,
2570 3659 2659 3713 cui
2707 3661 2908 3714 octavo
2955 3660 3184 3716 decimo
3229 3677 3379 3716 anno
3405 3659 3484 3714 sui
3508 3657 3701 3712 ducatus

2137 3746 2400 3817 ejusdem
2415 3747 2715 3818 dignitatis
2725 3747 3063 3804 societatem
3079 3743 3700 3816 concessit.Temporibus

2136 3851 2385 3907 quorum
2417 3836 2572 3907 apud
2625 3835 2934 3892 Veneciam
2985 3837 3132 3893 adeo
3186 3837 3426 3892 excrevit
3473 3848 3630 3898 mare,
3652 3829 3701 3881 ut

2136 3941 2341 3981 omnes
2371 3924 2583 3980 insulas
2612 3924 2763 3980 ultra
2791 3925 3035 3981 modum
3069 3925 3413 3998 cooperiret.
3440 3923 3582 3978 Circa
3603 3919 3700 3973 haec

2135 4012 2421 4084 siquidem
2450 4016 2717 4084 tempora
2741 4012 3103 4069 Constantini
3134 4013 3357 4086 augusti
3387 4010 3521 4067 oculi
3547 4026 3574 4063 a
3599 4003 3698 4078 qui-

2134 4102 2377 4157 busdam
2418 4101 2530 4156 suis
2587 4101 2865 4157 militibus
2914 4102 3090 4157 evulsi
3122 4105 3276 4170 sunt,
3304 4105 3360 4157 et
3387 4096 3596 4155 Herenis
3620 4108 3696 4147 au-

2136 4193 2302 4262 gusta
2330 4190 2641 4262 imperium
2669 4191 2842 4263 coepit
2871 4192 3202 4262 gubernare
3229 4192 3342 4265 (an.
3364 4187 3502 4261 797).

2206 4280 2425 4334 Mortuo
2443 4296 2575 4334 vero
2591 4279 2926 4334 Obeliebato
2946 4280 3242 4351 episcopo,
3263 4279 3356 4352 qui
3370 4275 3694 4334 Olivolensem

2135 4367 2528 4440 episcopatum
2555 4371 2783 4422 rexerat
2813 4367 2981 4422 annis
3011 4371 3101 4436 23,
3136 4367 3506 4423 Christoforus
3547 4355 3692 4415 extitit

2136 4457 2189 4511 ei
2214 4473 2519 4512 successor.
2552 4459 2722 4512 Anno
2767 4473 2902 4512 vero
2952 4456 3231 4528 vigesimo
3289 4455 3458 4510 tercio
3502 4449 3692 4505 ducatus

425 4545 738 4613 minantes,
753 4561 951 4600 rursus
967 4547 1028 4599 ut
1040 4545 1332 4616 quondam
1348 4546 1576 4615 ducem,
1591 4546 2037 4602 videlicetDeus-
2058 4540 2111 4598 D
2133 4546 2376 4618 predicti
2399 4546 2696 4610 Johannis,
2728 4549 3028 4618 comperta
3053 4546 3349 4602 occasione
3372 4557 3523 4599 suum
3545 4536 3688 4591 ﬁlium

425 4633 658 4701 dedem,
679 4634 968 4706 saepedicti
989 4633 1223 4689 Ursonis
1243 4635 1411 4706 Vpati
1441 4635 1646 4702 filium,
1674 4635 1734 4689 in
1760 4636 2034 4690 Metamu-

422 4738 591 4778 cense
622 4722 805 4778 insula
833 4723 940 4778 sibi
989 4726 1276 4779 crearunt.
1324 4723 1494 4795 Cujus
1535 4723 1799 4794 regimen
1852 4723 2038 4779 extitit

421 4810 607 4883 spatio
640 4828 929 4867 annorum
962 4816 1049 4868 13.
1080 4815 1204 4884 Ipse
1232 4829 1462 4885 quoque
1493 4813 1754 4885 posthaec
1784 4828 1915 4868 cum
1936 4813 2036 4868 de-

421 4900 572 4956 coris
599 4905 658 4957 et
685 4901 1004 4957 honestatis
1026 4901 1212 4974 gratia
1245 4904 1496 4956 castrum
1529 4901 1685 4972 quod
1713 4901 2038 4957 Brundulus

422 4989 630 5045 dicitur
658 5007 776 5046 non
809 5007 877 5046 eo
907 4993 1034 5045 loco
1061 4990 1120 5044 in
1151 5006 1266 5063 quo
1297 5006 1451 5045 nunc
1473 4989 1647 5044 situm
1668 4989 1910 5058 videtur,
1933 4990 2035 5046 sed

419 5080 572 5135 ultra
599 5081 951 5151 praesentem
979 5079 1168 5152 ripam
1198 5078 1461 5134 ﬂuminis
1477 5079 1731 5134 condere
1762 5078 1961 5147 voluit,
1981 5081 2039 5135 et

416 5167 531 5225 illic
547 5186 581 5226 a
591 5170 848 5243 quodam
862 5168 1104 5238 infideli,
1117 5168 1275 5224 Galla
1295 5167 1558 5239 nomine,
1576 5169 1626 5242 ej
1635 5185 1698 5225 us
1710 5168 1889 5226 avulsi
1903 5173 2038 5226 sunt

2134 4634 2466 4690 Mauricium
2490 4635 2676 4689 navali
2696 4635 2947 4690 exercitu
2967 4635 3040 4689 ad
3059 4634 3406 4690 Gradensem
3427 4630 3620 4688 urbem,
3643 4626 3690 4674 ut

2137 4723 2415 4778 domuum
2441 4723 2767 4778 Iohannem
2798 4723 3228 4778 sanctissimum
3258 4708 3688 4793 patriarchamin-

2135 4811 2442 4881 terficeret,
2457 4811 2782 4867 destinavit.
2803 4811 2910 4867 Ubi
2925 4811 3056 4866 illuc
3076 4811 3361 4884 pervenit,
3375 4797 3689 4890 paternis‘jlts'

2137 4900 2392 4956 sionibus
2439 4901 2842 4972 obtemperare
2897 4900 3154 4968 studens,
3186 4898 3429 4954 eundem
3458 4885 3686 4978 sanctissi-

2137 5005 2301 5044 mum
2331 4991 2516 5044 virum
2539 4989 3172 5045 crudeliterinterfecit.
3207 4987 3373 5058 Cujus
3391 4997 3533 5039 mors
3546 4986 3688 5031 ma!!-

2137 5095 2301 5134 mum
2321 5079 2583 5135 dolorem
2605 5079 2719 5135 suis
2742 5078 2979 5152 reliquit
2999 5078 3231 5144 civibus,
3257 5072 3515 5148 quoniam
3533 5067 3687 5157 insqnf

2136 5168 2326 5225 fuerat
2341 5168 2744 5242 interemptus.
2759 5150 3110 5225 Gubernavit
3132 5170 3325 5223 autem
3339 5159 3599 5236 prodictus
3611 5150 3690 5220 Dei

1739 5341 1971 5397 VARUE
2004 5338 2406 5398 LECTIONES.

495 5473 539 5508 ιι
571 5465 779 5522 collata
803 5469 858 5524 2.
937 5473 984 5509 8!
1005 5464 1317 5536 presistens
1341 5468 1395 5523 2.
1473 5473 1519 5510 οι
1545 5465 1669 5522 hinc
1697 5463 1859 5523 codex
1890 5468 1912 5522 1
1934 5467 2135 5539 pergit.
2213 5473 2258 5508 ει
2277 5466 2353 5520 ita
2397 5467 2419 5520 1

1990 5585 2217 5645 ΝΟΤΛΕ.

495 5702 605 5778 (44)
636 5703 902 5780 Ollivolo,

2500 5471 2546 5508 ³⁸
2576 5478 2680 5522 vox
2707 5480 2867 5536 supra
2899 5462 3097 5523 lineam
3145 5460 3338 5534 scripta
3371 5459 3418 5513 l.
