3882 6212
159 403 280 462 897

1452 401 1855 461 CHRONICON
1893 401 2245 463 VENETUM.

3409 407 3512 469 898

157 526 252 582 vir
277 523 635 582 Gradensem
665 520 962 582 ecclesiam
993 523 1161 582 annis
1209 525 1276 582 36
1325 533 1391 595 ³ο,
1417 528 1784 600 sepultusque
1806 534 1860 592 Α
1889 545 2142 601 namque
2155 530 2336 595 sedes,
2353 546 2480 602 quae
2493 530 2728 604 proprio
2752 532 2984 605 pastore
3000 548 3176 589 vacua
3189 533 3510 603 videbatur,

159 615 279 672 fuit
318 615 380 670 in
426 615 608 670 sancti
648 615 814 670 Marci
854 616 1074 688 capella
1121 617 1231 684 (45)
1283 618 1410 686 post
1451 620 1784 670 sanctorum

159 707 499 776 martyrum
547 705 860 760 mausolea.
897 703 1080 768 Quem
1128 705 1394 760 successit
1444 705 1788 759 Fortunatus

162 793 242 849 ad
274 793 603 866 regendam
632 793 951 848 ecclesiam.

237 883 467 937 Eodem
491 898 720 954 quoque
744 885 1002 953 tempore
1027 883 1274 937 domnus
1292 883 1525 938 Carolus
1543 884 1791 938 Franco-

154 989 300 1027 rum
325 988 425 1026 rex
458 972 684 1025 Roman
717 970 855 1024 adiit
885 971 998 1040 (an.
1033 972 1156 1037 800,
1191 971 1320 1025 Dec.
1352 973 1465 1042 25),
1501 972 1692 1044 ibique
1717 973 1787 1026 ab

159 1059 490 1133 apostolico
521 1063 829 1114 coronatus
875 1063 932 1114 et
979 1063 1182 1114 unctus
1213 1064 1297 1114 est
1323 1060 1383 1115 in
1413 1061 1784 1132 imperatore.

152 1151 390 1204 Mortua
418 1151 503 1202 est
551 1165 806 1220 namque
838 1149 1075 1202 Hercnis
1105 1153 1365 1219 augusta,
1401 1168 1527 1222 quas
1563 1155 1788 1205 rexerat

153 1237 483 1309 imperium
507 1237 676 1290 annis
693 1240 746 1303 8,
773 1241 830 1290 et
848 1237 1143 1306 Nicyforus
1166 1238 1464 1308 imperiale
1493 1239 1787 1309 fastigium

152 1327 410 1396 adeptus
439 1328 544 1380 est.
579 1325 762 1389 Quem
795 1324 1033 1394 quidam
1077 1326 1391 1392 tirranuus,
1415 1327 1651 1380 Turcbis
1686 1345 1789 1382 no-

156 1414 352 1480 mine,
387 1429 605 1484 magna
634 1413 1006 1484 expedicione
1035 1414 1294 1484 stipatus.
1323 1420 1560 1469 conatus
1591 1419 1675 1470 est
1719 1417 1791 1470 ad

156 1504 443 1576 praelium
485 1518 816 1574 provocare.
848 1501 962 1557 Sed
992 1507 1265 1574 augustus
1293 1519 1424 1557 cum
1456 1504 1540 1558 sui
1563 1505 1789 1576 imperii

157 1609 321 1664 pene
355 1591 558 1646 omnia
586 1592 714 1646 loca
742 1594 943 1645 contra
967 1594 1314 1662 tyrrannum
1348 1595 1626 1659 tueretur,
1659 1597 1789 1646 tan-

155 1680 486 1736 tummodo
536 1680 726 1734 solum
753 1679 1106 1734 Tarsatieum
1162 1680 1455 1735 destruere
1506 1680 1693 1752 potuit
1722 1689 1788 1740 ιτ.

166 1769 563 1826 Postmodum
608 1784 742 1824 vero
798 1767 1086 1839 predietus
1155 1768 1451 1823 tirraunus
1505 1769 1788 1840 penitens

167 1859 336 1932 quod
366 1861 574 1913 contra
599 1857 898 1928 imperiale
928 1873 1144 1911 numen
1171 1856 1404 1929 aliquod
1436 1858 1598 1912 nefas
1632 1874 1793 1928 pere-

162 1948 371 2022 gisset,
406 1946 645 2002 devotus
670 1949 729 2001 et
751 1959 996 2000 cernuus
1013 1961 1178 2000 snam
1205 1945 1499 2000 adinvenit
1518 1946 1787 2017 gratiam.

239 2035 573 2092 Prelibatus
603 2034 889 2106 siquidem
920 2033 1262 2089 Fortunatus
1294 2035 1619 2106 patriarcha
1647 2035 1791 2090 acri-

162 2129 258 2180 ter
284 2124 496 2180 dolens
514 2122 977 2178 interfectionem
998 2122 1083 2177 sui
1104 2122 1416 2178 decessoris
1437 2127 1494 2178 et
1514 2123 1789 2195 parentis,

160 2211 415 2270 insidias
454 2211 722 2266 adversus
767 2209 1099 2266 Mauricium
1148 2213 1206 2266 et
1255 2211 1580 2266 Iohannem
1622 2211 1793 2268 duces

163 2298 505 2373 composuit
532 2307 600 2366 38,
632 2302 690 2354 et
715 2297 914 2353 relicta
941 2299 1077 2354 sede
1107 2300 1324 2370 et;urbe
1349 2299 1420 2354 ad
1445 2300 1666 2354 Italiam
1692 2317 1790 2371 pe-

161 2388 317 2445 rexit
344 2397 395 2432 ³⁸
424 2389 486 2454 ’ς
517 2403 692 2460 quem
723 2387 898 2442 etiam
940 2389 1166 2442 secutus
1210 2389 1296 2441 est
1341 2387 1578 2459 quidam
1611 2388 1794 2442 tribu-

164 2496 275 2533 nus
309 2475 654 2532 Obellierius
678 2476 917 2531 nomine
933 2475 1424 2543 Metamaucensis,
1449 2476 1597 2531 Felix
1619 2476 1795 2531 tribu-

167 2582 302 2634 nus,
328 2565 652 2628 Dimitrius,
684 2564 1032 2620 Marinianus
1062 2579 1161 2619 seu
1192 2565 1467 2619 Fuscarus
1509 2564 1789 2636 Gregorii,

165 2659 226 2711 et
255 2653 527 2710 nonnulli
554 2653 648 2708 alii
669 2653 1070 2708 Veneticorum
1094 2653 1350 2722 majores
1379 2655 1488 2724 (an.
1518 2656 1665 2723 803).
1715 2656 1793 2708 Ex

166 2743 384 2817 quibus
436 2743 589 2796 solus
628 2740 953 2813 patriarcha
994 2741 1052 2795 in
1096 2742 1391 2796 Franciam
1432 2741 1550 2800 ivit.
1605 2742 1793 2797 Ceteri

168 2849 309 2888 vero
329 2833 740 2886 remanserunt
759 2829 818 2884 in
835 2830 1086 2902 quadam
1125 2829 1351 2884 civitate
1387 2847 1504 2885 non
1536 2832 1795 2902 procula

168 2919 448 2988 Veneeia,
495 2920 735 2974 nomine
769 2919 1048 2987 Tarvisio;
1081 2919 1274 2991 ibique
1308 2935 1424 2973 non
1454 2919 1665 2973 diutius
1694 2920 1796 2974 de-

172 3012 404 3082 gentes,
432 3007 669 3064 consilio
695 3008 928 3063 illorum
958 3007 1264 3064 ammoniti
1304 3007 1402 3079 qui
1451 3007 1509 3062 in
1557 3007 1797 3063 Venetia

174 3097 587 3164 morabantur,
620 3095 989 3152 Obellierium
1010 3096 1122 3168 (46)
1137 3096 1435 3151 tribunum
1456 3095 1660 3150 ducem
1685 3097 1798 3150 ele-

173 3189 412 3259 gerunt.

248 3274 377 3338 Quo
393 3274 686 3329 Iohannes
701 3276 760 3329 et
774 3272 1073 3328 Mauricius
1092 3273 1266 3327 duces
1288 3271 1798 3344 comperto,attriti

172 3362 573 3429 timoratione,
592 3361 734 3434 lapsi
760 3365 914 3419 sunt.
930 3363 1090 3416 Alter
1121 3360 1349 3416 illorum
1385 3360 1707 3428 Franciam,
1741 3359 1801 3414 id

175 3455 262 3507 est
291 3450 616 3517 Mauricius,
649 3451 793 3505 alter
812 3466 947 3505 vero
980 3450 1272 3504 Mantuam
1303 3448 1500 3516 adivit,
1525 3449 1620 3504 ubi
1653 3449 1798 3503 adeo

176 3539 533 3594 commorati
558 3541 716 3605 'sunt,
752 3541 813 3592 ut
836 3541 1041 3593 neuter
1066 3537 1297 3592 illorum
1319 3537 1626 3592 Veneeiam
1652 3537 1802 3592 redi-

173 3627 405 3696 ret,sed
435 3626 550 3681 illic
581 3626 734 3682 diem
765 3627 1092 3681 clauserunt
1118 3628 1442 3680 extremum
1486 3625 1802 3681 Christofo-

175 3733 274 3772 rus
291 3716 472 3772 etiam
491 3714 826 3770 Olivolensis
845 3714 1164 3787 episcopus,
1203 3714 1341 3768 dum
1356 3713 1623 3769 Obelierii
1644 3715 1801 3770 ducis

176 3805 494 3860 adventum
527 3819 645 3858 non
699 3803 937 3858 auderet
977 3801 1300 3874 prestolari,
1335 3810 1483 3866 {cum
1531 3802 1802 3873 predictis

177 3893 423 3948 ducibus
461 3891 600 3963 fuga
628 3893 818 3964 lapsus
863 3894 965 3946 est.
1016 3891 1171 3945 Tune
1213 3890 1440 3945 hisdem
1486 3891 1802 3947 Obelierius

177 3981 458 4036 audacter
473 3978 781 4034 Veneeiam
809 3979 1068 4047 intravit;
1093 3979 1190 4051 qui
1221 3995 1353 4032 eum
1384 3979 1588 4034 devote
1614 3984 1672 4034 et
1697 3980 1799 4034 ho-

181 4067 423 4124 noriﬁce
459 4084 494 4122 a
522 4068 737 4140 populo
779 4071 1074 4139 susceptus
1115 4069 1284 4134 esset,
1329 4083 1497 4122 suum
1534 4066 1798 4137 fratrem,

180 4155 445 4211 videlicet
462 4157 701 4210 Beatum
715 4154 1280 4226 nomine,dignitatis
1291 4155 1424 4210 fecit
1437 4155 1543 4210 sibi
1559 4156 1798 4211 socium.

182 4246 295 4300 Hac
333 4244 512 4298 etiam
545 4246 889 4316 tempestate
931 4243 1139 4298 Civitas
1177 4260 1346 4312 nova,
1395 4260 1525 4316 quas
1568 4248 1804 4299 vocatur

181 4333 500 4399 Eracliana,
529 4348 564 4387 a
580 4331 860 4387 Veneticis
879 4332 1168 4387 destructa
1193 4336 1295 4387 est.
1321 4332 1540 4387 Deinde
1561 4333 1803 4403 predicti

181 4421 356 4477 duces
384 4421 649 4477 navalem
678 4420 988 4476 exercitum
1015 4421 1086 4476 ad
1105 4422 1529 4476 Dalmaeiarum
1573 4422 1804 4493 provin-

1811 1823 1862 1880 B

1815 3143 1862 3202 C

1825 4472 1878 4530 D

1887 617 2133 671 Iohanni
2158 619 2400 673 diacono
2429 621 2610 675 electo
2633 638 2666 675 a
2697 622 2864 692 plebe
2898 623 3086 677 fuerat
3124 623 3435 679 adtributa.

1962 708 2090 760 Post
2120 707 2352 778 aliquod
2384 724 2514 761 vero
2541 712 2768 781 tempus
2802 711 3146 765 Fortunatus
3181 713 3507 783 patriarcha

1887 812 2018 848 cum
2037 796 2390 851 Cliristoforo
2415 800 2682 870 episcopo
2703 800 2772 854 de
2791 801 3030 854 Francia
3045 801 3360 872 repedavit.
3380 802 3512 866 Qui-

1888 884 1994 938 bus
2012 901 2141 938 cum
2162 885 2244 938 fas
2265 902 2380 939 non
2405 891 2552 940 esset
2578 889 2884 943 Veneeiam
2907 893 3233 960 penetrare,
3251 890 3308 944 in
3327 891 3509 946 sancti

1890 972 2139 1042 Cipriaui
2163 974 2418 1040 ecclesia,
2439 977 2606 1044 plebe
2630 977 2842 1030 scilicet
2860 978 3125 1034 Altinatis
3149 980 3421 1050 episcopii
3464 989 3510 1022 ³ο

1888 1076 2015 1131 quze
2049 1062 2185 1116 scita
2229 1068 2312 1115 est
2340 1065 2490 1133 apud
2538 1065 2851 1120 Mistrinam
2879 1069 3007 1136 (47),
3062 1068 3291 1139 ospitati
3320 1072 3376 1122 et
3407 1068 3509 1122 ali-

1890 1150 2169 1218 quamdiu
2183 1152 2526 1205 commorati
2545 1157 2697 1207 sunt.
2718 1155 2927 1208 Verum
2943 1159 3248 1226 postquam
3265 1157 3514 1211 domnus

1896 1235 2242 1292 Fortunatus
2275 1240 2613 1294 Christofori
2647 1242 2896 1312 episcopi
2941 1243 3138 1297 sedem
3180 1261 3212 1297 a
3249 1245 3512 1300 Iohanne

1892 1325 2133 1379 diacono
2157 1326 2362 1396 injuste
2388 1334 2718 1398 usurpatam
2742 1331 2958 1391 didicit,
2981 1349 3208 1402 prorsus
3229 1332 3430 1399 doluit,
3456 1336 3515 1388 et

1891 1415 2135 1469 tractare
2157 1416 2570 1470 studiosissime
2596 1418 2745 1488 cepit
2769 1419 3013 1490 qualiter
3042 1420 3148 1474 sibi
3180 1421 3416 1489 faveret,
3451 1427 3513 1478 ut

1891 1517 2022 1556 eum
2043 1503 2114 1556 ad
2137 1505 2430 1575 prOpriam
2448 1505 2643 1560 sedem
2667 1507 2968 1561 restituere
2987 1513 3196 1580 posset.
3218 1511 3513 1566 Iohannes

1891 1590 1935 1644 si
1967 1590 2202 1659 quidem
2226 1593 2531 1662 praedictus
2554 1594 2830 1648 diaconus
2860 1597 3112 1666 quadam
3145 1597 3235 1652 die
3267 1614 3398 1653 cum
3424 1600 3512 1654 in-

1890 1682 2088 1733 cautus
2120 1679 2250 1745 iret,
2295 1697 2328 1734 a
2379 1681 2691 1737 Fortunato
2736 1685 3065 1756 patriarcha
3110 1691 3308 1757 captus
3329 1693 3387 1742 et
3416 1689 3513 1744 diu

1891 1767 2157 1820 detentus
2187 1771 2291 1822 est.
2328 1767 2440 1822 Sed
2465 1773 2527 1823 ut
2557 1772 2911 1842 excogitaret
2941 1773 3080 1844 quid
3112 1775 3182 1828 de
3215 1775 3312 1830 illo
3340 1793 3513 1848 agere

1892 1855 2152 1926 deberet,
2184 1859 2352 1910 nocte
2379 1857 2517 1927 fuga
2544 1858 2732 1929 lapsus
2757 1861 2953 1927 evasit,
2975 1866 3031 1915 et
3061 1862 3345 1918 instanter
3369 1865 3516 1920 Obe-

1891 1943 2120 1998 lierium
2145 1943 2349 1999 ducem
2373 1945 2567 1999 adivit.
2589 1947 2688 2000 Cui
2711 1963 2843 2002 cum
2864 1965 2933 2002 ea
2952 1965 3061 2020 que
3097 1967 3290 2022 passus
3322 1970 3356 2007 a
3376 1955 3514 2008 For-

1890 2035 2092 2087 tunato
2111 2033 2516 2088 fueratordine
2536 2035 2828 2103 recitaret,
2854 2035 3051 2106 pocius
3074 2039 3229 2094 ducis
3249 2040 3511 2097 animum

1892 2121 2160 2176 adversus
2179 2121 2428 2176 eundem
2449 2123 2839 2195 patriarcham
2855 2125 2913 2179 in
2929 2126 3128 2182 odium
3149 2146 3327 2200 quam
3341 2135 3514 2187 antea

1892 2212 2041 2264 esset
2069 2209 2354 2264 excitavit.
2377 2211 2594 2266 Tamen
2623 2215 2958 2269 consulente
2985 2217 3336 2288 patriarcha,
3356 2221 3516 2275 Chri-

1891 2298 2138 2352 stoforus
2185 2298 2383 2352 sedem
2411 2314 2574 2354 suam
2599 2301 2838 2356 tandem
2870 2312 2916 2344 ιο
2943 2305 3180 2376 recepit,
3219 2308 3512 2365 Iohannes

1891 2401 2027 2440 vero
2053 2386 2329 2441 diaconus
2357 2401 2616 2442 reversus
2647 2392 2734 2444 est
2781 2391 2854 2445 ad
2899 2395 3196 2463 propriam
3247 2396 3507 2454 domum.

1891 2475 2072 2545 Igitur
2095 2475 2438 2530 Fortunatus
2455 2477 2784 2548 patriarcha
2801 2495 2932 2534 cum
2951 2498 3054 2552 per
3068 2482 3362 2555 aliquanta
3376 2489 3517 2542 tem-

1893 2577 2100 2633 porum
2123 2563 2314 2634 spacia
2332 2565 2460 2618 exul
2491 2580 2523 2619 a
2544 2566 2779 2636 propria
2801 2568 2936 2622 sede
2959 2574 3245 2640 maneret,
3267 2574 3512 2633 Graden-

1892 2668 2015 2706 sem
2033 2651 2438 2723 disposuitreci
2447 2669 2685 2725 procare
2711 2656 2934 2711 urbem.
2959 2659 3026 2712 Et
3053 2662 3188 2731 quia
3213 2663 3375 2718 valde
3417 2665 3512 2720 Ni-

1893 2744 2032 2795 cetes
2064 2742 2285 2812 patricii
2315 2743 2627 2797 adventum
2668 2747 2972 2816 prestolari
3013 2748 3386 2819 formidabat,
3416 2755 3512 2826 qui

1893 2833 2028 2884 tunc
2061 2829 2265 2884 missus
2305 2832 2378 2886 ab
2406 2831 2755 2903 imperatore
2793 2850 2927 2890 cum
2962 2838 3213 2893 exercitu
3242 2839 3299 2895 in
3323 2847 3516 2914 partes

1895 2919 2320 2974 Dalmaciarum
2351 2923 2522 2992 atque
2571 2921 2947 2978 Veneeiarum
2994 2927 3283 2995 veniebat,
3315 2929 3513 2987 relicta

1897 3007 2030 3060 sede
2061 3011 2118 3062 et
2147 3007 2383 3079 propria
2411 3009 2571 3075 urbe,
2606 3009 2816 3065 iterum
2861 3012 3160 3070 Franciam
3201 3017 3366 3088 petiit
3395 3020 3508 3090 (an.

1895 3096 2044 3165 806).
2076 3096 2368 3150 Iohannes
2394 3112 2526 3150 vero
2553 3097 2845 3167 diaconus,
2877 3102 2973 3172 qui
2996 3103 3208 3158 electus
3235 3105 3424 3161 fuerat
3451 3108 3508 3162 in

1896 3183 2230 3255 episcopatu
2281 3185 2620 3255 Olyvolcnsi,
2677 3188 2974 3244 ordinatus
3027 3196 3112 3246 est
3159 3194 3505 3264 patriarcha.

1899 3271 2218 3327 Obelierius
2234 3273 2520 3344 siquidem
2539 3274 2651 3328 dux
2670 3291 2773 3344 per
2790 3276 2833 3328 Ν
2840 3277 3046 3332 icetam
3066 3281 3370 3352 patricium
3387 3300 3512 3356 spa-

1898 3359 2067 3414 tharii
2099 3362 2206 3431 (48)
2237 3361 2524 3416 honorem
2569 3364 2832 3432 suscepit.
2881 3366 3084 3420 Beatus
3124 3384 3279 3437 vero,
3329 3373 3511 3428 frater

1899 3449 2042 3519 ejus,
2059 3464 2189 3503 cum
2213 3448 2474 3519 predieto
2497 3449 2690 3503 Niceta
2709 3450 3271 3526 ConstantinOpolim
3295 3458 3412 3526 ivit,
3428 3477 3512 3516 se-

1900 3551 2147 3608 cumque
2168 3537 2437 3591 deferens
2458 3536 2859 3592 Veneticorum
2882 3541 3109 3596 obsides
3125 3547 3182 3597 et
3201 3545 3508 3603 Christofo-

1898 3641 2029 3680 rum
2052 3625 2384 3696 episcopum
2400 3628 2458 3678 et
2474 3624 2717 3679 Felicem
2735 3626 3031 3683 tribunum
3045 3633 3158 3694 (an.
3180 3633 3326 3701 807).
3347 3634 3506 3704 Quos

1899 3717 2170 3786 angustus
2194 3713 2358 3767 exilio
2389 3713 2746 3782 dampnavit.
2777 3714 3122 3772 Gubernavit
3149 3723 3343 3776 autem
3374 3740 3506 3795 pre-

1900 3802 2083 3859 dietus
2102 3801 2485 3856 Christoforus
2513 3800 2894 3858 Olivolensem
2914 3805 3211 3862 ecclesiam
3229 3811 3394 3866 anuis
3417 3817 3504 3869 l2.

1901 3891 2082 3956 Quem
2108 3891 2373 3945 successit
2413 3889 2795 3946 Christoforus
2824 3894 3142 3966 presbyter,
3191 3897 3288 3969 qui
3326 3902 3508 3956 sancti

1897 3979 2069 4051 Moysi
2100 3978 2353 4034 ecclesias
2367 3978 2545 4033 estitit
2564 3979 2769 4050 pleban
2783 3998 2862 4038 us.
2885 3982 3100 4038 Eodem
3122 4002 3352 4058 quoque
3369 3993 3510 4045 tem-

1899 4082 2041 4138 pore
2070 4066 2262 4122 civitas
2282 4067 2580 4122 Eracliaua
2605 4083 2638 4122 a
2657 4068 2942 4125 Veneticis
2984 4071 3194 4128 iterum
3218 4073 3510 4134 devastata

1901 4158 1959 4209 et
1978 4155 2115 4226 igne
2141 4155 2440 4210 combusta
2463 4159 2568 4211 est.

1970 4244 2126 4298 Tunc
2157 4245 2359 4298 Beatus
2391 4245 2523 4313 dux,
2567 4245 2664 4316 qui
2707 4262 2838 4301 cum
2870 4247 3065 4304 Niceta
3091 4251 3330 4322 patricio
3360 4254 3509 4312 Cen-

1904 4332 2343 4403 stantinopolim
2369 4332 2488 4402 ivit,
2520 4333 2578 4387 in
2607 4334 2908 4391 Veneeiam
2932 4355 3209 4408 reversus,
3234 4343 3304 4396 ab
3323 4343 3505 4417 impe-

1906 4423 2099 4474 ratore
2121 4420 2340 4475 honore
2377 4421 3089 4493 ypati(~t9)condeeoratus
3101 4433 3186 4483 est
3208 4438 3273 4484 ιι.
3291 4432 3508 4489 Deinde

181 4510 330 4566 ciam
396 4509 866 4583 depopulandam
930 4510 1382 4566 destinaverunt.
1453 4508 1877 4583 Olyvolensis“
1909 4508 2224 4565 Obelierius
2271 4511 2328 4563 et
2373 4510 2574 4564 Beatus
2622 4511 2793 4569 duces
2825 4515 3212 4586 Valentinum,
3262 4519 3508 4578 tercium

1523 4630 1752 4686 νΑΒιιΕ
1785 4627 2076 4684 LECTION
2085 4627 2163 4683 ES

252 4729 298 4800 ις
325 4735 609 4800 numerum
625 4735 732 4800 ope
770 4720 1008 4800 chronici
1037 4719 1346 4800 ⁸(ἶνᾳιιιιηηςιζς
1397 4720 1671 4800 suppleri;
1704 4720 1843 4800 deest
1896 4719 2002 4771 in!
2067 4723 2114 4770 et
2143 4717 2238 4800 cd._
2262 4724 2347 4800 “f7
2371 4721 2730 4800 suprascripta
2780 4738 2897 4800 vox-
2964 4728 3013 4779 1.
3093 4734 3140 4768 ³ο
3189 4727 3263 4782 ad
3311 4745 3504 4800 supra~

181 4794 436 4874 scriptum
467 4795 516 4846 1.

619 4795 689 4833 88‘
719 4793 1068 4865 suprascript.
1133 4796 1180 4848 1.

181 4864 378 4937 scripta
411 4879 513 4918 vox
545 4864 594 4918 1.

1259 4800 1305 4834 8°
1359 4808 1416 4864 p.
1452 4787 1507 4846 's'.
1567 4793 1634 4848 A.
1673 4809 1725 4848 e.
1778 4793 1836 4844 in
1891 4804 2136 4862 margine
2168 4787 2352 4844 addita
2396 4787 2446 4846 1ζ
2526 4799 2570 4833 (ο
2625 4787 3050 4866 suprascriptum
3085 4800 3135 4853 l.
3213 4807 3256 4842 ﬂ
3313 4787 3503 4872 διέργα-

1724 4982 1768 5037 Ν
1775 4980 1950 5038 ΟΤΛΕ.

251 5083 366 5158 (45)
407 5084 469 5158 In
501 5081 1180 5158 ecclesia_S._§ufemias.
1233 5080 1444 5158 Chron.
1471 5081 1789 5158 _Gradense.

253 5153 366 5226 (46)
403 5154 489 5208 Ab
525 5153 812 5208 Einhardo
856 5153 1234 5222 Wilharenus,
1273 5153 1504 5220 Willeri,
1535 5156 1790 5207 vocatur.

253 5227 370 5279 (47)
406 5225 630 5279 Mestre.

275 5229 370 5282 47)
406 5229 630 5280 Mestre.

275 5229 370 5294 47)
406 5227 630 5280 Mestre.

251 5227 368 5369 iw)
411 5293 662 5369 Spatarii
684 5297 747 5369 et
769 5295 1195 5369 proptospatarii,
1225 5296 1312 5351 vel
1336 5298 1399 5348 ut
1426 5293 1521 5348 alii
1540 5293 1798 5348 scribunt

187 5367 460 5440 spatharii
483 5369 541 5421 et
568 5367 1034 5440 protospatharii,
1066 5367 1221 5440 idem
1249 5382 1429 5438 prope
1465 5369 1632 5440 erant
1665 5370 1797 5440 tunc

188 5435 297 5494 tem
310 5438 466 5511 poris
489 5435 648 5511 quod
679 5435 829 5490 hisee
855 5437 1065 5511 nostris
1094 5435 1334 5509 equites,
1360 5435 1654 5511 _cavalieri.
1683 5439 1798 5511 _Eo-

189 5508 1062 5588 rum'insigniascaramangium
1098 5508 1306 5588 (genus
1333 5508 1542 5588 vestis),
1575 5508 1726 5588 ensis
1743 5511 1800 5562 et

187 5577 709 5655 torques.'Videsi_s
748 5578 806 5634 in
859 5577 1799 5655 CeremonialsaulaeByzantina

186 5649 500 5724 lib.'i,cap.
545 5653 636 5705 59.
673 5649 753 5704 De
779 5651 1208 5723 protospatariis
1252 5650 1488 5722 insignis
1514 5654 1672 5708 locus
1716 5656 1801 5708 est

1892 5081 1952 5136 in
1984 5079 2233 5152 exceptis
2281 5079 2478 5153 legum
2527 5079 2584 5134 in
2628 5097 2758 5153 egg.
2804 5081 3007 5153 Leonis
3045 5087 3103 5138 et
3149 5086 3506 5148 Constantini

1893 5153 2076 5223 impp,
2109 5150 2244 5224 ann.
2277 5150 2504 5205 circiter
2531 5153 2642 5224 870
2669 5150 2825 5224 apud
2862 5153 3163 5212 Leunclav.
3191 5157 3250 5211 in
3282 5161 3502 5218 Basilic.

1894 5241 1950 5296 p.
1982 5221 2072 5277 99.
2101 5221 2204 5296 _lhi
2250 5225 2478 5296 vocatos
2493 5223 2684 5296 _lcgas
2708 5221 3290 5295 'psyaloxpsmnéroug,
3338 5231 3396 5286 h.
3448 5251 3501 5289 θ,

1893 5292 2465 5364 hmgmﬁcentissipws.
2489 5292 2624 5348 ZAN.

1967 5363 2325 5440 (40)'Ypatu_s,
2413 5380 2464 5418 e.
2481 5365 3015 5440 consul,sedconsul
3038 5368 3504 5440 honorarius,seu

1900 5433 2078 5508 mavis
2099 5433 2430 5508 censularis,
2454 5438 2510 5508 et
2531 5439 2594 5488 ut
2613 5436 2764 5505 apud
2781 5439 3019 5508 Procop.
3046 5440 3144 5494 lib.
3168 5457 3224 5495 ιιι
3246 5443 3326 5496 De
3355 5433 3504 5500 bello

1898 5507 2064 5588 90th.
2108 5505 2325 5588 consul”
2348 5505 2583 5588 nomine
2615 5511 2792 5587 .teuus
2809 5505 2988 5588 ὒπᾳῖοξ
3019 5512 3316 5586 καλούμενος
3336 5518 3503 5588 μόνον.

1902 5575 2272 5654 Frequensde
2294 5574 2656 5654 iis_i_uGra3ci_s
2684 5581 3033 5654 auctoribus,
3067 5574 3192 5654 post
3213 5574 3504 5642 emiditam

1902 5647 2439 5719 CouStautinopoliu
2457 5650 2877 5708 meutio.Recte
2893 5647 3086 5712 tamen
3105 5659 3508 5715 monuitCom-
