3882 6212
353 398 458 462 899

1569 399 1856 462 IOANNIS
1893 399 2179 462 DIACONI
2215 400 2465 463 VENETI

3569 406 3674 469 900

349 530 582 587 illorum
606 525 869 593 fratrem,
899 522 960 581 in
1008 521 1286 597 dignitate
1326 523 1410 580 sui
1461 524 1698 582 ducatus
1746 525 1961 581 habere
1996 531 2042 589 Α
2065 525 2174 598 (50)
2202 527 2396 598 petiit;
2426 527 2526 601 qui
2556 527 2812 602 quinque
2842 543 3134 587 annorum
3158 527 3350 604 spacia
3375 530 3684 589 Veneticu-

352 621 684 676 consortem
717 616 1043 671 voluerunt.

421 710 651 762 Interea
688 703 874 760 foedus
923 703 1079 776 quod
1105 703 1511 758 Veneticorum
1540 704 1786 775 populus
1809 704 1967 774 olym

355 812 488 852 cum
518 791 711 849 Italico
739 808 875 864 rege
903 791 1173 859 habebat,
1204 791 1300 846 illo
1345 794 1610 863 tempore
1661 796 1779 858 (an.
1817 791 1966 862 819),

356 883 558 956 Pipino
591 883 799 954 agente
829 897 988 952 rege,
1021 879 1346 951 disruptum
1377 884 1480 946 est,
1515 884 1574 935 et
1598 879 1825 935 hisdem
1870 895 1970 934 rex

351 974 657 1043 ingentem
679 969 993 1025 exercitum
1024 968 1537 1040 Langobardorum
1564 969 1636 1024 ad
1669 968 1970 1023 Vcnetico-

355 1079 488 1118 rum
532 1057 890 1132 provinciam
941 1057 1284 1130 capiendam
1323 1057 1636 1130 promovit.
1691 1058 1798 1123 Qui
1840 1073 1973 1112 cum

356 1165 575 1222 magna
605 1147 941 1203 difficultate
973 1150 1170 1217 portus
1215 1146 1312 1218 qui
1353 1146 1616 1202 dividunt
1656 1146 1974 1201 insularum

353 1239 546 1294 littora
575 1235 997 1310 pertransisset,
1013 1235 1249 1290 tandem
1274 1235 1347 1290 ad
1361 1236 1652 1307 quendam
1667 1236 1856 1290 locum
1877 1237 1974 1306 qui

354 1328 580 1382 Albiola
613 1328 846 1381 vocatur
876 1324 1134 1396 pervenit
1165 1335 1232 1390 η,
1280 1326 1438 1379 nulla
1485 1325 1712 1380 ratione
1739 1325 1976 1378 inantea

357 1415 704 1490 pertendere
727 1429 986 1484 gressum
1016 1413 1206 1467 valuit.
1226 1411 1421 1484 Ibique
1445 1413 1618 1466 duces
1636 1411 1828 1482 stipati
1850 1427 1974 1466 ma-

356 1522 472 1576 gna
500 1501 904 1558 Veneticorum
927 1500 1297 1572 expedicione
1311 1500 1560 1554 eundem
1576 1516 1776 1570 regem
1804 1499 1978 1552 auda-

355 1596 478 1648 cter
497 1590 749 1662 aggressi
769 1593 920 1656 sunt,
962 1593 1021 1642 et
1055 1588 1326 1642 divinitus
1358 1588 1554 1642 datum
1581 1593 1666 1642 est
1695 1586 1976 1641 Veneticis

2065 631 2194 671 rum
2227 617 2499 672 ducatum
2531 619 3022 690 gubernaverunt.

2138 703 2359 759 Deinde
2375 721 2504 760 cum
2519 708 2709 761 essent
2719 706 2858 761 anni
2871 707 2944 762 ab
2957 707 3358 765 incarnatione
3381 707 3616 766 Domini
3633 718 3685 754 ω

2069 792 2168 846 8...
2194 793 2338 863 [813]
2369 801 2414 835 ιο
2437 793 2592 864 apud
2621 793 3046 850 Rivoaltensem
3077 795 3326 852 insulam
3357 797 3612 854 Venetici
3634 806 3683 842 ιτ

2069 879 2370 935 communi
2393 881 2624 937 decreto
2639 881 2876 937 ducatus
2887 883 3083 939 sedem
3095 885 3312 940 habere
3325 887 3683 954 maluerunt,

2070 972 2128 1023 et
2158 968 2232 1023 ad
2256 970 2408 1024 hunc
2441 969 2727 1025 honorem
2759 971 3052 1042 quendam
3082 973 3268 1028 virum
3298 975 3614 1045 Agnellum
3637 984 3689 1019 ιι

2071 1055 2182 1128 (51)
2206 1057 2464 1124 nomine,
2491 1057 2591 1130 qui
2618 1059 2816 1131 palatii
2841 1060 3135 1132 hucusque
3176 1062 3470 1118 manentis
3501 1063 3690 1120 fuerat

2070 1144 2404 1208 fabricator,
2430 1146 2832 1202 sublimarunt.
2860 1147 2976 1204 Sub
3006 1148 3288 1221 dignitate
3319 1151 3496 1207 etiam
3527 1153 3688 1224 cuius

2075 1234 2492 1289 duostribunos
2505 1252 2608 1308 per
2627 1235 2884 1307 singulos
2899 1253 3086 1292 annos
3104 1237 3229 1292 ﬁeri
3241 1239 3687 1300 constituerunt.

2073 1322 2292 1377 Eodem
2319 1322 2554 1394 quidem
2593 1340 2748 1379 anno
2788 1325 3062 1380 Michahel
3089 1325 3412 1399 imperator
3447 1345 3582 1384 cum
3614 1331 3691 1387 ad

2073 1411 2519 1482 expugnandam
2543 1413 2920 1484 Bulgarorum
2943 1418 3178 1485 gentem
3193 1431 3497 1488 aggressus
3517 1423 3686 1486 esset,

2071 1499 2131 1553 in
2147 1504 2371 1554 tantum
2385 1499 2754 1555 inimicorum
2781 1500 3214 1556 multitudinem
3231 1505 3572 1574 perterritus
3582 1506 3694 1562 fuit

2074 1589 2397 1659 ut,proprio
2410 1588 2608 1643 relicto
2621 1589 2892 1656 exercitu,
2905 1590 3105 1661 fugam
3119 1589 3688 1666 Constantinopolim

357 1682 428 1737 de
452 1679 700 1737 inimicis
724 1677 1113 1750 triumphum;
1133 1678 1324 1748 sicque
1344 1675 1634 1748 predictus
1650 1691 1750 1730 rex
1773 1676 1972 1730 confu-
2073 1675 2332 1746 arripuit.
2358 1676 2425 1729 Et
2438 1675 2572 1747 quia
2586 1676 2749 1731 valde
2765 1675 3338 1748 sibiignominiosum
3355 1679 3466 1734 hoc
3487 1681 3690 1738 fecisse

357 1788 449 1826 sus
466 1769 715 1825 recessit.
753 1767 933 1838 Igitur
953 1782 1107 1820 anno
1139 1764 1560 1820 incarnacionis
1587 1763 1974 1836 redemptoris
2074 1763 2394 1831 videbatur,
2428 1780 2546 1819 non
2587 1764 2872 1836 palacium
2915 1766 3017 1822 sed
3045 1767 3467 1823 monasterium
3499 1770 3687 1842 petiit.

358 1855 608 1911 nostri...
644 1854 884 1925 Pipinus
921 1869 1020 1907 rex
1061 1851 1331 1923 deposuit
1365 1850 1666 1906 hominem
1698 1850 1812 1921 (an.
1847 1854 1972 1917 810,
1993 1848 2044 1906 Β
2069 1852 2226 1906 Tunc
2247 1851 2357 1907 Leo
2375 1852 2472 1923 qui
2495 1852 2644 1907 illius
2667 1853 2947 1908 exercitus
2973 1855 3178 1910 ductor
3210 1858 3268 1910 et
3283 1855 3528 1928 signifer
3541 1861 3692 1927 erat,

357 1943 490 1998 Jun.
524 1943 636 2016 24),
668 1946 725 1997 et
755 1939 1376 2011 Constantinopolitani
1409 1939 1591 2006 missi,
1620 1939 1718 2010 qui
1740 1942 1875 1993 tunc
1897 1939 1972 1994 ad
2073 1956 2332 2012 pugnam
2347 1944 2579 2014 patrare
2606 1941 2848 1997 minime
2863 1941 3078 2010 timuit,
3093 1945 3153 1997 et
3172 1944 3289 1998 Deo
3306 1944 3538 2000 favente
3553 1963 3693 2002 cum

361 2030 811 2103 eumlegationis
827 2046 996 2085 causa
1018 2029 1346 2096 veniebant,
1373 2033 1602 2084 mortuo
1624 2028 1746 2100 ipso
1761 2027 1975 2084 reversi
2075 2029 2370 2100 triumpho
2391 2030 2594 2086 urbem
2631 2047 2890 2086 reversus
2917 2033 3026 2086 est.
3055 2030 3239 2096 Quem
3267 2032 3694 2106 imperatorem

358 2126 510 2177 sunt.
541 2121 832 2176 Iohannes
862 2117 1146 2190 siquidem
1177 2118 1524 2191 patriarcha,
1558 2117 1656 2190 qui
1682 2133 1784 2189 per
1812 2119 1846 2172 4
1877 2134 1976 2172 an-
2075 2133 2279 2172 omnes
2308 2117 2434 2172 ﬁeri
2464 2117 3368 2176 conlaudaverunt.Postmodum
3389 2138 3526 2177 vero
3540 2123 3699 2180 Con-

360 2227 567 2265 norum
601 2207 792 2282 spacia
825 2207 1176 2262 Gradensem
1228 2207 1426 2261 sedem
1476 2205 1700 2260 vivente
1746 2208 1976 2277 pastore
2074 2205 2415 2273 stantinum,
2445 2223 2618 2262 suum
2649 2205 2855 2274 ﬁlium,
2882 2206 3104 2263 socium
3132 2207 3346 2264 habere
3368 2207 3430 2264 in
3452 2210 3563 2266 hac
3602 2211 3699 2268 di-

359 2299 670 2370 usurpavit,
729 2295 976 2350 sinodali
1028 2311 1272 2349 censura
1319 2293 1610 2366 depositus
1664 2297 1768 2349 est.
1823 2294 1977 2348 Licet
2076 2294 2300 2366 gnitate
2330 2293 2528 2350 voluit.

362 2385 576 2456 iniuste
587 2383 1321 2449 sedeminvaderet,tamen
1332 2386 1466 2437 ante
1477 2385 1807 2436 sanctorum
1829 2397 1980 2435 mar-
2149 2381 2466 2438 Prelibatus
2491 2383 2776 2456 siquidem
2803 2387 3079 2460 Agnellus
3109 2387 3222 2444 dux
3250 2403 3384 2444 cum
3413 2387 3561 2445 duos
3587 2390 3698 2445 ha-

361 2477 552 2547 tyrum
576 2472 980 2528 Hermachorae
999 2473 1058 2525 et
1079 2469 1397 2536 Fortunati,
1419 2485 1516 2524 seu
1535 2469 1765 2542 Hyllarii
1797 2471 1854 2523 et
1870 2468 1977 2522 Ta-
2076 2469 2240 2525 heret
2260 2472 2446 2539 natos,
2481 2489 2628 2526 unus
2654 2471 2907 2542 illorum,
2934 2474 2997 2532 id
3031 2478 3119 2531 est
3138 2475 3516 2540 Iustinianus,
3547 2477 3704 2534 Con-

367 2563 519 2622 ciani
553 2575 818 2632 corpora,
851 2575 956 2613 nec
1003 2574 1122 2613 non
1168 2560 1228 2612 et
1267 2557 1450 2612 sancti
1477 2557 1646 2613 Marci
1671 2557 1976 2628 capellam,
2076 2558 3704 2637 stantinopolimdestinavit;qnemimperatorhonoriﬁce

363 2649 708 2708 marmoreis
750 2646 1035 2703 columnis
1077 2647 1136 2700 et
1175 2645 1384 2700 tabulis
1420 2645 1739 2700 honorifice
1774 2645 1980 2702 choros
2077 2647 2411 2719 suspiciens,
2438 2648 2578 2720 ipati
2605 2649 3013 2707 honoremsibi
3041 2651 3576 2727 Iargivit;alterum
3593 2670 3703 2710 ve-

365 2754 718 2813 componere
747 2735 984 2791 studuit.
1013 2736 1074 2790 In
1112 2737 1326 2788 sanctae
1355 2750 1490 2790 vero
1539 2733 1640 2790 Dei
1686 2733 1978 2806 genitricis
2077 2753 2165 2804 ro,
2193 2737 2254 2792 id
2277 2741 2364 2793 est
2387 2738 2696 2808 Iohannes,
2737 2739 2945 2796 ducem
2973 2740 3101 2797 ﬁeri
3129 2741 3440 2814 promovit.
3472 2743 3706 2800 Dehinc

363 2828 553 2887 Mariae
587 2825 828 2882 ecclesia
853 2839 1025 2894 supra
1053 2822 1233 2877 altare
1260 2821 1542 2877 ciborium
1572 2821 1816 2894 peregit.
1839 2821 1980 2878 For—
2077 2828 2273 2881 autem
2287 2842 2406 2882 non
2424 2828 3047 2902 postlongumtempug
3067 2829 3422 2888 liminium,
3447 2830 3712 2906 ίωρθη,

361 2921 598 2974 tunatus
611 2913 820 2970 dehinc
831 2912 906 2968 ad
920 2910 1215 2985 propriam
1245 2911 1442 2966 sedem
1473 2926 1732 2966 reversus
1763 2913 1873 2968 est.
1909 2910 1978 2966 Et
2078 2916 2231 2969 tores
2244 2923 2290 2957 ιθ
2304 2914 2491 2987 ipatus
2509 2915 3009 2990 Constantinopoli
3032 2917 3107 2974 ad
3124 2918 3361 2992 propria
3374 2921 3707 2995 repedavit,

365 3005 502 3080 quia
525 3005 683 3059 nulla
720 3001 943 3057 ratione
963 2999 1049 3055 sui
1083 2998 1273 3072 operis
1297 2997 1718 3071 plenitudinem
1741 3015 1979 3054 exarare
2079 3001 2394 3075 dolensque
2410 3003 2652 3060 fratrem
2670 3021 2840 3060 suum
2855 3005 2914 3060 in
2925 3006 3544 3080 honorefastigiatnm,
3559 3027 3712 3068 con-

366 3112 462 3152 me
481 3109 646 3166 posse
675 3089 960 3157 existimo,
989 3091 1216 3160 partem
1238 3104 1415 3160 quam
1441 3088 1814 3144 corrumdam
1839 3088 1984 3143 rela-
2013 3118 2062 3179 C
2077 3090 2318 3162 tempsit
2336 3090 2496 3146 adire
2509 3092 2811 3164 palatium,
2834 3094 2935 3149 sed
2953 3095 3014 3150 in
3039 3095 3222 3150 sancti
3253 3095 3449 3152 Severi
3463 3099 3714 3157 ecclesia

365 3183 522 3239 tione
535 3182 801 3254 expertus
812 3194 939 3233 sum
951 3176 1081 3232 stilo
1095 3175 1374 3232 adnotare
1387 3176 1984 3232 studui.Ecclesiarum

368 3287 623 3344 namque
642 3267 846 3325 altaria
863 3264 1167 3322 Gradensis
1183 3264 1360 3332 urbis,
1381 3265 1676 3320 lamminis
1693 3264 1984 3337 argenteis

369 3357 804 3425 condecoravit,
828 3357 888 3411 et
915 3370 1088 3425 supra
1118 3353 1318 3408 altaria
1357 3357 1680 3426 martyrum
1707 3355 1986 3426 argentea

369 3448 589 3520 templa
612 3443 954 3518 composuit.
984 3441 1293 3497 Ecclesiam
1325 3458 1462 3498 vero
1511 3445 1724 3498 sancta:
1762 3441 1984 3514 Agathe

251 3599 257 3606 ,
369 3531 1110 3610 martyrisafundamentis
1135 3530 1255 3602 ipse
1303 3530 1570 3586 ediﬂcare
1621 3529 1986 3586 devotissime

367 3625 522 3682 fecit.
557 3623 664 3680 Ubi
695 3625 1017 3693 martyrum
1069 3618 1458 3691 quadraginta
1495 3621 1556 3673 et
1597 3617 1712 3672 duo
1742 3633 1988 3689 corpora

370 3714 430 3770 in
472 3713 736 3786 ejusdem
769 3709 1019 3765 ecclesia)
1060 3706 1243 3777 cripta
1269 3716 1314 3748 ιδ
1342 3705 1680 3761 recondivit.
1715 3705 1983 3760 Ceterum

371 3818 506 3858 vero
529 3799 805 3874 quicquid
835 3799 892 3852 in
931 3795 1214 3851 thesauris
1243 3811 1344 3848 seu
1387 3793 1446 3848 in
1491 3792 1860 3848 ecclesiarum
1891 3809 1988 3848 or-

371 3889 662 3946 namentis
694 3885 941 3958 peregit,
966 3899 1141 3938 nemo
1169 3881 1520 3939 nominatim
1540 3881 1864 3953 exprimere
1879 3897 1987 3953 po-

371 3983 505 4035 test.

443 4067 556 4121 Hac
586 4061 824 4136 quidem
859 4061 1202 4132 tempestate
1216 4056 1448 4112 nuntius
1462 4057 1987 4129 Constantinopoli-

370 4159 543 4210 tanus
573 4149 810 4206 nomine
844 4147 1180 4218 Ebersapius
1202 4145 1505 4200 Venetiam
1528 4146 1987 4214 adivit,etVene-

373 4242 623 4297 ticorum
643 4235 880 4292 consilio
904 4237 962 4290 et
981 4234 1190 4289 virtute
1210 4234 1318 4288 hoc
1339 4235 1586 4306 peregit,
1613 4239 1676 4290 ut
1693 4247 1738 4277 ιι
1762 4237 1988 4309 utrique

376 4330 550 4386 duces
569 4330 627 4382 et
648 4323 990 4396 dignitatem
1012 4326 1072 4378 et
1097 4323 1345 4394 patriam
1363 4325 1716 4380 amitterent.
1748 4326 1989 4393 Unus,id

375 4421 462 4474 est
474 4414 808 4481 Obelierius,
830 4412 1388 4484 Constantinopolim
1398 4455 1411 4482 ,
1428 4415 1574 4469 alter
1588 4430 1722 4470 vero
1733 4415 1988 4470 Iateram

2080 3195 2197 3234 una
2211 3194 2343 3234 cum
2357 3196 2458 3235 sua
2487 3181 2732 3252 conjuge
2764 3180 3085 3254 hospitatus
3112 3187 3218 3240 est.
3250 3185 3422 3240 Pater
3446 3203 3716 3261 namque

2080 3267 2204 3338 ejus
2218 3284 2336 3322 non
2350 3267 2447 3323 diu
2459 3267 2562 3323 filii
2573 3269 3042 3326 molestationem
3059 3274 3118 3326 et
3135 3272 3494 3330 abscentiam
3508 3291 3718 3347 passus

2081 3356 2209 3425 fuit,
2225 3355 2506 3427 quoniam
2522 3355 2686 3412 valde
2707 3356 2871 3413 illum
2889 3356 3187 3431 diligebat.
3205 3361 3513 3418 lnterdixit
3524 3363 3720 3422 hono-

2082 3461 2208 3501 rem
2240 3445 2512 3512 Iohanni,
2544 3447 2604 3500 et
2633 3447 2868 3517 expulso
2902 3454 2950 3488 ιο
2976 3446 3236 3520 apatria,
3267 3450 3425 3522 apud
3451 3451 3716 3509 Iateram

2085 3533 2372 3590 civitatem
2413 3533 2582 3588 exilio
2628 3538 2884 3590 retrusus
2915 3538 3020 3591 est.
3047 3535 3204 3592 Tunc
3237 3537 3576 3595 satisfacere
3605 3557 3718 3613 per

2085 3623 2284 3680 omnia
2308 3622 2486 3678 voluit
2502 3623 2823 3678 Iustiniano
2851 3641 2955 3680 suo
2977 3624 3116 3692 filio,
3149 3641 3269 3680 non
3288 3629 3482 3683 solum
3511 3628 3710 3700 ipsum

2085 3711 2185 3766 sed
2206 3711 2382 3766 etiam
2403 3711 2713 3783 Agnellum
2733 3729 2901 3768 suum
2923 3716 3221 3784 nepotem,
3251 3715 3518 3786 ejusdem
3543 3718 3718 3774 Iusti-

2086 3799 2246 3854 niani
2276 3803 2500 3866 natum,
2533 3803 2863 3855 consortem
2891 3800 2976 3854 sui
2997 3800 3136 3856 fecit
3159 3801 3423 3859 ducatus.
3453 3804 3621 3860 Unde
3638 3807 3720 3862 fa-

2085 3893 2242 3944 ctum
2274 3891 2358 3942 est
2381 3891 2442 3942 ut
2466 3888 2780 3954 Iohannes,
2813 3889 2911 3961 qui
2939 3889 3096 3960 apud
3129 3891 3389 3946 Iateram
3420 3895 3714 3962 exulabat,

2085 3977 2426 4048 fugalapsus
2443 3975 2698 4048 primum
2721 3976 3106 4045 Sclaveniam,
3139 3979 3354 4035 deinde
3380 3981 3459 4036 ad
3487 3983 3716 4039 Italiam

2087 4065 2160 4120 ad
2191 4063 2458 4136 Bergami
2478 4063 2767 4120 civitatem
2786 4066 3068 4138 pervenit.
3093 4068 3321 4123 Interea
3333 4073 3511 4140 pater
3529 4075 3590 4126 et
3601 4072 3716 4127 fra—

2087 4157 2177 4208 ter
2193 4153 2303 4208 hoc
2319 4152 2639 4220 audientes,
2658 4153 2942 4210 miserunt
2970 4155 3212 4211 nuncios
3239 4156 3593 4229 imperatori
3616 4161 3722 4216 Lu-

2091 4241 2311 4308 dovico,
2348 4242 2735 4312 efﬂagitantes
2765 4245 2829 4296 ut
2859 4243 2965 4298 sibi
2990 4243 3262 4300 redderet
3288 4244 3480 4301 filium
3503 4256 3548 4290 ιι
3581 4249 3718 4320 fuga

2089 4330 2336 4399 lapsum.
2369 4331 2694 4400 Imperator
2721 4346 2857 4386 vero
2899 4331 3150 4386 libenter
3185 4331 3422 4388 illorum
3452 4337 3718 4407 precibus

2093 4416 2522 4498 obtemperans,
2544 4417 2797 4474 reddidit
2813 4418 2920 4474 sibi
2934 4418 3244 4492 fugitivum
3260 4438 3274 4490 ;
3293 4437 3478 4494 quem
3497 4424 3716 4498 absque

1705 4539 1939 4596 VARIJE
1976 4539 2267 4596 LECTION
2273 4540 2374 4596 ES.

446 4671 494 4704 η
522 4659 723 4732 Supple
747 4657 976 4724 sed,aut
997 4657 1107 4727 lege
1135 4660 1193 4732 et
1221 4657 1458 4712 tandem
1485 4656 1559 4711 ad
1589 4657 1882 4728 quendam
1902 4659 2100 4732 locum
2133 4690 2201 4700 —
2228 4660 2608 4732 pervenisset.
2631 4661 2687 4716 Ζ
2693 4661 2739 4716 Α
2753 4661 2828 4716 Ν.
2911 4671 2958 4706 ιε
2985 4665 3062 4719 ita
3089 4667 3138 4718 1.
3173 4668 3254 4721 2..
3284 4672 3479 4721 contra
3493 4667 3719 4722 Zanetti

377 4730 737 4789 assertiohem.
814 4741 871 4806 ξι·
893 4730 1253 4806 suprascripta
1283 4745 1385 4783 vox
1410 4732 1458 4782 1.
1494 4803 1501 4806 _
1537 4734 1583 4768 ﬂ
1613 4743 1668 4782 c.
1695 4745 1748 4783 e.
1783 4746 1835 4784 a.
1866 4730 1998 4806 abi.
2032 4731 2096 4785 D.
2132 4730 2508 4806 suprascripta
2543 4738 2588 4786 1.
2672 4742 2717 4776 ιο
2747 4733 2888 4806 VIII}
2920 4749 3042 4806 VIIII
3059 4741 3186 4806 post
3215 4735 3403 4791 addita
3460 4739 3519 4792 in
3571 4756 3712 4792 mar-

373 4808 518 4878 gine,
547 4811 598 4859 et
626 4804 911 4878 recentiore
928 4800 1141 4878 quidem
1171 4816 1374 4878 manu;
1407 4803 1531 4852 ante
1553 4815 1839 4855 numerum
1865 4800 2421 4878 {amomum—rasura
2449 4806 2803 4874 cognoscitur.
2833 4803 2902 4858 In
2931 4800 3134 4862 cod.'2.
3166 4808 3222 4860 in
3243 4824 3422 4878 marg.
3447 4809 3711 4878 adiectum

375 4871 449 4934 Est
473 4871 836 4955 {octingenti
866 4871 1137 4957 quatuor,
1161 4871 1343 4926 eadem
1385 4885 1703 4957 manu’gua’
1722 4872 2031 4957 totusliber
2055 4880 2304 4957 exoratus
2332 4882 2456 4957 est._
2505 4871 2550 4956 λς’
2580 4879 2940 4957 suprascripta
2975 4879 3025 4930 1.
3089 4885 3152 4957 7“
3184 4879 3261 4932 ita
3285 4881 3334 4933 1.
3364 4871 3385 4878 ⁷
3416 4871 3570 4957 “hilo

380 4941 606 5004 bendum
635 4941 734 5002 er'll
759 4963 771 5000 :
803 4941 1121 5015 imperator
1148 4941 1522 5014 apographum

383 5025 435 5077 1.
509 5027 553 5062 ιι
575 5020 991 5090 suprascriptum
1022 5017 1038 5069 1
1056 5054 1070 5068 .

1607 4941 1886 4997 iesbrechli
1898 4961 2065 4998 manu
2080 4952 2407 5012 correctum;
2435 4946 2540 5017 legi
2556 4941 2782 5018 corijicio
2804 4941 2977 5019 impr.

3084 4956 3130 4992 ιο
3157 4965 3225 5004 ex
3256 4967 3422 5022 supra
3455 4950 3554 5006 lin.
3587 4951 3712 5007 add.

1939 5133 2161 5190 ΝΟΤᾸΞ.

378 5225 610 5282 belisius
633 5223 694 5278 in
707 5223 860 5279 notis
890 5220 964 5292 ad
977 5220 1412 5292 Theophanem,
1435 5236 1635 5276 vocem
1665 5221 1845 5285 ὕπατος
1877 5241 1996 5278 non

378 5312 610 5369 semper
639 5295 698 5369 in
731 5291 1058 5369 auctoribus
1097 5291 1302 5346 Graecis
1337 5291 1662 5369 signiﬁcare
1711 5295 1994 5369 consulem,

381 5367 483 5439 sed
507 5365 854 5439 quandoque
874 5365 1155 5439 eximium,
1176 5365 1530 5434 prwcz'puum,
1541 5380 1781 5439 proceres
1813 5370 1870 5420 et
1890 5367 1994 5421 hu-

372 5434 652 5508 jusm'odi.
668 5434 1102 5508 _l_)e'insignibus
1120 5435 1398 5508 horumce
1420 5436 1719 5508 consulum
1746 5437 1998 5508 honora-

381 5504 601 5562 riorum
629 5506 754 5579 vide
787 5504 1108 5579 Cassiodor.
1141 5505 1326 5579 lib._vi
1356 5505 1573 5579 Variar.
1603 5506 1743 5560 Vide
1764 5507 1998 5579 insuper

380 5575 824 5651 celeberrimum
859 5574 1102 5651 Pagium
1139 5574 1197 5628 in
1235 5576 1467 5651 Di_ssert.
1505 5577 1732 5649 Hypat,
1778 5574 1908 5651 cap.
1938 5583 1991 5648 8,

381 5661 439 5717 p.
473 5648 569 5711 71,
592 5643 745 5699 unde
779 5645 903 5701 haec
934 5643 1247 5701 hausimus.
1281 5646 1416 5703 Zuv.

2175 5226 2284 5291 (50)
2322 5227 2484 5281 Zara.

2317 5227 2508 5352 ἕξξῗὲι
2541 5297 2956 5355 documentum
3005 5301 3143 5357 anni
3187 5305 3312 5358 819.
3364 5304 3716 5360 Venetorum

2099 5367 2384 5445 omnium,
2412 5369 2466 5422 ni
2491 5370 2678 5435 fallor,
2709 5371 3175 5445 vestutissimum,
3201 5373 3256 5445 in
3288 5391 3404 5445 quo
3429 5377 3622 5445 agitur
3650 5377 3717 5429 de

2098 5440 2477 5494 translatione
2511 5442 2929 5496 monachorum
2981 5444 3174 5498 Sancti
3219 5440 3441 5500 Servuli
3467 5440 3542 5500 ad
3569 5448 3719 5502 San-

2099 5515 2258 5584 ctum
2278 5511 2552 5584 Hilarium
2575 5512 2647 5584 ab
2659 5513 2868 5584 eodem
2890 5513 3032 5568 duce
3047 5519 3302 5584 peracta.
3335 5516 3462 5570 Vid.
3483 5518 3550 5571 cl.
3579 5518 3719 5572 Cor-

2100 5581 2320 5637 nelium
2349 5582 2408 5637 in
2436 5583 2573 5640 eccl.
2609 5583 2800 5640 Sancti
2821 5581 3062 5641 ServuliI
3081 5585 3214 5640 ZAN.
