3882 6212
403 405 509 466 903

1619 399 1905 460 IOANNIS
1945 395 2232 460 DIACONI
2267 399 2517 461 VENE’I‘I

3635 399 3724 465 901

402 531 562 584 ctum
591 527 684 582 est
709 537 847 598 quo,
877 521 1192 596 quamdam
1235 521 1348 592 die,
1380 522 1520 578 dum
1550 523 1862 594 prclibatus
1901 521 2007 578 Ca-
2029 525 2086 585 A
2117 527 2206 580 ter
2235 524 2347 580 dux
2375 516 2566 580 facere
2584 541 2702 582 non
2719 523 3207 600 denegavit.'t‘unc
3227 541 3564 602 prmparare
3582 544 3723 588 sexa-

404 631 569 672 rosus
593 614 706 670 dux
733 629 962 668 securus
1000 612 1058 666 in
1085 612 1304 684 palacio
1335 615 1619 682 maneret,
1661 627 1695 666 a
1735 611 2008 682 predictis

405 703 740 760 hominibus
768 705 986 772 captus,
1015 701 1216 756 evulsis
1242 701 1418 756 oculis
1437 701 1604 756 exilio
1634 704 1889 754 retrusus
1903 703 2007 754 est.

407 793 506 849 Sui
534 808 763 864 quoque
786 792 1093 857 secutOres,
1121 791 1180 844 id
1198 794 1282 844 est
1303 790 1631 844 Deusdedus
1656 790 1885 854 Grurus,
1907 788 2013 842 Ma-

407 881 567 936 rinus
598 879 888 952 patricius,
933 878 1262 934 Dominicus
1297 879 1655 934 monatarius
1685 881 1742 932 et
1769 877 2016 932 Tritulus

407 969 714 1026 Gradensis
738 967 1023 1023 interfecti
1055 971 1208 1022 sunt.
1233 967 1448 1022 Dehinc
1479 966 1774 1022 neminem
1809 967 2014 1020 ducem

409 1061 758 1116 constituere
790 1059 1140 1124 maluerunt,
1171 1057 1270 1111 sed
1311 1073 1379 1111 eo
1427 1059 1658 1110 carente
1703 1057 1773 1110 ab
1801 1056 2021 1110 Ursone

412 1148 718 1206 Olivolensi
750 1147 1018 1218 episcopo
1050 1149 1108 1200 et
1142 1145 1343 1200 Basilio
1395 1150 1452 1200 et
1498 1146 1759 1200 Iohanne
1795 1145 2020 1199 tribuno

411 1238 582 1294 unius
627 1236 765 1292 anni
819 1235 1010 1305 spacio
1052 1235 1533 1306 dijudicabantur.
1578 1235 1733 1288 Tunc
1774 1233 2022 1288 domnus

409 1329 700 1383 Iohannes
717 1327 826 1380 dux
849 1325 918 1379 de
935 1324 1164 1378 Frantia
1184 1324 1242 1378 in
1257 1323 1434 1378 sancti
1455 1323 1701 1377 Dimitrii
1715 1322 2019 1376 festivitate

412 1433 674 1472 reversus
709 1418 820 1480 est;
866 1429 1040 1485 quem
1071 1412 1323 1466 Venetici
1356 1415 1623 1482 prompte
1655 1410 2024 1482 suscipientes

415 1507 688 1562 ducatum
714 1503 822 1558 sibi
842 1504 1142 1556 restituere
1167 1503 1521 1572 satagerunt.
1549 1498 1878 1554 Dominicus
1899 1497 2024 1568 qui-

418 1595 551 1650 dem
562 1591 934 1648 Torcellensis
946 1591 1245 1662 episcopus
1262 1590 1459 1644 relicto
1487 1588 2028 1659 episeopatumona-

415 1683 656 1738 sterium
669 1679 862 1752 peciit,
877 1679 1004 1734 etin
1016 1680 1140 1734 loco
1155 1678 1275 1749 ejus
1289 1678 1581 1732 Iohannes
1597 1679 1680 1730 est
1709 1673 2024 1731 ordinatus.

2120 613 2280 685 ginta
2296 614 2592 670 bellicosas
2607 632 2780 672 naves
2801 617 2960 673 omni
2981 618 3084 674 sub
3104 617 3492 674 festinatione
3507 618 3720 689 studuit,

2123 705 2179 756 et
2202 719 2378 775 usque
2403 703 2474 758 ad
2487 704 2821 773 Tarantum,
2847 705 2942 760 ubi
2960 705 3107 761 Saba
3124 705 3558 762 Saracenorum
3583 707 3722 779 priu-

2125 808 2256 864 ceps
2287 809 2419 847 cum
2450 793 2702 848 maxime
2725 795 2973 849 exercitu
3001 795 3308 861 manebat,
3328 795 3560 850 easdem
3579 796 3722 852 desti-

2124 881 2298 936 navit.
2336 881 2446 936 Sed
2466 882 2960 938 aSarracenorum
2981 883 3365 938 multitudine
3379 901 3526 956 pene
3543 900 3719 940 omnes

2127 970 2371 1024 Venetici
2391 971 2540 1042 capti
2568 975 2624 1026 et
2644 971 2928 1026 interfecti
2944 975 3092 1027 sunt.
3107 971 3302 1027 [idem
3323 989 3534 1044 nempe
3554 971 3720 1028 Sarra-

2123 1059 2271 1126 ceni,
2304 1059 2565 1114 videntes
2592 1061 2748 1132 quod
2779 1060 2836 1114 in
2867 1061 3197 1116 Christianis
3228 1060 3530 1116 victoriam
3558 1066 3719 1119 essent

2123 1148 2437 1216 consecuti,
2467 1148 2536 1202 ad
2557 1150 2937 1204 Absarensem
2957 1149 3251 1205 civitatem
3276 1149 3396 1222 (55)
3418 1165 3588 1222 usque
3607 1167 3716 1223 per-

2124 1235 2349 1307 tingere
2382 1253 2498 1291 non
2529 1236 2960 1307 dubitaverunt,
2987 1239 3115 1292 etin
3133 1237 3290 1293 feria
3310 1237 3556 1294 secunda
3576 1253 3716 1310 pasce

2123 1325 2392 1379 incendio
2424 1341 2554 1380 eam
2585 1325 2962 1393 devastantes,
2995 1325 3070 1380 ad
3111 1328 3428 1381 Anconam
3455 1326 3714 1382 civitatem

2124 1414 2496 1484 transierunt;
2513 1431 2686 1486 quam
2699 1413 3108 1487 similiterigne
3121 1415 3714 1482 concremantes,mul-

2126 1505 2212 1556 tos
2229 1503 2480 1573 captivos
2492 1503 2696 1558 exinde
2713 1518 2908 1558 secum
2925 1489 3508 1559 detulerunt.Deinde
3525 1506 3714 1558 vastum

2128 1607 2232 1662 per
2246 1607 2406 1644 mare
2425 1591 2535 1644 huc
2558 1591 2688 1646 illuc
2711 1599 2757 1633 =6
2770 1591 3130 1662 navigantes,
3159 1591 3573 1646 Adrianensem
3601 1605 3716 1664 por-

2127 1683 2253 1732 tum
2286 1678 2420 1750 (56),
2457 1679 2552 1752 qui
2571 1678 2786 1735 vicinus
2809 1679 3065 1736 Veneciaa
3090 1679 3376 1748 subsistit,
3402 1679 3710 1753 applicuere.

489 1771 653 1827 Circa
681 1771 790 1825 hoc
822 1771 1084 1841 tempore
1099 1766 1352 1821 Venetici
1371 1765 1778 1837 negociicausa
1799 1763 1938 1818 dum
1957 1763 2026 1818 de
2061 1837 2100 1841 _
2130 1767 2235 1822 Ubi
2259 1784 2387 1823 cum
2402 1767 2870 1824 sortisindustria
2890 1785 2948 1824 se
2978 1769 3093 1824 illic
3125 1767 3358 1824 nullam
3387 1768 3612 1841 predam
3639 1775 3712 1820 σεδ

417 1861 743 1916 Benevento
795 1837 1249 1922 revertebantur,
1307 1869 1342 1909 a
1395 1852 1766 1908 Narrentanis
1819 1850 2028 1906 Sclavis
2058 1837 2112 1898 Β
2129 1860 2330 1928 pturos
2349 1837 3584 1930 pervidissent,reddeundiiteradpropriam
3596 1855 3712 1910 arri-

417 1949 590 2020 capti,
614 1964 765 2020 pene
800 1961 1004 2029 omnes
1034 1943 1319 1998 interfecti
1341 1946 1491 1998 sunt.
1514 1943 1700 1998 Isdem
1717 1957 1848 1996 vero
1866 1940 2030 1996 dom-

419 2054 527 2093 nus
547 2037 838 2092 Iohannes
867 2034 978 2088 dux
1012 2031 1355 2088 sanctissimi
1374 2031 1541 2087 Marci
1565 2029 1912 2102 evangelista
1935 2043 2026 2083 ec-

2128 1950 2380 2018 puerunt
2399 1954 2465 2000 57.
2491 1948 2803 2018 Postquam
2831 1963 2964 2002 vero
2985 1946 3059 2002 ad
3078 1947 3306 2002 exitum
3333 1944 3591 2001 Adriatici
3617 1937 3714 1998 cul-

2129 2035 2167 2090 fl
2195 2035 2308 2108 (57)
2339 2038 2750 2106 pervenerunt,
2778 2049 2952 2090 naves
2968 2033 3386 2090 Veneticorum
3407 2047 3528 2106 qum
3555 2031 3618 2088 de
3643 2031 3712 2086 Si-

416 2125 650 2182 clesiam
683 2139 1044 2189 consecrare,
1070 2125 1128 2177 et
1148 2121 1324 2193 digne
1349 2121 1585 2176 beatum
1611 2135 1816 2190 corpus
1845 2117 1904 2172 in
1931 2133 2029 2172 ea—
2129 2124 2261 2181 cilia
2287 2140 2387 2178 seu
2416 2121 2488 2178 de
2518 2123 2642 2178 aliis
2672 2122 2928 2196 partibus
2950 2123 3417 2191 revertebantur,
3448 2125 3630 2176 omnes
3654 2117 3710 2174 ab

417 2215 551 2270 dem
580 2213 862 2270 collocare
891 2209 1234 2285 procuravit.
1259 2211 1528 2265 Preterea
1550 2205 1788 2280 quidam
1807 2204 2033 2260 Veneti-
2133 2214 2351 2270 eisdem
2378 2213 2794 2284 comprehense
2824 2215 2977 2268 sunt.

418 2313 640 2368 eorum,
667 2302 1060 2373 cognomento
1079 2297 1389 2364 Mastallici,
1409 2295 2030 2368 diabolicasugestione
2205 2304 2267 2358 In
2297 2301 2549 2358 secundo
2579 2315 2714 2356 vero
2745 2313 2900 2356 anno
2935 2299 3154 2356 iterum
3182 2287 3428 2372 preaicti
3449 2293 3710 2373 Saraceni

421 2393 666 2465 decepti,
689 2372 944 2446 eundem
971 2389 1296 2444 Iohannem
1319 2386 1498 2442 sancti
1519 2385 1672 2441 Petri
1697 2385 1769 2440 de
1794 2383 2034 2440 ecclesia
2137 2390 2535 2448 maximocum
2549 2389 2798 2445 exercitu
2810 2403 2992 2461 usque
3005 2387 3078 2444 ad
3091 2383 3401 2454 Qua‘r‘narii
3421 2372 3709 2465 culi’utnISS)

422 2483 480 2537 in
505 2461 765 2554 ejusdem
793 2477 1097 2533 festivitate
1120 2476 1446 2530 venientem
1472 2473 2032 2546 comprehendentes
2133 2483 2544 2552 pervenerunt,
2579 2477 2734 2544 Quos
2761 2476 3018 2534 Venetici
3047 2474 3244 2533 navali
3273 2461 3620 2548 εχρθῃίοίοιῑθ
3635 2473 3707 2554 ag,

421 2551 552 2639 (an;
574 2567 723 2639 836),
737 2567 978 2621 detonsa
990 2564 1172 2619 barba
1186 2579 1317 2618 cum
1340 2562 1576 2635 capillis,
1591 2561 1862 2617 clericum
1879 2559 2033 2633 apud
2133 2551 2482 2640 gredienti”,
2504 2565 2714 2623 acriter
2724 2567 2886 2639 juxta
2904 2567 3096 2621 locum
3120 2566 3225 2640 qui
3261 2563 3538 2637 Sangagu';
3557 2561 3598 2604 st
3613 2551 3708 2634 (5'9.

423 2656 774 2713 Gradensem
794 2654 997 2708 urbem
1019 2665 1355 2708 comecrare
1372 2651 1666 2719 fecerunt;
1691 2650 1788 2722 qui
1809 2649 1888 2704 ibi
1908 2665 2034 2719 per-
2137 2657 2476 2712 nominatur
2503 2671 2677 2728 supra
2695 2655 2931 2710 eosdem
2963 2653 3270 2710 ίιτιιρηιῃι
3297 2661 3364 2708 σο,
3384 2649 3489 2708 Sed
3510 2650 3708 2704 demum

425 2745 589 2813 stitit,
614 2742 847 2798 interim
860 2741 1016 2796 diem
1031 2739 1295 2796 ultimum
1311 2739 1462 2794 vixit.
1489 2739 1910 2795 Prefuitautem
1925 2738 2034 2794 Ve-
2135 2744 2392 2800 Venetici
2420 2744 2624 2800 dantes
2669 2747 2856 2814 terga,
2885 2743 3017 2799 victi
3046 2742 3299 2816 regressi
3327 2743 3473 2797 sunt.
3499 2731 3702 2794 Predicti

425 2834 749 2892 neticorum
778 2832 992 2904 populo
1019 2832 1241 2901 septem
1263 2845 1551 2885 annorum
1565 2827 2032 2900 spacio.Cuisuc-
2143 2833 2445 2890 Sarraceni
2476 2833 2650 2888 etiam
2681 2833 2928 2888 Romam
2960 2832 3080 2888 ausi
3109 2815 3250 2888 sunt
3296 2826 3449 2886 adire
3479 2829 3578 2893 (an.
3604 2815 3705 2879 816.

423 2921 840 2994 cessitquidam
870 2917 1279 2984 nobilissimus,
1311 2919 1512 2973 Petrus
1537 2917 1798 2984 nomine,
1832 2916 2034 2990 quiIo-
2137 2922 2764 2995 Aug.),ecclesiamque
2781 2923 2964 2977 sancti
2981 2921 3137 2978 Petri
3155 2917 3504 2994 deprmdam.
3528 2913 3702 2968 Verum

423 3015 860 3070 hannemsuum
874 3007 1056 3062 ﬁlium
1069 3006 1468 3062 consortemin
1482 3006 1704 3060 honore
1718 3005 1930 3060 habere
1943 3019 2038 3058 vo-
2140 3011 2214 3066 ad
2245 3020 2290 3054 oo
2321 3010 2502 3066 sancti
2532 3011 2690 3066 pauli
2719 3025 2850 3066 cum
2877 3011 3302 3082 pervenissent,
3331 3015 3365 3062 α
3393 2996 3634 3060 Romanis
3647 2997 3709 3052 ci.

427 3103 552 3158 luit.
568 3101 674 3155 Iste
695 3112 949 3169 namque
964 3095 1143 3151 tercio
1160 3095 1246 3151 sui
1257 3095 1494 3150 ducatus
1507 3109 1661 3149 anno
1680 3092 2038 3148 Sclaveniam
2143 3101 2302 3156 vinus
2324 3115 2474 3172 pene
2505 3115 2707 3154 omnes
2737 3097 2907 3154 occisi
2933 3101 3065 3154 sunt
3091 3097 3228 3170 (ϐο),

428 3189 712 3246 bellicosis
733 3185 967 3242 navibus
1003 3187 1461 3273 expugnaturam
1491 3182 1694 3273 adivit.
1714 3181 1827 3236 Sed
1848 3180 1945 3236 ubi
1967 3179 2040 3236 ad
2075 3187 2125 3248 ο
2213 3171 2375 3244 αἱρέει
2401 3187 2524 3244 haec
2550 3191 2817 3260 tempora
2838 3187 3021 3243 sclavi
3049 3185 3349 3242 venientes
3368 3181 3438 3238 ad
3449 3171 3704 3273 νοηθιίοςῗ.

430 3281 622 3334 locum
637 3275 735 3349 qui
765 3277 1000 3330 vocatur
1022 3272 1216 3328 Sancti
1241 3271 1466 3328 Martini
1487 3271 1660 3327 curtis
1687 3269 2039 3342 perveniret,

430 3384 634 3442 pacem
654 3381 787 3422 cum
814 3364 1046 3420 illorum
1066 3361 1325 3435 principe
1345 3361 1642 3417 Muisclavo
1670 3358 1907 3414 nomine
1937 3357 2045 3412 tir-

431 3455 628 3512 mavit.
657 3453 872 3510 Deinde
908 3450 1294 3526 pertransiens
1313 3449 1386 3506 ad
1402 3451 1792 3504 Narrentanas
1807 3446 2039 3511 insulas,

431 3561 563 3600 cum
605 3541 872 3600 Dro'saico
916 3540 1305 3598 Marianorum
1332 3539 1526 3610 judice
1575 3536 1840 3592 similiter
1879 3533 2046 3589 fedus

432 3632 696 3700 instituit,
724 3631 856 3686 licet
872 3630 1116 3685 minime
1135 3630 1378 3694 valeret;
1397 3631 1454 3682 et
1471 3627 1548 3682 sic
1577 3624 1949 3698 postmodum
1971 3623 2044 3678 ad

429 3721 736 3778 Veneciam
749 3735 1008 3775 reversus
1036 3721 1140 3774 est.
1167 3716 1273 3774 Ubi
1291 3717 1391 3771 diu
1411 3711 1763 3770 commorari
1779 3727 1914 3767 eum
1933 3709 2043 3765 mi-

433 3809 592 3865 nime
610 3809 794 3876 licuit;
814 3807 917 3864 sed
939 3807 1127 3862 denuo
1145 3803 1492 3878 praeparavit
1507 3800 1819 3857 exercitum
1841 3799 2044 3854 adver-

433 3909 560 3956 sum
584 3898 873 3954 Liuditum
893 3895 1178 3961 Sclavum,
1198 3893 1296 3948 ubi
1317 3893 1446 3964 plus
1481 3905 1657 3962 quam
1693 3893 1925 3944 centum
1945 3889 2047 3944 Ve-

2143 3293 2275 3333 rum
2305 3279 2431 3332 loca
2459 3277 2865 3350 expugnanda,
2907 3276 3323 3350 Caprulensem
3352 3261 3703 3327 tantummodo

2145 3368 2398 3422 castrum
2427 3365 2908 3438 depredaverunt.

2217 3457 2444 3510 Interea
2456 3437 2770 3510 Ludovicus
2782 3455 3136 3510 Francorum
3154 3469 3255 3509 rex
3267 3443 3556 3506 Beneventi
3574 3437 3704 3516 prin-

2145 3544 2400 3614 cipatum
2433 3542 2606 3598 adivit
2631 3543 2750 3613 (an.
2780 3544 2927 3614 848),
2959 3545 3017 3598 et
3063 3545 3236 3615 capto
3279 3531 3593 3594 Abomasale
3614 3524 3698 3600 (61)

2147 3631 2406 3698 inimico,
2436 3647 2568 3686 cum
2593 3630 2706 3686 suis
2733 3631 2978 3686 Romam
3021 3643 3317 3702 regressus
3351 3627 3431 3681 est
3455 3629 3518 3689 σί,
3547 3617 3700 3687 sicque

2148 3721 2221 3776 ab
2248 3719 2560 3792 apostolico
2577 3722 2884 3775 coronatus
2915 3723 2974 3774 et
2997 3722 3206 3774 unctus
3229 3718 3313 3772 est
3335 3713 3392 3769 in
3418 3721 3591 3781 regem
3609 3709 3700 3798 (αῖξο

2147 3810 2274 3876 850,
2303 3807 2444 3880 Apr.
2479 3808 2765 3880 6).l“ertur
2795 3823 3024 3880 quoque
3049 3809 3191 3861 tunc
3220 3799 3598 3875 Hagusiensem
3641 3803 3702 3884 ci-

2147 3897 2383 3952 vitatem
2407 3896 2582 3951 maris
2601 3899 2660 3952 et
2676 3896 2832 3952 venti
2851 3895 3074 3966 impetu
3087 3893 3341 3950 maxima
3355 3905 3419 3945 ex
3436 3885 3578 3960 parte
3593 3889 3702 3966 ςθςι·

2149 3985 2316 4041 disse.
2341 3987 2540 4040 Denuo
2570 3985 2849 4040 Anchona
2869 3963 3064 4039 civitas
3077 3992 3124 4026 θ’
3137 3982 3212 4039 iis
3234 3979 3424 4037 diebus
3435 3963 3694 4042 depretiata

2147 4077 2255 4130 est.
2286 4073 2565 4128 Venerius
2585 4073 2819 4145 quidem
2839 4055 3576 4146 Gradensispatriarcha,qui
3589 4065 3702 4146 Βρηξ

434 3987 607 4044 netici
622 3983 910 4042 interfecti
929 3984 1184 4049 fuerunt,
1220 3984 1278 4036 et
1306 3980 1521 4052 absque
1533 3972 1835 4050 triumpho
1851 3991 2046 4031 rever-

433 4092 526 4130 sus
543 4077 648 4130 est.
676 4075 834 4128 Tunc
873 4078 982 4138 (an.
1017 4071 1136 4142 840)
1170 4069 1230 4124 in
1261 4085 1460 4124 mense
1494 4067 1662 4124 Madii
1705 4070 1862 4122 sexta
1901 4066 2048 4122 hora

437 4161 553 4218 diei
580 4162 664 4217 sol
695 4161 1030 4216 obscuratus
1065 4139 1170 4226 est,
1220 4161 1280 4212 et
1323 4157 1508 4212 factus
1543 4159 1628 4212 est
1655 4155 1898 4228 eclipsis.
1933 4155 2046 4210 Hac
2149 4163 2420 4218 tiﬁcajem
2445 4139 2782 4218 cathedram
2821 4160 2986 4217 annis
3009 4139 3238 4216 remi-at
3271 4157 3340 4214 24
3378 4153 3432 4208 et
3457 4139 3698 4228 mensi}???

439 4249 690 4322 denique
713 4251 1055 4321 tempestate
1081 4223 1430 4304 Theodosius
1459 4247 1731 4321 patricius
1764 4223 2046 4302 tionstan-
2155 4255 2305 4318 octo,
2339 4254 2600 4306 mortuus
2629 4254 2716 4304 est
2755 4253 2814 4305 et
2848 4249 3041 4306 Victor
3071 4245 3392 4322 patriarcha
3431 4230 3590 4322 extitit
3611 4223 3695 4322 sil):

442 4299 687 4322 _____1_-
720 4299 1051 4321 --__,-_____
1092 4299 1425 4304 __--_-__",
2157 4299 2305 4318 πη,
2339 4299 2598 4306 __--_____
2634 4299 2715 4304 ___
2761 4299 2813 4305 η
2867 4299 3032 4306 ___,-_
3115 4299 3335 4304 --ν-η

439 4337 688 4410 tinopoli
708 4337 782 4393 ad
799 4335 1104 4393 Veneciam
1127 4337 1386 4404 veniens,
1409 4299 1690 4409 spratharii
1711 4335 1950 4391 honoris
1971 4335 2056 4388 in-
2160 4348 2471 4388 successor.
2504 4331 2647 4386 lllud
2671 4329 2848 4386 etiam
2871 4346 2990 4385 non
3019 4299 3556 4402 prretermittendum,
3578 4299 3696 4410 (illo?

441 4395 778 4483 vestituram
801 4428 970 4482 Petro
986 4427 1230 4482 contulit
1257 4395 1410 4498 duci,
1436 4395 1782 4499 integreque
1809 4440 1962 4480 anno
1979 4423 2062 4486 ibi
2087 4496 2122 4499 ι
2163 4420 2436 4476 antedicti
2463 4421 2634 4476 duces
2653 4419 2727 4474 ad
2755 4435 2858 4474 sua
2875 4395 3092 4474 tuenda
3111 4419 3236 4474 loca
3255 4431 3320 4471 eo
3342 4415 3572 4499 tempore
3589 4395 3696 4499 dli?

443 4519 840 4572 commoratus
863 4519 968 4584 est,
1001 4531 1068 4572 ex
1094 4481 1459 4590 imperatoris
1489 4481 1652 4588 parte
1678 4481 1929 4570 eundem
1956 4512 2058 4567 du-
2085 4496 2138 4556 D
2163 4509 2460 4566 bellicosas
2489 4523 2660 4564 naves
2688 4509 2832 4564 tales
2858 4507 3136 4578 perﬁcere
3166 4497 3504 4562 studuerunt,
3546 4481 3696 4590 (Ιυξξξθ

445 4569 987 4677 cemei'haéimnsu't
999 4569 1425 4678 e;peditionem
1442 4569 1789 4660 Sarracenos
1801 4601 1874 4656 ad
1887 4617 2062 4674 expu-
2166 4613 2468 4670 nunquam
2489 4597 2644 4670 apud
2659 4569 2966 4652 Veneciam
2983 4599 3157 4651 antea
3167 4593 3299 4658 fuit;
3317 4601 3435 4678 qui?
3450 4569 3695 4678 9&2:le

447 4693 713 4768 gnandos
722 4661 840 4750 sibi
858 4661 1188 4759 adtribuere
1203 4709 1322 4750 non
1344 4696 1664 4762 recusaret;
1703 4691 1858 4765 quod
1877 4661 2062 4746 liben-
2165 4705 2280 4761 gua
2308 4661 2356 4731 δι
2375 4661 2682 4742 zalandrize
2703 4685 2990 4741 dicuntur.
3013 4684 3084 4740 lis
3104 4683 3299 4740 diebus
3314 4661 3356 4722 Oi
3387 4672 3535 4730 Ursus
3552 4661 3691 4718 OliVO'

1775 4857 2005 4914 VARIIE
2041 4857 2333 4914 LECTION
2340 4855 2442 4912 ES.

521 5022 568 5096 εξ
691 5011 1188 5096 ἰηδιιρζᾳειονίρταί.
1267 5007 1855 5096 37_ar.syprqscri13t'um
1887 5009 1938 5062 1.
2015 5013 2061 5048 ⁸⁸
2091 5004 2649 5096 ετςμρνιξῖςενφεαηιι.
2728 5009 2774 5045 η
2803 5001 3281 5096 ιςοξεειρραξςζῲξια
3307 4979 3684 5096 ζωνςξλξξςξῖξ

598 5057 656 5070 ⁵³⁸
691 5057 730 5068 ⁵⁷
763 5057 1187 5086 ””Ι”’”“’””Ἷ¹”“”⁶“
1335 5057 1853 5081 '"""r'"""r'""'
1891 5057 1936 5062 “’⁷
2091 5057 2443 5086 σ“’“ϊ⁷’;“⁷ι
2478 5057 2483 5058 ⁷
2534 5057 2537 5058 ⁷
2603 5057 2647 5060 ⁷⁷
2820 5075 2830 5085 .
2924 5057 3024 5074 'll
3159 5057 3202 5082 ,ι
3547 5057 3551 5058 '

447 5087 703 5160 scriptum
735 5087 784 5139 1.
859 5092 903 5127 σι
934 5100 1036 5139 vox
1061 5083 1423 5155 suprascripta
1453 5082 1504 5134 1.
1581 5087 1628 5123 6³
1657 5077 1786 5134 add.
1819 5080 1876 5132 in
1905 5095 2082 5148 marg.
2159 5084 2206 5119 ⁸³
2245 5094 2280 5132 a
2307 5075 2508 5148 lingua
2559 5079 2917 5148 suprascripta
2951 5077 3000 5128 1.
3079 5079 3126 5114 ιι
3156 5088 3200 5127 is
3229 5066 3284 5123 d.
3313 5057 3620 5133 suprascrtpla
3646 5057 3682 5088 ια

2003 5251 2228 5308 NOTAE.

2249 5375 2353 5456 (fit?)
2393 5374 2647 5446 Sansego
2695 5373 2882 5428 insula
2919 5387 3098 5444 parva
3127 5371 3199 5426 ab
3243 5352 3506 5421 occidente
3539 5330 3687 5396 insula

2177 5447 2650 5594 LufgtllrihQuodet
2679 5513 3024 5594 Prudentius
3052 5509 3111 5594 in
3143 5513 3293 5594 Anum
3308 5495 3684 5594 testifggnmb

2254 5563 2374 5660 ξῖἱῗ)
2405 5563 3067 5660 Ἇδῆἆνῆξιςῖςίζῖξῇάέξᾶνξ
3077 5563 3632 5660 initIhrOPLCasineuSI,

2190 5649 2422 5716 Andrea
2453 5660 2617 5730 Berg.
2641 5661 2701 5713 et
2727 5649 3140 5730 Erchemperto
3167 5649 3396 5710 meatur.

525 5386 632 5450 (55,
654 5382 859 5438 Ossero
891 5382 949 5437 in
982 5381 1166 5436 insula
1197 5379 1409 5436 Cherso
1443 5378 1599 5434 sinus
1631 5376 1924 5434 Flanatici.

528 5453 641 5521 (56)
681 5456 742 5507 In
782 5453 926 5508 ostio
959 5452 1118 5507 Padi.

527 5525 646 5591 (57)
677 5523 738 5576 ld
769 5527 856 5576 est
881 5525 1054 5578 sinus.

532 5593 848 5664 (58)Sinus
874 5594 932 5648 in
982 5610 1097 5664 quo
1134 5592 1333 5647 insulae
1373 5593 1608 5660 Cherso,
1667 5591 1882 5658 Lussin,
1925 5593 2075 5646 Arbe

467 5660 638 5729 Pago'
649 5661 864 5731 iacent.
