3882 6212
416 409 523 482 901

1651 415 1820 483 JOAN
1829 414 1935 480 NIS
1971 411 2258 480 DIACONI
2293 408 2538 477 VENETI

3641 413 3744 489 sos

417 545 507 600 vel
555 541 740 618 qualis
777 535 980 602 eorum
1032 541 1310 602 fortitudo
1357 541 1692 602 subsisteret
1729 545 2027 618 explorare
2049 547 2103 608 Α
2127 541 2386 599 Domnus
2420 559 2556 600 vero
2589 543 2790 601 Petrus
2827 533 3177 618 patriarcha,
3211 544 3412 606 relicta
3457 549 3735 612 Gradensi

419 633 719 690 deberent.
764 634 870 700 Qui
920 651 1052 690 cum
1091 634 1368 692 Gradensi
1413 634 1484 690 de
1530 634 1752 690 civitate
1801 635 2026 690 Istriam

419 721 655 794 petituri
682 723 976 787 exisssent,
1009 723 1294 796 predones
1316 732 1362 766 τι
1395 723 1596 792 Sclavi,
1639 724 1734 797 qui
1765 724 1823 778 in
1856 727 2026 795 portu

420 811 665 866 Silvodis
678 812 879 868 reclusi
897 813 1228 882 latitabant,
1245 829 1416 884 supra
1431 813 1677 868 eandem
1705 812 2024 868 naviculam

417 901 691 956 velociter
718 901 1030 958 irruerunt.
1061 903 1167 959 Ubi
1199 920 1328 958 cum
1360 906 1600 975 uterque
1637 919 1768 976 pars
1796 903 2024 958 fortiter

418 989 724 1054 dimicaret
750 991 1032 1066 multique
1057 993 1390 1048 Sclavorum
1407 993 1656 1065 percussi
1688 992 2020 1056 deficerent,

417 1079 730 1137 novissime
750 1099 882 1138 vero
909 1086 1074 1156 capta
1092 1083 1497 1138 Veneticorum
1520 1083 1592 1137 ab
1619 1081 1838 1136 eisdem
1869 1079 2022 1134 Scla-

417 1168 500 1224 vis
529 1169 807 1238 navicula,
848 1188 1052 1226 omnes
1079 1171 1331 1227 Venetici
1361 1171 1458 1244 qui
1483 1170 1635 1224 intus
1666 1172 1830 1224 erant
1857 1165 2023 1222 occisi

417 1261 572 1312 sunt.
607 1259 856 1314 Predicti
887 1263 1082 1315 autem
1107 1259 1430 1326 Sarraceni,
1456 1257 1696 1314 urbibus
1721 1273 1862 1330 quas
1879 1255 2025 1310 dixi-

416 1363 547 1402 mus
569 1347 1028 1415 devastatis,cum
1048 1348 1420 1405 inestimabili
1434 1347 1614 1420 preda
1631 1347 1703 1402 ad
1725 1362 1827 1419 pro
1836 1345 2019 1417 priam

413 1439 550 1492 sunt
576 1437 809 1494 reversi.
835 1438 1054 1493 Eodem
1087 1455 1222 1494 vero
1253 1441 1516 1510 tempore
1543 1437 1681 1492 dum
1710 1435 2022 1491 Lodovicus

414 1525 736 1598 imperator
757 1527 944 1582 adhuc
967 1527 1124 1600 apud
1144 1527 1534 1582 Beneventum
1559 1527 2021 1580 commoraretur

413 1614 806 1688 exercitusque
823 1617 944 1687 ejus
962 1615 1194 1670 Taranti
1215 1613 1502 1670 civitatem
1527 1613 2016 1684 obsideret,quam

411 1701 714 1759 Sarraceni
737 1707 967 1775 captam
995 1703 1354 1768 detinebant,
1385 1701 1670 1758 Adelchisi
1689 1701 2018 1774 Longobar-

411 1793 622 1849 dorum
651 1793 918 1865 princeps
951 1792 1367 1864 imperatorem
1397 1791 1735 1862 extinguere
1762 1789 2016 1844 mollitus

2127 632 2618 700 urbe,Rivoaltum
2637 633 3130 709 adveniens,apud
3147 639 3333 693 sancti
3354 639 3569 696 Iuliani
3581 643 3667 698 sui
3693 652 3740 690 τι

2125 721 2461 793 patrimonii
2505 723 2806 778 ecclesiam
2855 725 3153 798 ospitatus,
3200 726 3278 782 ibi
3306 744 3412 800 per
3439 729 3736 804 integrum

2125 827 2345 866 annum
2371 817 2765 868 commoratus
2795 823 2842 857 το
2872 818 2976 870 est.
3005 816 3225 872 Tamen
3258 819 3579 891 perfectam
3607 838 3735 878 cum

2126 899 2268 954 duce
2279 915 2483 970 pacem
2507 904 2744 976 propter
2760 905 3183 962 Torcellensem
3207 907 3476 962 ellectum
3490 909 3737 969 minime

2123 988 2392 1044 habebat.
2419 989 2678 1046 Tandem
2703 991 3032 1064 patriarcha
3057 995 3186 1050 duci
3207 997 3478 1052 resistere
3501 1014 3623 1054 non
3640 1017 3734 1057 va-

2123 1075 2270 1146 lens,
2303 1079 2521 1133 occulte
2553 1078 2624 1134 de
2654 1079 2899 1136 Venecia
2939 1081 3128 1150 exivit,
3178 1083 3546 1158 Romamque
3578 1088 3735 1146 adire

2124 1165 2403 1238 disposuit
2423 1183 2436 1235 ;
2463 1183 2636 1239 quem
2659 1167 2910 1224 domnus
2927 1187 3076 1244 papa
3086 1171 3378 1228 Iohannes
3399 1173 3607 1230 devote
3626 1194 3737 1232 sus-

2122 1253 2358 1326 cipiens,
2409 1254 2635 1328 integro
2684 1273 2838 1312 anno
2889 1275 3084 1315 secum
3137 1261 3354 1316 morari
3405 1263 3622 1336 coegit.
3657 1265 3732 1322 Eo

2121 1346 2386 1414 tempore
2415 1343 2662 1400 domnus
2691 1346 2864 1400 Ursus
2892 1347 3002 1402 dux
3021 1348 3344 1404 Iohannem
3361 1351 3547 1408 [ilium
3567 1370 3733 1410 suum

2121 1429 2181 1486 in
2214 1431 2496 1504 dignitate
2523 1433 2631 1488 sibi
2674 1437 3004 1490 consortem
3029 1436 3184 1492 fecit.
3209 1437 3366 1494 Tunc
3396 1439 3732 1498 Sclavorum

2121 1520 2370 1592 pessime
2397 1523 2602 1593 gentes
2620 1525 2677 1576 et
2701 1523 3206 1580 Dalmacianorum
3225 1526 3580 1584 Ystriensem
3601 1547 3734 1602 pro-

2119 1607 2362 1664 vinciam
2417 1611 2738 1681 depredare
2779 1617 3076 1693 ceperunt.
3132 1614 3416 1679 Quattuor
3469 1617 3735 1676 videlicet

2119 1695 2288 1752 urbes
2317 1697 2532 1754 ibidem
2560 1699 3016 1769 devastaverunt,
3034 1701 3095 1758 id
3125 1706 3210 1758 est
3234 1704 3502 1774 Umacus,
3525 1705 3733 1764 Civitas

2119 1802 2285 1850 nova,
2317 1785 2586 1858 Sipiares,
2619 1791 2792 1860 atque
2819 1789 3056 1846 Ruinius
3084 1790 3213 1863 (68).
3237 1793 3456 1848 Deinde
3489 1797 3730 1854 nuncia-

409 1885 496 1939 est
528 1883 636 1954 (an.
679 1886 802 1954 871,
830 1883 981 1953 Aug.
1017 1881 1129 1954 25).
1173 1880 1287 1936 Sed
1325 1896 1457 1935 cum
1501 1880 1664 1934 faeile
1709 1879 1818 1934 hoc
1855 1878 2016 1933 nefas
2044 1871 2240 1931 Btum
2285 1879 2370 1930 est
2423 1875 2638 1932 domno
2692 1877 2833 1934 Urso
2880 1879 3009 1934 duci
3048 1880 3204 1950 quod
3251 1881 3614 1939 Gradensem
3660 1885 3731 1941 ad

402 1971 680 2046 perficere
709 1988 827 2028 non
852 1972 1086 2039 valeret,
1114 1972 1478 2026 sacramento
1505 1985 1642 2024 eum
1674 1967 2014 2022 constrinxit

404 2061 560 2136 quod
590 2062 738 2117 ultra
764 2061 824 2116 in
853 2061 1091 2133 regione
1121 2059 1326 2114 eadem
1358 2073 1464 2113 nec
1493 2057 1614 2128 ipse
1647 2057 1752 2112 nisi
1773 2059 2010 2128 rogatus

399 2149 755 2218 veniret,nec
774 2149 1088 2205 exercitum
1105 2145 1608 2204 mitteret.Deinde
1630 2147 1702 2201 ad
1723 2147 2007 2201 Beneven-

398 2241 530 2295 tum
554 2255 685 2294 cum
710 2238 946 2306 rediret,
967 2237 1311 2294 Sarracenos
1338 2235 1435 2308 qui
1462 2235 1613 2308 apud
1640 2233 2008 2290 Terracinam

403 2327 734 2400 Campaniae
756 2328 1074 2383 manebant
1103 2341 1408 2398 aggressus
1433 2323 1618 2396 (Sept.)
1649 2323 1879 2378 fortiter
1909 2321 2007 2376 de-

396 2415 650 2484 bellavit,
683 2416 1070 2488 undecimque
1098 2415 1259 2471 milia
1287 2431 1356 2469 ex
1379 2412 1460 2468 eis
1490 2411 1716 2480 occidit,
1749 2415 1807 2466 et
1823 2409 1902 2466 sic
1933 2411 2006 2466 ad

396 2504 624 2560 Italiam
648 2520 909 2560 reversus
939 2507 1045 2558 est.

465 2595 580 2649 Hac
599 2593 846 2664 denique
864 2593 1208 2665 tempestate
1226 2593 1459 2646 mortuo
1477 2589 1658 2644 Vitale
1681 2588 2005 2663 patriarcha

394 2681 495 2756 qui
522 2681 876 2736 Gradensem
905 2680 1203 2736 ecclesiam
1243 2678 1411 2734 annis
1450 2680 1744 2734 rexerat...
1791 2685 1838 2719 τι
1872 2678 2000 2749 (65),

393 2785 638 2826 comnus
666 2771 866 2824 Petrus
895 2768 1170 2824 diaconus
1196 2767 1401 2822 inloco
1423 2767 1548 2838 ejus
1575 2767 1787 2821 electus
1809 2765 2004 2833 est,vir

395 2858 698 2915 sanctitate
727 2859 1051 2930 precipuus,
1085 2856 1466 2930 grammatice
1492 2857 1630 2911 artis
1658 2855 2003 2927 peritus.Hic

395 2945 536 3004 dum
549 2946 694 3002 tanti
711 2945 950 3002 honoris
965 2961 1024 3000 se
1037 2945 1344 3018 indignum
1351 2943 1999 3017 judicarct,priusquam

395 3035 801 3108 eligeretur,ad
832 3035 1055 3090 Italiam
1071 3034 1350 3106 confugit;
1365 3034 1464 3090 sed
1475 3034 1714 3089 tandem
1737 3033 2002 3105 precibus

2116 1965 2320 2020 urbem
2367 1965 2578 2020 vellent
2613 1966 2891 2037 transire;
2928 1984 3059 2023 cum
3092 1969 3333 2040 triginta
3365 1971 3612 2027 navibus
3659 1975 3730 2030 ad

2112 2053 2434 2126 predictam
2445 2053 2734 2110 civitatem
2747 2057 2902 2112 venit
2927 2057 3065 2113 Inde
3079 2057 3728 2133 pertransienslstriam,

2111 2143 2386 2198 audacter
2415 2159 2588 2215 super
2612 2145 2846 2200 eosdem
2875 2145 3103 2202 Sclavos
3132 2147 3388 2216 inruens,
3412 2149 3474 2205 in
3495 2153 3728 2208 tantum

2111 2231 2346 2287 eosdem
2381 2231 2519 2287 cede
2545 2234 2872 2304 prostravit,
2909 2238 2973 2288 ut
3012 2251 3186 2290 nemo
3213 2236 3446 2292 illorum
3477 2241 3729 2297 evadens

2109 2321 2359 2392 patriam
2389 2321 2565 2376 valuit
2600 2323 2830 2382 reverti.
2872 2324 3158 2389 Quoniam
3199 2325 3426 2382 hisdem
3456 2329 3728 2404 princeps

2108 2411 2308 2466 celitus
2335 2410 2633 2467 victoriam
2672 2417 3028 2482 consecutus,
3075 2415 3305 2471 Sclavos
3332 2433 3478 2489 quos
3511 2419 3577 2474 in
3619 2421 3726 2478 hoc

2107 2499 2426 2557 certamine
2453 2506 2687 2576 ceperat
2715 2501 2925 2558 liberos
2955 2503 3192 2572 dimisit,
3227 2505 3726 2582 ecclesiarumque

2106 2605 2198 2644 res
2220 2607 2346 2662 quae
2367 2591 2606 2646 sublata!
2629 2590 2686 2645 in
2705 2591 2990 2662 prelibata
3005 2591 3297 2664 provincia
3308 2594 3547 2650 fuerant
3564 2599 3725 2653 resti-

2105 2677 2431 2750 tuit,sicque
2461 2679 2794 2752 triumphali
2815 2696 2948 2735 cum
2965 2680 3151 2753 gloria
3171 2683 3450 2754 palatium
3473 2684 3716 2742 reddiit.

2105 2767 2174 2821 Et
2203 2770 2439 2840 propter
2469 2768 2579 2822 hoc
2610 2768 2772 2823 fedus
2800 2769 2956 2840 quod
2993 2769 3147 2825 inter
3176 2770 3403 2826 Sclavos
3434 2775 3496 2828 et
3522 2773 3726 2832 Vene-

2103 2856 2242 2912 ticos
2267 2856 2403 2911 olim
2421 2858 2624 2924 fuerat,
2643 2856 2965 2932 disruptum
2980 2859 3170 2914 est.Eo
3195 2863 3461 2930 tempore
3481 2863 3722 2922 Sandan

2104 2945 2555 3001 Sarracenorum
2587 2946 2874 3020 princeps,
2903 2947 2999 3019 qui
3025 2947 3085 3002 in
3119 2949 3351 3004 Varensi
3370 2957 3417 2992 80
3440 2951 3588 3008 urbe
3601 2954 3726 3026 (69)

2097 3034 2221 3104 jam
2262 3035 2477 3089 dudum
2505 3039 2702 3108 captus
2735 3052 2914 3107 usque
2946 3037 3018 3092 ad
3041 3039 3270 3110 tempus
3300 3037 3454 3094 istud
3485 3057 3726 3099 carcere

393 3124 683 3216 reductus,
725 3123 933 3203 invitus
971 3123 1042 3178 ad
1091 3122 1421 3196 pontificale
1453 3123 1682 3178 culmen
1719 3121 1999 3216 ascendit.
2031 3157 2079 3216 ο
2105 3127 2292 3178 trusus
2317 3122 2612 3190 manebat,
2642 3124 2714 3178 ab
2743 3123 2991 3198 Aldegisi
3025 3125 3550 3197 Longobardorum
3574 3130 3726 3188 duce

398 3211 711 3269 Lodovicus
751 3211 878 3284 pius
906 3211 1222 3284 imperator
1266 3215 1405 3266 tunc
1438 3211 1678 3266 Verona:
1705 3210 1816 3283 (66)
1861 3209 2004 3264 obiit
2039 3209 2078 3216 “
2106 3211 2374 3266 dimissus
2404 3212 2510 3281 (an.
2535 3213 2902 3284 876),iterum
2933 3217 3063 3284 post
3093 3214 3462 3287 aliquantum
3487 3221 3727 3292 tempus

400 3301 514 3373 (an.
539 3300 662 3372 875,
694 3301 846 3372 Aug.
883 3301 992 3374 l2).
1023 3301 1196 3373 Apud
1222 3301 1548 3356 Torcellum
1581 3299 1818 3360 quidem
1847 3315 2000 3354 mor-

397 3393 499 3447 tuo
557 3380 835 3446 Senatore
885 3391 1170 3464 episcopo,
1234 3390 1332 3462 qui
1383 3388 1652 3444 Altinatis
1703 3387 2004 3444 ecclesiam

401 3479 568 3538 annis
594 3479 957 3554 gubernavit,
990 3481 1334 3552 subrogatus
1359 3482 1444 3534 est
1468 3479 1526 3534 in
1551 3495 1620 3534 ea
1648 3478 1781 3533 sede
1817 3486 1864 3520 τυ
1892 3478 2004 3532 Βο-

401 3560 647 3626 minicus
668 3569 843 3624 abbas
867 3569 1134 3624 Altinatis
1153 3567 1512 3636 monasterii,
1533 3566 1630 3640 qui
1649 3566 1789 3621 olim
1819 3566 2010 3622 fuerat

403 3658 722 3714 monachus
751 3657 932 3714 sancti
959 3656 1150 3724 lllarii,
1175 3659 1232 3710 et
1257 3656 1390 3710 inde
1415 3671 1804 3728 egressus,pro
1826 3654 1902 3709 im
1911 3671 2011 3726 po-

405 3746 516 3802 sito
563 3747 805 3802 crimine
841 3749 1065 3801 veretro
1111 3745 1218 3800 sibi
1265 3744 1474 3811 absiso,
1515 3744 1668 3815 apud
1711 3744 2008 3816 Spoletum

407 3835 780 3908 postmodum
808 3832 1163 3906 aliquamdiu
1200 3834 1462 3887 moratus
1489 3834 1597 3887 cst.
1641 3831 1820 3897 Quem
1874 3832 2012 3888 dum

410 3927 616 3980 contra
651 3920 811 3978 ducis
839 3920 1138 3976 decretum
1167 3921 1367 3974 Petrus
1395 3919 1662 3992 egregius
1688 3919 2017 3992 patriarcha

411 4014 516 4070 sub
547 4008 936 4066 anathematis
963 4008 1188 4063 vinculo
1211 4011 1549 4078 coarctaret,
1574 4009 1833 4080 ejusdem
1853 4016 1900 4051 77
1920 4009 2018 4062 du-

415 4100 494 4155 cis
524 4098 736 4154 amissa
764 4095 952 4170 gratia
979 4112 1260 4169 egressus,
1305 4095 1632 4152 Istriensem
1676 4097 1851 4170 peciit
1881 4113 2014 4170 pro-

415 4187 687 4243 vinciam.

491 4277 652 4332 Circa
679 4277 786 4332 hec
824 4278 1090 4348 tempora
1121 4274 1418 4332 Sarraceni
1458 4276 1846 4344 advenientes,
1880 4275 2018 4330 Gra-

419 4367 659 4423 densem
683 4366 886 4421 urbem
910 4380 1112 4437 capere
1143 4365 1332 4420 conati
1352 4369 1502 4421 sunt.
1527 4366 1640 4422 Sed
1671 4365 1882 4420 civibus
1898 4364 2016 4420 for-

2102 3300 2417 3355 Tarantum
2429 3300 2664 3369 reddiit,
2675 3317 2728 3356 m
2739 3303 2968 3374 ultaque
2992 3306 3192 3376 postea
3206 3303 3550 3362 Christianis
3563 3311 3726 3364 mala

2106 3387 2548 3444 induxitDehinc
2565 3391 3446 3462 mortuoDomogoi,Sclavorum
3466 3396 3727 3466 pessimo

2111 3476 2274 3543 duce,
2307 3476 2556 3532 domnus
2599 3477 2771 3532 Ursus
2803 3478 2915 3532 dux
2964 3483 3021 3533 et
3065 3479 3360 3535 Iohannes
3391 3499 3530 3536 suus
3574 3483 3731 3540 ﬁlius

2110 3583 2242 3622 cum
2289 3565 2496 3621 Sclavis
2542 3584 2745 3639 pacem
2785 3572 2845 3623 et
2887 3569 3262 3624 concordiam
3306 3569 3462 3626 iniit.
3507 3573 3730 3630 Tamen

2113 3657 2380 3711 adversus
2395 3657 2785 3712 Narrentanos
2806 3674 2934 3712 cum
2950 3657 3156 3732 quibus
3171 3659 3435 3731 jurgium
3449 3661 3732 3730 habebat,

2113 3745 2423 3800 exercitum
2458 3747 2630 3801 misit.

2187 3835 2300 3889 Hac
2320 3838 2665 3906 tempestate
2694 3834 3031 3891 Dominicus
3063 3836 3396 3894 Olivoleusis
3424 3841 3732 3914 episc0pus

2117 3925 2377 3978 mortuus
2404 3927 2510 3986 est,
2543 3923 2640 3996 qui
2675 3923 3058 3980 Olivolensem
3089 3925 3287 3981 sedem
3314 3928 3490 3982 annis
3515 3931 3730 4002 guber-

2117 4011 2387 4068 navit.....
2415 4030 2428 4079 ;
2465 4012 2714 4067 domnus
2737 4013 3028 4068 Iohannes
3058 4014 3735 4084 archidiaconus,Marini

2115 4099 2340 4172 patricii
2373 4099 2542 4164 filius,
2574 4099 2631 4154 in
2666 4101 2789 4156 loco
2819 4103 2941 4173 ejus
2972 4102 3268 4158 ordinatus
3292 4104 3622 4161 est.Petrus
3660 4106 3733 4160 si-

2120 4188 2356 4260 quidem
2398 4187 2749 4260 patriarcha,
2801 4189 2898 4262 qui
2948 4191 3146 4246 Boma:
3194 4192 3406 4259 fuerat,
3452 4211 3573 4250 una
3602 4213 3728 4250 rum

2117 4277 2377 4332 Iohanne
2399 4292 2550 4348 papa
2565 4278 2897 4332 Ravennam
2925 4278 3468 4352 adveniens,ibique
3499 4287 3728 4354 scptua~

2121 4366 2282 4438 ginta
2293 4365 2690 4438 episcoporum
2704 4365 2910 4420 sinodo
2923 4367 3449 4438 congregata,duos
3462 4371 3732 4442 episcopo

416 4456 555 4513 titer
601 4453 1048 4523 decertantibus,
1093 4452 1544 4510 Sarracenorum
1589 4453 1860 4524 impietas
1901 4471 2018 4509 non
2041 4446 2094 4506 D
2121 4453 2392 4521 Venetiae,
2411 4453 2469 4508 id
2499 4457 2584 4508 est
2612 4455 2848 4508 Petrum
2867 4455 3230 4526 Equilensem
3261 4458 3320 4510 et
3346 4456 3612 4513 Leonem
3629 4460 3730 4514 Ca-

414 4542 721 4618 prevaluit.
763 4543 980 4598 Tamen
1027 4556 1158 4598 cum
1199 4543 1419 4598 duobus
1451 4541 1769 4614 predictam
1813 4542 2020 4597 urbem

417 4631 618 4688 diebus
648 4631 1028 4697 obsedissent,
1059 4631 1474 4687 denunciatum
1505 4633 1590 4685 est
1623 4630 1838 4686 domno
1879 4631 2019 4686 Urso

2119 4544 2473 4616 prulensem,
2523 4544 2580 4596 et
2613 4557 2712 4597 eos
2747 4542 2842 4614 qui
2881 4547 3050 4597 erant
3093 4543 3151 4597 in
3185 4542 3390 4599 eadem
3433 4547 3733 4618 provincia

2119 4632 2332 4688 electos
2357 4630 2429 4685 ad
2460 4630 2710 4685 eundem
2735 4630 3038 4686 concilium
3057 4632 3484 4700 convocavit,ut
3501 4638 3734 4690 conten-

417 4721 576 4791 duci;
595 4721 690 4796 qui
711 4707 1330 4778 inistanterJohannem
1349 4720 1534 4776 filium
1558 4736 1724 4774 suum
1755 4719 2023 4774 adversus
2119 4719 2534 4774 tioniscausam
2563 4718 2715 4774 inter
2736 4719 3014 4774 Ursonem
3031 4720 3236 4775 ducem
3261 4724 3317 4775 et
3333 4723 3727 4794 patriarcham

415 4811 650 4869 eosdem
679 4828 812 4868 cum
842 4811 1027 4867 navali
1053 4812 1304 4868 exercitu
1333 4809 1507 4864 misit.
1538 4809 1702 4875 Quod
1735 4810 1871 4865 dum
1894 4810 2024 4866 Sar-

412 4901 605 4959 raceni
638 4905 789 4958 sorte
820 4900 1251 4974 investigarent,
1289 4899 1552 4972 protinus
1583 4898 1921 4954 recedentes
1943 4899 2014 4954 ab

414 4990 578 5056 urbe,
612 4989 1049 5046 Cumaclensem
1090 4987 1204 5061 (ὅτι)
1259 4986 1451 5042 villam
1497 4986 1832 5058 depopulati
1865 4990 2013 5042 sunt.

2125 4807 2558 4880 diligentissime
2586 4807 3144 4864 determinaret.Sed
3167 4808 3306 4864 dum
3327 4809 3583 4884 episcopi
3600 4828 3728 4867 cum

2122 4897 2315 4952 electis
2331 4895 2493 4950 tarde
2517 4900 2572 4951 et
2596 4896 2821 4968 expleta
2841 4897 2965 4967 jam
2993 4896 3548 4956 sinodoRaveanam
3575 4900 3726 4955 veni-

2121 4984 2690 5052 rent,communionc
2715 5002 2748 5040 a
2767 5001 2918 5058 papa
2937 4985 3318 5059 privati,duce
3335 4989 3537 5043 tamen
3553 4989 3724 5044 inter~

1725 5085 1960 5140 VAHUE
2013 5081 2410 5140 LEC’I‘IONES.

480 5199 528 5235 ’τί
558 5206 660 5246 vox
680 5188 1040 5262 suprascripta
1067 5188 1116 5241 1.
1154 5191 1224 5244 ⁷³.
1255 5199 1447 5239 manus
1468 5185 1726 5262 recentior
1757 5183 2014 5255 supplevit
2045 5187 2101 5238 in
2129 5182 2308 5262 codice
2344 5185 2400 5262 3.

1800 5264 1848 5298 ἰο
1879 5272 1927 5308 c.
1952 5272 2003 5310 c.
2023 5257 2384 5328 suprascripta
2420 5257 2470 5311 1.
2503 5261 2548 5296 ³ο
2577 5255 2658 5310 ita
2689 5256 2737 5309 1.
2765 5257 2816 5308 2.
2853 5259 2904 5311 3.

409 5281 469 5338 g.
494 5257 856 5336 scqnascri'pta
890 5257 957 5315 1ῖ
1005 5266 1053 5300 τε
1083 5274 1130 5313 s.
1163 5274 1222 5330 p.
1247 5257 1608 5331 suprascripta
1640 5259 1688 5311 l.

2549 5189 2596 5224 ἰθ
2626 5198 2674 5236 c.
2710 5198 2756 5236 s.
2810 5181 3176 5254 suprascripta
3213 5185 3260 5238 l.
3413 5191 3463 5228 77
3493 5201 3544 5240 c.
3579 5183 3634 5240 d.
3667 5201 3719 5238 a.

1968 5353 2188 5410 ΝΟΤᾸΕ.

477 5461 595 5533 (65)
623 5461 803 5518 Annis
835 5464 922 5528 19,
964 5473 1167 5514 mense
1214 5459 1265 5524 l,
1317 5453 1499 5510 debus
1529 5456 1582 5510 6.
1624 5451 1836 5508 Chron.
1874 5452 2014 5507 Gra-

411 5529 605 5674 deis?)
642 5604 824 5674 Immo
850 5599 1174 5674 pinufinibus
1221 5596 1558 5664 Brcscianis,
1591 5597 1738 5650 teste
1775 5594 2012 5651 Andrea

407 5670 764 5744 presbytero.
791 5672 892 5725 SS.
924 5671 1011 5722 lll.
1045 5670 1168 5722 237.

2187 5450 2294 5521 (67)
2329 5451 2662 5508 Comachio.

2330 5522 2576 5649 gmago,
2610 5523 2970 5584 (littanuova,
2996 5520 3260 5592 Cervere,
3294 5523 3578 5598 Roviguo.

2383 5609 2484 5650 ari.
