3882 6212
163 427 287 486 909
1480 411 1831 480 CRONICON
1866 417 2206 485 VENETUM.
3401 419 3507 492 910

158 556 428 628 pellante
461 552 631 612 soluti
687 557 838 610 sunt.
890 550 1049 609 Circa
1094 549 1217 608 haec
1262 549 1527 623 tempora
1565 550 1798 607 Carolus
1824 554 1877 615 Α
1899 552 2146 609 electum
2169 555 2370 609 contra
2390 551 2748 610 voluntatem
2765 549 3422 630 consecravit,quoniam
3443 557 3503 616 in

161 647 532 700 Francorum
555 661 674 710 rex,
696 660 870 717 quem
889 641 1106 696 dudum
1125 642 1414 696 Iohannes
1432 657 1580 713 papa
1592 657 1790 712 regem
1893 659 2008 697 suae
2031 643 2324 698 electionis
2342 643 2432 698 die
2452 647 2814 700 sacramento
2833 661 2866 700 a
2887 644 3145 716 principe
3161 647 3505 705 constrictus

161 734 348 788 Italia:
370 735 615 788 unxerat
644 732 756 802 (an.
791 734 916 796 877,
953 729 1146 800 Sept.),
1181 730 1420 802 Papiam
1455 730 1786 798 adveniens,
1891 735 1995 798 est,
2021 735 2082 785 ut
2102 732 2330 802 qualem
2358 731 2477 802 ipse
2499 732 2578 787 illi
2601 734 2848 788 electum
2871 733 3165 806 dirigeret,
3197 736 3374 791 talem
3407 735 3504 792 ille

159 838 426 893 regnum
456 821 690 888 invasit;
726 820 798 875 ad
815 835 988 891 quem
1007 834 1156 891 papa
1175 818 1668 889 profectus,digno
1687 819 1786 874 ho-
1888 823 2267 874 consecraret.
2293 820 2442 874 Dixit
2470 823 2666 876 tamen
2687 820 2793 876 sibi
2827 823 3181 893 patriarcha:
3243 823 3319 878 Ve
3379 826 3503 894 tibi,

160 928 314 967 nore
344 914 642 981 susceptus
654 913 756 966 est.
775 911 1117 965 Petrusvero
1139 909 1462 981 patriarcha
1485 908 1781 963 Boloniam
1885 909 2011 979 quia
2043 916 2232 963 temere
2258 908 2328 963 ad
2356 909 2497 963 hunc
2540 909 2746 964 accedis
2783 911 3067 967 honorem!
3093 911 3188 966 An
3213 913 3384 969 nescis
3409 914 3506 971 ubi

160 999 432 1065 veniens,
466 999 821 1070 aliquamdiu
849 998 928 1052 ibi
962 1000 1374 1062 commoratus,
1419 1012 1610 1052 rursus
1645 999 1778 1052 Par-
1879 996 2110 1052 dicitur;
2170 995 2239 1052 Si
2290 999 2407 1069 quis
2457 1005 2621 1053 semet
2667 999 2850 1069 ipsum
2908 999 3212 1067 absciderit,
3272 1000 3498 1072 deficia-

159 1105 328 1144 mam
359 1088 522 1153 adiit,
556 1104 620 1143 ac
651 1087 860 1142 deinde
893 1086 1092 1141 domni
1123 1101 1288 1156 papa:
1315 1101 1514 1140 amore
1543 1087 1781 1156 Papiam
1883 1074 1976 1139 ‘ur
2006 1104 2038 1138 a
2070 1085 2210 1140 clero
2230 1086 2259 1138 ?
2304 1085 2381 1140 Et
2409 1092 2469 1138 ut
2509 1093 2684 1142 coacte
2723 1103 2804 1141 me
2837 1087 2933 1142 hoc
2971 1087 3152 1159 facere
3191 1088 3396 1157 credas,
3448 1094 3507 1148 in

156 1179 354 1250 petiit.
406 1177 504 1231 His
541 1177 744 1231 diebus
776 1175 1190 1230 Carlemannus
1223 1174 1630 1229 Baiovarorum
1661 1191 1781 1242 rex,
1883 1173 1970 1228 die
1986 1173 2192 1242 judicii
2229 1190 2338 1245 pro
2393 1174 2489 1229 hoc
2535 1175 2750 1240 honore,
2800 1177 2907 1229 nisi
2936 1179 3200 1248 peniteas,
3239 1181 3504 1235 rationem

158 1283 387 1338 magno
435 1282 568 1320 cum
623 1265 872 1319 exercitu
919 1263 1205 1333 ingressus
1243 1262 1486 1329 ltaliam,
1516 1261 1783 1318 Carolum
1887 1261 2094 1328 reddas,
2127 1263 2253 1334 quia
2279 1262 2385 1318 tibi
2411 1264 2513 1334 ipsi
2528 1262 2814 1318 verendam
2846 1272 3124 1336 amputare
3173 1267 3392 1322 minime
3414 1285 3503 1340 pe-

159 1355 273 1409 etfu
280 1355 459 1426 gavit.
479 1355 584 1418 Qui
600 1352 865 1408 videlicet
879 1353 1112 1406 Carolus
1130 1351 1426 1404 Franciam
1445 1367 1576 1405 cum
1593 1355 1787 1423 petere
1882 1352 2120 1421 percisti.

157 1446 355 1507 vellet,
376 1443 720 1497 inﬁrmitate
751 1443 1037 1506 detentus,
1062 1440 1120 1494 in
1144 1441 1231 1494 via
1256 1443 1518 1494 mortuus
1538 1445 1622 1494 est
1644 1441 1784 1511 (Oct.
1965 1437 2122 1494 Circa
2152 1439 2272 1494 haec
2299 1442 2562 1512 tempora
2596 1440 2808 1496 mensis
2846 1441 3010 1497 Madii
3044 1442 3135 1498 die
3164 1446 3232 1499 22
3269 1443 3501 1517 sanguis

158 1535 232 1603 6).
284 1534 552 1587 Domnus
597 1530 831 1601 quidem
895 1545 1046 1600 papa
1099 1529 1344 1582 Romam
1399 1544 1653 1582 reversus
1683 1533 1786 1596 est,
1891 1527 1962 1582 de
1995 1528 2222 1582 nubilus
2251 1529 2414 1598 pluit.
2447 1529 2602 1583 Tunc
2631 1531 2922 1586 Johannes
2953 1531 3289 1588 Olivolensis
3318 1535 3499 1590 eccle-

152 1623 402 1675 Petrum
436 1636 570 1673 vero
602 1618 992 1672 Patriarcham
1037 1615 1223 1687 Papias
1265 1615 1517 1686 reliquit.
1576 1615 1682 1679 Qui
1712 1616 1788 1684 ibi
1889 1613 1985 1668 site
2008 1617 2196 1685 presul
2218 1617 2380 1684 obiit,
2413 1619 2510 1689 qui
2533 1619 2852 1690 predictam
2885 1620 3183 1676 ecclesiam
3207 1623 3370 1678 annis
3393 1639 3497 1694 gu-

151 1703 1785 1779 aliquantisdiebusmanens,dehincTarvisiumveniens,
1888 1703 2249 1758 bernavcrat.
2287 1747 2300 1759 .
2334 1745 2347 1759 .
2385 1747 2397 1759 .
2427 1747 2440 1762 .
2474 1723 2648 1777 quem
2688 1708 3023 1765 Laurentius
3077 1711 3378 1783 presbyter
3425 1713 3498 1768 ad

152 1813 187 1851 a
218 1796 508 1850 Landono
540 1795 715 1866 ipsius
743 1793 985 1848 civitatis
1027 1792 1296 1864 episcopo
1329 1792 1664 1862 dignissima
1689 1809 1786 1847 vc-
1885 1791 2035 1846 hanc
2065 1793 2261 1847 sedem
2288 1795 2607 1865 regendam
2638 1799 2862 1852 secutus
2889 1802 2991 1853 est.
3021 1798 3114 1854 His
3141 1799 3341 1855 diebus
3372 1801 3496 1873 qui-

147 1884 474 1940 neracione
505 1886 799 1952 susceptus
855 1885 958 1935 est.
1011 1880 1116 1935 Ubi
1168 1897 1322 1946 cum,
1377 1881 1578 1951 legatis
1631 1880 1783 1936 inter
1809 1882 1858 1940 B
1883 1879 2017 1934 dam
2051 1880 2280 1935 Sclavus
2318 1882 2556 1936 nomine
2611 1885 2929 1953 Brenamir,
2962 1887 3267 1942 interfecto
3299 1888 3498 1943 Sedes-

146 1973 346 2044 ipsum
382 1979 440 2027 et
481 1971 810 2041 predictum
852 1970 1059 2024 ducem
1084 1969 1370 2034 euntibus,
1404 1969 1640 2023 tandem
1671 1985 1777 2039 pax
1879 1984 2015 2022 cavo
2058 1969 2234 2039 ipsius
2283 1970 2556 2024 ducatum
2604 1973 2913 2043 usurpavit.
2959 1974 3217 2029 Domnus
3259 1975 3495 2047 quidem

147 2061 403 2132 pristina
435 2059 794 2115 consolidata
815 2061 981 2123 esset,
1007 2057 1190 2111 isdem
1223 2057 1488 2128 egregius
1520 2058 1776 2127 pontifex

147 2150 466 2205 Veneciam
481 2147 795 2218 repedavit,
811 2150 867 2200 et
884 2146 1024 2200 duce
1045 2146 1452 2217 interpellante
1471 2145 1776 2216 aliquantis

150 2237 356 2292 diebus
379 2238 438 2292 in
462 2235 683 2308 palacio
706 2234 949 2300 mansit;
979 2251 1046 2289 ea
1065 2250 1198 2289 vero
1220 2234 1466 2300 ratione,
1499 2237 1560 2289 ut
1579 2235 1778 2290 Domi-

147 2326 311 2381 nicus
344 2326 668 2396 presbyter,
697 2321 1072 2378 Torcellensis
1104 2322 1357 2377 ecclesia:
1390 2324 1621 2390 electus,
1672 2339 1775 2394 pro

150 2431 262 2486 quo
295 2416 455 2469 inter
485 2429 582 2467 eos
605 2411 888 2467 discordia
912 2412 1118 2478 fuerat,
1149 2411 1350 2465 diebus
1372 2411 1521 2466 Petri
1541 2412 1780 2481 patriar-

149 2505 270 2558 chze
299 2502 615 2574 episcopali
646 2501 1080 2557 consecratione
1118 2503 1358 2565 careret,
1413 2500 1472 2554 in
1503 2499 1772 2572 episcopii

149 2596 351 2646 tamen
383 2592 562 2646 domo
597 2606 840 2644 manens
872 2588 1103 2643 fruendi
1131 2589 1302 2642 rebus
1329 2587 1501 2660 ipsius
1523 2589 1772 2644 ecclesia:

151 2679 456 2736 licenciam
473 2679 731 2733 haberet.
750 2677 854 2740 Qui
877 2680 1004 2748 post
1019 2693 1230 2748 paucos
1245 2677 1364 2731 dies
1377 2694 1507 2731 cum
1523 2677 1770 2747 gratiam

150 2769 304 2840 apud
323 2767 661 2823 condictum
680 2765 1016 2838 pontificem
1034 2764 1376 2836 repperiret,
1401 2782 1534 2819 eum
1559 2765 1615 2819 in
1640 2767 1772 2821 Tor-

149 2855 385 2912 cellensi
411 2856 650 2910 ecclesia
684 2853 757 2907 ad
788 2852 1113 2907 convivium
1147 2851 1424 2906 invitavit.
1455 2853 1670 2908 Deinde
1700 2855 1774 2909 ad

145 2945 506 3000 Gradensem
541 2943 742 2997 urbem
777 2941 1104 3013 patriarcha
1123 2957 1402 3006 reversus,
1417 2943 1531 2994 tres
1562 2943 1771 2996 electos

148 3032 450 3104 episcopos
465 3029 842 3096 consecravit,
861 3029 916 3084 id
931 3029 1350 3083 estJohannem
1365 3029 1766 3101 Olivolensem,

148 3125 203 3176 et
227 3123 487 3175 Leonem
509 3121 1050 3186 Metamaucensem,
1083 3122 1141 3172 et
1167 3117 1493 3172 Johannem
1519 3117 1771 3172 Civitatis

1879 2057 2050 2111 Ursus
2082 2058 2193 2112 dux
2225 2058 2582 2130 efﬂagitante
2615 2060 2816 2115 Basilio
2873 2060 3223 2133 imperatore
3251 2079 3318 2118 eo
3353 2066 3496 2117 tem-

1877 2160 2016 2216 pore
2049 2149 2112 2200 l2
2160 2162 2474 2217 campanas
2514 2146 3077 2221 Constantinopolim
3123 2150 3302 2219 misit,
3353 2167 3494 2223 quas

1876 2232 2195 2304 imperator
2224 2234 2281 2288 in
2313 2235 2550 2290 ecclesia
2577 2251 2652 2290 no
2684 2235 2792 2290 iter
2813 2238 2884 2292 ab
2917 2255 2985 2293 eo
3011 2242 3339 2294 constructa
3367 2257 3495 2313 pos-

1877 2322 2008 2388 suit,
2042 2324 2098 2377 et
2131 2339 2198 2377 ex
2230 2325 2492 2393 tempore
2514 2323 2610 2378 illo
2637 2324 2796 2380 Greci
2827 2342 3140 2399 campanas
3160 2327 3376 2385 habere
3405 2345 3494 2384 ce—

1877 2415 2106 2483 perunt.

1944 2501 2163 2554 Mortuo
2211 2517 2343 2555 vero
2411 2501 2518 2556 hac
2568 2505 2912 2576 tempestate
2962 2503 3078 2577 (an.
3129 2505 3220 2575 88)
3269 2505 3489 2563 domno

1874 2587 2012 2642 Urso
2041 2588 2206 2655 duce,
2240 2589 2490 2660 dignitas
2521 2591 2580 2645 in
2609 2591 2872 2647 Johanne
2905 2609 3006 2648 suo
3030 2592 3147 2648 tilio
3179 2595 3486 2652 remansit.

1871 2676 1998 2730 Fuit
2045 2681 2240 2732 autem
2283 2678 2570 2750 predictus
2613 2679 2783 2734 Ursus
2840 2682 3037 2736 multa:
3086 2682 3383 2752 sapientiae
3433 2687 3490 2739 et

1872 2764 2100 2836 pietatis
2128 2765 2212 2819 vir
2267 2769 2607 2838 amatorque
2638 2768 2814 2838 pacis.
2849 2771 2972 2840 Ipse
3017 2774 3155 2841 aput
3186 2770 3487 2827 Civitatem

1873 2869 2081 2907 novam
2103 2853 2461 2909 Eraclianam
2483 2855 2769 2926 palacium
2793 2861 3126 2913 construere
3145 2858 3300 2914 fecit.
3317 2859 3486 2914 Tem-

1872 2942 2104 3011 poribus
2137 2943 2295 3013 cujus
2351 2943 2409 2997 in
2455 2943 2711 2999 Rivoalto
2760 2945 2935 3000 etiam
2971 2947 3204 3019 paludes
3232 2947 3486 3004 cultandi

1869 3029 2134 3084 homines
2158 3031 2455 3086 licenciam
2488 3032 2815 3088 habuerunt
2841 3038 2897 3088 et
2924 3034 3128 3090 domos
3178 3036 3486 3093 cdilicandi

1871 3121 2072 3172 contra
2093 3119 2401 3173 orientem.
2422 3122 2610 3176 lnsula
2629 3138 2880 3195 namque
2895 3140 3006 3195 que
3028 3125 3483 3181 Borsumdurum

149 3227 295 3265 nove
325 3213 529 3264 Petrus
558 3225 693 3263 vero
719 3207 1047 3279 patriarcha
1094 3209 1224 3277 post
1253 3221 1498 3276 paucum
1541 3211 1769 3278 tempus
1797 3219 1845 3274 (ι
1872 3209 2124 3272 vocatur,
2159 3209 2490 3262 consulente
2517 3207 2614 3263 illo
2647 3211 2967 3282 composita
3010 3212 3216 3267 fuerat.
3266 3213 3481 3269 Guber-

144 3299 216 3354 ad
242 3308 284 3340 δι
310 3299 636 3352 llivoaltum
657 3297 986 3362 adveniens,
1008 3295 1065 3350 in
1088 3295 1268 3349 sancti
1293 3295 1503 3348 Iuliani
1535 3295 1769 3350 basilica
1869 3292 2024 3346 navit
2050 3296 2244 3348 autem
2269 3295 2592 3364 predictum
2626 3297 2912 3353 honorem
2944 3299 3110 3354 annis
3136 3304 3220 3368 l7,
3244 3305 3301 3356 et
3323 3318 3480 3358 mor-

143 3387 424 3456 ospitatus
443 3388 556 3450 est;
590 3385 687 3457 qui
713 3401 829 3438 non
865 3384 962 3438 diu
1010 3383 1266 3455 corporis
1297 3383 1630 3452 sospitatcm
1664 3399 1767 3453 ge-
1869 3385 1996 3435 tuus
2020 3385 2103 3434 est
2126 3398 2189 3436 ac
2220 3385 2473 3452 sepultus
2499 3385 2555 3438 in
2579 3385 2758 3439 sancti
2789 3386 3076 3441 Zachariae
3103 3391 3476 3447 monasterio.

141 3491 294 3541 rens,
331 3474 594 3528 molestia
625 3476 934 3544 preventus
960 3473 1018 3526 in
1042 3473 1244 3526 eadem
1271 3471 1529 3536 ecclesia,
1567 3477 1764 3525 sancta

142 3565 261 3634 ejus
293 3563 494 3618 anima
522 3562 788 3633 migravit
819 3562 891 3615 ad
910 3560 1177 3632 gloriam.
1197 3560 1545 3614 Cubernavit
1568 3565 1761 3615 autem

140 3651 496 3706 Gradensem
528 3651 828 3704 ecclesiam
863 3649 1027 3703 annis
1079 3652 1354 3720 quattuor
1379 3652 1436 3702 et
1468 3648 1762 3704 mensibus

139 3757 252 3794 sex.
285 3740 408 3794 Fuit
434 3742 628 3794 autem
661 3742 878 3793 statura
913 3737 1123 3792 decens
1156 3741 1212 3791 et
1237 3739 1470 3807 aspectu
1500 3738 1756 3808 pulcher,

139 3846 253 3884 non
287 3831 416 3899 plus
433 3827 616 3882 astatis
634 3843 808 3898 quam
827 3825 1212 3898 quadraginta
1240 3842 1528 3880 annorum
1548 3826 1752 3883 extitit.

139 3919 310 3989 Cujus
339 3933 550 3986 corpus
583 3916 834 3970 maximo
866 3931 999 3968 cum
1036 3915 1258 3969 honore
1303 3914 1556 3968 Venetici
1605 3915 1677 3968 ad
1707 3923 1754 3961 82

134 4006 487 4061 Gradensem
503 4005 704 4059 urbem
721 4004 1112 4074 deportantes,
1133 4005 1266 4056 ante
1291 4010 1504 4058 sanctae
1527 4003 1753 4074 Euphe-

132 4094 263 4148 miaa
294 4093 595 4148 ecclesiam
625 4092 684 4146 in
713 4091 859 4146 atrio
891 4091 1284 4162 sepellierunt.

201 4184 339 4237 Post
368 4183 522 4236 hunc
545 4197 680 4235 vero
704 4181 776 4235 ad
801 4179 1155 4234 Gradensem
1183 4180 1625 4249 gubernandam
1661 4197 1752 4235 ec-

1864 3471 2154 3524 Johannes
2196 3486 2329 3525 vero
2382 3472 2491 3525 dux
2541 3472 2974 3526 Cumaclensem
3024 3475 3365 3531 comitatum
3407 3497 3472 3534 ex

1865 3558 2110 3612 Romani
2134 3558 2701 3629 pontiﬁcislargitate
2747 3560 3051 3631 adquirere
3089 3563 3342 3634 cupiens,
3370 3567 3473 3620 Ba-

1864 3646 2164 3702 dovarium
2187 3665 2351 3702 suum
2387 3647 2628 3702 fratrem
2653 3650 2897 3702 Romam
2929 3648 3165 3704 direxit:
3201 3651 3299 3722 qui
3332 3652 3473 3708 dum

1862 3737 2198 3791 Ravennam
2229 3737 2435 3803 adiret,
2475 3736 2720 3792 Marinus
2769 3737 3233 3794 Cumaclensium
3279 3757 3473 3815 comes

1859 3840 2030 3894 super
2046 3841 2180 3878 eum
2200 3824 2348 3879 viros
2381 3828 2634 3880 armatos
2655 3825 2830 3889 misit,
2862 3829 2920 3880 et
2945 3826 3022 3880 ibi
3054 3827 3382 3884 vulneratus
3411 3830 3469 3885 in

1858 3929 2023 3966 crure
2051 3917 2248 3983 captus
2277 3916 2380 3968 est.
2407 3913 2563 3968 Tunc
2601 3914 2890 3984 predictus
2935 3930 3152 3982 comes,
3204 3933 3276 3971 ne
3318 3918 3469 3972 hanc

1855 4000 2130 4071 injuriam
2183 4001 2522 4072 requireret,
2570 4007 2930 4058 sacramento
2967 4021 3101 4059 eum
3132 4005 3470 4062 constrinxit

1855 4095 2025 4162 atque
2054 4090 2286 4145 dimisit.
2311 4091 2424 4146 Sed
2447 4108 2706 4147 reversus
2738 4092 2812 4147 ad
2841 4101 2886 4135 ει
2914 4093 3242 4162 Veneciam,
3273 4096 3466 4150 statim

1852 4179 2028 4234 vitam
2048 4179 2257 4234 finivit.
2280 4183 2525 4252 Propter
2540 4199 2716 4254 quam
2739 4198 2970 4238 causam
2989 4183 3236 4240 domnus
3257 4185 3460 4240 Johan-

131 4271 363 4325 clesiam
394 4269 602 4334 Victor,
644 4269 942 4340 presbyter
981 4267 1162 4321 sancti
1195 4267 1462 4338 Sylvestri
1498 4267 1746 4335 basilice,
1775 4295 1828 4352 D
1853 4285 1956 4322 nes
1975 4268 2084 4322 dux
2109 4268 2291 4322 navali
2326 4269 2576 4324 exercitu
2599 4271 3034 4326 Cumaclensem
3055 4277 3304 4329 castrum
3329 4290 3462 4347 pro-

129 4358 420 4414 successit.
470 4357 563 4411 His
595 4357 794 4411 diebus
822 4355 1204 4422 Sedesclavus,
1243 4355 1501 4409 Tibimiri
1526 4372 1591 4408 ex
1614 4371 1738 4426 pro-

129 4449 320 4519 genie,
356 4445 649 4516 imperiali
681 4446 854 4498 fultus
884 4444 1149 4514 praesidio
1182 4443 1746 4514 Constantinopolim

130 4537 386 4600 veniens,
421 4534 734 4588 Scavorum
785 4541 830 4575 ³³
885 4533 1157 4587 ducatum
1189 4532 1451 4603 arripuit,
1483 4533 1745 4605 filiosque

130 4623 416 4695 Domogoi
454 4622 622 4676 exilio
637 4621 824 4677 trusit.
843 4622 920 4676 Eo
936 4621 1195 4675 videlicet
1209 4626 1471 4692 tempore
1495 4622 1746 4676 domnus

129 4712 301 4766 Ursus
342 4711 455 4765 dux
488 4710 559 4764 ab
595 4708 990 4780 imperialibus
1031 4709 1409 4762 internunciis
1446 4711 1744 4782 protospa-

126 4800 348 4856 tharius
397 4798 603 4853 effectu
658 4797 844 4860 denis,
917 4795 1288 4867 amplissimis
1372 4797 1584 4851 ditatus
1639 4802 1742 4864 est,

127 4905 408 4960 suamque
441 4887 622 4941 filiam
649 4885 886 4941 nomine
925 4885 1190 4940 Feliciam
1216 4885 1746 4952 Rodoaldo,.lolian-

127 4978 212 5033 nis
235 4977 398 5033 ducis
425 4975 678 5030 Boloniae
707 4975 850 5041 ﬁlio,
880 4975 939 5028 in
986 4974 1319 5043 conjugium
1367 4973 1624 5040 tradidit,
1647 4975 1740 5029 Jo-

126 5066 321 5121 hanna
352 5063 641 5136 siquidem
679 5062 985 5132 abbatissa,
1029 5061 1230 5117 domni
1263 5061 1386 5116 Ursi
1416 5062 1574 5115 ducis
1603 5061 1741 5128 filia,

125 5155 305 5211 sancti
336 5151 626 5208 Zacharite
660 5150 1079 5206 monasterium
1117 5151 1244 5221 jam
1276 5167 1440 5222 paene
1472 5165 1743 5204 consum-

128 5249 286 5316 ptum
300 5244 586 5296 vetustate
603 5257 637 5293 a
653 5239 1045 5294 fundamentis
1063 5256 1324 5294 recreare
1347 5237 1744 5292 studuit.Tunc

128 5331 311 5387 Victor
359 5331 576 5384 electus
606 5327 932 5398 patriarcha
962 5330 992 5381 8
1024 5328 1148 5382 Kal.
1185 5327 1346 5381 Febr.
1378 5328 1745 5379 consecratus

127 5425 206 5476 est
230 5421 382 5493 (Jan.
414 5419 536 5488 25);
567 5415 663 5489 qui
696 5414 867 5470 etiam
923 5415 1289 5472 Dominicum
1318 5414 1742 5469 Torcellensem

1850 4372 2082 4426 perans,
2110 4356 2485 4429 ejusdemque
2504 4359 2783 4430 populum
2799 4360 3462 4432 atquisivit,etordinatis

1849 4444 1927 4498 ibi
1979 4444 2296 4498 secundum
2326 4462 2494 4499 suum
2536 4448 2677 4501 velle
2713 4447 3022 4517 judicibus,
3073 4449 3146 4504 ad
3177 4449 3460 4522 palacium

1848 4531 2082 4595 reddiit,
2117 4536 2173 4586 et
2201 4537 2386 4587 morte
2413 4533 2605 4587 fratris
2638 4534 2962 4590 ulciscenda
2980 4536 3339 4592 Ravennates
3358 4536 3457 4592 de-

1847 4620 2078 4691 predari
2095 4620 2282 4690 jussit.
2307 4621 2604 4676 Circahaec
2626 4626 2893 4695 tempora
2909 4641 3108 4680 mense
3129 4625 3275 4681 Julio
3297 4628 3462 4684 stella

1849 4708 1921 4763 de
1951 4708 2170 4762 oriente
2209 4708 2265 4762 in
2302 4711 2543 4764 modum
2591 4711 2776 4766 facule
2804 4713 2924 4767 visa
2950 4718 3036 4767 est
3065 4716 3459 4786 pertransisse,

1848 4813 1959 4868 que
1987 4800 2173 4851 totum
2205 4814 2353 4869 pene
2409 4799 2692 4853 mundum
2745 4800 3108 4856 illuminavit.
3138 4804 3270 4857 Post
3299 4804 3459 4875 cujus

1847 4885 2154 4940 transitum
2185 4886 2368 4940 visum
2399 4890 2482 4941 est
2509 4887 2838 4943 hominibus
2886 4889 2944 4942 in
2988 4890 3195 4944 malum
3238 4891 3461 4947 audisse

1845 4974 1903 5028 in
1922 4973 2159 5027 modum
2176 4974 2426 5029 sonitum
2436 4978 2737 5046 portarum
2752 4976 3225 5046 cumaperiuntur
3239 4982 3459 5036 etclau-

1847 5062 2085 5129 duntur,
2116 5066 2174 5116 et
2202 5066 2510 5136 prepterea
2528 5063 2797 5118 dicebant
2815 5064 2969 5135 quod
2985 5065 3171 5119 celum
3191 5074 3460 5140 apertum

1845 5153 1993 5205 esset
2020 5154 2078 5205 et
2118 5151 2397 5207 clausum.
2428 5153 2585 5207 Tunc
2630 5151 2821 5206 Victor
2868 5152 3196 5223 patriarcha
3249 5174 3315 5210 ex
3354 5158 3462 5212 hac

1846 5240 1967 5293 luce
1992 5239 2278 5311 migravit,
2314 5239 2411 5312 qui
2442 5240 2793 5295 Gradensem
2831 5243 3251 5315 gubernaverat
3276 5247 3456 5300 cccle-

1845 5326 1988 5382 siam
2010 5329 2176 5382 annis
2204 5331 2290 5395 18,
2307 5328 2672 5400 sepultusque
2697 5332 2781 5383 est
2804 5329 2862 5385 in
2887 5331 3032 5385 atrio
3062 5335 3274 5387 sanctae
3293 5332 3461 5386 Eufe-

1845 5414 1998 5470 miaa.
2032 5415 2215 5479 Quem
2248 5415 2515 5470 successit
2542 5417 2840 5489 Georgius,
2895 5420 3074 5475 frater
3121 5421 3314 5494 ipsius,
3362 5419 3459 5494 qui

1449 5537 1684 5594 VARUE
1737 5538 2134 5596 LEC'I‘IONES.

202 5674 246 5708 δι
282 5664 358 5720 ad
392 5663 829 5732 suprascriptum
865 5667 912 5719 l.
994 5671 1040 5704 ⁸³
1068 5661 1140 5716 ad
1177 5659 1598 5732 suprascriptum
1632 5663 1681 5717 1.

1759 5667 1804 5704 ⁸³
1832 5661 1940 5735 lege
1969 5661 2321 5737 Sclavorum,

2405 5668 2452 5706 ει
2517 5662 2590 5720 ad
2618 5669 3035 5742 suprascriptum
3067 5673 3118 5729 1.
