3882 6212
436 427 534 488 911

1632 418 1962 481 IOHANNIS
1996 417 2280 478 DIACONI
2304 417 2549 476 VENETI

3655 420 3762 479 9l2

433 567 554 608 non
581 549 708 624 plus
737 562 911 621 quam
941 561 1093 603 anno
1119 557 1235 601 uno
1267 545 1324 601 et
1353 543 1644 600 mensibus
1687 547 1718 599 6
1751 548 1807 599 et
1838 544 2038 600 diebus
2058 547 2114 606 Α
2143 543 2403 616 quamvis
2431 539 2900 612 adhucinfirmis,
2933 540 3276 617 deprecante
3304 539 3522 617 populo
3550 541 3622 599 ad
3653 559 3757 615 pa-

435 645 494 696 21
533 640 687 694 vixit.
718 639 877 693 Hunc
907 635 1102 691 Vitalis
1121 635 1319 705 junior
1337 633 1409 688 ad
1435 635 1751 703 regendam
1777 634 2043 688 successit

435 730 756 787 ecclesiam.
775 729 918 781 Dom
929 744 1032 780 nus
1047 724 1328 796 siquidem
1341 724 1633 777 Iohannes
1647 722 2042 793 dux,corporis

434 818 772 875 infirmitate
799 816 1084 880 detentus,
1132 815 1365 867 Petrum
1403 811 1715 866 minimum
1736 829 1902 866 suum
1926 812 2041 866 fra-

434 913 606 974 trem,
639 905 853 977 populo
877 903 1259 968 adclamente,
1297 916 1680 955 successorem
1713 900 1818 955 sibi
1847 900 2039 971 elegit.

436 999 621 1065 Quem
650 998 848 1069 postea
868 1008 998 1046 cum
1030 991 1374 1057 convaleret,
1406 991 1620 1061 habere
1651 1007 1781 1044 eum
1809 1006 2042 1045 consor-

435 1092 555 1144 tem
586 1084 783 1141 voluit.
815 1084 939 1153 lpse
972 1095 1106 1134 vero
1138 1086 1183 1120 8⁸
1215 1078 1552 1132 infirmitate
1580 1081 1896 1149 correptus,
1927 1095 2043 1132 non

436 1177 534 1233 diu
557 1190 687 1230 cum
735 1172 912 1226 fratre
941 1185 1183 1223 manens
1213 1166 1506 1238 expiravit,
1539 1169 1907 1239 sepultusque
1939 1165 2047 1221 fuit

429 1266 591 1339 juxta
608 1261 930 1336 predictum
956 1255 1332 1312 Badovarium
1353 1257 1590 1310 fratrem
1605 1273 1790 1323 suum,
1809 1256 1902 1328 qui
1928 1273 2044 1311 non

436 1357 562 1428 plus
585 1366 870 1407 annorum
893 1363 1068 1419 quam
1090 1349 1156 1399 25
1180 1345 1386 1402 fuerat.
1408 1346 1665 1398 Domnus
1689 1362 1822 1399 vero
1840 1346 2046 1399 Iohan-

436 1459 540 1499 nes
570 1441 681 1495 dux
719 1439 1049 1494 sanctorum
1085 1434 1331 1489 Cornelii
1363 1437 1420 1487 et
1467 1434 1717 1505 Cipriani
1747 1435 2044 1488 ecclesiam

443 1550 477 1589 a
497 1527 893 1588 fundamentis
915 1527 972 1581 in
1000 1527 1124 1580 loco
1143 1525 1240 1596 qui
1266 1525 1443 1578 Vinea
1474 1528 1676 1578 contra
1712 1523 2046 1578 nominatur

442 1621 732 1678 edifflcare
763 1618 918 1672 fecit.
948 1616 1103 1669 Tunc
1124 1613 2044 1684 imperatorBasiliusmigravitab

442 1712 550 1766 hac
581 1711 704 1763 luce
737 1707 846 1777 (an.
881 1705 1026 1773 886).

507 1797 855 1855 PrelibatusJ
862 1796 1010 1850 ohan
1020 1809 1119 1847 nes
1132 1792 1242 1846 dux
1257 1792 1501 1845 alterum
1516 1807 1862 1862 germanum
1877 1807 2042 1844 suum

2140 634 2343 688 latium
2371 635 2561 688 rediit.

2217 725 2353 792 (Au.
2384 723 2536 794 888.)
2573 723 2685 778 Sed
2711 723 2930 778 diucius
2947 723 3761 796 starenolens,licentiampo-

2144 801 2278 883 ‘p'ﬁlo
2311 811 2468 865 dedit
2510 814 2571 865 ut
2593 813 2966 867 constitueret
2993 811 3099 868 sibi
3129 813 3336 867 ducem
3358 829 3533 884 quem
3567 814 3758 868 vellet.

2140 900 2294 954 Tunc
2322 917 2524 954 omnes
2544 900 2757 973 pariter
2772 904 3077 973 elegerunt
3104 901 3210 956 sibi
3232 903 3468 956 Petrum
3498 901 3760 957 nobilem

2142 989 2350 1057 virum,
2378 989 2559 1044 filium
2581 989 2866 1045 Dominici
2880 989 3094 1044 tribuni
3115 1008 3129 1059 ;
3149 990 3247 1062 qui
3266 989 3536 1045 videlicet
3557 993 3762 1047 Petrus

2146 1081 2312 1132 natus
2340 1077 2528 1132 fuerat
2557 1079 2628 1134 de
2647 1079 2890 1150 Agnella
2918 1079 3113 1150 neptia
3133 1078 3286 1134 Petri
3315 1079 3629 1152 superioris
3660 1079 3762 1135 du-

2144 1166 2243 1234 cis,
2268 1184 2440 1238 quem
2493 1169 2566 1222 ad
2609 1169 3028 1223 monasterium
3073 1169 3316 1223 diximus
3361 1169 3756 1226 interfectum.

2144 1257 2362 1312 Mortuo
2385 1257 2576 1328 itaque
2599 1257 2722 1328 ipso
2752 1260 3014 1329 tempore
3045 1257 3226 1311 Vitale
3257 1256 3611 1330 patriarcha,
3660 1259 3759 1330 qui

2145 1345 2441 1399 ecclesiam
2465 1345 2814 1400 Gradensem
2833 1346 3252 1416 gubernaverat
3271 1345 3438 1400 annis
3459 1348 3489 1401 3
3515 1351 3573 1400 et
3592 1364 3758 1402 men-

2145 1436 2297 1489 sibus
2327 1437 2356 1488 3
2395 1435 2707 1506 diebusque
2741 1437 2826 1504 14,
2858 1435 3120 1489 successit
3149 1435 3252 1488 sibi
3285 1434 3622 1490 Dominicus
3652 1453 3758 1506 pa-

2145 1525 2414 1580 triarcha.
2450 1526 2704 1578 Domnus
2731 1540 2862 1578 vero
2911 1524 3200 1578 Iohannes
3247 1525 3358 1578 dux
3397 1540 3630 1578 rursum
3683 1526 3755 1578 ad

2145 1614 2385 1668 domum
2400 1613 2691 1685 propriam
2711 1612 3138 1684 reddiit,ibique
3151 1629 3328 1684 usque
3343 1613 3416 1667 ad
3429 1612 3559 1667 vitae
3575 1613 3752 1667 finem

2146 1704 2374 1758 mansit.

2216 1794 2440 1847 Interea
2471 1792 2577 1862 (an.
2610 1791 2734 1863 899)
2764 1793 3090 1863 Ungrorum
3134 1809 3363 1864 pagana
3392 1794 3450 1846 et
3479 1790 3757 1845 crudelis-

445 1891 650 1945 Ursum
676 1885 935 1949 nomine,
955 1881 1059 1936 sibi
1084 1885 1412 1936 consortem
1438 1880 1592 1934 fecit.
1623 1879 1917 1951 Siquidem
1943 1881 2043 1935 do-
2067 1878 2116 1934 B
2145 1881 2289 1935 sima
2310 1898 2452 1952 gens
2473 1881 2692 1936 Italiam
2725 1881 2976 1951 veniens,
2999 1881 3279 1936 incendiis
3301 1885 3359 1936 et
3381 1879 3602 1952 rapinis
3615 1896 3754 1934 cun-

445 1995 617 2034 mnus
633 1977 803 2030 Ursus
827 1973 937 2027 dux
965 1971 1104 2025 dum
1135 1973 1406 2041 quattuor
1421 1970 1657 2024 haberet
1685 1971 1851 2037 filios,
1881 1970 1938 2024 id
1962 1972 2047 2024 est

441 2069 790 2126 Iohannem,
818 2058 1219 2126 Badovarium,
1249 2059 1454 2113 Ursum
1484 2062 1541 2113 et
1557 2061 1817 2126 Petrum,
1843 2075 2047 2114 omnes

443 2159 680 2213 ducatus
711 2150 994 2222 dignitate
1020 2151 1230 2219 praeter
1261 2147 1638 2202 Badovarium
1694 2150 2042 2203 claruerunt.

441 2246 661 2301 Eodem
690 2256 822 2296 vero
852 2243 1114 2308 tempore
1142 2252 1304 2308 aquae
1331 2235 1523 2290 diluvii
1551 2236 1606 2290 in
1635 2237 1844 2290 ﬁnibus
1866 2238 2046 2291 Vene-

440 2335 653 2391 tiarum
691 2331 941 2396 fuerant,
972 2327 1032 2381 in
1060 2329 1288 2379 tantum
1323 2329 1385 2379 ut
1415 2341 1616 2380 omnes
1643 2327 1905 2381 ecclesias
1935 2326 2048 2380 sive

443 2425 647 2480 domos
674 2418 1065 2492 penetrarent.
1096 2413 1313 2469 Deinde
1332 2429 1461 2468 cum
1484 2413 1732 2468 domnus
1759 2416 2049 2471 Iohannes

441 2514 553 2569 dux
572 2511 756 2566 adhuc
777 2505 1117 2561 infirmitate
1139 2502 1425 2568 detentus,
1444 2501 1624 2556 frater
1642 2504 1762 2572 ejus
1779 2503 2050 2559 ducatum

439 2599 773 2662 rennueret,
805 2591 1057 2648 Venetici
1091 2591 1298 2645 ducem
1344 2589 1448 2644 sibi
1506 2591 1928 2647 constituerunt
1955 2595 2053 2648 Pe-

438 2694 595 2745 trum
624 2684 905 2749 videlicet,
926 2681 1316 2752 cognomento
1350 2679 1733 2748 Candianum,
1769 2681 1919 2737 infra
1951 2684 2052 2738 do-

439 2792 602 2832 mum
617 2773 789 2850 ipsius
805 2775 865 2826 17
880 2769 972 2824 die
987 2768 1202 2823 mensis
1213 2767 1423 2839 Aprilis
1435 2770 1574 2835 (887)
1589 2768 1791 2832 .Quem
1807 2770 2055 2826 domnus

436 2865 726 2921 Iohannes
760 2861 872 2916 dux
915 2859 1232 2912 clementer
1271 2855 1343 2910 ad
1403 2856 1680 2927 palatium
1711 2875 2054 2936 convocans,

435 2955 661 3026 spatam
700 2952 804 3020 (70)
835 2949 1161 3018 fustemque
1210 2961 1275 3000 ac
1329 2946 1527 3000 sellam
1578 2947 1628 3000 ei
1681 2949 2051 3018 contradidit,

437 3056 686 3114 eumque
719 3037 826 3094 sibi
857 3051 1242 3092 successorem
1301 3037 1656 3090 constituens
1705 3037 1776 3091 ad
1809 3037 2050 3092 domum

435 3146 600 3186 suam
632 3144 891 3184 reversus
921 3127 1027 3180 est.

2145 1973 2235 2024 cta
2265 1970 2584 2038 devastans,
2634 1970 3063 2042 maximamque
3095 1970 3532 2025 multitudinem
3564 1969 3758 2022 homi-

2148 2075 2287 2114 num
2329 2059 2714 2126 interfeciens,
2748 2061 3054 2114 nonnullos
3085 2059 3261 2114 etiam
3291 2059 3553 2130 captivos
3579 2077 3770 2114 reser-

2146 2146 2313 2202 vavit.
2339 2147 2552 2203 Contra
2581 2165 2725 2219 quos
2756 2148 3131 2219 Berengarius
3159 2164 3260 2202 rex
3291 2147 3497 2202 direxit
3546 2149 3762 2204 exerci-

2148 2239 2270 2291 tum
2307 2241 2370 2292 l5
2405 2237 2564 2292 milia
2592 2237 2919 2294 hominum.
2953 2237 3066 2291 Sed
3112 2235 3274 2308 pauci
3336 2253 3402 2290 ex
3435 2236 3519 2290 eis
3548 2236 3763 2292 reversi

2149 2333 2300 2385 sunt.
2330 2327 2507 2400 Ungri
2539 2343 2670 2380 vero
2725 2329 3191 2397 pertranseuntes
3217 2324 3560 2389 Tarvisium,
3589 2327 3760 2380 Pata-

2149 2419 2326 2484 vium,
2348 2416 2964 2485 Brixiam,ceterosque
2991 2413 3154 2480 fines,
3188 2413 3425 2485 Papiam
3458 2417 3515 2469 et
3546 2413 3759 2469 Medio-

2149 2508 2348 2562 lanum
2377 2507 2658 2560 venerunt
2683 2507 2740 2558 et
2770 2520 2946 2575 usque
2978 2503 3049 2557 ad
3087 2505 3350 2556 montem
3377 2503 3484 2557 Iob
3515 2504 3638 2573 (7f)
3665 2503 3765 2558 de-

2153 2597 2496 2669 populantes
2517 2597 2740 2648 cuncta.
2769 2593 2880 2647 Sed
2893 2592 2965 2646 ad
2981 2591 3252 2646 Venecias
3267 2591 3609 2663 introgressi
3631 2609 3764 2647 cum

2153 2685 2332 2756 inquis
2362 2683 2549 2756 adque
2569 2681 2806 2754 pelliciis
2848 2689 2893 2723 8⁸
2924 2679 3163 2735 navibus
3203 2680 3339 2752 (72),
3388 2680 3584 2751 primo
3618 2680 3765 2734 Civi-

2157 2777 2337 2828 tatem
2369 2789 2599 2839 novam,
2633 2770 2888 2843 fugiente
2911 2771 3146 2841 populo,
3175 2769 3310 2840 igne
3351 2785 3766 2825 concremave-

2156 2867 2310 2917 runt.
2337 2862 2556 2917 Deinde
2578 2861 2861 2932 Equilum,
2885 2859 3106 2925 Finem,
3140 2857 3380 2924 Cloiam,
3416 2858 3771 2930 Caputarge—

2154 2953 2269 3008 lem
2299 2951 2699 3017 incenderunt,
2733 2949 3013 3020 litoraque
3060 2946 3208 3002 mari
3243 2945 3766 3018 depopulaverunt.

2153 3042 2362 3097 Verum
2395 3041 2568 3096 etiam
2593 3042 2942 3112 temptantes
2973 3037 3292 3092 Rivoaltum
3343 3039 3400 3090 et
3442 3037 3765 3091 Metamau-

2150 3148 2281 3186 cum
2311 3131 2534 3202 ingredi
2566 3146 2670 3201 per
2699 3130 2824 3184 loca
2861 3145 2972 3200 que
3021 3127 3242 3182 Albiola
3266 3129 3548 3181 vocantur
3576 3126 3639 3180 in
3671 3125 3764 3181 die

508 3218 781 3290 Suscepto
809 3216 1001 3288 itaque
1033 3214 1240 3268 ducatu
1270 3215 1470 3268 Petrus
1521 3214 1633 3268 dux
1664 3231 1795 3269 cum
1829 3215 2046 3272 domno
2085 3206 2127 3270 C
2148 3219 2468 3291 passionnis
2495 3221 2825 3273 sanctorum
2855 3217 3247 3289 apostolorum
3283 3215 3433 3270 Petri
3465 3217 3523 3270 et
3575 3216 3764 3281 Pauli,

433 3309 694 3365 Iohanne
711 3307 853 3361 duce
873 3305 920 3376 ej
931 3319 1106 3374 usque
1121 3319 1400 3374 germano
1415 3303 1547 3356 satis
1560 3303 1874 3359 honorifice
1889 3306 2043 3376 egit;

433 3401 492 3453 et
517 3399 718 3452 contra
747 3395 1136 3450 Narrentanos
1158 3391 1364 3446 Scavos
1394 3391 1699 3448 confestim
1725 3395 2043 3450 exercitum

433 3486 610 3542 misit.
645 3484 750 3550 Qui
781 3499 916 3538 eum
945 3481 1067 3536 sine
1099 3480 1303 3535 effectu
1323 3496 1580 3535 reversus
1601 3486 1766 3549 esset,
1785 3486 1920 3537 tunc
1943 3501 2047 3554 per

433 3573 830 3645 semetipsum
874 3588 1007 3626 cum
1057 3574 1122 3624 12
1166 3570 1402 3624 navibus
1457 3587 1655 3625 mense
1685 3574 1938 3643 Augusto
1985 3573 2042 3628 in

434 3681 595 3720 mare
623 3662 908 3718 hostiliter
938 3662 1024 3714 est
1057 3675 1338 3730 egressus,
1368 3661 1426 3712 et
1456 3659 1527 3712 ad
1552 3663 1814 3714 montem
1847 3661 2046 3715 Scavo-

431 3769 562 3810 rum
593 3750 949 3824 perveniens,
975 3748 1034 3802 in
1065 3749 1190 3801 loco
1223 3746 1321 3818 qui
1373 3749 1608 3800 vocatur
1653 3749 1898 3802 Mucules
1949 3767 2042 3804 ex-

430 3842 549 3910 ivit,
583 3841 714 3896 licet
744 3856 878 3894 cum
908 3836 1122 3908 paucis.
1159 3835 1269 3889 Sed
1296 3834 1524 3890 Sclavos
1556 3835 1660 3888 sibi
1690 3838 2040 3906 resistentes,

431 3930 686 4004 primum
709 3927 767 3982 in
781 3927 981 3998 fugam
995 3923 1185 3989 vertit,
1204 3923 1530 3993 multosque
1549 3939 1616 3978 ex
1634 3924 1740 3979 illis
1757 3926 2040 3994 occidens,

433 4019 688 4092 quinque
721 4031 892 4069 naves
910 4013 1139 4066 illorum
1159 4027 1268 4082 que
1299 4010 1377 4064 ibi
1406 4015 1590 4079 erant,
1617 4014 1905 4069 securibus
1930 4015 2041 4072 fre-

435 4107 538 4178 git.
565 4104 676 4158 Sed
709 4103 945 4156 demum
979 4099 1326 4152 irruentibus
1357 4099 1565 4167 Scavis,
1619 4101 1836 4157 ibidem
1864 4103 2041 4159 inter-

433 4195 615 4248 fectus
661 4193 747 4245 est
770 4207 901 4244 cum
929 4187 1051 4242 aliis
1075 4189 1296 4258 septem
1328 4203 1524 4243 mense
1556 4187 1913 4262 Septembris
1951 4193 2042 4249 die

433 4286 633 4338 octavo
668 4279 914 4345 decimo,
939 4276 1112 4331 ceteri
1135 4293 1268 4332 vero
1302 4278 1615 4335 incolomes
1646 4282 1856 4335 reversi
1885 4286 2038 4340 sunt.

431 4369 638 4425 Tenuit
672 4372 865 4424 autem
897 4368 1166 4421 ducatum
1197 4367 1350 4422 idem
1383 4370 1581 4423 Petrus
1617 4370 2038 4427 duxmenses

433 4461 563 4516 Fuit
587 4462 781 4515 autem
804 4457 889 4511 vir
913 4456 1210 4511 bellicosus
1231 4461 1286 4512 et
1319 4459 1522 4522 audax,
1550 4459 1778 4530 sapiens
1806 4463 1863 4514 et
1885 4477 2041 4515 amo-

2147 3313 2282 3364 tunc
2313 3309 2562 3363 domnus
2593 3311 2791 3362 Petrus
2823 3307 2934 3361 dux
2965 3305 3150 3360 navali
3179 3305 3454 3372 exercitu,
3488 3307 3590 3361 Dei
3623 3323 3766 3377 pro-

2146 3401 2326 3452 tectus
2355 3397 2587 3458 auxilio,
2627 3395 2912 3466 predictos
2943 3394 3170 3464 Ungros
3207 3393 3266 3448 in
3315 3395 3517 3464 fugam
3566 3396 3762 3449 vertit.

2145 3487 2272 3541 Fuit
2298 3502 2549 3557 namque
2581 3487 2701 3540 haec
2733 3483 3049 3556 persecutio
3097 3483 3154 3536 in
3204 3481 3362 3536 Italia
3414 3487 3473 3536 et
3521 3484 3764 3538 Venetia

2145 3593 2300 3632 anno
2332 3592 2467 3629 uno.
2502 3576 2617 3627 Rex
2649 3573 2820 3644 igitur
2848 3571 3247 3642 Berengarius,
3278 3570 3427 3625 datis
3462 3570 3764 3626 obsidibus

2145 3683 2210 3722 ac
2241 3665 2427 3734 donis,
2458 3663 2744 3735 predictos
2770 3663 2994 3733 Ungros
3023 3661 3094 3714 de
3144 3661 3304 3715 Italia
3326 3660 3600 3715 recedere
3626 3661 3765 3716 fecit

2143 3771 2269 3808 cum
2301 3752 2460 3808 omni
2493 3751 2670 3824 preda
2699 3765 2874 3822 quam
2903 3752 3197 3820 ceperant.
3232 3750 3342 3802 Hac
3365 3749 3587 3804 scilicet
3617 3753 3764 3805 tem-

2144 3845 2362 3914 pestate
2394 3840 2722 3895 Dominicus
2754 3839 3079 3910 patriarcha
3124 3836 3392 3908 migravit
3439 3855 3474 3891 a
3528 3840 3760 3906 saaculo,

2144 3929 2443 3986 ecclesiam
2473 3929 2822 3984 Gradensem
2852 3931 3079 3984 rexerat
3102 3927 3272 3981 annis
3299 3931 3330 3980 7
3378 3929 3439 3980 et
3468 3927 3764 3982 mensibus

2148 4023 2230 4074 11.
2267 4019 2438 4090 Cujus
2469 4016 2810 4072 Laurencius
2865 4032 3152 4070 successor
3202 4014 3409 4070 extitit.
3465 4015 3631 4070 Circa
3662 4016 3763 4070 hec

2145 4125 2277 4162 vero
2309 4111 2574 4178 tempora
2595 4107 2843 4161 domnus
2899 4105 3098 4158 Petrus
3146 4105 3258 4159 dux
3311 4120 3428 4158 una
3474 4121 3607 4159 cum
3654 4105 3765 4158 suis

2141 4197 2430 4252 civitatem
2463 4199 2603 4267 aput
2629 4196 2949 4249 Rivoaltum
2979 4194 3246 4249 edificare
3270 4194 3427 4264 cepit
3459 4195 3574 4264 (73)
3609 4211 3762 4249 anno

2141 4287 2225 4340 sui
2259 4287 2496 4340 ducatus
2525 4289 2577 4351 9,
2601 4286 2792 4357 sicque
2827 4285 2936 4339 Leo
2959 4285 3285 4355 imperator
3305 4283 3760 4354 protospatharii

2142 4377 2422 4430 honorem
2441 4374 2545 4428 sibi
2561 4374 2638 4444 inj
2649 4374 2828 4428 unxit.
2849 4373 3107 4428 Predicte
3126 4387 3265 4428 vero
3285 4372 3534 4427 civitatis
3565 4389 3766 4426 murus

2143 4481 2176 4518 a
2205 4463 2388 4534 capite
2421 4463 2585 4517 rivuli
2615 4463 2686 4516 de
2719 4463 2950 4516 castello
2983 4478 3161 4533 usque
3193 4461 3264 4516 ad
3297 4461 3606 4516 ecclesiam
3634 4478 3760 4515 san-

437 4551 576 4606 dum
607 4550 826 4619 largus;
851 4546 1148 4601 ecclesiam
1165 4562 1296 4600 vero
1316 4545 1373 4600 in
1399 4549 1625 4600 tantum
1644 4547 2040 4619 frequentans,
2068 4539 2119 4598 D
2143 4554 2247 4605 cta:
2269 4550 2456 4605 Mariae
2494 4567 2606 4621 que
2653 4551 2721 4604 de
2751 4548 3050 4604 Iubianico
3083 4549 3292 4603 dicitur
3315 4549 3756 4604 extendebatur.

437 4642 500 4694 ut
526 4639 681 4693 nullo
710 4640 971 4706 tempore
986 4635 1176 4690 divino
1190 4638 1412 4689 careret
1428 4635 1640 4693 officio.
1658 4636 1827 4707 Cujus
1841 4653 2044 4708 corpus
2142 4639 2496 4710 Maximaque
2519 4641 2724 4694 catena
2751 4639 2939 4693 ferrea
2961 4637 3101 4692 inibi
3133 4639 3457 4709 composita
3483 4643 3761 4710 erat,quz:e

436 4727 695 4783 Andreas
715 4725 976 4780 tribunus
1000 4725 1252 4778 latenter
1287 4742 1320 4777 a
1348 4724 1557 4779 Sclavis
1583 4725 1874 4778 sublatum
1905 4727 2041 4780 Gra-
2144 4745 2259 4783 uno
2291 4729 2477 4801 capite
2499 4729 2557 4782 in
2581 4729 2696 4782 fine
2729 4727 2969 4798 predicti
3000 4726 3172 4793 muri,
3199 4728 3310 4782 alio
3339 4744 3478 4782 vero
3502 4727 3562 4781 in
3584 4727 3756 4780 sancti

438 4815 675 4874 densem
708 4815 910 4870 urbem
960 4812 1135 4880 misit,
1185 4812 1379 4884 ibique
1412 4814 1664 4884 sepultus
1692 4817 1777 4867 est
1807 4813 1862 4867 in
1898 4815 2042 4870 atrio
2143 4817 2402 4889 Gregorii
2430 4818 2683 4872 ecclesiae
2708 4818 3137 4889 margine,quze
3169 4820 3328 4872 trans
3365 4817 3552 4890 ripam
3583 4816 3760 4888 posita

437 4905 708 4963 ecclesiae.
735 4903 862 4959 Fuit
886 4906 1082 4958 autem
1131 4905 1348 4956 statura
1391 4902 1712 4970 mediocris,
1753 4920 2040 4958 annorum
2145 4911 2249 4972 est,
2279 4907 2609 4975 coherebat,
2635 4907 2707 4961 ob
2735 4907 2842 4961 hoc
2870 4906 3155 4973 videlicet,
3183 4923 3256 4960 ne
3286 4907 3403 4960 ulla
3417 4906 3574 4960 navis
3589 4920 3757 4975 pene-

439 4993 823 5070 quadraginta
842 4991 1118 5064 quinque.
1146 4991 1303 5046 Tunc
1335 4991 1584 5046 domnus
1599 4992 1888 5047 Iohannes
1906 4993 2039 5048 dux.
2143 4995 2335 5050 trandi
2359 4995 2692 5051 facultatem
2708 4995 2811 5050 nisi
2829 4995 3101 5051 dissoluta
3118 4999 3323 5050 catena
3338 4996 3602 5050 haberet.
3623 4992 3758 5047 Vixit

1759 5150 1991 5206 VARle
2045 5151 2333 5207 LECTION
2343 5151 2444 5206 ES.

509 5286 554 5320 ⁸⁵
582 5292 715 5332 vero
741 5279 1166 5348 suprascriptum
1204 5275 1248 5328 1.
1338 5280 1382 5314 ⁸⁸
1404 5271 1480 5327 ita
1518 5275 1533 5326 l
1559 5289 1573 5340 ;
1607 5269 1824 5328 bellicis
1855 5271 1938 5328 ed.

1984 5420 2208 5477 ΝΟΤᾸΞ.

522 5548 630 5615 (70)
671 5553 731 5602 ln
766 5545 1016 5618 antiquis
1047 5543 1412 5618 nostratibus
1446 5544 1700 5618 nummis
1749 5544 2060 5618 argenteis,

455 5620 622 5689 vulgo
657 5617 860 5689 grossi,
888 5617 988 5670 seu
1018 5621 1356 5689 matapanes
1383 5617 1494 5670 dux
1524 5617 1758 5689 dextera
1776 5617 2060 5686 vexillum,

459 5686 686 5743 sinistra
715 5688 925 5742 fustem
957 5686 1127 5755 gerit,
1159 5703 1255 5740 seu
1287 5690 1578 5757 sceptrum
1627 5687 1756 5741 ZAN.

2235 5544 2536 5614 (7l)Iovis,
2570 5544 2626 5599 S.
2661 5545 2974 5598 liernhard.

2257 5617 2344 5688 72)
2379 5615 2716 5688 Navibusex
2747 5613 3310 5688 pellibusgconfectis.

2257 5623 2325 5671 72
2379 5617 2623 5670 Navibus
2653 5633 2716 5668 ex
2747 5617 2986 5688 pellibus
3016 5617 3310 5667 confectis.

2235 5617 2350 5761 imi
2387 5685 2775 5743 Primordium
2799 5685 2952 5741 urbis
2983 5683 3369 5741 Venetiarum.
3403 5687 3528 5742 ΖΑΗ.
