3882 6212
105 495 225 551 913

1449 489 1795 550 CRONICON
1833 489 2171 550 VENE’I‘UM.

3352 489 3456 558 914

109 617 325 670 autem
336 612 468 684 jam
499 611 682 666 dictus
704 613 904 667 Petrus
933 619 979 656 ετ
1003 610 1115 668 dux
1138 610 1195 667 in
1216 611 1425 668 ducatu
1455 613 1622 669 annis
1655 615 1744 681 23,
1764 619 1819 678 Α
1848 611 1940 683 sit,
1971 630 2004 668 a
2035 612 2240 686 quibus
2258 613 2753 685 protospatharius
2785 613 3176 682 effectus,cum
3190 615 3456 673 maximis

113 706 176 757 et
208 704 492 756 mortuus
523 704 608 754 est
639 698 732 771 (an
795 701 942 770 9l2),
974 702 1342 772 sepultusque
1365 701 1422 755 in
1442 701 1620 756 sancti
1642 704 1747 758 Za-

114 789 346 845 chariae
384 788 760 854 monasterio,
791 789 860 843 de
909 789 1068 859 cujus
1115 790 1318 843 funere
1360 807 1475 843 non
1519 791 1745 845 modice

115 878 394 934 Venetici
418 877 1147 948 condoluerunt,quoniam
1177 879 1378 948 plenus
1409 879 1569 934 omni
1589 879 1750 934 boni-

120 972 247 1022 tate
280 966 610 1022 honorifice
659 964 804 1019 rexit
833 965 1129 1020 ducatum.
1164 965 1346 1029 Quem
1384 967 1649 1021 successit
1675 966 1748 1021 ad

121 1059 284 1111 hanc
319 1054 648 1124 regendam
685 1053 1029 1126 dignitatem
1064 1055 1312 1110 domnus
1342 1055 1512 1110 Ursus
1534 1073 1748 1128 cogno-

124 1151 344 1201 mento
396 1142 761 1211 Particiacus,
806 1143 904 1214 qui
935 1160 1068 1199 mox
1119 1149 1180 1198 ut
1227 1144 1338 1198 dux
1381 1144 1614 1199 effectus
1644 1149 1748 1211 est,

123 1250 305 1288 suum
331 1232 521 1288 filium
557 1234 790 1288 Petrum
819 1233 1059 1288 nomine
1092 1232 1648 1304 Constantinopolim
1679 1233 1751 1288 ad

131 1323 406 1376 Leonem
434 1321 847 1392 imperatorem
871 1320 1194 1378 destinavit.
1230 1321 1411 1384 Quem
1439 1321 1754 1393 imperator

124 1428 266 1466 cum
300 1412 531 1465 honore
565 1409 896 1480 suscipiens,
947 1410 1474 1482 protospatharium
1506 1419 1550 1451 ⁸⁸
1599 1409 1750 1477 fecit,

130 1501 514 1572 ditatumque
547 1498 815 1553 maximis
838 1499 1004 1554 donis
1033 1498 1106 1552 ad
1136 1498 1372 1570 propria
1404 1498 1589 1552 redire
1624 1514 1755 1570 per-

131 1588 320 1643 misit.
363 1588 470 1651 Qui
502 1587 643 1641 dum
677 1587 1057 1642 Chroatorum
1090 1587 1233 1640 fines
1254 1587 1480 1642 rediens
1511 1587 1754 1642 transire

130 1678 380 1742 vellet,a
407 1676 722 1731 Michahele
745 1675 1074 1730 Sclavorum
1107 1676 1247 1730 duce
1266 1675 1467 1730 fraude
1488 1676 1756 1746 deceptus

131 1766 536 1837 omnibusque
574 1764 742 1819 bonis
773 1765 1048 1836 privatus,
1082 1769 1253 1836 atque
1277 1765 1578 1836 Vulgarico
1610 1764 1755 1835 regi,

133 1853 410 1911 Simeoni
445 1855 703 1921 nomine,
727 1854 877 1908 exilii
903 1871 1053 1926 pena
1079 1853 1441 1909 transmissus
1463 1852 1756 1918 est.Quem

1849 703 2014 758 donis
2041 703 2113 757 ad
2144 702 2453 757 Veneciam
2484 703 2676 758 rediit.
2713 703 2820 767 Qui
2846 720 2979 759 vero
3005 704 3318 775 prelibatus
3344 705 3456 760 dux

1850 797 1979 864 post
2001 793 2311 848 adventum
2345 793 2447 846 filii
2476 809 2591 847 non
2626 794 2752 864 plus
2783 809 2957 864 quam
2991 793 3243 865 quinque
3274 811 3454 849 anno-

1849 901 1980 939 rum
2013 883 2204 953 spacia
2232 882 2521 949 vivens,ab
2543 883 2787 937 liaclucc
2818 883 3136 937 subtractus
3162 882 3455 946 est.Quem

1850 971 2119 1026 successit
2162 980 2207 1012 ⁸ο
2263 973 2463 1025 Petrus
2505 970 2739 1025 Ursonis
2786 980 2833 1013 90
2878 970 3036 1025 ducis
3073 970 3241 1037 filius,
3272 971 3316 1025 is
3361 969 3457 1042 qui

1853 1063 1991 1132 aput
2021 1059 2387 1130 Vulgaricum
2418 1075 2616 1130 regem
2648 1059 2837 1113 fuerat
2863 1060 3138 1114 exulatus.
3167 1059 3316 1114 Sane
3338 1077 3456 1115 non

1853 1148 2169 1204 absurdum
2191 1147 2416 1202 videtur
2436 1147 2826 1218 interponere,
2851 1149 3145 1219 quomodo
3172 1147 3458 1220 predictus

1853 1239 2115 1293 Romano
2139 1238 2439 1309 imperiale
2470 1237 2761 1308 fastigium
2796 1237 3099 1309 usurpavit.
3113 1237 3224 1292 Leo
3246 1235 3459 1292 scilicet

1854 1327 2175 1397 imperator
2209 1343 2380 1398 quem
2411 1342 2585 1397 supra
2614 1325 3083 1393 memoravimus,
3116 1325 3254 1380 dum
3291 1325 3454 1379 solito

1855 1433 2017 1471 more
2057 1417 2319 1470 navalem
2351 1414 2662 1470 exercitum
2706 1415 2764 1468 in
2799 1416 3142 1470 Sarracenos
3173 1414 3448 1480 mitteret,

1857 1505 2107 1562 eundem
2139 1504 2521 1575 Romano,qui
2555 1508 2689 1558 tunc
2712 1502 3238 1574 delongariiofﬁcio
3262 1503 3462 1572 funge-

1857 1593 2048 1659 batur,
2084 1593 2336 1664 primum
2379 1593 2709 1648 eductorem
2747 1593 2920 1665 ipsius
2947 1592 3225 1647 exercitus
3249 1589 3458 1646 consti-

1857 1681 2655 1735 tuit.lntereamortuoLeone
2676 1679 3461 1750 imperatore,Constantinus

1859 1769 1981 1839 ejus
1999 1769 2146 1822 filius
2171 1769 2434 1823 omnium
2457 1769 2735 1824 electione
2762 1768 3072 1838 imperium
3104 1768 3458 1839 estadeptus.

1858 1857 1964 1920 Qui
1987 1855 2180 1911 statim
2209 1856 2280 1910 ad
2305 1857 2564 1911 Romano
2584 1873 2715 1912 suos
2735 1857 3020 1928 delegavit
3035 1857 3462 1923 nuntios,man-

133 1947 309 2014 pater
337 1941 635 2014 perditum
679 1941 890 1998 acriter
937 1943 1158 2009 dolens,
1189 1941 1429 1997 minime
1461 1942 1757 2014 acquirere
1778 1928 1828 1988 Β
1858 1945 2000 2000 dans
2026 1949 2088 2000 ut
2123 1962 2237 2000 una
2263 1962 2392 2000 cum
2415 1944 3228 2016 exercituConstantinopolim
3243 1959 3463 1998 remea-

137 2032 348 2104 quivit,
401 2031 640 2086 interim
687 2049 791 2104 per
823 2049 988 2087 suum
1019 2031 1470 2099 internuncium,
1504 2029 1758 2086 Domini-

138 2138 274 2176 cum
301 2119 572 2176 videlicet
597 2121 1118 2176 Metamaucensem
1142 2121 1627 2186 archidiaconem,
1662 2117 1759 2190 qui

139 2213 349 2281 postea
379 2209 681 2281 episcopus
711 2209 945 2265 effectus
992 2214 1096 2278 est,
1144 2210 1258 2266 suis
1313 2208 1481 2264 donis
1511 2207 1760 2263 redime-

139 2303 248 2354 ret.

213 2388 524 2443 Hisautem
549 2387 748 2442 diebus
762 2388 1032 2444 defuncto
1054 2388 1244 2444 Leone
1263 2387 1612 2460 imperatore
1640 2387 1754 2459 (an.

141 2475 717 2548 9l2),Constantinus
735 2477 856 2548 ejus
895 2477 1040 2531 filius
1063 2477 1371 2549 imperium
1397 2476 1636 2547 adeptus
1650 2481 1754 2535 est.

139 2571 266 2638 Ipso
281 2566 466 2621 etiam
483 2569 746 2636 tempore
761 2566 1094 2622 Laurentius
1113 2566 1438 2638 patriarcha
1455 2566 1757 2621 hominem

139 2656 338 2719 exivit,
373 2655 471 2727 qui
501 2655 853 2709 Gradensem
889 2655 1189 2710 ecclesiam
1217 2659 1442 2710 rexerat
1473 2654 1642 2710 annis
1670 2659 1755 2722 l2,

143 2744 446 2801 mensibus
467 2747 519 2812 9,
549 2744 747 2798 diebus
770 2745 858 2811 24,
893 2745 1320 2814 tumulatusque
1345 2746 1430 2798 est
1459 2743 1515 2798 in
1548 2746 1758 2800 sancta:

143 2833 426 2888 Eufemia:
445 2833 612 2892 atrio.
640 2833 821 2896 Quem
853 2832 1097 2888 Marinus
1113 2831 1440 2902 patriarcha
1471 2833 1756 2888 successit.

144 2923 476 2977 Prelibatus
504 2921 698 2992 itaque
731 2922 904 2976 Ursus
939 2922 1071 2989 dux,
1102 2921 1242 2976 dum
1289 2921 1562 2976 ducatum
1595 2921 1760 2978 annis

145 3014 391 3082 generet
420 3012 633 3081 20,jam
657 3027 828 3066 senex
858 3010 1092 3064 effectus
1123 3013 1358 3064 terrena
1389 3009 1615 3082 penitus
1637 3026 1762 3080 par-

143 3101 467 3171 vipendens
489 3099 1010 3171 cmnobitalemque
1041 3099 1308 3153 habitum
1338 3098 1396 3152 in
1419 3096 1602 3152 sancti
1627 3097 1763 3151 Feli-

147 3188 222 3243 cis
248 3188 612 3244 monasterio
637 3187 838 3242 devote
869 3187 1206 3258 suscipiens,
1237 3186 1312 3241 ibi
1351 3186 1526 3240 vitam
1559 3185 1760 3240 finivit.

1857 2038 1990 2102 ret;
2045 2034 2249 2106 quibus
2296 2034 2661 2106 respondisse
2714 2034 2898 2088 fertur
2943 2050 3003 2088 se
3052 2033 3209 2087 nulla
3236 2031 3462 2087 ratione

1859 2122 2424 2194 Constantinopolim
2456 2122 2843 2189 redditurum,
2875 2138 3064 2192 neque
3095 2137 3208 2175 suae
3249 2119 3461 2175 dicioni

1859 2210 2534 2282 obtemperaturum,nisi
2553 2227 2686 2266 eum
2705 2209 2762 2266 in
2784 2211 3003 2282 palacio
3027 2209 3308 2280 majorem
3332 2224 3464 2264 con-

1857 2300 2138 2356 siliarium
2169 2302 2226 2354 et
2257 2299 2418 2371 quasi
2449 2302 2678 2369 patrem
2709 2300 2962 2354 coloret:
2995 2297 3081 2353 sin
3112 2313 3244 2352 vero
3276 2295 3462 2364 aliter,

1858 2390 2058 2461 procul
2101 2387 2275 2444 dubio
2328 2405 2449 2443 sese
2482 2388 2614 2442 totis
2642 2387 2858 2444 nisibus
2888 2403 2987 2442 suo
3018 2385 3264 2457 imperio
3292 2401 3462 2456 repu-

1858 2481 2171 2550 gnaturum
2216 2476 2500 2549 promisit.
2546 2477 2669 2532 Mox
2711 2492 2962 2546 namque
2996 2473 3168 2529 verba
3198 2471 3466 2545 operibus

1859 2566 2205 2638 adimplens,
2239 2565 2528 2620 civitatem
2558 2582 2685 2636 qua:
2714 2564 2906 2619 Avitus
2939 2562 3050 2633 (74)
3075 2561 3279 2617 dicitur
3301 2559 3464 2628 adiit,

1857 2654 2053 2726 ibique
2086 2672 2157 2709 ne
2193 2654 2396 2726 aliquis
2423 2653 2763 2710 alimoniam
2790 2649 3348 2722 Constantinopolim
3372 2649 3467 2703 de-

1857 2743 2038 2798 ferret
2064 2743 2292 2816 penitus
2321 2742 2643 2799 interdixit.
2676 2741 2838 2797 Unde
2869 2741 3084 2796 factum
3117 2741 3221 2806 est,
3242 2742 3303 2792 ut
3318 2736 3466 2792 cives

1858 2833 2055 2890 inedia
2080 2849 2231 2902 pene
2263 2831 2615 2903 consumpti,
2648 2829 2933 2904 imperiali
2953 2827 3187 2884 consilio
3213 2826 3466 2881 eundem

1857 2920 1918 2978 in
1958 2921 2179 2992 palacio
2213 2922 2274 2974 ut
2305 2923 2641 2992 exposceret
2682 2920 3027 2990 receperunt
3054 2916 3169 2989 (an.
3204 2913 3467 2986 9l9).Qui

1858 3009 2143 3068 instanter
2177 3026 2339 3064 suam
2391 3009 2572 3063 filiam
2621 3006 2996 3064 Constantino
3035 3001 3373 3076 imperatori
3405 3001 3467 3057 in

1859 3097 2129 3168 conjugio
2155 3085 2562 3152 tradidit.Tum
2585 3095 2700 3166 (75)
2733 3094 2841 3150 sibi
2864 3093 3158 3164 tribusque
3179 3090 3294 3147 suis
3315 3089 3464 3158 filiis,

1861 3185 1918 3240 id
1950 3187 2035 3239 est
2065 3184 2438 3251 Christoforo,
2471 3183 2711 3238 Stefano
2745 3187 2803 3237 et
2842 3180 3238 3248 Constantino,
3279 3179 3465 3250 impe-

147 3277 355 3333 Fuerat
373 3294 626 3349 namque
647 3277 881 3348 ingenio
903 3277 1216 3347 preclarus,
1252 3274 1553 3329 sanctitate
1575 3273 1762 3344 predi-
1794 3250 1839 3309 C
1862 3272 2072 3327 rialem
2105 3288 2382 3328 coronam
2429 3271 2724 3343 imposuit,
2756 3270 2947 3342 sicque
2988 3269 3050 3323 in
3091 3285 3206 3324 uno
3244 3267 3464 3339 palacio

147 3365 484 3436 tus,justitie
501 3364 1075 3431 amator,elemosina
1100 3363 1352 3434 dapsilis,
1377 3362 1760 3432 omnibusque

146 3456 312 3510 bonis
343 3456 540 3509 fultus.
567 3456 700 3509 Post
725 3455 882 3524 cujus
911 3453 1221 3508 discessum
1253 3451 1492 3522 quidam
1522 3448 1759 3504 nobilis-

147 3545 324 3599 simus
349 3546 547 3599 Petrus
571 3545 961 3614 cognomento
994 3541 1320 3596 Candianus
1352 3540 1622 3594 ducatum
1645 3556 1761 3592 sus-

151 3633 390 3704 cipiens,
414 3631 593 3686 nihilo
626 3630 816 3685 minus
861 3630 944 3686 sui
978 3629 1291 3685 decessoris
1322 3629 1585 3699 exemplo
1627 3626 1758 3682 sub-

151 3722 334 3776 ditum
369 3720 476 3775 sibi
506 3721 784 3790 populum
819 3722 1063 3774 tractare
1091 3720 1330 3772 conatus
1362 3718 1466 3774 est.
1494 3714 1596 3769 Ubi
1619 3714 1757 3768 dum

153 3809 540 3864 Cumaclensis
587 3807 786 3862 insulae
830 3807 1096 3863 homines
1137 3806 1419 3878 quosdam
1461 3802 1759 3858 Veneticos

150 3902 373 3954 temere
388 3895 1006 3967 comprehendissent,i
1016 3912 1113 3966 pse
1137 3911 1270 3950 vero
1293 3894 1440 3948 tanti
1461 3891 1759 3948 dedecoris

154 3987 427 4058 injuriam
464 4003 583 4041 non
605 3986 819 4052 ferens,
853 3985 1026 4039 misso
1059 3985 1190 4037 illuc
1219 3982 1469 4037 exercitu
1503 3981 1758 4052 ipsorum

155 4080 404 4131 castrum
432 4075 567 4146 igne
603 4073 934 4139 combussit,
975 4072 1373 4142 quosdamque
1406 4070 1638 4124 illorum
1671 4069 1756 4123 in-

154 4157 462 4230 terﬁcien’s,
493 4161 745 4232 reliquos
789 4161 1082 4231 utriusque
1123 4176 1287 4214 sexus
1331 4159 1405 4214 ad
1453 4157 1760 4213 Veneciam

157 4253 332 4316 duxit,
363 4252 559 4323 ibique
593 4249 812 4304 tamdiu
838 4250 990 4321 ipsos
1010 4248 1276 4311 detinuit,
1291 4248 1475 4303 donec
1499 4263 1619 4301 sese
1645 4263 1759 4300 suae

158 4341 364 4397 dicioni
388 4342 888 4395 sacramentorum
913 4338 1026 4393 fide
1043 4338 1358 4394 subderent
1383 4339 1441 4392 et
1467 4339 1526 4390 ut
1543 4333 1762 4408 proprii

157 4430 255 4485 sibi
290 4430 563 4501 deinceps
595 4428 653 4482 in
683 4428 948 4482 omnibus
980 4423 1575 4498 obtemperarent.llis
1595 4439 1762 4478 nam-

158 4536 261 4591 que
285 4519 488 4574 diebus
506 4517 748 4589 quidam
775 4515 1109 4570 Olivolensis
1125 4511 1762 4606 episcopuspominic‘us
1785 4547 1834 4606 Ι)

159 4608 389 4663 nomine
416 4607 722 4678 defunctus
748 4608 853 4672 est,
877 4621 1049 4676 quem
1069 4601 1337 4658 successit
1357 4603 1582 4669 Petrus,
1608 4599 1760 4654 Petri

158 4696 365 4750 tribuni
393 4694 907 4749 filius.Antedictus
927 4709 1062 4747 vero
1078 4694 1277 4747 Petrus
1298 4689 1626 4744 Candianus
1649 4689 1762 4743 dux

158 4802 313 4840 suum
347 4785 627 4839 dilectum
642 4782 980 4854 equivocum
996 4781 1175 4836 filium
1202 4777 1761 4849 Constantinopolim

161 4875 226 4930 ad
252 4872 698 4931 Constantinum
725 4874 783 4926 et
809 4873 1070 4928 Romano
1093 4870 1474 4942 imperatores
1497 4866 1762 4922 transmi-

1860 3360 2114 3432 quinque
2137 3361 2303 3414 Simul
2320 3359 2700 3430 imperatores
2726 3355 3469 3413 manebant.NamChristo-

1859 3448 2039 3515 forus,
2061 3448 2249 3518 major
2277 3448 2540 3502 Romano
2573 3445 2740 3512 filius,
2769 3462 2885 3500 non
2913 3444 3010 3498 diu
3039 3444 3250 3512 vivens,
3280 3444 3466 3516 impe-

1859 3537 2010 3591 rium
2045 3552 2177 3590 cum
2208 3536 2322 3591 vita
2358 3535 2612 3608 perdidit
2639 3538 2755 3600 (an.
2781 3535 2927 3604 920).
2958 3534 3053 3588 His
3082 3533 3282 3587 diebus
3306 3549 3466 3587 mor-

1860 3629 1960 3679 tuo
2002 3627 2171 3679 Petro
2222 3624 2363 3680 duce
2414 3623 2749 3689 Badavario,
2784 3621 2882 3692 qui
2929 3625 3156 3676 rexerat
3195 3621 3466 3674 ducatum

1862 3714 2031 3768 annis
2072 3717 2124 3781 3,
2161 3712 2427 3768 successit
2465 3715 2668 3768 Petrus
2716 3719 2760 3754 οι
2808 3709 3152 3776 Candianus,
3192 3707 3467 3764 antedicti

1863 3803 2015 3858 Petri
2047 3803 2204 3858 ducis
2225 3802 2390 3858 filius.
2425 3800 2672 3858 Predicti
2701 3816 2956 3871 namque
2987 3801 3259 3870 quattuor
3287 3796 3467 3868 impe-

1859 3894 2083 3946 ratores
2105 3891 2256 3946 inter
2275 3907 2333 3946 se
2360 3889 3013 3969 animos'repugnantes,
3041 3886 3178 3942 dum
3201 3883 3466 3940 Stefanus

1861 3985 1918 4035 et
1953 3980 2362 4037 Constantinus
2381 3979 2590 4034 fratres
2609 3995 2774 4033 suum
2801 3979 3110 4047 cognatum
3143 3972 3466 4029 Constanti-

1863 4087 2004 4126 num
2037 4069 2298 4125 occidere
2330 4068 2697 4132 molirentur,
2729 4065 3172 4124 interdicentem
3201 4064 3465 4120 Romano

1862 4162 2088 4230 patrem
2121 4157 2403 4213 violenter
2423 4157 2776 4212 monachum
2796 4153 3232 4224 etfectum,aput
3255 4150 3468 4206 insulas

1863 4265 1990 4320 qua:
2037 4246 2332 4302 Paonariae
2371 4245 2483 4316 (76)
2515 4247 2923 4317 nuncupantur
2959 4241 3126 4297 exilio
3155 4243 3466 4297 damnave-

1863 4338 2020 4390 runt.
2050 4336 2165 4390 Hoc
2184 4334 2433 4405 denique
2457 4336 2700 4404 paterno
2737 4334 2947 4387 scelere
2977 4333 3225 4403 patrato,
3257 4329 3465 4384 iterum

1867 4422 2112 4495 qualiter
2154 4422 2478 4494 predictum
2523 4421 2966 4477 Constantinum
2998 4419 3240 4490 perdere
3273 4415 3465 4471 conati

1863 4514 1997 4566 sunt
2025 4510 2590 4581 intimabo.Antiqua
2619 4509 2835 4565 etenim
2852 4507 3204 4564 consuetudo
3233 4505 3291 4558 in
3315 4505 3465 4560 Con-

1863 4597 2381 4670 stantinopolitano
2414 4597 2634 4668 palacio
2665 4597 2834 4652 fuisse
2860 4597 3060 4664 fertur,
3094 4610 3206 4667 quo
3229 4593 3466 4666 quisque

1861 4689 2184 4759 imperator
2214 4686 2428 4741 milites
2450 4686 2564 4740 illic
2594 4686 2840 4740 haberet
2865 4685 2960 4755 qui
2992 4683 3274 4755 palatinas
3299 4697 3465 4736 excu-

1861 4777 1984 4831 bias
2013 4779 2168 4830 sorte
2201 4778 2568 4846 peragerent,
2601 4791 2743 4845 quos
2780 4773 2970 4828 Eolica
3000 4773 3197 4843 lingua
3227 4769 3467 4826 littorias

1863 4865 1980 4938 (77)
2013 4863 2298 4920 nominat.
2335 4863 2595 4936 Cumque
2613 4865 2728 4917 tres
2754 4860 2924 4915 simul
2952 4860 3049 4914 illo
3082 4863 3343 4932 tempore
3362 4857 3464 4913 im-

1464 4989 1699 5044 VARI/E
1753 4987 2151 5044 LECTIONES.

227 5095 270 5130 ετ
293 5104 397 5143 vox
423 5088 787 5158 suprascripta
823 5089 873 5142 l.

155 5177 354 5230 prascr.
390 5154 561 5212 ina—nu
590 5154 866 5230 recontiori
882 5156 996 5214 XIII
1048 5154 1267 5211 XXXVII

163 5229 436 5289 recentiori
453 5229 603 5284 VIIII
631 5229 736 5286 XL.

1013 5092 1058 5126 ³8
1084 5084 1248 5138 Illum
1280 5080 1524 5137 additum
1554 5085 1646 5146 est,
1677 5078 1765 5133 sed
1789 5078 1956 5148 signis
1983 5077 2263 5148 suppositis
2289 5073 2576 5148 indicatur:
2608 5090 2712 5148 nor}
2763 5087 2866 5126 esse
2907 5067 3202 5139 legendum.

1378 5161 1424 5195 οο
1451 5143 1872 5222 suprascripta-th
1913 5143 2092 5206 manii
2135 5148 2416 5204 recentiori
2465 5143 2744 5200 Baduario

3313 5077 3359 5111 89
3383 5085 3469 5123 su-

2883 5149 2927 5184 οι
2984 5154 3248 5210 suprascr.
3302 5156 3468 5195 manu

1703 5290 1910 5352 NOTZE

233 5391 340 5462 (74)
369 5390 628 5462 Abydos.

230 5454 335 5530 (75)
387 5454 622 5516 Hiscum
680 5460 877 5515 confer
930 5457 1288 5530 Liudprandi
1337 5454 1761 5530 narrationem,

164 5527 618 5607 Antapqd.Av._2l
664 5549 814 5607 sqq.,
847 5547 1022 5607 quam
1052 5527 1249 5607 noster
1275 5527 1585 5599 ignoravit.

253 5548 446 5607 tapou.
476 5549 528 5585 v.
557 5548 618 5586 τι
664 5549 814 5603 sqq.,
847 5548 1022 5655 quam
1052 5548 1248 5584 noster
1275 5548 1585 5599 ignorant.

253 5610 343 5678 76)
365 5603 700 5684 Principum
732 5603 931 5684 inSth
961 5601 1144 5684 .hodie
1170 5601 1550 5684 ;_R0manum_
1586 5597 1767 5684 impe:

168 5670 416 5801 ﬁrmem
447 5670 802 5801 iubixtisulam
842 5674 1055 5728 Proteu
1111 5672 1462 5740 relegatum,
1515 5670 1767 5726 Zonaras

187 5767 202 5801 ι
242 5791 255 5801 .
288 5762 378 5801 xvt
412 5761 524 5801 scri
570 5760 585 5797 ι
617 5787 630 5801 .

167 5749 255 5808 lib.
288 5762 378 5806 xw
412 5743 630 5804 scribit.

1960 5378 2050 5451 77)
2078 5379 2336 5451 Fortasse
2382 5395 2416 5432 a
2458 5375 2658 5451 Latina
2683 5389 2818 5428 voce
2845 5371 3027 5451 ‘lietor,
3069 5369 3263 5425 Graeco
3303 5381 3470 5451 more

1863 5437 2180 5504 iis‘see'culis
2221 5449 2450 5514 inﬂexa,
2482 5447 2654 5500 veluti
2686 5442 3145 5516 καμπιδοῦκτωρᾳς,
3186 5437 3467 5516 campidu-

1863 5527 2028 5578 ctores
2047 5539 2063 5585 ;
2083 5521 2418 5589 καντάτωρας,
2437 5509 2764 5590 ἐανηιαιρνεεξ
2791 5509 3050 5590 elisaque:
3064 5511 3122 5566 id
3152 5509 3344 5590 genus.
3361 5509 3470 5590 hy-

1865 5582 2391 5661 bridzevoces,quze
2414 5589 2519 5643 etsi
2547 5582 3007 5661 Latinae,Graaéi_s
3036 5582 3234 5661 tamen
3262 5582 3469 5661 litteris

1864 5664 2170 5736 Graecaque
2193 5652 2505 5736 inﬂexione
2537 5652 2858 5736 descriptae,
2890 5654 3160 5736 a_Craecis
3189 5652 3473 5728 sequioris

1867 5735 1968 5792 aevi
1999 5726 2214 5807 passim
2260 5726 2798 5805 usurpabanturfln
2836 5726 3032 5786 codice
3067 5726 3471 5797 tamen'repo-
