3882 6212
181 445 280 500 917

1502 435 1898 493 CHRONICON
1926 436 2264 496 VENETUM.

3376 448 3501 525 ius

179 565 537 620 recrearunt.
583 559 691 626 Qui
729 576 849 617 non
894 562 1024 633 post
1062 556 1311 614 multum
1353 562 1583 629 tempus
1621 558 1867 621 nactaA
1894 558 2144 632 undique
2174 558 2338 614 illum
2367 559 2675 615 crudeliter
2717 562 3108 629 vulnerantes,
3141 562 3270 617 diva
3302 564 3500 621 anima

182 652 501 718 occasione,
548 649 814 705 maritale
856 648 1093 703 thorum
1131 647 1431 703 Jobannias
1476 647 1639 702 uxori
1676 663 1791 703 sua:
1891 663 2169 717 corporeo
2197 648 2396 703 relicto
2428 650 2741 720 ergastulo,
2767 667 3039 722 superum
3099 650 3265 722 petiit
3312 653 3498 708 solita.

183 739 538 794 interdicens
550 739 608 793 in
623 737 803 792 sancti
816 736 1101 791 Zacharias
1115 735 1374 791 coenobio
1390 735 1790 790 monachicam

182 831 394 882 vestem
418 827 474 883 vi
515 843 647 882 eam
691 824 947 897 recipere
994 824 1204 895 coegit.
1254 823 1457 879 Filium
1504 823 1788 895 siquidem

174 933 345 989 quem
378 933 447 971 ex
471 932 543 971 ea
555 914 777 980 habuit,
800 913 1047 968 Vitalem
1065 912 1609 980 nomine,clericum
1624 912 1789 966 devo-

173 1021 329 1060 vens.
343 1004 703 1059 Gradensem
723 1002 1113 1074 patriarcham
1130 1002 1503 1073 postmodum
1518 1000 1641 1055 fieri
1658 1016 1788 1071 pro-

174 1092 374 1147 movit.
400 1091 624 1147 Deinde
675 1089 929 1162 Hugonis
984 1089 1333 1145 marchionis
1383 1106 1642 1144 sororem
1668 1087 1784 1157 (81)

170 1180 550 1237 Hwalderada
570 1180 808 1235 nomine
830 1180 887 1233 in
910 1178 1038 1250 conj
1049 1178 1178 1250 ugio
1209 1177 1452 1249 excepit,
1475 1195 1509 1233 a
1537 1195 1651 1250 qua
1669 1193 1785 1232 ser-

171 1286 376 1325 verum
416 1269 879 1341 ancillarumque
922 1267 1099 1341 copiis
1144 1267 1469 1340 prediisque
1518 1266 1783 1322 maximis

169 1358 423 1414 dotalicii
446 1360 581 1429 jure
631 1360 898 1430 acceptis,
945 1362 1171 1413 exteros
1219 1358 1431 1412 milites
1480 1358 1551 1412 de
1590 1357 1781 1412 Italico

166 1464 379 1519 regno,
405 1465 539 1502 cum
570 1448 777 1519 quibus
804 1447 1116 1502 defendere
1139 1450 1197 1501 et
1212 1446 1501 1518 possidere
1524 1446 1784 1516 predicta

166 1536 389 1606 praedia
437 1538 662 1608 possed,
716 1537 1011 1609 acquirere
1059 1536 1296 1591 studuit.
1356 1537 1572 1607 Nempe
1622 1538 1782 1589 tante

166 1624 424 1680 audacias
457 1626 627 1680 fuisse
674 1626 877 1692 fertur,
929 1641 1043 1697 quo
1081 1629 1139 1679 et
1167 1624 1424 1679 subditos
1450 1622 1673 1678 virtutis
1705 1623 1780 1676 ri-

164 1729 308 1783 gore
342 1714 473 1786 plus
502 1714 667 1769 solito
706 1717 1020 1786 premeret,
1042 1717 1458 1783 extraneosque
1489 1712 1597 1766 sibi
1628 1712 1781 1767 obsi-

158 1803 383 1855 stentes
395 1802 718 1857 ulciscendo
730 1800 1434 1857 devinceretFerrariensis
1445 1800 1654 1871 quippe
1668 1817 1783 1855 cas-

1892 734 2096 789 Filium
2128 735 2433 807 siquidem,
2481 754 2654 810 quem
2707 736 2898 792 nutrix
2937 738 3009 792 ab
3050 738 3301 793 incendii
3331 756 3503 811 paena

1890 823 2170 889 liberavit,
2186 842 2219 878 a
2238 826 2491 896 quodam
2516 827 2866 897 nequissimo
2898 826 3130 897 cuspide
3151 829 3503 884 transverbe-

1887 918 2045 966 ratus
2074 914 2521 987 est,pariterque
2544 915 2752 970 milites
2773 916 2869 987 qui
2901 915 2980 970 illi
3010 915 3200 971 favere
3232 917 3499 973 niteban-

1889 1002 2001 1066 tur,
2030 1001 2197 1055 occisi
2226 1006 2376 1057 sunt.
2410 1003 2607 1059 Gelida
2654 1021 2907 1075 namque
2953 1021 3199 1077 corpora
3228 1022 3497 1077 quorum,

1886 1088 2040 1142 idem
2062 1090 2182 1159 (83)
2214 1091 2493 1159 genitoris
2522 1096 2581 1146 et
2610 1092 2842 1154 sobolis,
2870 1092 2943 1147 ob
2975 1092 3357 1164 ignominiam
3376 1093 3497 1165 pri-

1886 1177 2059 1231 mitus
2077 1178 2282 1249 exigua
2304 1180 2432 1234 navi
2451 1181 2523 1235 ad
2542 1181 2767 1236 macelli
2788 1181 3001 1248 forum,
3019 1181 3226 1237 deinde
3239 1182 3495 1255 quodam

1884 1266 2242 1322 sanctissimo
2270 1269 2391 1324 viro
2421 1270 2684 1325 Johanne
2701 1270 3021 1326 Gradonico
3058 1271 3295 1326 nomine
3314 1270 3494 1325 inter-

1882 1355 2142 1425 pellanti,
2175 1356 2248 1411 ad
2277 1358 2459 1411 sancti
2490 1358 2661 1414 Yllari
2685 1359 3102 1414 monasterium
3138 1360 3490 1414 detulerunt.

1955 1446 2186 1499 Patrato
2220 1462 2353 1500 vero
2381 1446 2489 1501 hoc
2506 1455 2577 1489 τοο
2596 1447 2945 1519 nequissimo
2973 1449 3209 1515 scelere,
3231 1448 3289 1502 in
3311 1448 3493 1503 sancti

1884 1532 2035 1588 Petri
2066 1534 2365 1589 ecclesiam
2397 1541 2811 1603 convenerunt,
2833 1537 3025 1609 ibique
3041 1537 3339 1591 communi
3359 1539 3491 1591 voto

1884 1621 2194 1690 quemdam
2212 1623 2419 1689 virum,
2435 1625 2666 1678 Petrum
2681 1625 2942 1679 videlicet
2964 1626 3263 1697 Ursoylym
3282 1641 3496 1696 cogno-

1884 1708 2064 1775 mine,
2085 1711 2407 1780 preclarum
2427 1714 2815 1782 generositate
2829 1717 2887 1768 et
2907 1714 3164 1769 moribus
3182 1714 3238 1768 in
3254 1714 3494 1769 ducatus

1883 1797 2167 1851 honorem
2193 1799 2504 1853 sublimare
2535 1800 2931 1856 decreverunt.
2967 1802 3073 1865 Qui
3102 1802 3307 1874 puerili
3337 1804 3493 1857 etate

160 1890 281 1944 telli
303 1892 586 1962 populum
606 1890 1003 1962 potentissime
1017 1890 1341 1945 debellavit.
1378 1888 1778 1962 Opiterginum
1802 1884 1852 1944 B
1883 1884 1964 1939 nil
1995 1886 2148 1940 aliud
2168 1903 2341 1957 quam
2357 1889 2471 1942 Deo
2495 1890 2720 1959 placere
2740 1891 2991 1957 studens,
3010 1890 3083 1945 ad
3111 1894 3268 1945 tante
3285 1890 3490 1961 digna-

163 1977 403 2049 quidem
424 1982 678 2035 castrum
700 1978 835 2051 igne
854 1982 1286 2034 concrematum
1303 1978 1776 2049 devastarijussit.

158 2066 572 2139 Nonnullaque
595 2068 708 2122 alia
734 2085 795 2122 se
826 2068 1266 2139 objurgantibus
1314 2084 1517 2138 aspera
1564 2067 1776 2121 intulit.

158 2154 376 2210 Verum
398 2155 536 2228 quia
563 2156 764 2211 omnia
792 2160 954 2228 gesta
980 2156 1053 2211 ab
1096 2156 1191 2210 illo
1224 2155 1507 2227 explicare
1537 2154 1779 2210 minime

156 2244 564 2315 possum,ejus
585 2245 801 2300 exitum
832 2245 1120 2300 exarando
1168 2244 1571 2322 demonstrare
1613 2260 1779 2299 cure-

159 2348 314 2388 mus.
332 2332 545 2388 Octavo
558 2334 786 2390 decimo
804 2333 1039 2407 quidem
1071 2332 1156 2389 sui
1186 2333 1588 2389 honorisanno
1612 2333 1777 2405 (977),

159 2437 278 2476 una
296 2436 432 2475 cum
452 2421 570 2476 filio
590 2424 827 2493 parvulo
850 2439 1025 2494 quem
1045 2422 1115 2478 de
1133 2422 1391 2495 predicta
1410 2422 1782 2477 Hwalderada

156 2510 387 2578 habuit,
420 2510 521 2565 tali
571 2510 775 2565 ordine
822 2510 1158 2566 interfectus
1205 2513 1309 2569 est.
1363 2512 1511 2566 Dum
1541 2512 1638 2566 illo
1666 2514 1782 2585 (8'2)

152 2602 341 2672 longo
373 2604 641 2673 tempore
657 2600 910 2656 Venetici
932 2601 1006 2656 ob
1021 2601 1228 2656 austeri
1239 2603 1417 2656 tatem
1433 2601 1520 2656 sui
1544 2618 1781 2658 exosum

155 2690 453 2745 haberent
471 2690 920 2763 facultatemque
943 2691 1225 2762 perdendi
1248 2690 1444 2747 sedule
1484 2693 1779 2749 machina-

155 2781 315 2846 rent,
339 2779 597 2850 quadam
614 2777 705 2833 die
729 2778 880 2834 facta
894 2778 1321 2852 conspiratione
1338 2780 1396 2835 in
1416 2780 1577 2835 illum
1600 2781 1783 2836 insur-

154 2883 299 2939 gere
317 2866 512 2922 adorsi
525 2870 677 2922 sunt.
694 2867 975 2922 Palatium
991 2870 1211 2936 tamen,
1226 2868 1322 2940 qui
1339 2868 1780 2936 bellicosis,licet

153 2955 382 3026 paucis,
410 2955 693 3011 militibus
734 2956 897 3013 illum
946 2956 1221 3028 stipatum
1268 2962 1568 3026 noverant,
1620 2960 1779 3014 nulla

149 3043 390 3100 ratione
406 3044 529 3099 ausi
542 3048 676 3100 sunt
700 3050 1023 3123 penetrare.
1056 3047 1312 3102 Tandem
1345 3062 1597 3119 nequam
1638 3064 1774 3103 con-

1884 1974 2016 2029 tatis
2033 1978 2365 2046 provectum
2392 1976 2668 2031 scandere
2686 1979 3160 2049 contempnebat,
3185 1978 3395 2031 timens
3416 1992 3490 2031 ne

1881 2063 2169 2117 saecularis
2197 2064 2433 2119 honoris
2463 2065 2783 2120 ambitione
2807 2065 3166 2138 propositum
3196 2065 3494 2121 amitteret

1880 2152 2474 2208 sanctitatis.Tandem
2490 2153 2820 2226 importune
2835 2156 3045 2227 populo
3060 2155 3488 2226 interpellante,

1882 2257 1999 2295 non
2015 2241 2272 2296 humano
2290 2242 2504 2309 favore,
2520 2242 2619 2297 sed
2634 2242 2808 2298 totius
2819 2243 2903 2298 rei
2920 2243 3161 2316 publica:
3176 2242 3489 2298 commodo

1880 2328 2212 2399 hujusmodi
2234 2330 2589 2402 principatus
2604 2332 2826 2404 apicem
2849 2333 3107 2404 accipere
3126 2348 3243 2387 non
3261 2346 3488 2385 recusa-

1882 2417 1979 2473 vit.
2010 2418 2232 2473 Deinde
2259 2423 2756 2475 sacramentorum
2770 2420 2884 2476 flde
2906 2420 2978 2476 ab
2991 2421 3257 2476 omnibus
3283 2417 3492 2478 confir-

1883 2509 2093 2574 matus,
2122 2507 2178 2562 in
2205 2508 2440 2579 propria
2466 2509 2640 2564 domo
2671 2510 2883 2581 degere
2913 2511 3112 2574 voluit,
3157 2515 3220 2567 ut
3278 2514 3489 2571 nterim

1881 2596 2063 2650 sancti
2083 2596 2250 2651 Marci
2281 2598 2578 2653 ecclesiam
2606 2602 2664 2654 et
2684 2598 2961 2669 palatium
2980 2615 3241 2656 recreare
3276 2606 3488 2673 posset.

1882 2686 2016 2740 Erat
2036 2685 2321 2758 siquidem
2333 2687 2437 2743 sibi
2456 2688 2686 2759 conjux,
2709 2688 2915 2744 Felicia
2932 2689 3170 2745 nomine
3185 2694 3244 2745 et
3258 2690 3486 2760 merite,

1880 2775 2047 2830 unius
2063 2775 2184 2830 nati
2206 2776 2614 2831 tantummodo
2635 2780 2842 2846 mater,
2862 2794 2959 2850 qui
2986 2778 3164 2851 patris
3186 2779 3493 2851 equivocus

1878 2864 2137 2931 nomine,
2153 2881 2269 2920 non
2288 2864 2576 2920 dissimilis
2592 2866 2779 2921 extitit
2795 2883 2989 2939 opere.
3014 2869 3148 2923 Post
3167 2867 3327 2938 cujus
3353 2884 3488 2923 vero

1877 2954 2341 3026 conceptionem,
2368 2971 2545 3027 quam
2594 2956 2856 3027 angelico
2910 2955 3116 3011 inditio
3148 2957 3277 3012 diva
3301 2960 3491 3012 mater

1876 3042 2060 3098 fertur
2081 3044 2771 3116 cognovisse,maritalem
2790 3048 2982 3100 torum
3000 3044 3121 3101 viro
3138 3044 3243 3101 sibi
3262 3046 3487 3101 obtem-

150 3131 353 3187 silium
374 3132 755 3200 invenientes,
777 3136 1129 3208 propinquas
1146 3136 1517 3208 domos,qum
1540 3139 1776 3191 econtra
1802 3170 1849 3230 Ο
1877 3133 2139 3203 perante,
2172 3132 2513 3187 inviolatum
2544 3131 2789 3188 vicissim
2815 3134 2935 3189 Deo
2966 3150 3305 3190 conservare
3332 3134 3489 3189 dein-

151 3221 447 3290 palatium
485 3220 630 3277 citra
671 3222 916 3279 rivolum
961 3225 1369 3292 consistebant,
1414 3224 1549 3296 igne
1594 3224 1773 3279 mixto
1807 3220 1848 3230 “”
1874 3220 2843 3295 cepsdevovere.Ceperatnamque
2870 3222 3052 3279 isdem
3069 3223 3181 3279 dux
3196 3223 3484 3279 Venitico-

148 3309 662 3380 picino-fomento
713 3312 1028 3367 accendere
1083 3313 1444 3380 studuerunt,
1505 3312 1774 3384 quatinus

149 3401 478 3455 ﬂamarum
535 3399 808 3455 flexibilia
859 3400 1114 3456 culmina
1170 3401 1423 3456 vicinum
1493 3401 1770 3472 palatium

149 3487 453 3559 attingere
470 3491 528 3542 et
542 3504 913 3544 concremare
945 3494 1198 3561 possent.
1228 3490 1389 3544 Unde
1418 3490 1634 3544 factum
1663 3494 1768 3555 est,

148 3577 315 3650 quod
339 3593 461 3631 non
480 3577 656 3632 modo
674 3578 973 3647 palatium,
986 3595 1187 3634 verum
1219 3578 1394 3633 etiam
1412 3577 1771 3633 sanctiMarci

147 3666 461 3737 sanctique
500 3665 807 3733 Theodori,
864 3684 968 3722 nec
1020 3684 1139 3722 non
1191 3670 1404 3723 sancta:
1460 3666 1649 3722 Maria:
1700 3667 1771 3722 de

145 3753 461 3809 Jubianico
483 3753 736 3808 ecclesiae
755 3757 813 3808 et
829 3756 952 3826 plus
970 3771 1145 3827 quam
1169 3758 1424 3811 trecente
1444 3755 1771 3811 mansiones

148 3860 216 3898 eo
247 3842 351 3896 die
383 3844 714 3896 urerentur.
744 3844 794 3897 Is
824 3846 1019 3898 autem
1053 3844 1165 3898 dux
1195 3860 1318 3898 cum
1339 3844 1487 3915 ignis
1517 3845 1769 3899 calorem

146 3933 424 4003 fumique
473 3930 910 3987 suffocationem
962 3932 1061 3987 diu
1108 3934 1260 3988 inter
1298 3934 1578 4007 palacium
1620 3935 1771 3989 ferre

148 4021 450 4093 nequiret,
475 4020 769 4093 persancti
786 4020 953 4074 Marci
979 4021 1110 4075 atrii
1132 4022 1341 4092 januas
1367 4023 1606 4077 evadere
1640 4038 1770 4077 cum

148 4110 609 4182 paucisconatus
623 4112 733 4178 est;
751 4109 847 4164 ubi
872 4110 1139 4165 nonullos
1171 4111 1569 4168 Veneticorum
1596 4111 1774 4183 majo-

148 4216 243 4256 res
275 4215 401 4253 una
432 4214 568 4252 cum
612 4198 839 4269 generis
883 4198 1140 4253 aﬁnitate
1188 4215 1355 4253 suum
1404 4201 1774 4269 expectantes

145 4288 484 4360 periculum
496 4286 771 4357 repperit;
805 4302 946 4359 quos
959 4289 1273 4342 utcernens
1285 4287 1476 4343 taliter
1497 4288 1774 4342 allocutus

148 4381 275 4432 est:
311 4375 391 4429 Et
414 4391 527 4442 vos,
553 4364 872 4444 fratres,'ad
900 4377 1070 4432 ericii
1123 4378 1231 4432 mei
1271 4376 1551 4432 cumulum
1602 4378 1774 4430 venire

1873 3326 2005 3364 rum
2033 3327 2229 3365 causas
2256 3311 2404 3366 bene
2438 3314 2495 3365 et
2515 3311 2732 3366 utiliter
2757 3315 3027 3380 tractare,
3066 3329 3485 3386 censuramque

1871 3398 2016 3469 legis
2031 3397 2091 3452 in
2111 3398 2380 3453 omnibus
2391 3399 2800 3455 studiosissime
2817 3399 3205 3467 observare,et
3218 3402 3485 3456 omnium

1871 3486 2147 3541 virtutum
2178 3487 2366 3558 gratia
2393 3488 2632 3557 pollere.
2653 3488 3033 3542 Combustum
3050 3505 3185 3544 vero
3202 3489 3483 3560 palatium

1871 3578 1929 3630 et
1952 3575 2132 3629 sancti
2158 3574 2322 3631 Marci
2349 3574 2649 3629 ecclesiam
2688 3574 3006 3630 honorifice
3049 3576 3295 3647 propriis
3323 3594 3486 3631 sum-

1873 3665 2063 3737 ptibus
2074 3664 2471 3736 redintegrare
2484 3664 2719 3719 studuit.
2735 3665 2963 3718 interea
2974 3664 3483 3735 VitalisGradensis

1872 3753 2199 3826 patriarcha
2210 3752 2452 3825 predicti
2465 3753 2617 3808 Petri
2632 3751 2918 3807 interfecti
2932 3751 3079 3806 illius
3092 3751 3483 3824 quorumdam

1871 3841 2274 3897 Veneticorum
2350 3840 2588 3897 consilio
2650 3839 2959 3896 Saxoniam
3036 3840 3110 3895 ad
3164 3839 3481 3896 secundum

1873 3932 2147 3988 Ottonem
2171 3932 2585 4003 imperatorem
2598 3930 2948 4004 properavit.
2965 3929 3149 3994 Quem
3163 3929 3483 4001 imperator

1873 4021 2075 4075 devote
2098 4020 2407 4093 suscipiens
2451 4020 2622 4076 dixit:
2684 4018 2801 4075 Cur
2848 4020 2919 4074 ad
2964 4037 3068 4087 me,
3101 4026 3281 4091 pater,
3305 4022 3483 4088 posita

1874 4110 2015 4165 tanti
2040 4111 2249 4166 itineris
2278 4110 2666 4181 intercapedine
2717 4125 2889 4166 meam
2929 4112 3272 4181 prasentiam
3330 4110 3481 4165 adire

1872 4198 2230 4254 voluistt?At
2273 4199 2399 4255 ille:
2452 4198 2693 4272 Proprii,
2738 4199 2961 4273 inquid,
3011 4206 3262 4271 parentes
3316 4200 3481 4254 ericio

1872 4294 2104 4354 coactus,
2158 4288 2229 4341 ad
2277 4295 2425 4342 tuam
2480 4289 2815 4345 clementiam
2870 4291 3008 4357 veni,
3067 4291 3320 4361 quatinus
3379 4290 3485 4346 mei

1874 4377 2170 4444 infortunii
2205 4392 2436 4449 meaeque
2466 4381 2656 4449 inopiae
2702 4378 3003 4433 consolator
3039 4383 3089 4433 et
3128 4378 3317 4447 fautor
3358 4378 3484 4448 e/ﬁ-

145 4464 442 4524 voluistis?
469 4462 539 4518 Si
566 4464 769 4536 aliquid
820 4466 881 4521 in
928 4465 1099 4521 verbis
1126 4466 1213 4523 vel
1249 4466 1313 4521 in
1358 4466 1512 4520 rebus
1545 4465 1773 4536 publicis
1796 4461 1848 4521 D
1872 4466 2054 4520 ciaris.
2084 4465 2241 4519 Tunc
2302 4482 2459 4520 cesar
2513 4469 2749 4537 experta
2805 4466 3006 4522 ordine
3055 4466 3226 4537 hujus
3254 4465 3483 4520 sceleris

146 4556 380 4627 deliqui,
413 4570 545 4607 mea“
575 4554 834 4624 insperate
852 4562 899 4597 οῦ
928 4556 1055 4609 vitae
1083 4555 1325 4626 spacium
1346 4570 1493 4623 rogo,
1516 4559 1565 4609 et
1592 4556 1774 4609 omnia

150 4644 224 4699 ad
275 4649 520 4699 oestrum
570 4640 699 4697 velle
752 4643 1061 4713 satisfacere
1106 4645 1385 4715 promitto.
1438 4644 1594 4697 Tunc
1668 4642 1776 4715 ipsi

152 4730 675 4797 sceleratissimum
694 4734 752 4785 et
768 4735 954 4786 morte
976 4732 1219 4803 dignum
1246 4748 1378 4787 eum
1395 4732 1776 4799 affirmantes,

154 4820 306 4876 diris
333 4818 573 4874 vocibus
595 4819 1009 4888 clamaverunt,
1044 4821 1200 4892 quod
1231 4820 1388 4875 nulla
1407 4820 1689 4876 evadendi
1718 4819 1778 4874 in

152 4908 259 4964 illo
282 4905 637 4980 possibilitas
651 4906 1203 4966 foretsEtinstanter
1214 4924 1561 4965 mucronum
1578 4908 1782 4964 ictibus

1873 4553 2119 4619 ratione,
2165 4553 2554 4625 patriarcham
2598 4570 2791 4609 secum
2846 4570 3085 4610 manere
3126 4552 3485 4626 aliquamdiu

1876 4641 2121 4711 rogavit,
2153 4658 2396 4714 suasque
2425 4643 2690 4713 querelas
2722 4642 2813 4715 pie
2845 4643 3317 4715 veniabiliterque
3337 4658 3486 4698 con-

1879 4730 2080 4785 doluit.
2114 4728 2329 4785 Eodem
2358 4747 2588 4803 quoque
2620 4734 2884 4801 tempore
2915 4730 3165 4786 domnus
3194 4730 3487 4792 Hwarinus

1879 4819 2222 4874 venerabilis
2234 4819 2408 4874 abbas
2425 4819 2605 4874 sancti
2623 4819 2948 4874 Michahelis
2967 4818 3489 4893 monasterii,quod

1882 4907 1943 4963 in
1970 4907 2274 4980 Equitanie
2294 4907 2555 4981 partibus
2598 4906 2658 4963 in
2696 4908 2823 4963 loco
2859 4907 2958 4979 qui
3005 4912 3241 4965 vocatur
3289 4909 3486 4965 Cussa-

1494 5027 1727 5082 VARDE
1768 5027 2060 5083 LECTION
2066 5026 2163 5087 FS.

234 5126 283 5162 κ
312 5115 599 5189 inspirate
629 5132 770 5176 corr.
795 5117 1072 5191 inspirate
1104 5121 1155 5176 1.
1230 5126 1301 5163 ιοο
1324 5133 1588 5191 suprascr.
1620 5133 1695 5174 m.
1727 5133 1774 5177 r.
1802 5117 1968 5173 Vllll°
2000 5116 2240 5175 LXXIII].
2272 5122 2324 5183 l,

1710 5245 1936 5304 NOTAE.

237 5332 352 5407 (81)
394 5332 521 5406 Ugo
551 5347 653 5389 rex
681 5334 855 5392 Italiae
888 5339 947 5393 et
975 5335 1287 5394 Provinciae
1319 5334 1450 5392 dux.

493 5476 740 5532 Ubertus
772 5479 1030 5536 marchio
1056 5480 1267 5537 Tosciaa
1297 5498 1436 5537 ann.
1470 5481 1594 5536 970.

285 5574 891 5602 fw

286 5618 408 5691 Ugo
805 5619 1111 5679 Waldrada
1122 5624 1302 5691 nupta
1315 5623 1482 5679 Petro
1496 5621 1789 5679 Candiano

961 5691 1162 5751 Venet.
1195 5691 1344 5755 duci.

1854 5342 1857 5345 '
1884 5333 2023 5409 Yide
2048 5334 2530 5409 Guicbemonium
2560 5332 2786 5409 in_Hist.
2820 5336 3127 5409 genealog.
3153 5332 3336 5409 famil.
3367 5352 3492 5409 reg.

1887 5407 2136 5479 Sabaud.
2168 5425 2227 5479 p.
2259 5406 2785 5479 164,ettirandi_um
2808 5406 2867 5463 in
2891 5406 3094 5463 VitaDI
3116 5408 3267 5464 Petri
3289 5406 3496 5479 Urseo'f

1888 5478 1948 5545 li,
1981 5478 2077 5559 ubi
2097 5477 2384 5559 plorande
2417 5477 2727 5559 VgaIdrada
2776 5496 2875 5536 seu
2919 5480 3245 5538 Gualdrada
3300 5478 3499 5537 Uberti

1889 5549 2242 5605 marchionis
2271 5550 2408 5605 ﬁlia.
2441 5550 2574 5608 ZAN.

1962 5621 2070 5692 (82)
2100 5621 2181 5676 ld.
2216 5624 2300 5677 est
2330 5621 2503 5677 illum.

1962 5693 2075 5768 (83)
2101 5694 2212 5750 Pro
2237 5693 2300 5750 id
2329 5700 2421 5751 est.
