3902 6210
447 415 552 476 919
1621 404 1957 479 IOHANNIS
1993 421 2276 479 DlACONl
2314 402 2560 480 venari
3660 427 3741 489 920

445 557 552 598 nus
580 541 685 613 (84)
729 538 937 598 scitum
981 557 1219 599 manere
1269 541 1621 609 decernitur,
1690 545 1935 601 Romam
1989 544 2136 610 adA
2156 546 2344 618 jussit.
2377 547 2584 602 Secum
2617 547 2793 603 etiam
2825 541 3139 603 maximam
3169 545 3431 604 thesauri
3454 549 3666 622 copiam
3682 555 3740 608 ad

446 631 842 701 apostolorum
858 631 1061 687 limina
1072 633 1493 704 properavit.ln
1510 633 1810 688 redeundo
1827 634 2063 704 quidem
2163 635 2403 706 predicti
2421 636 2754 690 monasterii
2767 635 3251 691 restaurationem
3267 637 3741 708 deportavitltexit

447 718 549 775 Dei
566 719 740 773 fultus
761 720 968 776 timore
989 721 1254 792 beatique
1274 721 1463 786 Marci,
1487 721 1785 775 Venetiam
1806 721 2060 788 intravit,

447 806 642 879 ibique
664 809 969 880 aliquantis
1012 810 1213 864 diebus
1242 809 1522 864 orationis
1554 810 1744 864 studio
1776 814 1834 864 et
1861 810 2064 864 domui

449 897 602 952 Petri
648 897 804 951 ducis
850 898 1115 967 precibus
1139 898 1476 953 constrictus
1533 902 1926 953 commoratus
1959 902 2064 953 est.

451 984 633 1048 Quem
647 986 782 1040 dum
798 985 1046 1041 domnus
1063 987 1172 1040 dux
1193 986 1371 1058 digna
1395 987 1768 1041 veneratione
1785 988 2067 1041 coleretet

448 1073 661 1129 sedulus
689 1072 879 1129 divina
908 1075 1194 1146 colloquia
1209 1075 1380 1129 simul
1406 1079 1669 1146 agerent,
1697 1078 1962 1146 expertus
1983 1079 2068 1130 est

450 1162 625 1218 abbas
656 1163 859 1217 ducem
908 1180 1140 1234 prorsus
1169 1167 1402 1219 terrena
1450 1164 1871 1236 parvipendere
1903 1163 2066 1218 habi-

451 1253 686 1322 tamque
716 1251 1066 1321 dignitatem
1101 1270 1218 1307 non
1245 1252 1579 1307 ambitionis
1604 1253 1792 1306 studio
1813 1252 1916 1305 sed
1937 1253 2066 1306 sub-

451 1338 704 1394 ditorum
722 1339 925 1394 solatio
939 1339 1221 1408 obtinere;
1239 1340 1487 1412 injunxit
1508 1345 1703 1394 tamen
1721 1340 1826 1394 sibi
1845 1340 2067 1394 dicens:

449 1428 517 1483 Si
544 1429 623 1483 vis
643 1428 914 1498 perfectus
942 1445 1068 1496 esse,
1109 1429 1347 1500 relinque
1397 1429 1660 1483 mundum
1695 1429 1955 1499 hujus-quc
1988 1428 2073 1482 di-

448 1518 671 1586 gnitatis
683 1519 912 1587 apicem,
928 1525 976 1572 ct
990 1520 1043 1570 in
1057 1518 1379 1572 'vnonastcrio
1393 1518 1503 1571 Deo
1514 1533 1630 1572 serv
1639 1519 1714 1571 ire
1725 1518 1942 1586 festina.
1973 1517 2012 1570 C
2021 1515 2072 1570 ui

454 1605 593 1658 dux:
629 1603 878 1675 Egregie,
916 1605 1137 1678 inquid,
1154 1613 1316 1677 pater
1345 1612 1395 1661 et
1435 1624 1562 1660 mea:
1599 1607 1790 1659 animae
1813 1605 2070 1670 lucretur,

452 1710 661 1746 summa
691 1695 950 1748 aviditate
983 1696 1083 1748 tuis
1115 1696 1334 1749 monitis
1360 1695 1721 1763 obtemperare
1749 1693 1940 1762 gestio.
1967 1691 2074 1746 Sed

453 1781 728 1852 aliquanti
754 1784 999 1853 temporis
1014 1785 1253 1852 spacium
1275 1800 1419 1852 r090,
1441 1784 1652 1836 interim
1689 1799 1860 1835 meam
1895 1779 2071 1849 facul-

2167 724 2358 795 itaque
2386 723 2660 778 ducatum
2695 724 2863 779 annis
2908 725 3129 779 duobus
3153 729 3214 778 et
3240 741 3441 780 mense
3469 743 3597 782 uno.
3623 728 3737 784 Nam

2167 828 2284 866 non
2312 813 2436 884 plus
2458 813 2624 867 etatis
2638 830 2814 884 quam
2830 813 3257 885 quinquaginta
3269 830 3553 869 annorum
3565 814 3738 883 fuerat,

2167 900 2399 971 quando
2433 903 2766 956 saecularem
2801 901 3064 973 deposuit
3091 902 3368 973 gloriam.

2238 990 2370 1043 Post
2401 989 2560 1059 cujus
2584 990 2894 1044 discessum
2914 999 2983 1032 ποι
3006 990 3202 1044 Vitatis
3225 996 3604 1062 cognomento
3628 994 3739 1048 Can-

2169 1076 2393 1144 dianus,
2414 1077 2496 1131 vir
2519 1077 2694 1132 totius
2715 1077 3042 1150 prudentiae
3063 1083 3120 1134 et
3138 1079 3443 1146 bonitatis,
3465 1080 3522 1136 in
3544 1081 3738 1137 ducatus

2167 1165 2454 1220 honorem
2481 1165 2822 1237 subrogatus
2840 1169 2924 1220 est
2940 1167 3054 1234 (an.
3077 1169 3230 1237 976).
3255 1167 3422 1232 Quod
3441 1169 3658 1224 audiens
3672 1171 3738 1225 Vi-

2169 1254 2297 1308 tatis
2328 1253 2672 1324 patriarcha,
2708 1254 2806 1326 qui
2848 1255 2998 1325 apud
3047 1256 3441 1310 Veronensem
3467 1258 3736 1312 marchiam

2173 1343 2529 1410 morabatur,
2560 1343 2619 1397 in
2640 1343 2938 1397 Venetiam
2971 1343 3231 1398 intravit.
3265 1344 3426 1408 Quia
3451 1345 3583 1400 duce
3600 1346 3737 1400 inter-

2172 1433 2434 1504 pelletus,
2465 1450 2596 1486 cum
2628 1433 2742 1486 suis
2765 1433 2982 1487 nuntiis
3006 1433 3078 1488 ad
3116 1450 3328 1504 pacem
3356 1434 3504 1488 inter
3530 1435 3734 1505 impera-

2173 1525 2360 1576 torem
2377 1525 2434 1575 et
2447 1521 3236 1577 Veneticosconsolidandam
3247 1523 3737 1594 Teutonicampetiit

2172 1609 2474 1680 regionem
2502 1619 2591 1676 108,
2615 1611 2889 1682 quoniam
2910 1611 3066 1664 ducis
3087 1611 3244 1665 Petri
3259 1611 3737 1666 interfectionem-

2174 1699 2414 1752 modum
2435 1698 2559 1752 illos
2573 1699 2919 1753 execrabiles
2932 1715 3250 1771 exososque
3265 1699 3531 1767 habebat;
3547 1698 3731 1752 ﬁrmato

2173 1788 2368 1840 autem
2417 1786 2613 1841 federe
2659 1787 2732 1841 ad
2777 1786 3011 1857 propria
3057 1803 3322 1841 reversus
3349 1791 3449 1841 est.
3477 1785 3736 1841 Praedictus

455 1875 617 1924 tatem
647 1870 915 1941 disponere
949 1887 1162 1942 quemn.
1210 1869 1406 1927 Postea
1463 1886 1584 1924 vero
1637 1871 1692 1924 in
1745 1870 2072 1924 monasterio
2103 1860 2153 1919 B
2174 1891 2424 1946 namque
2439 1875 2550 1929 dux
2570 1876 2856 1947 corporali
2878 1875 3146 1930 molestia
3166 1875 3493 1947 ingruente,
3511 1876 3734 1946 quattuor

454 1960 636 2029 tuique
684 1960 955 2028 rcgimim's
1014 1961 1228 2015 vinculo
1271 1962 1599 2026 summissus,
1670 1959 1783 2014 Deo
1836 1959 2070 2014 militare

451 2048 627 2117 cupio.
665 2047 756 2100 llis
789 2047 1026 2120 quidem
1060 2048 1480 2118 determinatis,
1528 2051 1746 2103 certam
1777 2047 1931 2102 diem
1979 2047 2073 2102 de-

453 2137 778 2202 creverunt,
811 2153 953 2208 quas
985 2137 1163 2192 abbas
1184 2137 1487 2192 Veneciam
1507 2137 1580 2191 ad
1613 2136 1864 2190 eundem
1897 2135 2069 2189 susci-

457 2223 735 2296 piendum
762 2225 1169 2296 reciprocaret.
1199 2227 1355 2281 Tunc
1398 2231 1635 2296 accepta
1691 2224 1949 2290 licencia,
1997 2223 2072 2278 ad

453 2328 622 2367 suum
654 2313 1076 2368 monasterium
1098 2314 1412 2386 repedavit.
1435 2314 1769 2368 Antedictus
1795 2330 1930 2368 vero
1961 2313 2072 2367 dux

455 2403 682 2472 ceptam
702 2401 904 2472 patriae
921 2404 1166 2457 salutem
1184 2403 1400 2458 sollerti
1419 2401 1604 2457 studio
1626 2419 1936 2474 procurare
1955 2418 2070 2457 non

457 2490 642 2558 desiit,
671 2492 803 2546 licet
833 2492 1133 2563 aliquanti,
1165 2509 1413 2564 quorum
1439 2491 1698 2557 consilio,
1726 2491 2071 2554 utdiximus,

455 2579 784 2647 patriarcha
806 2580 1220 2650 imperatorem
1245 2579 1405 2645 adiit,
1430 2596 1527 2633 sue
1549 2578 1752 2633 ditioni
1776 2595 2073 2649 perversos

457 2672 851 2738 repugnantes
878 2669 1266 2736 efficerentur,
1298 2669 1442 2724 adeo
1467 2672 1707 2723 utsuam
1737 2670 1913 2723 vitam
1944 2687 2071 2724 cru-

460 2756 573 2810 deli
603 2757 805 2811 funerc
835 2757 1078 2829 perdere
1101 2758 1467 2813 molirentur.
1498 2758 1714 2812 Tamen
1733 2762 1892 2813 tante
1916 2759 2074 2813 boni-

461 2844 596 2900 tatis
626 2849 684 2900 ct
709 2845 902 2900 divine
934 2846 1156 2901 virtutis
1183 2847 1373 2917 gratia
1403 2847 1651 2918 vigebat,
1707 2850 1769 2900 ut
1801 2847 2073 2919 quicquid

459 2934 568 3005 ipsi
597 2935 668 2990 de
683 2953 740 2989 se
761 2936 1019 2991 clanculo
1042 2936 1240 3008 iniqua
1266 2936 1692 2992 machinatione
1721 2937 2070 2991 determina-

460 3028 611 3090 rent,
645 3025 879 3080 nemine
901 3025 1214 3097 indagante
1236 3031 1629 3097 cognosceret,
1660 3026 1913 3098 nullique
1939 3025 2074 3081 resi-

460 3113 656 3168 stentii
694 3113 928 3183 aliquod
973 3114 1192 3184 nephas
1237 3130 1679 3186 recompensare
1719 3115 1914 3181 voluit,
1973 3115 2074 3169 sed

2172 1964 2373 2019 diebus
2412 1968 2726 2035 antequam
2782 1965 2959 2019 vitam
3002 1968 3337 2036 presentem
3369 1962 3733 2018 determinaret

2170 2053 2520 2106 monachum
2554 2052 2678 2106 fieri
2711 2055 2768 2106 et
2796 2052 2869 2106 ad
2895 2053 3075 2107 sancti
3103 2053 3262 2107 lllari
3287 2050 3667 2106 monasterium
3687 2063 3731 2101 se

2171 2140 2382 2194 deferri
2399 2140 2708 2212 promovit.
2729 2141 2964 2195 Praefuit
2979 2145 3178 2196 autem
3196 2140 3580 2195 Veneticorum
3596 2137 3728 2191 duca-

2171 2229 2254 2283 tui
2280 2246 2434 2284 anno
2467 2247 2583 2284 uno
2635 2230 3044 2301 mensibusque
3087 2230 3336 2298 duobus,
3362 2229 3730 2295 tumulatusque

2173 2322 2256 2373 est
2279 2319 2337 2374 in
2370 2319 2577 2374 eodem
2614 2318 2968 2374 monasterio
3002 2320 3113 2388 (an.
3152 2319 3298 2390 977).

2247 2408 2429 2470 Quem
2457 2407 2743 2461 Tribunus
2765 2412 3158 2478 cognomento
3184 2417 3252 2452 ιοι
3274 2406 3480 2463 Manius
3500 2403 3729 2475 dignitate

2172 2497 2460 2563 successit,
2494 2495 2611 2568 qui,
2629 2496 2759 2550 licet
2783 2496 3039 2551 saeculari
3053 2497 3313 2552 sollertia
3337 2497 3562 2558 careret,
3585 2489 3729 2545 maxi-

2173 2585 2284 2640 mis
2312 2589 2511 2640 tamen
2538 2587 2785 2640 fortuna:
2807 2584 2984 2656 copiis
3015 2586 3387 2641 exuberabat.
3407 2578 3726 2653 Temporibus

2174 2675 2334 2745 cujus
2350 2690 2524 2728 aurea
2537 2673 2778 2728 Venetia
2791 2673 3537 2745 nonnullisignominiorum
3550 2667 3726 2740 pericu-

2175 2762 2240 2817 lis
2264 2763 2675 2818 deshonestata
2701 2763 3070 2833 cst.Contigit
3091 2767 3291 2818 autem
3313 2758 3728 2816 utVeneticorum

2173 2852 2426 2922 majores
2447 2849 2712 2921 primitus
2734 2852 2934 2904 contra
2951 2849 3160 2904 ducem
3181 2849 3414 2904 insidias
3433 2843 3725 2902 demoliren-

2171 2942 2286 3006 tur,
2312 2938 2521 2993 deinde
2549 2937 2701 2992 inter
2729 2955 2849 2992 sese
2877 2937 3121 2994 invicem
3172 2937 3505 2994 discidentes
3529 2928 3728 2985 vicissim

2174 3027 2441 3082 odiorum
2462 3027 2731 3099 nequitiis
2753 3025 3181 3083 inliciebantur.
3206 3028 3423 3081 Interea
3452 3023 3586 3076 inter
3608 3017 3726 3072 Mau-

2174 3132 2413 3171 recenos
2445 3119 2502 3170 et
2525 3115 2881 3186 Coloprinos,
2897 3115 3151 3169 Venetim
3171 3129 3449 3186 proceres,
3464 3105 3725 3164 maximum

462 3220 612 3274 equo
633 3176 829 3257 animo
849 3201 946 3258 Dei
967 3176 1172 3258 timore
1187 3203 1386 3258 omnia
1401 3176 1719 3258 tollerande
1735 3176 2070 3258 sustinebat.
2101 3176 2148 3235 Ο
2167 3205 2428 3276 jurgium
2463 3176 2724 3257 exortum
2749 3176 3031 3269 est;'adeo
3055 3207 3117 3258 ut
3150 3176 3416 3258 étefanus
3444 3191 3725 3263 Coloprinus

461 3293 618 3346 lnter
644 3292 748 3346 hec
777 3295 990 3346 statuta
1017 3292 1107 3346 die
1133 3292 1446 3364 prelibatus
1469 3293 1645 3347 abbas
1683 3293 1757 3348 ad
1772 3293 2075 3348 Venetiam

461 3397 722 3436 reversus
770 3385 873 3448 est,
908 3399 976 3437 ea
1017 3382 1314 3438 Occasione
1357 3400 1470 3455 quo
1516 3383 1958 3438 Hierosolimam
1991 3383 2074 3437 ire

462 3471 764 3543 vellet(an.
799 3472 942 3542 976).
969 3471 1154 3536 Quem
1182 3473 1383 3527 Petrus
1403 3472 1513 3526 dux
1532 3471 1780 3527 libenter
1803 3472 2071 3542 suscepit,

463 3560 722 3632 etprima
733 3564 901 3616 nocte
916 3560 1028 3616 diei
1044 3559 1940 3634 KalendarumSeptembriarum
1955 3559 2074 3631 ipse

464 3665 581 3704 una
602 3666 733 3704 cum
757 3650 1018 3704 Johanne
1049 3650 1370 3705 Gradonico
1395 3666 1622 3704 necnon
1643 3649 1906 3702 Johanne
1924 3649 2073 3702 Mau-

463 3738 679 3807 receni,
702 3755 804 3794 suo
829 3738 1090 3794 videlicet
1107 3755 1346 3810 genero,
1364 3736 1654 3792 nesciente
1682 3753 1854 3790 uxore
1890 3736 2076 3790 etfilio

466 3827 848 3899 omnibusque
871 3828 1154 3892 ﬁdelibus,
1171 3828 1391 3881 occulte
1418 3825 1490 3880 de
1535 3823 1773 3878 Venetia
1795 3825 2075 3879 exierunt.

467 3915 574 3980 Qui
605 3933 722 3972 non
765 3918 963 3987 procul
1001 3933 1032 3969 a
1063 3915 1242 3969 sancti
1296 3913 1468 3968 Illarii
1523 3913 1874 3968 monasterio
1905 3929 2080 3985 equos

466 4005 860 4072 assendentes,
877 4005 1003 4075 jam
1037 4003 1288 4057 detonsis
1317 4000 1508 4056 barbis
1535 4000 1886 4057 velocissimo
1917 4019 2082 4056 cursu

467 4095 619 4149 viam
653 4109 889 4164 carpere
910 4094 1206 4167 ceperunt,
1246 4091 1304 4146 in
1327 4095 1550 4146 tantum
1578 4093 1635 4146 in
1659 4092 1834 4147 tercia
1854 4092 1946 4147 die
1972 4093 2085 4147 Me-

470 4182 872 4237 diolanensem
895 4197 1090 4235 ruram
1122 4181 1231 4252 (85)
1263 4184 1643 4249 transeuntes,
1671 4183 2083 4253 Vcrgelensem

470 4271 676 4325 urbem
701 4271 818 4338 (86)
848 4268 1268 4339 conspicerent;
1302 4269 1579 4341 Sequenti
1599 4286 1732 4324 vero
1753 4268 1843 4324 die
1867 4269 2088 4324 Veneti-

469 4375 670 4413 corum
706 4357 904 4430 populi
935 4356 1226 4430 perditum
1265 4361 1554 4429 pastorem
1578 4358 1893 4430 conquiesti
1925 4361 2082 4426 sunt;

2174 3275 2304 3347 cum
2337 3292 2589 3346 filiorum
2615 3295 2672 3345 et
2703 3294 3011 3363 parentum
3041 3281 3577 3358 aﬁnitate,pra:dicti
3605 3275 3726 3333 ducis

2175 3397 2455 3435 consensu
2478 3383 2534 3434 et
2552 3379 2778 3446 virtute,
2799 3379 3053 3450 quadam
3076 3379 3170 3434 die
3194 3379 3252 3432 in
3277 3379 3610 3432 Maurocenos

2174 3469 2376 3524 lcndos
2403 3468 2788 3538 insurgerent.
2832 3469 2943 3522 Sed
2985 3467 3084 3521 Dei
3117 3468 3325 3522 virtute
3355 3462 3511 3533 hujus
3536 3451 3723 3529 periclﬂi

2175 3557 2461 3628 ﬂagitium
2478 3557 2699 3627 providi
2724 3573 2927 3611 omnes
2948 3554 3722 3611 evadendifacultatemconse-

2177 3646 2290 3699 culi
2314 3650 2466 3700 sunt.
2501 3646 2654 3698 Unus
2687 3649 2881 3699 tamen
2934 3645 3192 3712 illorum,
3243 3643 3301 3697 id
3343 3644 3424 3695 est
3453 3629 3722 3691 DominiCIIS

2178 3733 2487 3790 Maurecini
2519 3734 2795 3788 innocens
2825 3733 2884 3788 in
2915 3734 3094 3788 sancti
3122 3733 3275 3788 Petri
3307 3721 3605 3786 Olivolensis
3624 3716 3720 3771 foro

2181 3825 2447 3878 detentus
2479 3826 2536 3877 et
2567 3823 2885 3876 diutissime
2917 3823 3198 3877 laceratus
3226 3825 3328 3876 est.
3370 3818 3524 3884 Cujus
3562 3816 3722 3897 colit“

2182 3913 2426 3984 turpiter
2463 3911 2821 3965 denudatum
2843 3910 3181 3965 semivivum
3215 3909 3286 3965 ad
3308 3902 3474 3961 sancti
3493 3895 3722 3985 Zachariae

2184 4001 2600 4056 monasterium
2636 4016 2808 4069 parva
2836 4000 3005 4053 lintre
3027 3999 3280 4053 delatum
3319 3999 3415 4050 est.
3440 3992 3718 4069 Cumqllﬁ}n

2184 4088 2422 4144 ecclesia
2433 4087 2682 4159 positum
2696 4106 2728 4142 a
2741 4087 3243 4144 circumstantibus
3257 4078 3563 4156 parentibus
3573 4065 3721 4159 deplo'

2186 4180 2434 4244 raretur,
2456 4175 2606 4230 infra
2627 4175 2871 4230 duarum
2894 4192 3128 4231 orarum
3148 4173 3329 4248 spatia
3361 4166 3565 4224 vitalem
3581 4157 3720 4248 dGPO"

2187 4265 2298 4321 suit
2324 4265 2590 4320 halitum.
2626 4264 2798 4335 Cujus
2839 4281 2998 4319 mors
3040 4264 3157 4320 suis
3179 4247 3485 4319 maximum
3511 4247 3718 4335 dolorem

2187 4354 2439 4422 induxit;
2475 4353 2620 4409 adeo
2638 4331 2790 4408 ut'ad
2809 4355 2919 4408 hoc
2939 4354 3119 4409 scelus
3150 4346 3514 4409 ulciscendum
3534 4331 3716 4406 οροΐῑιι·

471 4464 648 4521 quem
696 4447 940 4501 minime
985 4446 1366 4517 reperientes,
1416 4448 1668 4503 maximo
1716 4447 2089 4502 tabescehant
2109 4437 2160 4496 D
2189 4459 2328 4498 num
2355 4444 2726 4514 expectarent
2749 4444 3000 4514 tempus.
3027 4441 3318 4498 Circaheec
3337 4428 3588 4506 siquidem
3604 4423 3716 4521 tem:

471 4537 696 4592 dolore.
713 4535 838 4590 Fuit
856 4551 1066 4607 nempe
1084 4553 1403 4610 pauperum
1425 4537 1695 4603 nutritor,
1717 4535 2087 4590 ecclesiarum

473 4629 786 4689 recreator,
810 4625 1151 4682 clericorum
1182 4629 1239 4682 et
1258 4627 1681 4682 monachorum
1701 4625 1945 4692 fauctor,
1961 4643 2078 4681 om-

470 4715 756 4789 nibusque
801 4715 1117 4775 benivolus.
1171 4718 1251 4772 De
1295 4715 1408 4770 suis
1455 4714 1690 4787 quidem
1724 4714 2088 4769 facultatibus

469 4803 631 4860 mille
665 4804 942 4861 librarum
960 4822 1268 4861 numerum
1293 4804 1365 4859 ad
1381 4803 1784 4858 Vcneticorum
1805 4803 1919 4857 sola
1929 4803 2006 4858 tia
2028 4802 2086 4856 in

468 4893 685 4967 palatio
708 4893 957 4967 largivit,
990 4893 1129 4949 alias
1158 4893 1316 4948 mille
1343 4893 1402 4947 in
1430 4908 1751 4964 pauperum
1782 4891 2088 4948 alimonias

473 4984 747 5051 contulit;
775 4982 835 5038 in
861 4982 1043 5038 sancti
1064 4981 1232 5038 Marci
1259 4983 1437 5036 altere
1462 4981 1715 5036 tabulam
1740 4980 1888 5035 miro
1913 4996 2087 5051 opere

474 5089 541 5128 ex
563 5077 805 5144 argento
849 5081 914 5116 ιοι
945 5076 1003 5127 et
1043 5089 1184 5128 auro
1215 5069 1770 5142 Constantinopolim
1809 5085 2086 5142 peragere

2185 4548 2330 4604 pora
2358 4508 2642 4587 secundus
2670 4532 2816 4588 Otho
2847 4508 3166 4603 imperator
3190 4530 3262 4585 ad
3287 4524 3490 4581 Italiam
3515 4508 3714 4604 veniens

2186 4597 2591 4676 Veneticorum
2620 4621 2784 4675 fedus
2819 4621 2893 4675 ob
2930 4597 3094 4675 Petri
3131 4611 3398 4675 Candiani
3425 4602 3560 4662 ducis
3583 4597 3712 4692 ξξιῑξυδ

2189 4710 2546 4782 disrumpere
2560 4713 2798 4765 conatus
2811 4712 2914 4764 est.
2934 4709 3019 4764 Ad
3031 4726 3202 4781 quem
3213 4704 3476 4761 Tribunus
3485 4682 3692 4782 predictu

2189 4799 2301 4854 dux
2349 4815 2479 4854 suos
2523 4799 2913 4854 internuntios
2956 4798 3214 4866 mittens,
3259 4807 3384 4850 cum
3421 4777 3711 4866 Ρίδεπθέωξ

2189 4887 2528 4943 muneribus
2557 4887 2792 4942 studuit.
2844 4887 3000 4942 Pacti
3053 4861 3228 4942 etiam
3255 4875 3587 4950 scriptionem
3611 4861 3710 4952 illnc

2187 4979 2428 5032 Veronae
2443 4977 2570 5032 duci
2583 4993 2798 5048 suoque
2811 4977 3024 5049 populo
3039 4993 3140 5032 ren
3151 4945 3710 5049 ovatam—peri’em‘llif?r

2189 5067 2262 5123 ad
2291 5066 2625 5123 habendum
2655 5041 3047 5136 indulsit-(87).
3074 5064 3284 5121 Dehinc
3308 5055 3598 5112 Ravennam
3614 5041 3710 5105 ρετ·

1782 5191 2018 5246 VARle
2068 5189 2358 5246 LECTION
2366 5188 2470 5245 ES.

473 5291 833 5412 nihili?“
862 5287 912 5340 1⁸

1027 5292 1096 5327 tos
1124 5297 1396 5355 suprascr.
1423 5297 1590 5337 manu
1637 5296 1741 5338 rec.
1786 5279 2097 5336 “CLXXVI.

3541 5268 3572 5311 ι.
3627 5245 3703 5292 νεα.

2213 5287 2282 5322 10³
2304 5295 2352 5335 r.
2384 5278 2815 5354 suprascriptum
2849 5281 2898 5334 t.
3012 5285 3082 5322 1N
3133 5266 3457 5350 suprascripto
3510 5269 3540 5309 ⁷⁷

2002 5439 2229 5500 NOTAE.

547 5533 662 5613 (ὃᾷ)
691 5531 1094 5590 Saint-Michel
1118 5532 1181 5588 de
1211 5532 1420 5603 Cusan,
1453 5530 1764 5589 diosceseos
1795 5533 2088 5604 Pcrpinia-

475 5619 677 5658 CODSIS.

548 5673 656 5746 (ὃὸ)
689 5675 818 5744 Rus,
852 5678 1092 5734 terram.

2260 5530 2375 5624 ﬁt).
2404 5527 2728 5624 beasti-ﬂ:
2767 5605 2931 5624 __-._
3511 5566 3701 5624 νίδειιιις

2259 5590 2378 5688 ς87)
2411 5601 2733 5688 auctor‘rei
2760 5605 2935 5688 gestia
2979 5598 3185 5657 seriem
3224 5590 3703 5688 ὶιιγξξξὶθξξῼῖξὲιᾶζ

2189 5655 2551 5748 Οιῖόίίιιέὶιῂὀή
2568 5655 2823 5735 adusta
2842 5655 3134 5754 Veronam
3155 5685 3287 5750 anu,
3315 5660 3408 5721 980
3435 5655 3602 5714 mense
