3902 6210
166 440 267 514 ssi

1488 444 1837 513 CRONICON
1874 438 2216 507 VENETUM.

3385 454 3490 514 922

170 578 483 647 transiens,
515 574 766 636 Romam
789 564 948 635 adire
974 572 1266 635 festinavit
1283 572 1402 645 (an.
1418 575 1542 641 981,
1563 572 1790 645 Mart.),
1810 575 1867 637 Α
1890 574 2129 647 propria
2153 573 2420 631 amittere
2448 572 2687 631 voluisse
2719 572 3051 646 requisivit;
3101 590 3350 648 eumque
3397 576 3491 632 in-

175 668 269 723 uhi
317 667 522 727 didicit
564 667 1019 727 Sarracenorum
1069 662 1511 719 formidolosam
1557 664 1793 733 gentem

177 754 551 813 Calahritana
591 754 862 809 invasisse
892 754 1038 820 loca,
1063 752 1305 824 jamque
1358 751 1419 806 in
1459 750 1795 823 Apulienses

170 846 369 915 partes
380 844 593 901 vellent
606 842 848 899 tendere
871 857 1129 914 gressum
1151 857 1163 895 :
1181 856 1358 912 quam
1371 839 1609 910 aggredi
1624 839 1795 894 hosti-

174 930 313 986 liter
344 934 588 988 conatus
616 933 722 987 est.
737 931 951 987 Verum
977 929 1118 985 dum
1141 928 1405 1002 proxima
1425 929 1573 991 loca,
1590 928 1796 999 quibus

170 1019 607 1075 Saracenorum
637 1017 949 1077 multitudo
988 1017 1288 1085 manebat,
1328 1016 1593 1071 incautus
1633 1018 1794 1087 pete-

170 1111 285 1177 ret,
314 1111 469 1166 tetra
499 1108 707 1167 cohors
735 1111 977 1180 repente
1000 1106 1458 1163 Christianorum
1482 1104 1794 1161 exercitum

167 1196 246 1251 ad
272 1200 578 1254 certamen
607 1196 888 1252 lacessere
920 1195 1223 1265 temptavit
1240 1194 1356 1265 (an.
1389 1196 1512 1261 982,
1539 1193 1655 1248 Jul.
1687 1193 1791 1264 14).

164 1285 511 1354 Imperator
532 1283 771 1356 quidem
799 1282 1056 1355 ignarus,
1079 1283 1235 1355 quod
1260 1282 1548 1337 montium
1575 1298 1677 1355 per
1692 1299 1797 1337 an-

165 1372 395 1427 fractus
420 1388 626 1429 omnes
675 1371 1129 1428 Sarracenorum
1182 1371 1433 1442 majores
1478 1371 1794 1436 latitarent,

167 1461 305 1515 illos
338 1476 489 1531 quos
515 1477 755 1516 cernere
787 1460 1013 1515 valebat
1055 1459 1209 1515 facili
1257 1458 1571 1514 certamine
1602 1458 1797 1513 debel-

169 1550 299 1606 lare
331 1551 664 1616 autumans,
684 1565 941 1620 pugnam
964 1548 1238 1603 audacter
1256 1547 1564 1614 inchoavit,
1586 1563 1796 1618 eosque

172 1636 571 1692 audacissime
599 1637 823 1692 Christo
847 1638 1073 1693 favente
1096 1636 1321 1693 devicit.
1347 1637 1605 1706 Cumque
1637 1635 1797 1690 Chri-

1890 662 2160 717 fortuniis
2194 661 2298 717 vias
2327 664 2563 716 ventum
2599 661 2762 717 seriae
2792 665 3124 734 exponeret,
3158 664 3335 719 cesari
3357 681 3489 737 per-

1892 750 2085 817 suasit,
2117 750 2271 821 quod
2302 749 2348 804 si
2368 751 2537 805 vellet
2566 749 2818 805 consiliis
2850 750 3199 822 monitisque
3237 751 3351 806 suis
3393 770 3489 809 ac-

1893 838 2208 910 quiescere,
2242 839 2542 894 Venetiam
2575 838 2671 892 diu
2711 838 3096 894 desideratam
3122 840 3275 894 facili
3305 846 3489 898 certa-

1891 926 2050 981 mine
2076 930 2266 998 posset
2292 926 2609 999 acquirere.
2637 927 2697 980 Et
2731 926 2964 997 insuper
2988 944 3100 998 quo
3124 928 3493 999 imperatoris

1894 1015 2124 1071 animus
2159 1016 2232 1071 ad
2260 1016 2369 1071 hoc
2407 1014 2823 1087 nequissimum
2853 1016 3273 1087 perﬁciendum
3313 1018 3491 1077 scelus

1893 1104 2085 1175 potius
2111 1104 2527 1173 exardesceret,
2554 1108 2724 1160 centu
2753 1104 2930 1161 libras
2957 1105 3248 1176 purissimi
3276 1107 3402 1163 auri
3430 1124 3492 1163 se

1894 1192 1977 1247 illi
2004 1193 2276 1249 daturum
2312 1194 2639 1265 spopondit,
2671 1193 2717 1247 si
2743 1192 2964 1249 devicta
2992 1194 3197 1264 patria,
3240 1195 3345 1251 sibi
3385 1196 3492 1253 du-

1893 1286 2052 1337 catus
2083 1282 2427 1353 dignitatem
2457 1283 2817 1338 concederet.
2853 1282 3019 1347 Quod
3048 1284 3285 1340 audiens
3313 1285 3494 1358 impe-

1893 1375 2073 1439 rator,
2106 1372 2383 1427 universis
2410 1388 2510 1427 suo
2545 1372 2791 1443 sceptrui
2820 1372 3213 1443 adjacentibus
3238 1374 3491 1431 edictum

1896 1462 1955 1515 et
1985 1459 2312 1515 inevitabile
2349 1459 2541 1515 intulit
2590 1462 2949 1531 preceptum,
2983 1463 3045 1515 ut
3080 1478 3252 1517 nemo
3304 1462 3495 1533 aliqua

1896 1548 2346 1620 praesumptione
2389 1547 2586 1613 fultus,
2626 1547 2897 1618 deinceps
2946 1549 3261 1619 quemlibet
3307 1550 3491 1605 Vene-

1897 1637 2076 1692 ticum
2099 1636 2157 1691 in
2182 1637 2436 1707 aliquam
2467 1636 2552 1690 sui
2582 1635 2811 1707 imperii
2857 1640 3081 1707 partem
3130 1637 3495 1708 permitteret

168 1724 506 1781 stianorum
533 1725 749 1781 milicia
773 1742 906 1781 cum
955 1724 1291 1796 triumphali
1324 1724 1509 1795 gloria
1550 1722 1802 1778 tentoria
1898 1725 2076 1788 exire,
2108 1741 2295 1796 neque
2327 1724 2531 1795 aliquis
2559 1740 2794 1779 suorum
2824 1724 2883 1778 in
2908 1725 3209 1781 Venetiam
3256 1728 3496 1783 auderet

171 1813 477 1885 applicare
507 1813 744 1886 propria
770 1815 1006 1882 vellent,
1040 1828 1407 1886 paganorum
1438 1810 1747 1866 multitudo
1769 1826 1800 1864 e
1818 1884 1859 1888 _
1898 1812 2299 1868 intrare.’i'unc
2318 1812 2623 1883 unicuique
2642 1813 3043 1868 Veneticorum
3055 1830 3250 1870 secum
3263 1815 3497 1888 degenti

171 1884 483 1957 montibus
513 1884 773 1970 exiliens,
795 1918 969 1973 super
988 1884 1201 1974 eosque
1230 1900 1529 1972 inopinate
1553 1898 1796 1966 irruens,
1816 1884 1869 1947 Β
1898 1901 2145 1957 ﬁrmiter
2170 1901 2462 1973 prwccpit,
2484 1905 2547 1955 ut
2569 1918 2699 1957 cum
2714 1900 2828 1955 suis
2851 1900 3113 1956 videlicet
3133 1884 3361 1959 nunciis
3371 1905 3497 1961 loca

170 1988 307 2045 illos
338 1989 568 2045 caedere
596 1989 808 2046 acriter
837 1990 1008 2062 cepit,
1037 1989 1097 2045 in
1128 1991 1355 2044 tantum
1390 1990 1453 2041 ut
1480 1986 1563 2041 illi
1593 1985 1800 2059 quibus

169 2077 446 2149 fugiendi
497 2078 687 2135 aditus
728 2078 1115 2150 uagabantur,
1161 2076 1468 2132 crudeliter
1516 2074 1798 2131 vulnerati

171 2167 481 2229 caderent.
513 2168 836 2240 Imperator
884 2167 1192 2239 siquidem,
1224 2166 1356 2220 licet
1390 2163 1614 2236 ingenti
1644 2162 1798 2218 difﬁ-

171 2257 416 2323 cultate,
450 2272 557 2327 per
588 2256 810 2313 medias
834 2256 1219 2313 barbarorum
1249 2254 1399 2310 acies
1429 2254 1520 2308 vix
1556 2253 1629 2309 ad
1666 2253 1798 2308 litus

172 2360 360 2416 usque
426 2343 726 2416 pervenit;
798 2344 1286 2417 inimicorumque
1356 2341 1797 2414 importunitate

170 2431 440 2500 territus,
473 2432 847 2505 ﬁuctivagum
880 2449 1043 2489 mare
1072 2432 1327 2488 intravit.
1362 2430 1468 2487 Ubi
1491 2430 1619 2485 duae
1644 2429 1795 2484 Grie-

173 2535 385 2575 corum
415 2537 615 2591 naves,
648 2537 776 2593 quas
801 2520 1001 2594 lingua
1030 2520 1266 2577 illorum
1292 2518 1599 2575 zalandriae
1648 2535 1799 2572 nun-

174 2611 494 2679 cupantur,
526 2626 647 2666 non
667 2609 867 2681 procul
897 2625 934 2664 a
957 2612 1112 2665 terra
1136 2608 1401 2665 anchoris
1424 2607 1728 2663 herebant.
1750 2608 1799 2659 Α

179 2694 394 2767 quibus
436 2695 532 2755 ille
578 2712 710 2752 cum
742 2696 962 2759 duobus
988 2697 1100 2753 suis
1129 2694 1446 2752 vernaculis
1483 2698 1794 2766 susceptus,

179 2782 435 2839 minime
465 2782 695 2855 agnitus
725 2787 829 2840 est.
852 2784 1053 2839 Fertur
1080 2800 1335 2857 namque
1365 2782 1518 2855 quod
1548 2799 1653 2854 per
1696 2780 1798 2836 tri-

182 2868 370 2931 duum
420 2870 589 2927 illum
643 2872 856 2931 victum
901 2873 1276 2941 custodirent,
1332 2875 1390 2927 et
1441 2887 1797 2944 quamquam

177 2956 306 3030 ipse
338 2957 760 3034 imperatorem
790 2978 852 3017 se
880 2960 1005 3017 fore
1050 2960 1291 3016 omnino
1341 2960 1678 3032 denegaret,
1710 2960 1795 3013 ta-

181 3069 325 3109 men
358 3050 523 3107 Greci
550 3048 786 3121 ingenio
819 3047 1153 3122 peritissimi
1188 3047 1381 3107 nescio
1412 3047 1616 3121 quibus
1645 3045 1795 3102 indi-

182 3141 279 3196 tiis
309 3156 451 3209 eum
481 3153 797 3210 agnoscere
822 3139 1156 3209 potuerunt.
1188 3136 1400 3208 Agnito
1449 3152 1603 3203 vero,
1650 3135 1797 3190 Con-

178 3200 632 3300 stantinopolim
684 3200 850 3281 illum
911 3224 1138 3282 deferre
1184 3200 1596 3292 decreverant,
1645 3200 1867 3294 quodc

183 3317 309 3390 ipse
355 3317 624 3389 expertus
662 3313 789 3383 ait:
814 3315 895 3371 Et
943 3331 1034 3385 ego
1081 3314 1177 3369 hoc
1228 3320 1333 3367 toto
1377 3313 1568 3367 mentis
1605 3313 1801 3382 affectu

184 3414 334 3480 apto,
364 3406 624 3478 quoniam
638 3410 804 3476 potus
831 3403 904 3460 ad
937 3414 1236 3461 sanctorum
1260 3408 1613 3472 auguslorum
1642 3401 1796 3454 vesti-

181 3498 273 3567 gia
300 3495 429 3552 exul
449 3494 635 3565 degere
668 3495 856 3564 gestio,
897 3510 1059 3565 quam
1097 3492 1338 3548 omnibus
1381 3490 1530 3546 bonis
1546 3491 1800 3562 privatus

178 3588 289 3641 mei
316 3584 618 3657 infortunii
647 3584 996 3653 ignominiam
1016 3582 1101 3636 hic
1127 3583 1402 3636 sustinere.
1418 3580 1655 3635 Tantum
1669 3595 1799 3649 pro-

178 3677 400 3742 mittite,
452 3672 708 3745 quatinus
748 3688 922 3725 meam
961 3670 1241 3742 conjugem
1288 3685 1521 3741 meaeque
1560 3668 1802 3739 fortunae

178 3763 439 3836 reliquias
480 3776 583 3827 me,
631 3761 956 3831 priusquam
1012 3758 1285 3825 recedatis,
1337 3760 1573 3829 accipere
1625 3757 1797 3811 liccat.

179 3850 346 3907 Tunc
376 3847 686 3905 duodecim
717 3848 960 3915 scrinea,
991 3848 1165 3919 plena
1188 3846 1471 3902 thesauris
1510 3845 1695 3917 copia,
1730 3843 1803 3899 ad

179 3936 398 3997 littoris
422 3935 757 4009 marginem
787 3936 977 3991 delata
995 3938 1148 3991 sunt.
1173 3935 1331 3990 Greci
1354 3936 1463 3991 hoc
1480 3938 1799 3990 cernentes.

182 4028 354 4095 omni
376 4026 729 4083 titubatione
757 4028 1006 4094 remota,
1031 4026 1282 4081 eundem
1303 4042 1499 4081 secum
1520 4025 1665 4079 velle
1699 4025 1805 4079 ﬁr-

180 4122 367 4175 miter
393 4117 483 4172 ire
502 4115 842 4173 credebant.
883 4116 953 4170 Et
983 4114 1123 4171 dum
1160 4114 1283 4170 haec
1314 4117 1644 4186 agerentur,
1679 4113 1804 4168 Ces~

186 4224 335 4265 sane
356 4208 475 4279 (88)
506 4206 758 4262 Metense
787 4203 1057 4277 episeopo
1088 4220 1220 4260 cum
1240 4204 1533 4260 nonnullis
1556 4204 1802 4275 aliis(89)

180 4296 373 4355 littori
406 4303 477 4338 105
509 4293 853 4360 astantibus,
885 4293 1006 4364 ipse
1047 4293 1258 4365 adepto
1293 4293 1484 4365 gladio
1535 4293 1595 4348 in
1644 4308 1806 4349 mare

183 4382 479 4456 prosiluit,
521 4385 581 4438 et
611 4380 857 4436 viriliter
887 4382 1143 4437 natando
1176 4381 1566 4437 desideratum
1602 4380 1809 4436 littoris

1896 1991 2107 2063 quibus
2134 1989 2414 2046 alimonia
2441 1990 2734 2044 conﬂuere
2763 1989 2835 2043 ad
2864 1989 3266 2070 Veneticorum
3287 1991 3497 2047 solacia

1897 2082 2199 2142 noverant,
2229 2078 2443 2134 sollerti
2473 2078 2660 2133 studio
2692 2078 3063 2134 custodirent.
3095 2079 3255 2134 Unde
3278 2079 3497 2135 factum

1898 2172 1983 2226 est
2014 2168 2170 2241 quod
2199 2167 2466 2223 Stefanus
2497 2166 2835 2238 Coloprinus
2866 2183 2997 2221 cum
3022 2167 3138 2222 ﬁlio
3168 2184 3269 2223 suo
3298 2168 3497 2224 Domi-

1897 2258 2027 2313 nico
2050 2255 2242 2312 Patavi
2267 2258 2747 2322 commoraretur,
2766 2256 2937 2311 Ursus
2958 2255 3303 2311 Badovarius
3321 2257 3495 2312 Athe-

1897 2346 2005 2401 sim
2035 2343 2273 2400 ﬂuvium
2302 2343 2661 2414 prmvideret,
2693 2343 3025 2399 Dominicus
3058 2343 3293 2416 quidem
3344 2344 3494 2400 Silvo

1897 2450 2030 2489 eum
2060 2436 2230 2489 Petro
2279 2432 2510 2488 tribuno
2549 2431 2816 2487 Mistrinis
2851 2432 3107 2503 partibus
3146 2433 3494 2501 insisterent,

1895 2523 2187 2579 Johannes
2218 2521 2453 2594 quidem
2482 2522 2769 2576 Bennatus
2797 2537 2900 2575 ceu
2944 2521 3318 2592 nugiberulus
3346 2521 3499 2579 inter

1898 2628 2103 2667 omnes
2130 2610 2449 2665 discurrere
2479 2610 2674 2665 sedule
2703 2609 3025 2676 festinaret,
3056 2609 3303 2665 Marinus
3333 2610 3498 2666 Golo-

1895 2700 2099 2772 prinus
2143 2699 2443 2755 Mistriensi
2482 2698 2762 2755 comitatu
2811 2697 3208 2769 hujuscemodi
3246 2698 3498 2757 ofﬁcium

1896 2792 2224 2862 perageret,
2256 2789 2588 2844 Ravennam
2618 2804 2846 2860 quoque
2866 2787 3103 2844 Stefano
3128 2787 3502 2860 juniori,pre~

1895 2876 2057 2933 libati
2090 2877 2310 2932 Stefani
2338 2876 2476 2944 ﬁlio,
2509 2876 2583 2932 ad
2632 2876 3065 2932 custodiendum
3106 2875 3497 2947 injungerent.

1894 2965 2230 3021 Antedictus
2259 2981 2470 3036 nempe
2486 2964 2770 3020 Tribunus
2793 2965 2904 3021 dux
2930 2964 3384 3037 repugnantium
3412 2965 3501 3021 in-

1896 3053 2155 3109 ﬁdelium
2181 3053 2502 3125 nequitiam
2532 3053 2778 3109 inultam
2809 3053 2905 3109 diu
2927 3070 3044 3109 non
3068 3054 3277 3121 ferens,
3297 3053 3504 3111 domos

1898 3141 2128 3197 illorum
2161 3140 2443 3197 devastari
2472 3141 2753 3213 permisit,
2778 3158 3093 3213 uxoresque
3124 3158 3195 3197 ne
3227 3141 3502 3213 aufugero

1898 3233 2134 3301 possent
2173 3229 2461 3284 custodire
2498 3230 2776 3300 precepit.
2830 3230 3153 3299 Imperator
3198 3233 3394 3284 autem
3439 3228 3500 3284 in

1898 3320 2061 3371 tanta
2092 3316 2393 3371 severitate
2433 3321 2492 3370 et
2519 3317 2736 3371 duricia
2761 3316 2834 3371 ad
2852 3317 3254 3372 Veneticorum
3279 3317 3500 3373 destru-

1900 3404 2157 3459 ctionem
2190 3405 2615 3477 perseverabat,
2649 3421 2762 3476 quo
2790 3420 2894 3458 nec
2918 3404 3182 3475 precibus
3226 3422 3335 3460 nec
3376 3405 3501 3479 qui-

1898 3492 2148 3547 buslibet
2178 3492 2516 3547 muneribus
2540 3508 2673 3545 eum
2695 3492 2921 3561 placare
2948 3492 3225 3546 valerent.
3247 3493 3354 3548 Sed
3376 3509 3501 3547 om-

1901 3581 2069 3637 nibus
2099 3597 2266 3635 suum
2310 3580 2517 3634 iterum
2550 3581 2888 3652 preceptum
2923 3578 3214 3650 imposuit,
3257 3584 3319 3634 ut
3362 3580 3505 3636 nulli

1900 3670 1961 3725 in
1994 3670 2189 3742 aliqua
2214 3668 2297 3724 sui
2326 3668 2555 3741 imperii
2583 3670 2745 3740 parte
2778 3670 3049 3740 pcrvento
3080 3668 3348 3722 Venetico
3368 3684 3503 3740 par-

1903 3774 2031 3813 cere
2064 3759 2321 3814 auderet.
2351 3758 2446 3813 ilis
2475 3757 2709 3831 quidem
2742 3755 2992 3811 deﬁnitis
3017 3756 3263 3811 Romam
3292 3756 3504 3811 viscere

1904 3847 2220 3919 disposuit;
2262 3846 2320 3901 in
2349 3864 2462 3919 qua
2492 3863 2610 3901 non
2642 3845 2739 3901 diu
2768 3844 3087 3900 incolomes
3117 3862 3339 3913 manes,
3364 3844 3504 3900 vali-

1905 3935 1976 3990 da
2008 3936 2316 4007 ingruente
2346 3935 2526 4003 febre,
2573 3938 2834 3989 mortuus
2877 3936 2981 4001 est,
3031 3935 3397 4007 sepultusque
3444 3932 3505 3987 in

1906 4025 2087 4079 sancti
2119 4025 2269 4079 Petri
2303 4028 2463 4079 curte
2488 4042 2605 4079 non
2632 4024 2830 4097 procul
2877 4039 2911 4077 a
2940 4027 3151 4077 sancta:
3180 4023 3367 4078 Mariae
3412 4018 3506 4077 ec-

1905 4113 2076 4168 clesia
2110 4118 2226 4181 (an.
2259 4116 2384 4176 983,
2414 4115 2546 4168 Dec.
2577 4114 2655 4187 ’7).
2689 4112 2851 4167 Unde
2882 4129 3002 4167 non
3040 4111 3280 4167 dubium
3330 4115 3415 4167 est
3443 4116 3508 4167 ut

1906 4203 2143 4276 quidam
2175 4202 2442 4275 spiritalis
2472 4202 2812 4270 monachus,
2831 4202 3038 4274 angelo
3061 4202 3168 4256 sibi
3196 4202 3509 4271 indicante,

1907 4290 2195 4363 cognovit,
2230 4291 2384 4363 quod
2422 4292 2495 4346 ob
2533 4291 2938 4347 Veneticorum
2979 4289 3353 4346 afﬂictionem
3390 4290 3513 4346 ino-

1906 4380 2169 4452 pinatam
2201 4378 2534 4435 incurrisset
2560 4384 2832 4439 mortem.
2863 4380 3109 4437 Veneria
3139 4395 3391 4452 namque
3407 4395 3511 4450 per

186 4454 532 4544 marginem
557 4468 771 4524 inlesus
800 4469 984 4541 petiit,
1018 4472 1077 4524 et
1104 4470 1184 4525 sic
1213 4488 1248 4525 a
1278 4470 1500 4526 duobus
1541 4454 1880 4541 periculisD
1910 4468 2211 4523 biennium
2242 4468 2342 4522 tali
2374 4485 2643 4542 perpessa
2683 4469 3001 4525 infortunio
3054 4466 3347 4524 divinitate
3378 4483 3513 4540 pro-

184 4561 491 4627 liberatus,
524 4559 775 4614 Romam
802 4574 933 4615 cum
970 4576 1144 4615 uxore
1175 4559 1425 4615 advenit.
1458 4558 1680 4615 Deinde
1703 4559 1807 4613 Pa-

185 4650 350 4722 piam
376 4651 717 4719 ceterasque
744 4646 919 4703 italia:
971 4647 1226 4707 civitates
1252 4664 1589 4720 peragrans,
1634 4647 1810 4703 Vero-

181 4754 329 4795 nam
354 4736 501 4793 adiit
527 4736 646 4806 (an.
678 4736 802 4803 983,
833 4734 1013 4809 ὄψι).
1064 4735 1249 4801 Quem
1288 4736 1597 4809 praedictus
1627 4736 1808 4791 Stefa-

182 4843 295 4882 nus
330 4823 683 4896 Coloprinus
702 4839 819 4879 una
840 4840 973 4879 cum
997 4824 1217 4881 duobus
1242 4823 1375 4879 ﬁliis
1396 4827 1453 4880 et
1468 4825 1810 4898 quibusdam

182 4913 552 4989 parentibus,
586 4916 858 4984 expertus
885 4913 1043 4985 quod
1065 4914 1540 4970 Maurecenorum
1571 4914 1811 4971 temeri—

182 5009 296 5073 tas,
332 5002 498 5061 ducis
521 5001 791 5061 videlicet
819 5004 1102 5072 consultu,
1135 5005 1392 5075 parentis
1415 5006 1670 5060 mortem
1692 5004 1809 5059 vel-

180 5097 311 5167 hnt
360 5091 580 5159 ulcisci,
631 5091 782 5146 clam
826 5091 899 5147 de
951 5092 1185 5149 Venetia
1232 5093 1427 5148 exiens
1468 5092 1811 5148 festinanter

182 5182 351 5241 adire
391 5178 753 5256 procuravit.
799 5180 900 5237 Cui
947 5180 1268 5255 imperator
1316 5180 1658 5249 valedicens,
1710 5196 1811 5236 cur

1907 4556 2050 4630 pitia
2080 4556 2324 4611 liberata
2356 4560 2460 4612 est.
2493 4558 2827 4613 Prtelibatus
2848 4559 3084 4631 quidem
3114 4557 3376 4613 Stcfanus
3403 4556 3512 4611 Co-

1909 4645 2170 4718 10prinus
2200 4662 2317 4701 una
2351 4663 2482 4701 cum
2513 4647 2642 4701 ﬁliis
2674 4651 2731 4701 et
2769 4649 2970 4702 ceteris
3011 4647 3134 4703 aliis
3173 4646 3515 4717 Papiensem

1910 4736 2114 4790 urbem
2148 4735 2305 4791 adire
2328 4739 2681 4807 satagerunt,
2703 4735 2976 4807 ﬂexisque
2998 4736 3306 4808 poplitibus
3329 4734 3516 4790 Adhe-

1911 4824 2125 4880 leidam
2154 4828 2478 4896 augustam,
2515 4841 2643 4897 quas
2684 4823 2826 4878 inibi
2873 4825 3231 4891 morabatur,
3275 4839 3515 4880 exorare

1910 4914 2268 4969 incessanter
2296 4917 2595 4987 ceperunt,
2623 4918 2687 4968 ut
2716 4912 2883 4969 inlesi
2908 4928 3009 4967 suo
3038 4915 3517 4969 conservarentur

1910 5002 1971 5060 in
2014 5018 2221 5075 regno,
2254 5003 2531 5076 quoniam
2583 5002 2855 5060 omnibus
2892 5017 3041 5073 pene
3079 5000 3254 5056 Italiae
3298 5000 3516 5072 princi—

1910 5092 2078 5164 pibus
2113 5096 2302 5153 morte
2334 5092 2495 5165 digni
2522 5092 2596 5148 ob
2621 5091 2870 5165 proprias
2914 5088 3117 5161 patrias
3162 5089 3514 5148 delationem

1912 5181 1986 5252 dij
2000 5181 2209 5238 udicati
2235 5184 2389 5255 sunt.
2431 5181 2587 5238 Tunc
2616 5182 2856 5254 repente
2886 5177 3040 5253 apud
3065 5175 3323 5235 Ticinum
3361 5195 3517 5236 mor-

1512 5269 1747 5324 VARLE
1784 5269 2076 5326 LECTION
2084 5270 2185 5330 ES.

259 5353 331 5390 ιοι
361 5341 549 5402 littori
577 5357 631 5399 a.
661 5340 702 5398 i.
730 5357 783 5400 a.
811 5358 871 5414 g.
903 5340 942 5397 i.
974 5359 1055 5403 m.
1091 5361 1150 5416 p.
1183 5344 1320 5401 etv.
1351 5342 1409 5398 d.
1444 5341 1634 5399 desunt
1667 5345 1718 5398 2.
1749 5344 1802 5416 8,

1758 5412 1986 5470 NOTAE.

185 5496 407 5553 eembri
436 5494 696 5568 Venetos
723 5494 1141 5568 commeatibus
1158 5494 1474 5568 prohibuit,
1496 5496 1554 5549 et
1572 5492 1807 5549 biennio

187 5571 386 5624 exacto
416 5567 720 5653 Veronam
748 5564 951 5635 redux,
992 5566 1085 5653 die
1115 5564 1328 5623 7'Junii
1361 5582 1415 5623 a.
1450 5568 1553 5622 983
1574 5569 1810 5638 pactum

188 5642 701 5786 misisi‘ﬁéderm
718 5737 740 5782 ,-
779 5708 889 5768 nisi
918 5707 1158 5767 fortasse
1193 5707 1270 5769 Et
1288 5708 1416 5768 dum
1448 5708 1560 5767 haec
1592 5725 1811 5782 ageren.

1907 5498 1997 5550 tur
2027 5490 2268 5567 Cessone,
2299 5491 2569 5567 Metense,
2582 5494 2693 5551 etc.
2735 5492 3209 5567 distinguendum
3236 5491 3328 5564 sit,
3379 5490 3516 5550 Ces-

1907 5582 2029 5622 sone
2056 5565 2183 5620 loco
2209 5566 2446 5623 Rossam'
2465 5566 2697 5623 scripto.

1981 5636 2098 5719 (89)
2119 5637 2374 5719 .Liursm
2393 5635 2799 5719 EEBicﬁizone-
2820 5639 2911 5719 Cf.
2933 5639 3237 5719 Alrertum
3260 5638 3361 5703 SS-
3383 5642 3425 5719 ιε
3448 5635 3517 5693 1V

1910 5706 2282 5790 (Pantagiae)
2317 5714 2363 5770 t.
2397 5708 2563 5790 exn.
2886 5706 2911 5719 '
2952 5714 2957 5721 ί
3000 5706 3021 5714 ·
3408 5715 3418 5719 ·
