3902 6210
406 473 507 535 923

1604 463 1935 530 JOHANNIS
1963 471 2244 529 DIACONI
2273 471 2542 530 VENETI.

3619 474 3718 536 925

406 603 506 654 tuo
539 596 773 652 Stefano
802 593 1132 667 Coloprino,
1159 597 1420 666 augusta,
1473 595 1756 665 przecibus
1793 592 2082 664 UgonisA
2109 593 2450 648 Croatorum
2478 594 2810 650 Sclavorum
2861 595 3230 667 oppressione
3274 611 3407 653 suos
3449 599 3717 669 potenter

407 685 670 740 videlicet
698 684 1050 739 marchionis
1077 683 1403 750 constricta,
1441 683 1588 738 ﬁlios
1617 699 1746 737 cum
1776 681 2007 753 quibus-

408 775 541 828 dam
580 772 702 827 aliis
727 773 840 826 suis
888 773 1257 845 precuntibus
1308 773 1522 826 nuntiis
1577 771 1650 825 ad
1690 770 2007 824 Tribunum

409 863 611 917 ducem
645 862 968 928 destinavit,
1003 862 1272 932 quatinus
1302 860 1572 932 quicquid
1603 859 1708 913 sibi
1754 861 1836 912 vel
1881 860 2007 930 qui-

410 951 656 1005 buslibet
685 951 811 1004 aliis
835 966 1098 1020 perverse
1130 951 1522 1020 deliquissent,
1549 965 1649 1003 suo
1681 965 1878 1002 amore
1902 949 2009 1000 Ve-

409 1040 628 1094 netiam
673 1048 742 1080 ίοο
787 1039 1060 1110 consequi
1109 1043 1492 1092 mererentur.
1543 1037 1826 1091 Tribunus
1874 1053 2008 1091 vero

409 1127 519 1181 dux
547 1145 898 1200 quamquam
926 1127 1136 1182 invitus
1183 1131 1378 1182 tamen
1428 1125 1810 1197 imperatricis
1847 1125 2009 1196 jussu

411 1219 470 1270 et
497 1232 686 1286 prece,
715 1215 964 1286 gratiam
996 1215 1164 1268 simul
1197 1221 1252 1268 et
1285 1215 1533 1284 patriam
1575 1213 1682 1268 illis
1713 1214 2010 1278 concessit,

408 1307 466 1358 et
495 1304 726 1375 insuper
759 1321 828 1358 ne
860 1305 932 1358 ab
963 1303 1165 1374 aliquis
1196 1303 1564 1358 inimicorum
1605 1306 1823 1356 temere
1867 1301 2016 1356 occi-

411 1393 706 1460 derentur,
726 1396 997 1464 quattuor
1011 1393 1367 1463 juratoribus
1387 1394 1876 1446 sacramentorum
1903 1391 2014 1445 fide

409 1480 642 1547 muniti,
689 1481 870 1534 securi
914 1481 972 1534 in
1020 1481 1209 1551 patria
1255 1481 1648 1552 persisterunt.
1697 1478 2016 1534 Maureceni

415 1585 552 1623 sane
586 1571 742 1623 taciti
775 1571 882 1623 hoc
913 1573 1098 1624 totum
1148 1570 1599 1635 considerantes,
1641 1568 1884 1622 firmiter
1921 1584 2018 1638 pa-

413 1659 592 1712 rentis
625 1662 872 1712 mortem
907 1658 1196 1712 vindicare
1224 1657 1620 1710 decreverunt.
1655 1655 2016 1726 QuaprOpter

412 1746 549 1800 dum
583 1747 831 1817 quadam
876 1746 998 1800 dies
1029 1749 1143 1800 tres
1185 1746 1412 1811 fratres,
1457 1745 1673 1799 Stefani
1723 1744 2014 1814 Coloprini

412 1834 553 1901 nati,
587 1835 657 1889 de
691 1836 900 1907 palatio
938 1837 1106 1890 solito
1131 1837 1340 1889 vellent
1389 1836 1629 1889 domum
1673 1851 1846 1905 parva
1893 1839 2014 1888 rate

2108 681 2402 748 liberavit;
2428 681 2634 754 quibus
2658 683 2834 738 etiam
2859 683 3095 739 solitum
3116 686 3484 756 censum(91)
3503 685 3720 756 primus

2110 771 2248 824 dare
2281 771 2594 828 interdixit.
2632 771 2774 826 Cum
2798 771 3003 827 Italicis
3032 789 3166 828 vero
3195 773 3558 846 principibus
3586 773 3722 828 ami-

2111 859 2263 912 ciciaa
2291 860 2504 914 foedere
2535 861 2838 932 copulatus
2865 876 3096 932 semper
3111 861 3387 916 mansisse
3419 862 3718 934 probatur.

2109 947 2325 1002 Tamen
2354 948 2396 1000 si
2447 948 2574 1019 quis
2614 949 2822 1003 horum
2870 949 3064 1021 aliqua
3109 949 3350 1021 stipatus
3393 951 3723 1006 temeritate

2109 1037 2225 1090 suis
2255 1037 2548 1108 quoddam
2577 1039 2930 1093 honerosum
2956 1041 3082 1110 plus
3097 1039 3247 1111 pacti
3274 1040 3509 1096 decreto
3533 1041 3724 1112 impo-

2112 1141 2251 1178 nere
2279 1125 2568 1195 voluisset,
2600 1126 2839 1181 viriliter
2879 1127 3212 1183 obsistendo
3247 1127 3333 1182 sui
3378 1143 3623 1201 compos
3665 1127 3722 1182 in

2113 1213 2383 1267 omnibus
2399 1214 2850 1278 manebat.Quid
2870 1215 3058 1269 dicam
3071 1215 3099 1270 ?
3118 1215 3384 1288 proprios
3397 1232 3571 1289 aequo
3597 1231 3726 1270 mo-

2116 1303 2414 1356 deramine
2441 1303 2842 1374 aequitatisque
2869 1303 3086 1359 trutina
3123 1321 3353 1376 preesse
3390 1305 3724 1376 satagebat;

2116 1392 2371 1446 extranei
2406 1408 2538 1447 vero
2573 1409 2686 1447 suae
2729 1393 3124 1448 resistentibus
3153 1393 3361 1449 ditioni
3390 1392 3731 1448 vicissitudi-

2119 1497 2252 1534 nem
2284 1483 2782 1553 recompensabat.
2808 1482 3021 1546 Quibus
3043 1491 3241 1537 tamen
3266 1481 3514 1537 fortunis
3542 1481 3730 1535 Vene-

2117 1569 2203 1624 cia
2231 1570 2344 1624 suis
2375 1569 2574 1624 diebus
2605 1571 2828 1637 claruit,
2862 1572 3007 1625 serie
3043 1571 3290 1642 prodere
3319 1569 3601 1626 conabor.
3645 1571 3725 1624 Eo

2118 1675 2369 1730 namque
2437 1663 2701 1728 tempore
2757 1659 3058 1714 Gradensis
3102 1659 3317 1724 civitas,
3365 1674 3494 1730 quae
3547 1657 3730 1712 totius

2119 1765 2277 1802 novae
2308 1747 2557 1803 Venetiae
2592 1748 2928 1820 metropolis
2973 1749 3097 1803 fore
3127 1747 3506 1819 dignoscitur,
3539 1751 3730 1802 vetus-

2117 1841 2230 1892 tate
2259 1855 2322 1891 ex
2355 1840 2608 1892 maxima
2639 1839 2801 1909 parte
2832 1839 3176 1909 consumpta
3197 1835 3519 1901 videbatur,
3543 1851 3728 1907 quam

413 1923 624 1989 redire,
667 1940 701 1977 a
741 1927 1013 1994 quattuor
1061 1923 1410 1978 Maurocenis
1453 1922 1807 1994 interempti,
1855 1915 2014 1977 rivoli
2039 1915 2088 1973 B
2115 1926 2418 1996 praedictus
2439 1926 2706 1997 princeps
2732 1925 2804 1980 ad
2825 1925 2948 1998 ipso
2969 1925 3305 1980 fundamine
3323 1923 3398 1978 ad
3419 1939 3730 1996 propung—

407 2009 602 2064 latices
631 2012 866 2083 proprio
901 2013 1462 2066 cruoreinfecerunt.
1486 2012 1743 2076 Quorum
1771 2028 2015 2084 corpora
2115 2015 2450 2069 naculorum
2482 2031 2660 2086 usque
2690 2012 3089 2068 summitatem
3132 2011 3515 2068 munitissima
3554 2027 3730 2066 reno-

407 2116 441 2154 a
472 2100 725 2171 quodam
759 2117 860 2156 suo
891 2101 1127 2156 homine
1156 2102 1226 2155 de
1261 2101 1480 2172 limpha
1525 2101 1766 2167 sublata,
1811 2101 2012 2156 orbate
2112 2103 2280 2170 vavit,
2315 2103 2669 2174 domumque
2689 2101 2985 2174 propriam
3013 2101 3072 2156 in
3105 2117 3174 2156 ea
3190 2101 3358 2172 juxta
3389 2099 3729 2156 occidenta-

409 2189 687 2260 genetrici
745 2194 916 2262 atque
971 2190 1311 2262 conjugibus
1371 2191 1560 2244 delata
1610 2193 1762 2244 sunt.
1823 2191 2014 2244 Altera
2111 2191 2228 2245 lem
2274 2191 2479 2245 turrim
2507 2190 2775 2245 edillcare
2804 2189 2958 2258 fecit,
2993 2190 3244 2260 parietes
3279 2189 3456 2244 etiam
3494 2204 3597 2243 seu
3627 2205 3726 2244 ee-

407 2293 540 2333 vero
567 2278 658 2334 die
691 2277 748 2333 in
791 2279 970 2334 sancti
1010 2279 1294 2334 Zachariae
1327 2281 1678 2335 monasterio
1729 2281 2013 2334 tumulata
2111 2279 2413 2333 clesiarum
2443 2277 2735 2350 laquearia
2775 2294 3038 2333 recreare
3071 2277 3452 2332 libentissime
3479 2276 3724 2333 studuit.

408 2370 646 2421 suntm.
683 2367 936 2432 Quorum
972 2369 1083 2423 duo
1117 2369 1243 2422 laici
1265 2369 1529 2435 fuerunt;
1563 2369 1762 2424 tertius
1792 2372 2008 2437 autem,

409 2455 467 2510 id
516 2460 601 2510 est
643 2457 956 2525 Johannes,
1005 2457 1301 2512 clericatus
1344 2457 1515 2511 ofﬁcii
1559 2461 1773 2512 sortem
1815 2457 2006 2528 gessit.

409 2545 562 2600 Licet
591 2546 701 2600 dux
732 2547 804 2600 ab
831 2545 1223 2616 hujuscemodi
1255 2546 1414 2600 nefas
1445 2563 1502 2600 se
1526 2545 1827 2601 inmunem
1879 2547 2012 2602 red-

408 2632 858 2700 deret,nonnulli
878 2637 1072 2688 tamen
1091 2635 1350 2705 ejusdem
1371 2635 1597 2689 sceleris
1626 2651 1756 2690 eum
1775 2636 2010 2691 noxium

406 2721 801 2777 affirmabant.
827 2725 993 2778 Anno
1025 2740 1159 2778 vero
1191 2727 1254 2779 l3
1303 2724 1387 2778 sui
1419 2723 1655 2778 ducatus
1687 2723 1870 2778 isdem
1899 2724 2011 2780 dux

403 2811 734 2865 Mauricium
767 2829 930 2866 suum
957 2812 1139 2867 ﬁlium
1165 2805 1727 2884 Constantinopolim
1752 2814 2008 2882 mittens,

407 2899 530 2970 ipso
574 2899 898 2971 eodemque
952 2899 1289 2956 infirmitate
1334 2901 1620 2968 detentus,
1670 2919 1764 2957 sex
1809 2901 2012 2958 diebus

409 3004 528 3042 non
568 3004 670 3042 sua
697 2991 902 3058 sponte
934 2988 1038 3044 sed
1068 2990 1278 3061 populo
1310 2993 1555 3062 cogente
1586 2995 1899 3063 antequam
1931 2991 2012 3046 ul-

408 3075 616 3132 timum
648 3077 754 3132 sibi
786 3077 1231 3159 obsepresceret,
1261 3080 1578 3134 monachus
1607 3080 1666 3135 in
1697 3080 1876 3135 sancti
1907 3083 2011 3136 Za-

407 3166 616 3222 chariae
641 3167 899 3224 caenobio
927 3168 1158 3224 effectus
1187 3172 1290 3224 est.
1330 3169 1564 3224 Praefuit
1592 3174 1786 3226 autem
1826 3172 2010 3226 Vene-

2107 2367 2276 2438 Apud
2305 2367 2602 2422 Civitatem
2634 2366 2872 2439 quidem
2904 2383 3135 2434 novam,
3169 2383 3297 2438 quas
3327 2370 3566 2422 vocatur
3591 2367 3728 2421 Era-

2111 2458 2318 2521 cliana,
2339 2457 2589 2527 pulchrae
2620 2455 2892 2526 imaginis
2921 2455 3162 2510 domum
3195 2471 3311 2510 una
3333 2471 3468 2510 cum
3498 2455 3728 2528 capella

2111 2550 2232 2618 ipso
2261 2545 2586 2617 eodemque
2624 2547 2890 2615 tempore
2927 2559 3282 2615 componere
3308 2543 3467 2598 fecit.

2184 2637 2410 2690 Interea
2449 2634 2740 2688 Iohannes
2781 2632 3112 2688 Belonensis
3151 2631 3452 2704 episcopus
3494 2631 3730 2688 Veneti-

2110 2739 2359 2795 quorum
2391 2723 2628 2777 ducatus
2659 2721 2876 2794 predia
2923 2721 2982 2775 in
3023 2719 3233 2775 finibus
3263 2719 3516 2776 Civitatis
3555 2736 3726 2775 novae

2107 2816 2343 2870 Tribuni
2372 2815 2528 2870 ducis
2559 2818 2824 2885 tempore
2864 2816 3137 2886 usurpata
3183 2829 3288 2884 per
3323 2813 3441 2868 vim
3484 2817 3727 2868 actenus

2111 2904 2422 2966 retinebat,
2439 2920 2611 2976 quem
2637 2919 2744 2957 nec
2756 2901 2966 2973 regalis
2981 2902 3163 2972 jussio
3180 2918 3286 2956 nec
3307 2899 3568 2974 quolibet
3586 2917 3728 2973 pro-

2111 2993 2348 3049 missum
2381 2992 2453 3048 ab
2481 2992 2602 3063 ipso
2633 2990 3017 3046 infortunium
3040 2993 3261 3046 terrere
3291 2989 3728 3062 potuit,quoin-

2100 3083 2254 3154 juste
2281 3083 2506 3136 retenta
2529 3079 2772 3134 reddere
2801 3095 3120 3152 pacemque
3149 3094 3283 3133 cum
3314 3078 3536 3133 domno
3549 3079 3726 3133 Petro

2111 3171 2253 3226 duce
2280 3170 2538 3224 haberet.
2573 3167 2678 3232 Qui
2710 3168 2822 3222 dux
2855 3183 3215 3240 quamquam
3239 3167 3725 3232 moleste,tamen

412 3253 536 3308 ticis
567 3255 734 3309 annis
773 3257 836 3309 13
867 3259 924 3310 et
971 3255 1262 3310 mensibus
1300 3257 1574 3330 quinque.
1629 3257 2010 3330 Sepultusque
2039 3264 2086 3324 C.
2111 3258 2364 3330 paciﬂce,
2388 3255 2621 3311 interim
2653 3254 2900 3310 Heinrici
2925 3255 3083 3310 ducis
3123 3254 3497 3328 praesentiam
3545 3254 3727 3310 Vero-

413 3344 472 3396 et
500 3341 559 3398 in
587 3343 792 3399 eodem
828 3345 1178 3400 monasterio
1199 3354 1288 3400 108.

481 3460 649 3516 Anno
675 3477 808 3516 vero
838 3461 1150 3518 Dominicaz
1179 3463 1597 3520 Incarnationis
1630 3464 2014 3537 noningente—

405 3549 554 3606 simo
585 3553 963 3622 nonagesimo
991 3553 1178 3625 primo
1215 3556 1470 3622 Petrum,
1503 3554 1778 3610 antedicti
1812 3555 2012 3610 domni

408 3639 561 3696 Petri
593 3641 796 3696 Ursiuli
823 3641 977 3696 ducis
1011 3643 1290 3711 sobolem,
1341 3642 1638 3714 trigesimo
1671 3659 1785 3698 sua:
1828 3643 2014 3699 artatis

405 3747 560 3785 anno
591 3731 991 3786 Veneticorum
1015 3731 1210 3803 populi
1233 3731 1306 3785 ad
1337 3735 1640 3803 paternam
1669 3731 2013 3802 dignitatem

409 3819 955 3891 promoverunt.Qui
970 3819 1259 3891 probitate
1275 3822 1329 3872 et
1341 3822 1470 3872 actu
1483 3819 1637 3873 haud
1655 3818 2016 3890 degenerans

412 3923 448 3962 a
491 3907 619 3962 divo
654 3910 918 3978 parente,
961 3906 1253 3978 utriusque
1292 3908 1490 3961 tamen
1521 3907 1774 3962 hominis
1810 3909 2019 3981 peritia

412 4012 618 4052 omnes
643 4011 810 4066 ρωηο
842 3995 1109 4065 antiquos
1135 3995 1444 4049 excellebat
1472 3995 1662 4054 duces.
1683 3998 1788 4051 Iste
1808 4015 2018 4070 nempe

407 4085 611 4160 patriae
641 4085 888 4140 comoda
911 4100 1024 4138 non
1053 4083 1228 4138 modo
1247 4083 1305 4138 in
1337 4085 1586 4155 priscum
1605 4087 2018 4142 consolidando

411 4172 640 4229 reduxit
663 4175 898 4240 statum,
929 4189 1129 4227 verum
1175 4172 1233 4228 in
1277 4175 1505 4229 tantum
1555 4191 1680 4229 rem
1731 4175 2020 4248 publicam

417 4261 594 4327 auxit,
640 4264 701 4315 ut
741 4260 858 4316 suis
905 4261 1261 4334 temporibus
1301 4263 1546 4319 Venecia
1585 4280 1703 4334 prae
1754 4264 2021 4318 omnibus

413 4349 791 4404 finitimarum
806 4349 1110 4420 provinciis
1122 4351 1326 4406 decore
1339 4356 1396 4406 et
1409 4353 1703 4425 opulentia
1714 4353 2023 4407 sublimata

415 4439 720 4494 diceretur.
742 4441 800 4493 1n
827 4439 912 4494 sui
930 4439 1164 4511 quidem
1184 4441 1420 4497 honoris
1442 4441 1675 4496 exordio
1696 4441 2024 4497 Constanti-

2111 3346 2303 3402 nensis
2335 3344 2649 3417 susciperet
2677 3342 2957 3409 marchia,
2989 3343 3098 3398 hoc
3122 3343 3393 3398 tollerare
3423 3340 3728 3413 disposuit.

2112 3436 2392 3490 Pervento
2420 3448 2557 3487 vero
2587 3432 2752 3500 duce,
2783 3431 2898 3486 suis
2922 3431 3302 3486 internunciis
3330 3430 3588 3486 eundem
3613 3445 3724 3502 pe-

2110 3526 2233 3578 tere
2255 3520 2598 3594 procuravit.
2624 3520 2730 3585 Qui
2752 3519 3027 3574 amicicie:
3045 3519 3263 3576 foedere
3293 3518 3616 3588 simulatus,
3648 3518 3724 3575 de

2109 3613 2370 3667 Iohanne
2416 3610 2684 3682 episcOpo
2733 3625 2833 3663 seu
2879 3607 3084 3662 ceteris
3129 3606 3236 3663 sibi
3283 3607 3725 3663 adversantibus

2113 3702 2302 3770 legem
2332 3699 2520 3754 facere
2542 3698 2615 3752 ad
2641 3713 2808 3752 suum
2823 3697 2968 3752 velle
2988 3695 3547 3768 spopondit.Tamen
3568 3693 3726 3769 quod

2115 3806 2214 3846 ore
2237 3787 2520 3860 promisit,
2549 3786 2710 3841 citius
2740 3785 2987 3840 faciendi
3017 3786 3374 3840 voluntatem
3405 3785 3564 3840 dicto
3595 3799 3728 3857 per-

2117 3876 2376 3933 mutavit.
2395 3877 2594 3930 Petrus
2613 3875 2806 3946 itaque
2828 3873 2940 3928 dux
2963 3876 3138 3928 tanta:
3159 3873 3524 3944 deceptionis
3537 3872 3728 3946 provi-

2119 3966 2243 4032 dus,
2290 3981 2456 4020 suum
2515 3964 2772 4034 legatum
2811 3961 3007 4017 Ottoni
3049 3961 3434 4016 famosissimo
3480 3961 3608 4033 regi
3655 3959 3730 4017 ad

2117 4053 2464 4126 Aquisgrani
2490 4052 2797 4125 pallacium
2824 4050 2946 4105 sine
2975 4049 3168 4122 aliqua
3196 4065 3366 4104 mora
3382 4049 3728 4117 transmisit,

2121 4143 2217 4215 qui
2238 4141 2568 4214 hujusmodi
2599 4156 2797 4194 causas
2824 4138 3027 4194 ordine
3045 4138 3149 4193 sibi
3169 4137 3477 4209 panderet.
3503 4139 3624 4194 Hoc
3639 4137 3732 4194 de-

2122 4233 2294 4304 nique
2325 4233 2590 4303 expertus
2610 4246 2708 4284 rex
2734 4228 3024 4300 prenotati
3063 4227 3221 4282 ducis
3257 4227 3512 4284 Heinrici
3537 4233 3730 4283 actum

2121 4320 2362 4375 omnino
2384 4319 2758 4389 redarguens,
2783 4316 3092 4388 omniaque
3116 4314 3367 4371 obmissa
3387 4317 3615 4388 praedia
3629 4319 3733 4372 Pe-

2119 4413 2210 4466 tro
2239 4409 2366 4464 duci
2388 4407 2717 4480 praeceptali
2747 4405 3108 4460 institutione
3137 4405 3209 4459 ad
3237 4404 3582 4462 habendum
3596 4422 3733 4462 con-

416 4529 801 4600 nopolytanos
821 4527 1220 4600 imperatores,
1254 4546 1572 4602 omnesque
1602 4529 2022 4586 Saracenorum
2043 4520 2097 4581 D
2123 4500 2601 4602 ce_53."t:cm_e‘t'am
2624 4493 3436 4602 Bru?2‘]:mffkllef_sf‘_lin
3454 4496 3730 4602 ξῐξδξιθφξ

417 4625 705 4698 principes
727 4628 839 4684 suis
860 4627 1245 4700 legationibus
1267 4628 1518 4700 placatos
1544 4643 1610 4682 ac
1635 4628 1870 4684 devotos
1889 4630 2028 4685 ami-

417 4739 515 4780 cos
535 4723 703 4780 firma
720 4726 1027 4783 stabilitate
1053 4725 1374 4798 adquisivit.
1393 4725 1637 4781 Nuncios
1659 4726 1835 4782 etiam
1849 4726 2026 4784 Saxo-

417 4821 579 4878 niam
605 4823 679 4878 ad
701 4824 941 4880 tercium
971 4825 1243 4880 Ottonem
1266 4840 1489 4895 regem,
1513 4825 1787 4894 praeclare
1818 4825 2027 4880 indolis

416 4923 747 4994 puerulum,
771 4921 1098 4990 destinavit,
1121 4938 1254 4978 cum
1271 4938 1384 4994 quo
1403 4924 1563 4977 tanto
1583 4923 1797 4978 amoris
1813 4927 1873 4978 et
1887 4923 2028 4978 ami-

416 5019 572 5078 cicie:
587 5022 809 5077 vinculo
831 5037 954 5077 sese
985 5020 1312 5088 coarctavit,
1335 5018 1605 5092 quatinus
1625 5024 1852 5076 remota
1880 5020 2026 5076 dila-

417 5119 874 5193 tione,deinceps
885 5117 1152 5193 quicquid
1163 5118 1268 5174 sibi
1282 5117 1549 5192 possibile
1569 5118 1936 5190 competebat
1948 5119 2022 5174 ad

413 5221 616 5275 votum
643 5220 1108 5292 consequantur
1136 5217 1268 5290 (90).
1303 5216 1536 5272 Hisdem
1566 5231 1818 5289 namque
1845 5215 1958 5271 dux
1985 5233 2020 5272 a

2122 4587 2297 4652 misit,
2329 4586 2428 4658 qui
2453 4586 2563 4640 hoc
2615 4583 2926 4655 negocium
2961 4581 3104 4652 legis
3161 4597 3407 4636 censura
3453 4583 3733 4656 regiaque

2124 4675 2466 4731 auctoritate
2495 4673 2648 4728 inter
2675 4688 2733 4726 se
2772 4675 2831 4726 et
2859 4671 3194 4742 episcopum
3221 4669 3514 4725 definiret.
3552 4671 3734 4736 Quem

2125 4763 2423 4836 episcopus
2455 4761 2598 4816 adeo
2632 4759 3074 4830 ﬂoctipendens,
3105 4757 3352 4812 utilium
3387 4774 3498 4813 nec
3537 4761 3735 4815 conlo-

2127 4853 2262 4924 quio
2295 4851 2454 4906 adire
2477 4866 2584 4906 nec
2613 4848 2808 4904 videre
2839 4846 3131 4902 voluisset.
3179 4847 3442 4919 Cumque
3487 4847 3736 4903 domnus

2126 4941 2328 4996 Petrus
2355 4940 2467 4994 dux
2495 4939 2634 4994 talia
2657 4939 2941 5003 cerneret,
2973 4938 3209 5007 accepto
3249 4952 3283 4989 a
3321 4935 3488 5006 regio
3525 4937 3735 4992 nuncio

2125 5033 2184 5083 et
2210 5045 2244 5084 a
2274 5027 2388 5083 suis
2418 5027 2645 5083 salubre
2683 5023 3008 5092 consilium,
3056 5022 3393 5079 inevitabile
3433 5024 3737 5081 decretum

2121 5133 2294 5192 supra
2322 5134 2454 5174 suos
2469 5115 2762 5189 imposuit,
2786 5129 2900 5187 quo
2923 5127 3098 5168 nemo
3121 5111 3355 5167 illorum
3371 5113 3574 5188 aliqua
3593 5127 3740 5188 pm-

2118 5209 2452 5282 sumptione
2478 5207 2654 5264 fultus
2687 5203 3036 5278 praedictam
3062 5217 3164 5258 seu
3203 5202 3549 5262 lstriensem
3575 5219 3741 5261 ausus

1743 5305 1970 5359 VARUS
2009 5299 2408 5360 LECTIONES.

488 5389 558 5425 ιοο
587 5379 830 5437 Veniam
857 5379 913 5436 Ζ
915 5381 1084 5435 anelli
1109 5379 1275 5443 legere
1307 5377 1542 5443 mavult;
1571 5377 1661 5433 sed
1690 5377 1839 5432 lectio
1877 5377 2115 5432 codicum
2156 5371 2490 5443 sequentibus

1658 5457 1727 5492 ιοο
1763 5447 1880 5506 Hic
1907 5449 1969 5506 in
1997 5447 2172 5504 codice

415 5458 486 5496 ιοτ
501 5451 594 5508 Ita
619 5456 640 5509 l
666 5453 946 5508 Altera—
973 5453 1108 5508 sunt
1135 5449 1324 5508 desunt
1353 5453 1410 5505 in
1437 5449 1558 5506 edd.

415 5525 477 5579 in
491 5528 568 5581 ter
589 5525 735 5596 ipsas
761 5541 842 5580 res
862 5530 1036 5596 gestas
1053 5524 1252 5596 scripta
1289 5539 1394 5578 esse
1419 5520 1686 5580 videntur.

2535 5366 2788 5442 patriam
2815 5365 2926 5442 illis
2971 5366 3251 5442 concessit
3277 5362 3504 5436 defendi
3521 5365 3739 5442 poterit.

2267 5444 2348 5500 rb.
2381 5441 2574 5498 lacuna
2602 5446 2770 5497 exstat
2798 5441 2956 5495 unius
2987 5441 3240 5513 paginae;
3285 5454 3409 5510 quae
3447 5441 3743 5512 sequuntur

1970 5607 2196 5670 ΝΟΤΔΕ.

491 5683 609 5757 (90)
638 5686 877 5757 Pactum
903 5683 962 5740 d.
993 5687 1066 5757 l9_
1086 5683 1218 5757 Julii
1247 5700 1302 5738 a.
1319 5685 1482 5757 _99l_
1499 5685 1842 5757 renovatum
1868 5681 2036 5757 Liber

422 5752 666 5812 Blandus
695 5754 926 5811 exhibet
955 5757 1016 5812 et
1040 5754 1302 5812 Andreas
1319 5753 1619 5811 Dandulus
1645 5752 1707 5811 in
1747 5752 2032 5813 Chronico

421 5841 560 5899 pag.
581 5825 848 5883 223-225.
1086 5827 1096 5836 '

2133 5682 2320 5810 zAgit)
2354 5678 2442 5742 Cf.
2471 5676 2719 5762 Andreas
2745 5675 2958 5754 Chron.
2991 5673 3093 5738 lib.
3122 5672 3200 5744 ix,
3225 5672 3380 5749 part.
3405 5668 3492 5741 in,
3522 5687 3582 5746 p.
3614 5670 3740 5728 225.
