3902 6210
241 472 343 543 925

1533 476 1934 539 CHRONICON
1961 472 2302 538 VENETUM.

3463 476 3566 533 926

232 611 387 666 foret
416 590 744 664 marcbiam
776 598 958 677 adire,
990 620 1179 678 neque
1210 604 1444 678 aliquod
1470 609 1668 663 venale
1700 607 1859 662 vicis-
1882 611 1937 671 Α
1968 607 2263 674 facientes,
2312 604 2515 676 regem
2561 601 2749 675 ipsum
2790 597 3283 657 conlaudaverunt
3310 615 3325 667 ;
3375 597 3575 672 ibique

230 698 338 754 sim
369 697 625 753 vendere
658 699 748 753 vel
788 712 1152 768 comparare.
1197 695 1293 749 llis
1324 695 1560 768 quidem
1593 695 1857 768 peractis,

229 786 441 859 regalis
469 785 717 840 nuncius
748 784 821 840 ad
854 784 1150 857 propriam
1180 799 1439 839 reversus
1476 789 1581 838 est.
1617 785 1856 857 Ceptum

226 892 363 930 vero
380 874 648 946 jurgium
679 891 714 928 a
745 874 889 928 duce
922 872 1239 927 diutissime
1273 872 1623 945 perduravit,
1644 874 1701 927 in
1732 876 1857 927 tau-

224 966 354 1018 tum
396 962 665 1018 videlicet
692 965 755 1016 ut
784 977 903 1016 non
935 961 1120 1016 solum
1159 961 1307 1015 illius
1334 962 1603 1015 marchiae
1634 963 1855 1033 peculia

226 1053 365 1107 salis
412 1054 669 1123 egestate
710 1053 1277 1117 consummerentur,
1309 1066 1509 1105 verum
1540 1050 1715 1104 etiam
1746 1052 1850 1106 bo-

228 1139 423 1195 mines
438 1137 707 1194 subsidiis
721 1137 1125 1194 Veneticorum
1149 1142 1427 1201 carentes,
1450 1138 1759 1193 miserabili
1783 1147 1851 1181 ίοο

224 1226 563 1283 calamitate
583 1226 1068 1299 perpessi,sedule
1097 1227 1170 1282 ad
1190 1226 1397 1281 ducem
1427 1244 1650 1299 pacem,
1677 1244 1850 1299 quam

227 1316 514 1388 consequi
545 1332 661 1370 non
695 1315 982 1382 valebant,
1012 1315 1311 1369 humiliter
1337 1314 1742 1386 efﬂagitarent.

298 1404 448 1474 (An.
483 1403 635 1474 996.)
651 1403 773 1458 Dux
793 1402 985 1475 itaque
1010 1403 1249 1457 audiens
1272 1403 1545 1458 Ottonem
1561 1420 1759 1475 regem
1781 1404 1853 1459 ad

225 1492 462 1546 Italiam
491 1493 821 1557 venturum,
853 1507 1054 1562 pacem
1087 1507 1219 1545 cum
1250 1491 1541 1562 praedicta}
1581 1493 1853 1547 marchias

224 1581 450 1652 populo
479 1580 667 1635 facere
688 1579 1058 1634 diferabatur.
1084 1581 1238 1634 Tunc
1255 1597 1386 1634 suos
1402 1580 1639 1635 nuncios
1662 1582 1851 1637 denuo

221 1669 608 1723 Teutonicam
636 1669 866 1722 mittere
903 1668 1183 1739 disposuit
1214 1668 1426 1738 (Μανι.)
1456 1670 1552 1740 qui
1584 1669 1734 1723 inter
1759 1671 1853 1724 Al-

1962 696 2285 750 Johannem
2326 690 2653 765 apostolica:
2698 690 2846 745 sedis
2886 688 3202 744 antistitem
3235 686 3575 741 defunctum

1963 784 2222 848 audiens,
2249 784 2563 836 Brunorem
2578 796 2744 833 suum
2758 778 3019 833 videlicet
3039 779 3332 848 nepotem,
3351 774 3575 831 Ottonis

1967 873 2123 927 ducis
2158 871 2361 937 filium,
2397 870 2469 925 ad
2512 870 2659 923 hanc
2692 867 2983 939 dignitatis
3021 866 3245 938 apicem
3277 864 3571 936 fastigiare

1963 961 2259 1033 disposuit,
2293 959 2447 1031 quod
2477 961 2675 1028 postea
2700 954 3029 1026 complevit.
3072 953 3290 1007 Deinde
3332 969 3436 1023 per
3464 954 3572 1006 Ar-

1960 1049 2186 1121 ripdani
2219 1050 2332 1119 (92)
2367 1047 2586 1101 ﬂuenta
2612 1043 2838 1116 navigio
2868 1045 3201 1097 Ravennam
3228 1040 3421 1095 adivit.
3465 1040 3570 1096 Ubi

1959 1137 2297 1210 aliquandiu
2340 1139 2737 1191 commoratus
2769 1133 2901 1205 (93),
2940 1131 3161 1186 Redulﬂ
3190 1129 3571 1184 Ariminensis

1954 1226 2201 1294 comitis,
2232 1243 2337 1280 nec
2358 1241 2474 1280 non
2506 1222 2871 1289 Herimundi,
2904 1224 3075 1293 atque
3101 1219 3187 1275 sui
3213 1220 3419 1274 fratres
3438 1218 3566 1272 Rai-

1956 1316 2181 1383 mundi,
2234 1331 2338 1388 pro
2385 1313 2774 1369 azcclesiarum
2827 1328 2925 1365 seu
2968 1325 3287 1381 pauperum
3339 1306 3569 1378 praediis

1956 1420 2081 1474 quas
2097 1406 2368 1475 usurpata
2381 1401 2769 1473 possidebant,
2789 1400 2980 1454 oculos
3002 1398 3207 1468 ejicere
3218 1393 3564 1467 jussit(Mai.

1962 1492 2025 1561 I).
2062 1491 2154 1544 His
2185 1491 2434 1545 definitis
2476 1488 2914 1543 Romulidarum
2949 1490 3228 1558 appetens
3256 1484 3482 1547 urbem,
3508 1482 3567 1538 in

1957 1597 2070 1652 qua
2098 1597 2130 1633 a
2151 1580 2409 1651 predicto
2434 1580 2700 1633 Brunone
2718 1577 3051 1647 apostolico,
3077 1575 3174 1647 qui
3197 1572 3567 1645 postmodum

1961 1669 2263 1739 Gregorius
2284 1669 2467 1722 dictus
2480 1671 2582 1722 est.
2608 1669 3003 1722 Romanorum
3018 1663 3384 1719 multitudine
3400 1661 3571 1715 inter-

224 1756 395 1828 pium
446 1757 738 1812 anfractus
776 1775 976 1828 regem
1005 1759 1131 1828 jam
1173 1776 1206 1812 a
1242 1759 1495 1813 Ausonia
1526 1759 1854 1813 venientem
1962 1758 2236 1827 pellante,
2267 1761 2468 1810 unctus
2494 1760 2552 1810 et
2572 1758 2935 1809 consecratus
2961 1757 3047 1807 est
3076 1753 3395 1823 imperator
3426 1749 3573 1821 (Μαί

220 1844 659 1917 repperierunt.
705 1847 751 1900 Α
781 1862 895 1917 quo
927 1846 1246 1901 honorifice
1283 1847 1552 1919 suscepti,
1583 1847 1855 1919 quicquid
1962 1844 2231 1914 2t).Hinc
2245 1862 2360 1899 non
2379 1843 3051 1915 proculaRomana'urbc
3071 1840 3389 1906 discedens,
3410 1843 3469 1892 ut
3485 1855 3572 1892 re-

222 1934 395 1988 nefas
422 1934 538 1989 suis
576 1934 688 1989 dux
723 1933 974 1989 inimicis
1009 1936 1281 1991 intulerat
1323 1936 1570 1991 libenter
1599 1936 1851 2004 audivit;
1880 1931 1929 1990 B
1965 1933 2195 1987 missius
2220 1932 2366 1986 illius
2393 1931 2637 1985 climatis
2661 1936 2864 1985 aestum
2883 1932 3152 1984 tollerare
3179 1925 3571 1999 quivisset,in-

221 2020 285 2076 in
329 2038 511 2094 super
547 2023 812 2094 promisit
851 2040 1151 2095 nunquam
1197 2025 1457 2096 quolibet
1480 2025 1655 2079 modo
1694 2024 1857 2080 illum
1964 2025 2052 2077 ter
2078 2022 2398 2076 Camerina:
2428 2019 2698 2075 marchiae
2743 2021 2899 2090 alpes
2929 2017 3145 2089 aliquid
3175 2016 3569 2070 commoratus

218 2110 627 2182 constringere
679 2111 753 2166 ad
804 2128 1009 2184 pacem
1052 2112 1404 2180 faciendam,
1452 2112 1688 2167 interim
1734 2113 1854 2185 ipse
1961 2115 2067 2167 est.
2093 2110 2473 2166 Postmodum
2506 2126 2609 2180 per
2627 2108 2839 2163 Tuscia:
2859 2107 3011 2162 viam
3035 2106 3374 2177 Papiensem
3397 2118 3568 2175 repe-

220 2198 421 2254 vellat.
452 2198 672 2254 Deinde
703 2202 1016 2272 antequam
1047 2201 1226 2255 Italiae
1259 2201 1569 2272 planiciem
1602 2204 1851 2273 peteret,

222 2275 484 2342 eundem
516 2286 724 2342 ducem
758 2288 908 2342 dulci
933 2304 1121 2359 praace
1158 2289 1424 2360 rogando
1457 2289 1848 2359 demandavit,

225 2378 289 2429 ut
325 2391 501 2430 suum
532 2379 737 2431 natum
768 2376 955 2431 adhuc
988 2376 1326 2432 Christianze
1371 2378 1507 2432 fidei
1541 2379 1848 2433 confirma-

220 2462 386 2519 tione
408 2467 708 2520 carentem
721 2466 1008 2521 Veronam
1031 2466 1153 2521 sine
1167 2466 1358 2539 aliqua
1379 2466 1846 2543 mitteretmora;

219 2552 379 2623 quod
400 2553 515 2608 dux
537 2570 774 2609 suorum
794 2553 1050 2609 ﬁdelium
1075 2554 1311 2609 consilio
1327 2554 1515 2609 facere
1536 2555 1845 2627 adquievit.

228 2641 419 2696 Puero
469 2641 705 2713 quidem
748 2642 972 2698 Verona
1018 2645 1295 2715 pervento
1343 2642 1595 2699 ofﬁciose
1642 2660 1676 2698 a
1710 2660 1849 2715 rege

225 2732 532 2801 susceptus
568 2733 675 2799 est,
707 2747 882 2803 quem
923 2731 1247 2786 chrismatis
1287 2732 1559 2787 unctione
1601 2731 1849 2805 propriis

227 2818 595 2888 amplexibus
618 2822 974 2874 coarctatum
1005 2819 1141 2874 fecit
1164 2820 1412 2887 munire,
1443 2823 1500 2876 et
1517 2820 1725 2876 amisso
1742 2835 1844 2891 pa-

224 2908 404 2960 terno
429 2906 695 2975 nomine,
729 2908 882 2975 Otto,
901 2907 959 2963 id
990 2911 1075 2963 est
1104 2925 1236 2963 suus
1259 2909 1601 2981 aaquivocus,
1620 2926 1844 2964 nuncu-

222 2997 398 3066 patus
419 2997 524 3051 est.
547 2996 839 3051 Johannes
867 2996 1102 3069 quidem
1128 3000 1590 3068 prememoratus
1621 2997 1843 3068 episco-

214 3098 345 3154 pus,
377 3099 479 3137 seu
500 3083 1004 3139 Roonarvisianaa
1021 3084 1171 3139 sedis
1188 3085 1445 3152 antistes,
1460 3102 1592 3140 cum
1605 3086 1840 3157 quibus-

216 3170 360 3226 libet
371 3171 581 3227 aliisad
599 3188 804 3244 pacem
818 3172 1300 3245 interpellandam
1320 3173 1399 3228 ibi
1418 3178 1838 3229 convenerunt.

215 3257 436 3323 Quibus
495 3276 596 3314 rex
649 3260 799 3315 hanc
850 3261 1154 3333 adquirere
1206 3261 1554 3316 interdiceus
1581 3303 1596 3331 ,
1659 3261 1842 3316 donec

212 3346 421 3402 domui
467 3347 621 3402 Petri
668 3348 827 3403 ducis
873 3348 1110 3420 polliciti
1156 3350 1351 3405 forent
1398 3349 1535 3404 satis
1574 3348 1841 3403 faciendo

211 3436 468 3507 gratiam
497 3452 863 3509 recuperare.
886 3439 1123 3510 Insuper
1149 3439 1476 3493 Jobannem
1505 3437 1843 3509 episcopum

213 3523 374 3580 ducis
394 3529 615 3581 terram
646 3543 821 3599 quam
845 3527 1054 3598 injuste
1073 3527 1424 3599 possidebat,
1444 3526 1688 3581 reddere
1711 3542 1843 3580 cum

210 3613 339 3685 lege
358 3613 569 3686 coegit.
594 3616 709 3670 Hac
722 3618 1065 3687 tempestate
1082 3616 1231 3670 inter
1254 3615 1670 3671 Veronensium
1696 3616 1845 3671 cives

210 3704 269 3757 et
307 3702 763 3759 Teutonicorum
807 3704 1121 3759 exercitum
1177 3708 1441 3760 exortum
1494 3705 1684 3759 fuerat
1715 3705 1839 3775 jur-

205 3789 393 3860 gium,
410 3790 513 3845 sed
532 3790 831 3846 Teutonici
853 3810 886 3848 a
906 3792 1123 3848 civibus
1148 3792 1443 3847 interemti
1470 3809 1573 3864 per
1591 3793 1839 3848 civitatis

205 3878 474 3951 platheas
506 3879 773 3935 nonnulli
802 3881 1172 3955 occubuerut.
1194 3884 1349 3937 Inter
1375 3898 1518 3954 quos
1549 3881 1839 3937 nobilissi-

206 3982 339 4022 mus
370 3985 519 4023 unus
551 3968 756 4023 cecidit
782 3969 1133 4025 adolescens.
1170 3970 1408 4025 Carolus
1443 3970 1705 4038 nomine,
1743 3970 1842 4042 qui

206 4056 534 4112 maximum
554 4057 623 4113 de
646 4074 749 4113 suo
767 4058 973 4114 funere
999 4058 1262 4114 dolorem
1288 4059 1411 4131 regi
1430 4059 1657 4131 suisque
1682 4076 1843 4115 com-

206 4143 475 4216 patriotis
518 4145 856 4217 reliquerat.
902 4145 1067 4210 Quod
1106 4164 1204 4201 rex
1244 4147 1499 4218 graviter
1548 4147 1739 4202 ulcissi
1780 4147 1841 4203 in

205 4230 427 4287 civibus
446 4231 801 4288 decreverat.
820 4234 1032 4289 Tamen
1058 4234 1319 4306 ejusdem
1339 4234 1583 4291 civitatis
1606 4235 1842 4291 Odberti

207 4319 468 4393 episcOpi
498 4319 832 4376 interventu
862 4327 1184 4378 evaserunt.
1220 4323 1351 4379 Otto
1385 4340 1544 4391 vero,
1581 4322 1846 4396 praedicti

206 4409 415 4464 domni
446 4410 603 4464 Petri
635 4410 793 4465 ducis
823 4411 992 4479 filius,
1018 4412 1255 4467 diversis
1276 4412 1617 4468 muneribus
1648 4428 1682 4467 a
1707 4428 1845 4483 rege

203 4497 278 4552 ad
308 4498 623 4554 Veneciam
656 4500 1017 4571 reppedavit.
1050 4501 1207 4555 Tunc
1230 4501 1480 4556 domnus
1501 4501 1611 4555 dux
1642 4516 1845 4571 pacem
1866 4497 1918 4554 D

205 4587 474 4642 dinucius
533 4587 906 4660 imploratam
964 4588 1211 4645 inimicis
1265 4589 1526 4658 indulsit,
1589 4589 1846 4662 quamvis

200 4676 487 4731 Johannis
541 4677 795 4749 episc0pi
826 4677 1095 4733 severitas
1129 4679 1187 4733 in
1222 4679 1433 4734 amisso
1468 4678 1685 4751 praedio
1715 4695 1845 4751 per-

217 4765 485 4821 duraret.
511 4765 587 4820 Εο
611 4782 843 4837 quoque
861 4770 1127 4839 tempore
1151 4768 1306 4840 apud
1331 4768 1656 4823 Rivoaltum
1688 4785 1846 4823 mor-

205 4857 308 4909 tuo
363 4854 586 4910 Marino
643 4853 952 4909 Olivolensi
1010 4858 1302 4928 episcopo,
1347 4856 1434 4928 {ui
1488 4855 1849 4928 episcopatui

200 4942 422 5014 prefuit
441 4941 632 5000 annis.
647 4983 711 5011 ..,
731 4944 998 4999 successit
1015 4945 1123 5000 sibi
1138 4945 1473 5000 Dominicus
1494 4945 1849 5017 cognomine

204 5031 566 5088 Gradonicus
599 5031 733 5087 Otto
761 5033 1011 5106 denique
1053 5051 1152 5089 rex
1187 5035 1460 5089 Brisciam
1496 5038 1849 5107 czeterasque

199 5119 387 5176 Italiae
420 5121 595 5176 urbes
628 5136 972 5192 peragrans,
1003 5123 1180 5195 Papia
1205 5123 1439 5178 advenit
1467 5122 1723 5195 (Aprz'l,).
1750 5123 1849 5178 Hic

200 5208 385 5265 Italici
406 5210 707 5283 principes
730 5209 905 5265 fidem
931 5228 1105 5284 supra
1135 5212 1573 5284 evangeliorum
1599 5211 1850 5266 sacraria

1958 2204 2087 2255 tens
2112 2202 2315 2255 urbem
2352 2201 2517 2270 (Aug.
2558 2201 2631 2272 I),
2667 2199 2936 2254 omnibus
2966 2198 3072 2253 sibi
3106 2193 3566 2268 obtemperanti-

1952 2290 2058 2343 bus
2072 2289 2623 2361 imposuitmdictum
2641 2289 2894 2359 (94),quo
2913 2287 3256 2358 ubicumque
3271 2284 3328 2338 in
3344 2300 3445 2338 suo
3462 2282 3569 2337 im-

1952 2378 2115 2449 perio
2143 2378 2401 2450 perventi
2430 2376 2684 2431 Venetici
2716 2376 2930 2443 forent,
2954 2374 3115 2430 inlesi
3142 2380 3201 2429 et
3224 2374 3348 2429 sine
3372 2373 3565 2443 aliquo

1952 2465 2222 2537 imposito
2276 2465 2612 2537 gravamine
2664 2465 2873 2536 degere
2924 2464 3270 2518 debuissent.
3321 2462 3389 2515 Et
3430 2463 3568 2514 tunc

1952 2571 2053 2626 per
2105 2555 2494 2611 Cummanum
2548 2555 2737 2609 lacum
2792 2552 2903 2608 iter
2951 2551 3191 2623 arripuit
3243 2551 3568 2605 ultramon-

1951 2645 2177 2698 tanum.

2024 2777 2187 2833 Circa
2229 2780 2351 2834 hinc
2389 2795 2643 2851 namque
2688 2782 2960 2849 tempora
3009 2777 3351 2832 Croatorum
3387 2772 3566 2845 judex

1951 2870 2191 2939 propter
2230 2867 2605 2923 interdictum
2638 2867 2746 2922 sibi
2785 2882 3020 2922 censum
3053 2865 3258 2920 aduce
3289 2864 3349 2919 in
3384 2864 3564 2918 Vene-

1950 2954 2092 3010 ticos
2114 2956 2345 3011 lesionis
2361 2957 2688 3011 molestiam
2710 2972 2974 3011 exercere
2999 2957 3240 3010 conatus
3266 2955 3369 3007 est.
3400 2951 3563 3007 Unde

1948 3043 2155 3098 domus
2203 3045 2313 3099 dux
2365 3062 2459 3100 sex
2508 3062 2680 3101 naves
2723 3045 3077 3117 praeparatos
3122 3042 3255 3096 illuc
3304 3041 3563 3111 mittens,

1948 3131 2154 3202 quibus
2169 3133 2517 3188 Badovarius
2535 3136 2923 3204 cognomento
2948 3131 3306 3201 Bragadinus
3329 3130 3561 3201 prefuit.

1871 3213 1917 3272 C
1948 3219 2053 3283 Qui
2087 3237 2261 3275 unam
2295 3221 2525 3276 illorum
2550 3221 2841 3276 civitatem
2864 3237 2991 3292 quae
3018 3221 3127 3274 Issa
3162 3221 3272 3287 (95)
3296 3217 3567 3273 nomina-

1948 3307 2118 3361 batur
2144 3310 2672 3379 comprehendens,
2704 3309 3003 3380 utriusque
3032 3325 3195 3362 sexus
3213 3307 3466 3379 captivos
3490 3305 3565 3360 ad

1946 3395 2257 3450 Veneciam
2290 3396 2631 3467 deportavit.
2675 3398 2741 3450 Et
2775 3414 2841 3451 ex
2885 3397 2994 3450 hoc
3042 3396 3280 3466 majoris
3318 3394 3434 3449 odii
3465 3410 3563 3449 cu-

1948 3483 2171 3536 mulum
2198 3482 2350 3537 inter
2379 3483 2679 3538 Veneticos
2701 3487 2759 3537 et
2789 3484 3017 3538 Sclavos
3043 3483 3340 3555 pululavit.
3367 3483 3565 3553 Cmpe-

1946 3573 2195 3642 runtque
2218 3574 2428 3625 iterum
2453 3587 2689 3625 censum
2713 3571 3025 3641 inportune
3043 3571 3199 3624 ducis
3222 3569 3410 3624 exiere
3430 3568 3564 3639 (96);

1946 3658 2154 3730 quibus
2172 3658 2281 3712 dux
2301 3675 2405 3729 pro
2424 3658 2657 3713 illorum
2678 3657 3001 3730 ignominia
3015 3657 3375 3712 demandans
3397 3674 3410 3712 :
3432 3655 3566 3711 Non

1934 3763 2035 3817 per
2062 3748 2341 3818 quemlibet
2368 3749 2692 3802 nunciorum
2728 3748 2873 3802 [tunc
2903 3748 3109 3800 mittere
3130 3762 3254 3800 curo
3286 3773 3303 3812 ,-
3330 3744 3422 3801 sed
3448 3747 3567 3801 vita

1946 3840 2153 3902 comite,
2187 3836 2258 3890 ad
2298 3838 2441 3892 hunc
2460 3836 2871 3908 persolvendam
2914 3836 3186 3889 dationem
3227 3836 3409 3890 venire
3455 3835 3570 3904 ipse

1944 3931 2015 3966 ίίο
2055 3941 2162 3978 non
2211 3925 2502 3995 denegabo.
2549 3927 2627 3979 Eo
2689 3942 2943 3997 namque
3000 3928 3265 3996 tempore
3316 3923 3569 3977 Joannes

1942 4013 2169 4069 Grecus.
2190 4015 2538 4070 Placentinm
2552 4010 3568 4085 ecclesiae‘przesulﬁonstantinopoli

1943 4119 2074 4157 cum
2089 4103 2401 4159 Grecorum
2420 4103 2790 4175 imperatoris
2808 4105 3001 4174 legato
3026 4118 3305 4164 reversus,
3323 4099 3571 4155 Romani

1944 4191 2140 4246 adivit.
2202 4192 2308 4256 Qui
2368 4193 2510 4247 dum
2563 4192 2946 4266 apostolicam
2991 4191 3214 4259 sedem,
3253 4190 3479 4262 abjecto
3534 4206 3572 4246 a

1941 4278 2223 4334 Johannis
2274 4281 2565 4336 Crescenti
2627 4281 2963 4336 temeritate
3020 4283 3278 4351 pastore,
3325 4294 3570 4333 vacuam

1942 4369 2287 4440 repperiret,
2336 4370 2610 4425 invadere
2659 4376 2865 4426 contra
2917 4369 3219 4440 imperiale
3269 4368 3570 4425 decretum

1942 4456 2187 4535 minime
2214 4458 2569 4512 formidavit.
2603 4459 2912 4531 Gregorius
2941 4474 3097 4524 vero,
3134 4456 3288 4510 illius
3315 4456 3569 4511 ecclesias

1943 4560 2202 4615 sponsus,
2229 4562 2332 4617 per
2352 4546 2528 4600 Italiae
2545 4547 2713 4600 urbes
2730 4564 2959 4601 merens
2974 4543 3339 4618 imperatoris
3360 4559 3566 4615 expec-

1946 4632 2126 4687 tando
2159 4633 2473 4688 adventum
2494 4635 2847 4689 versabatur.
2884 4637 2992 4689 Per
3012 4635 3135 4689 haec
3155 4633 3395 4706 quidem
3423 4635 3570 4688 tem-

1947 4734 2092 4790 pora
2121 4720 2444 4776 antedictus
2476 4721 2589 4777 dux
2634 4722 2960 4777 Jobannem
2999 4737 3166 4774 suum
3196 4721 3381 4775 filium
3413 4719 3565 4775 Con-

1949 4807 2391 4879 stantinopolim
2422 4810 2748 4877 destinavit,
2774 4825 2947 4881 quem
2980 4808 3300 4877 imperator
3331 4825 3450 4863 non
3480 4825 3568 4863 so-

1948 4896 2071 4951 lum
2106 4896 2341 4953 diversis
2361 4899 2687 4954 muneravit
2719 4897 2906 4965 donis,
2934 4911 3135 4951 verum
3170 4895 3347 4950 etiam
3377 4913 3565 4967 aegre-

1952 4984 2058 5057 giis
2082 4985 2399 5042 honoribus
2428 4986 2780 5043 sublimavit.

2034 5119 2165 5192 (An.
2195 5123 2344 5189 998.)
2362 5122 2685 5193 Imperator
2707 5115 2991 5188 siquidem
3017 5114 3128 5170 hoc
3149 5113 3565 5186 nequissimum

1949 5214 2129 5269 scelus
2159 5229 2193 5268 a
2219 5210 2480 5267 Iohanne
2509 5207 2686 5262 Greco
2710 5206 2999 5276 patratum
3023 5218 3154 5257 cum
3181 5202 3425 5272 audiret,
3454 5205 3563 5261 Ita-

1541 5336 1771 5392 VABLE
1810 5337 2101 5397 LECTION
2108 5341 2211 5399 ES.

281 5432 353 5469 m
380 5440 462 5481 ιιι,
495 5425 926 5498 suprascriptum
959 5430 1011 5484 1.

1102 5435 1171 5471 uo
1202 5427 1323 5500 ipse
1353 5427 1781 5500 suprascriptum
1815 5430 1865 5481 1.

1770 5515 2000 5574 NOTIE.

275 5605 395 5672 (92)
428 5603 495 5658 Id
521 5604 612 5657 est
639 5600 895 5659 Eridani.

269 5671 380 5748 (93)
414 5676 484 5730 D.
525 5672 751 5748 I._lt_taii
778 5675 962 5748 Petro
983 5671 1112 5730 duci
1146 5680 1426 5748 portuum
1456 5676 1634 5735 trium
1673 5676 1843 5737 insti-

197 5742 572 5804 tuendorum
591 5742 923 5804 libertatem
949 5742 1287 5820 impertivit.

2037 5607 2125 5672 94)
2151 5605 2279 5661 Non
2311 5606 2514 5659 exstat.

2036 5682 2101 5734 95
2157 5675 2341 5733 Hodie
2361 5676 2536 5743 Lissa,

2036 5677 2124 5826 96}
2154 5750 2216 5807 Id
2250 5751 2335 5808 est
2361 5750 2536 5825 ezz’ger

2035 5750 2119 5825 96)
2154 5750 2216 5807 Id
2250 5751 2335 5808 est
2361 5750 2593 5825 exigere.

2013 5606 2033 5827 ξ
