3902 6210
190 416 285 487 929

1434 421 1841 483 CHRONICON
1872 422 2213 483 VENETUM.

3384 423 3489 487 930

188 550 337 619 bant,
355 544 511 606 istius
529 542 802 622 principis
823 561 1039 605 nomen
1061 550 1190 621 post
1218 547 1639 621 imperatorum
1658 549 1778 605 lau-
1798 548 1977 613 Asibi
2015 549 2141 605 illos
2175 546 2361 616 reddi,
2414 544 2787 621 imploravit:
2835 562 2944 604 noc
2984 547 3249 605 videlicet
3292 554 3484 623 pacto,

190 640 266 697 dis
282 638 578 712 praeconiis
593 638 999 711 gloriﬁcarent.
1022 639 1363 694 Croatorum
1377 637 1567 712 itaque
1590 656 1688 694 rex
1702 638 1775 693 ad
1874 655 1987 710 quo
2016 637 2351 709 priusquam
2382 638 2500 709 ipse
2523 639 2637 693 dux
2670 638 2740 693 de
2773 638 2880 693 illis
2902 637 3088 693 exiret
3112 639 3341 707 ﬁnibus,
3368 643 3486 697 tam

190 746 291 785 sure
316 728 498 801 gentis
541 728 1051 800 depopulationem
1083 728 1290 783 ducem
1321 728 1616 782 advenisse
1644 744 1776 798 prc-

1875 726 1967 780 ille
1999 727 2490 781 Narrentanorum
2518 728 2788 799 princeps
2811 744 2988 799 quam
3020 744 3223 783 omnes
3252 728 3337 783 sui
3369 747 3490 786 ma-

190 833 430 880 noscens.
451 816 796 872 nunciorum
810 816 1000 871 studio
1021 817 1514 887 eundemplacare
1529 816 1777 887 paciﬁcis
1868 814 2027 884 jores
2054 814 2161 870 sibi
2193 815 2266 869 ad
2300 816 2770 871 satisfaciendum
2816 832 2923 886 pro
2955 816 3075 870 suis
3104 816 3245 872 votis
3279 833 3491 875 conve-

189 906 327 963 nisus
356 908 439 961 est
463 904 686 973 verbis;
718 905 875 977 quod
896 906 1146 961 domnus
1177 906 1290 961 dux
1321 904 1561 960 omnino
1586 904 1777 977 parvi-

188 996 447 1069 pendens,
499 994 738 1050 eosdem
798 994 1040 1050 nuncios
1088 995 1277 1051 redire
1337 994 1583 1063 dimisit;
1616 999 1674 1049 et
1701 994 1781 1049 sic

189 1086 413 1139 tractare
442 1099 576 1138 cum
602 1082 895 1155 utriusque
929 1083 1120 1155 gentis
1136 1083 1386 1139 exercitu
1416 1084 1654 1139 adorsus
1674 1086 1777 1151 est,

192 1189 288 1245 quo
316 1171 690 1227 inimicorum
730 1172 918 1227 aditus
965 1173 1204 1240 intrare,
1251 1174 1338 1228 vel
1379 1174 1582 1245 quibus
1613 1190 1781 1243 argu-

190 1261 383 1316 mentis
409 1260 646 1316 illorum
672 1260 1064 1316 munitissima
1092 1263 1218 1316 loca
1256 1261 1547 1317 indemnis
1577 1277 1781 1331 capere

190 1354 379 1421 posset.
402 1351 556 1404 Tunc
587 1350 975 1421 quorumdam
1002 1350 1286 1405 relatione
1309 1350 1508 1406 didicit
1529 1351 1781 1422 quadra-

192 1438 333 1510 ginta
350 1439 814 1494 Narentanorum
844 1439 1125 1494 nobilium
1156 1441 1226 1495 de
1260 1439 1489 1511 Apuleis
1504 1439 1779 1511 partibus,

191 1527 411 1596 peractis
427 1526 708 1598 negociis,
733 1528 806 1583 ad
827 1528 1125 1601 propriam
1156 1530 1300 1583 velle
1322 1527 1545 1582 reverti.
1572 1530 1781 1582 Decem

189 1632 338 1670 naves
358 1616 697 1672 hominibus
726 1625 795 1659 ηδ
822 1620 1075 1672 oneratae
1108 1618 1441 1672 adinsulam
1461 1635 1586 1689 qua:
1616 1634 1780 1672 voca-

192 1706 276 1758 tur
294 1704 584 1777 Caza(lO2)
612 1706 719 1760 sub
754 1706 913 1760 omni
935 1706 1302 1761 festinatione
1324 1706 1646 1760 destinavit.
1677 1707 1785 1783 Qui

190 1791 311 1846 dum
335 1793 501 1861 irent,
521 1793 677 1848 facili
698 1795 1015 1849 certamine
1034 1795 1269 1850 eosdem
1292 1796 1642 1866 comprehen
1652 1796 1763 1849 den

1879 902 2090 971 nirent,
2129 906 2185 957 et
2234 920 2339 958 nec
2395 920 2633 959 censum
2686 905 3012 976 predictum
3064 905 3252 978 aliquo
3311 907 3486 964 modo

1883 991 2094 1059 exiere,
2135 1008 2241 1047 nec
2263 994 2598 1064 quempiam
2626 994 2938 1048 iterantem
2959 994 3291 1050 Veneticum
3315 998 3492 1053 mole-

1883 1083 2033 1135 stare
2072 1082 2326 1136 dcberet.
2359 1083 2518 1137 Tunc
2551 1083 2661 1137 dux
2700 1083 2957 1155 captivos
2986 1084 3228 1139 reddere
3253 1085 3486 1155 jubens,

1882 1186 1977 1223 sex
2000 1172 2223 1223 tantum
2254 1171 2593 1238 illorum,ne
2622 1171 2747 1242 ipse
2781 1189 2985 1244 pacem
3007 1173 3491 1241 violasset,retcn-

1886 1261 1971 1312 tos
2016 1276 2208 1314 secum
2252 1261 2579 1314 reservavit.
2619 1260 2711 1314 Eis
2743 1260 3013 1327 deﬁnitis,
3048 1261 3119 1315 ad
3163 1261 3303 1316 alios
3343 1263 3491 1317 illius

1881 1346 2136 1417 regionis
2166 1349 2287 1417 subj
2302 1349 2560 1417 ugandos
2593 1364 2854 1419 gressum
2886 1349 3119 1403 tendere
3151 1349 3493 1422 cepit.Apud

1885 1434 2068 1489 sancti
2087 1435 2315 1490 Maximi
2346 1438 2652 1491 ecclesiam
2674 1437 2955 1508 ospicium
2987 1438 3201 1492 habere
3223 1438 3361 1493 dum
3387 1458 3488 1495 vo-

1884 1524 2096 1590 luisset,
2130 1524 2362 1579 Curzule
2404 1526 2552 1597 (l07)
2588 1527 2770 1580 insule
2803 1526 3160 1582 habitatores
3203 1528 3288 1582 sui
3324 1545 3489 1584 recu-

1884 1616 2074 1667 santes
2104 1629 2305 1684 parere
2331 1615 2702 1684 jussionibus,
2740 1615 2928 1668 valida
2968 1631 3144 1670 manu
3187 1616 3490 1688 adquisivit

1886 1703 2379 1773 suequerpotestati
2392 1704 3010 1774 subjugavit.Preterea
3026 1706 3163 1760 dum
3181 1706 3362 1761 isdem
3378 1708 3490 1763 dux

1888 1789 2159 1860 quicquid
2177 1790 2335 1845 cordi
2353 1791 2574 1857 aderat,
2591 1793 2707 1845 Deo
2734 1792 2956 1847 fautore
2983 1794 3055 1847 ad
3071 1797 3267 1849 votum
3290 1812 3489 1852 conse-

194 1884 284 1937 tes.
312 1883 692 1939 Traorensem
721 1886 863 1955 (103)
893 1885 966 1939 ad
997 1885 1205 1939 urbem
1250 1886 1568 1938 accelerare
1599 1886 1789 1939 volue-
1815 1871 1865 1933 Β
1890 1882 2181 1950 queretur,
2202 1880 2497 1950 improbos
2517 1881 2854 1935 Ladaestina;
2878 1882 3077 1937 insula:
3097 1883 3249 1954 (108)
3270 1886 3491 1942 habita-

192 1974 327 2025 runt.
364 1974 621 2029 Domnus
646 1990 903 2046 namque
929 1974 1040 2028 dux
1072 1973 1366 2045 utriusque
1394 1976 1451 2027 et
1476 1973 1791 2027 Dalmacia-

188 2076 383 2115 norum
412 2078 477 2117 ac
518 2062 979 2135 Venetiquorum
1030 2063 1305 2117 militibus
1346 2063 1788 2133 circumseptus,

1890 1969 2046 2021 tores
2074 1968 2311 2039 aggredi
2334 1972 2572 2023 conatus
2598 1972 2742 2035 est,a
2767 1986 3014 2040 quorum
3034 1972 3194 2025 rabie
3210 1974 3488 2040 Venetici,

1891 2056 1990 2110 illa
2020 2057 2458 2128 pernaviganles
2496 2058 2640 2123 loca,
2674 2058 2923 2128 propriis
2968 2059 3330 2115 facultatibus
3372 2062 3489 2133 pri-

188 2152 767 2223 Sextodiepredictam
791 2153 992 2207 urbem
1012 2152 1789 2224 relinquens,adquamdam
1892 2144 2036 2211 vati,
2086 2144 2227 2199 nudi
2287 2145 2584 2217 sepissime
2641 2149 2963 2204 evaserant.
3020 2148 3152 2201 Erat
3201 2148 3488 2219 siquidem

193 2257 294 2296 non
316 2242 482 2313 longe
506 2259 540 2297 a
564 2241 955 2314 Belgradense
986 2242 1124 2296 urbe
1154 2242 1301 2313 (104)
1338 2240 1588 2295 insulam
1615 2241 1785 2295 adve-

193 2330 278 2385 nit.
297 2332 371 2385 De
384 2348 495 2402 qua
504 2332 692 2385 talem
703 2329 1057 2401 legationem
1072 2330 1283 2385 civibus
1298 2329 1530 2384 mittere
1550 2330 1780 2400 placuit,

191 2421 243 2473 ut
267 2418 308 2473 si
328 2420 716 2491 spontaneum
736 2418 1089 2473 famulicium
1116 2420 1438 2490 persolvere
1461 2421 1517 2473 ct
1541 2419 1782 2473 ﬁdelita-

193 2510 291 2562 tem
326 2509 425 2563 sibi
467 2509 676 2580 jurare
704 2508 934 2573 vellent,
969 2507 1215 2578 gratiam
1256 2508 1491 2578 adipisci
1522 2509 1779 2562 valerent

191 2595 266 2649 sin
287 2599 490 2665 autem,
524 2614 584 2651 se
618 2596 939 2652 certamine
965 2599 1231 2669 capturos
1264 2597 1460 2668 procul
1483 2596 1655 2651 dubio
1677 2595 1778 2651 sci-

190 2688 320 2739 rent.
348 2686 460 2741 Hoc
478 2702 616 2741 vero
651 2685 973 2748 audientes,
1020 2684 1243 2740 domini
1286 2684 1392 2751 sui,
1445 2684 1775 2739 Sclavorum

192 2773 379 2829 scilicet
405 2775 581 2847 regis,
611 2774 936 2847 periculum
964 2773 1257 2828 incurrere
1286 2773 1699 2842 formidabant,
1721 2778 1778 2829 et

195 2864 331 2919 tanto
351 2864 595 2937 principi
626 2863 897 2919 resistere
914 2880 1032 2918 non
1049 2864 1336 2920 valebant.
1353 2864 1515 2918 Unde
1532 2868 1777 2936 utroque

194 2950 492 3009 discrimine
512 2952 714 3027 positi,
756 2953 893 3025 quid
922 2968 1093 3024 agere
1128 2952 1376 3022 poenitus
1406 2952 1773 3023 ignorabant.

192 3039 410 3097 Tandem
426 3042 804 3097 timoratione
822 3041 1023 3096 domui
1043 3041 1199 3095 ducis
1219 3040 1396 3107 atriti,
1418 3041 1779 3096 adstantibus

195 3129 420 3199 ejusdem
433 3131 586 3204 regis
606 3130 907 3197 militibus,
923 3134 981 3184 et
994 3132 1354 3184 sacramenta
1367 3133 1423 3183 et
1434 3129 1775 3200 obsequium
1798 3160 1846 3220 α

194 3223 578 3288 persolverunt.
615 3222 891 3293 Egressus
917 3235 1051 3275 vero
1082 3219 1238 3285 inde,
1267 3219 1595 3290 Levigradaa
1628 3219 1779 3273 insu-

195 3306 403 3380 la'.(l85)
436 3312 674 3366 colones
719 3309 953 3381 egregio
999 3308 1128 3363 duci
1170 3311 1537 3362 occurrentes
1589 3323 1777 3362 sacra-

195 3402 365 3453 menta
387 3402 663 3473 prompte
680 3398 959 3453 fecerunt.
989 3398 1247 3469 Cumque
1270 3397 1647 3451 Traorensem
1683 3412 1780 3450 ur-

197 3482 308 3540 bem
339 3492 578 3558 peteret,
612 3487 691 3542 ab
722 3486 987 3559 episcopo
1035 3485 1363 3557 civibusque
1404 3485 1779 3539 sacramentis

193 3575 569 3632 corroboratus
586 3579 707 3642 est;
729 3575 870 3629 inibi
884 3590 1035 3641 suos,
1061 3590 1203 3646 quos
1220 3575 1391 3627 antea
1414 3591 1481 3627 cx
1499 3573 1779 3627 Jaterensi

194 3660 388 3719 civitate
408 3666 631 3721 misisse
664 3663 928 3731 diximus,
959 3664 1197 3718 victores
1226 3662 1501 3733 repperit.
1532 3660 1779 3715 ISclavo-

193 3763 303 3803 rum
333 3753 501 3808 etiam
527 3753 686 3825 regis
710 3753 891 3807 frater
918 3752 1165 3822 Surigna
1190 3750 1430 3805 nomine
1451 3747 1778 3822 aderat,qui

192 3839 413 3895 condam
435 3842 695 3898 fraterno
710 3842 840 3896 dolo
857 3840 1148 3911 deceptus,
1180 3839 1343 3909 regni
1367 3839 1642 3893 amiserat
1654 3840 1779 3894 dia-

193 3922 359 3981 dema.
390 3931 509 4000 Ipse
535 3944 793 4000 namque
826 3944 941 3983 non
959 3928 1129 3983 modo
1163 3927 1511 3981 sacramenti
1547 3927 1774 3982 vinculo

192 4027 241 4066 se
266 4015 442 4073 eidem
471 4019 603 4073 duci
634 4017 951 4084 associavit,
1000 4033 1202 4071 verum
1243 4016 1419 4069 etiam
1474 4015 1774 4071 Stefanum

193 4106 489 4173 puerulum,
512 4106 879 4161 karissimam
906 4106 1163 4160 sobolem
1193 4121 1378 4170 suam,
1401 4105 1505 4158 sibi
1532 4120 1638 4175 pro
1670 4105 1776 4158 ob-

192 4184 294 4243 side
321 4193 764 4249 commendavit.
816 4193 955 4247 Hinc
985 4192 1341 4264 Spaletinam
1364 4193 1376 4252 l
1386 4193 1504 4263 106)
1538 4191 1773 4246 nobilis-

190 4273 377 4337 simam
401 4286 457 4337 et
500 4283 757 4339 validam
806 4284 1031 4348 urbem,
1079 4298 1207 4355 quae
1255 4282 1438 4337 tocius
1466 4280 1773 4337 Dalmaciae

192 4371 502 4441 metropolis
554 4373 799 4438 constat,
850 4371 1136 4442 predictus
1188 4370 1458 4442 princeps
1510 4369 1770 4437 advenit;

1890 2233 2093 2288 eadem
2107 2233 2293 2288 insula
2304 2234 2613 2305 scopulosis
2626 2235 3071 2306 promunctoriis
3083 2236 3485 2311 circumsepta.

1887 2322 2040 2376 Licet
2060 2322 2282 2377 aditum
2308 2322 2655 2378 intrantibus
2685 2340 2802 2379 non
2835 2324 3168 2396 denegaret,
3196 2327 3484 2383 montium

1884 2413 2080 2465 tamen
2106 2410 2458 2466 sublimitate
2479 2412 2904 2480 ostentabatur;
2928 2430 2960 2468 e
2980 2414 3182 2484 quibus
3199 2432 3344 2470 unus
3365 2433 3489 2472 mu.

1881 2515 2079 2554 rorum
2134 2500 2400 2554 menibus
2454 2500 2814 2571 turriumque
2862 2501 3141 2556 hediﬁciis
3193 2503 3487 2573 munibus,

1879 2588 2340 2661 inexpugnabilis
2371 2590 2442 2644 ab
2474 2588 2745 2644 omnibus
2773 2589 3140 2645 credebatur.
3178 2590 3319 2647 Dein
3350 2609 3486 2649 vero

1878 2678 2169 2750 predictus
2221 2677 2486 2749 princeps
2534 2677 2906 2733 multitudine
2949 2679 3182 2733 navium
3228 2680 3489 2748 collecta,

1878 2767 2174 2839 quendam
2206 2767 2356 2822 illius
2382 2767 2582 2823 insula:
2603 2771 2835 2838 portum
2854 2768 3488 2838 penetravit,mandans

1876 2857 2110 2923 civibus,
2144 2860 2207 2911 ut
2258 2856 2456 2911 relicta
2499 2857 2820 2928 pertinacia
2859 2857 2932 2912 ad
2977 2874 3036 2912 se
3083 2858 3346 2914 venirent
3388 2863 3488 2916 aut

1877 2962 2075 3018 pugna
2096 2962 2215 3001 sese
2242 2946 2525 3016 petituros
2556 2945 2909 3010 scirent.Qui
2932 2946 3142 3001 timore
3169 2946 3483 3015 constricti,

1877 3036 2115 3106 pacifica
2144 3036 2318 3090 verba
2339 3037 2728 3107 protulerunt.
2760 3036 3137 3091 Postmodum
3160 3036 3267 3091 illis
3296 3037 3485 3109 injun-

1878 3128 2035 3179 ctum
2080 3124 2188 3178 fuit
2231 3124 2390 3177 nulla
2428 3124 2657 3178 ratione
2700 3139 2905 3196 pacem
2949 3142 2979 3178 a
3026 3125 3168 3179 duce
3212 3126 3485 3198 consequi

1878 3229 2074 3283 posse,
2108 3211 2217 3266 nisi
2248 3211 2538 3267 civitatem
2570 3212 2677 3283 ipsi
2708 3213 3090 3279 destruerent,
3131 3215 3483 3270 destructam

1877 3317 2011 3355 vero
2030 3300 2473 3371 irreparabilcm
2494 3301 3048 3373 inhabitabilemque
3066 3303 3479 3374 relinquerent.

1880 3388 2045 3452 Quod
2077 3387 2238 3441 omni
2264 3387 2389 3441 nisu
2420 3387 2611 3442 facere
2638 3388 3067 3455 interdicentes,
3097 3390 3243 3445 tanti
3273 3391 3485 3446 exerci-

1880 3476 1962 3530 tui
1986 3493 2107 3531 sese
2139 3474 2413 3530 obsistere
2444 3474 2634 3529 adorsi
2666 3476 2988 3529 sunt.Tunc
3008 3477 3187 3531 isdem
3216 3478 3485 3551 princeps

1880 3583 2009 3621 suos
2040 3566 2113 3619 ad
2162 3567 2455 3618 certamen
2496 3579 2807 3633 preparare
2850 3564 3089 3635 illosque
3138 3566 3483 3636 impugnare

1880 3654 2090 3708 acriter
2113 3652 2300 3723 jussit.
2332 3652 2545 3706 Verum
2579 3650 2714 3722 quia
2745 3651 2957 3705 arduus
2988 3653 3144 3705 locus
3183 3652 3479 3709 difﬁcilem

1880 3739 3332 3814 dabatappropinquantibusingressim,jz101110rum
3354 3741 3480 3797 icti-

1878 3832 1983 3886 bus
2011 3833 2204 3886 hostes
2249 3829 2582 3901 aliquandiu
2614 3829 2815 3901 procul
2836 3827 3045 3883 virtute
3072 3845 3186 3900 qua
3214 3834 3484 3900 poterant

1877 3937 2142 3976 coarcere
2211 3919 2569 3989 satagebant.
2613 3918 2831 3971 Tamen
2900 3916 2999 3971 Dei
3066 3917 3482 3988 omnipotentis

1877 4008 2310 4081 dispensacioue
2359 4008 2547 4078 major
2600 4022 2734 4077 pars
2782 4005 3060 4060 exercitus
3102 4023 3170 4060 ex
3213 4006 3309 4061 illo
3354 4008 3479 4063 loco

1877 4098 2028 4152 unde
2071 4096 2220 4151 illius
2275 4094 2626 4151 municionis
2679 4094 2824 4149 ostia
2878 4095 3156 4165 patebant
3196 4093 3482 4167 impetum

1873 4186 2170 4253 facientes,
2197 4185 2420 4256 reliqua
2462 4182 2675 4238 montis
2706 4199 2809 4253 per
2849 4183 3014 4237 devia
3051 4183 3483 4249 consendendo,

1872 4277 2059 4328 turres
2085 4273 2179 4327 ubi
2212 4289 2494 4344 aquarum
2514 4272 2741 4326 vascula
2766 4272 3078 4325 tuebantur
3100 4272 3483 4341 comprehen-

1874 4362 2102 4417 derunt.
2141 4362 2205 4414 In
2246 4361 2452 4432 quibus
2496 4360 2893 4429 consistentes,
2926 4360 2985 4413 in
3036 4362 3263 4414 tantum
3303 4361 3483 4415 lucta-

193 4467 343 4523 quem
372 4461 830 4533 archiepiscopus
872 4476 1030 4514 sacro
1079 4459 1353 4514 infulatus
1398 4457 1589 4512 ofﬁcio
1640 4473 1772 4511 cum
1798 4459 1847 4517 D
1873 4450 2031 4505 mine
2064 4448 2551 4518 comprimebant,
2586 4450 2770 4502 donec
2802 4456 2872 4490 H7
2901 4447 3105 4518 dejecti
3138 4447 3358 4512 animo,
3391 4464 3482 4501 ar-

193 4543 388 4601 urbana
415 4552 530 4603 tam
552 4548 891 4604 clericorum
912 4564 1088 4620 quam
1104 4548 1382 4602 laicorum
1404 4545 1773 4600 multitudine

192 4635 410 4707 excepit,
425 4640 480 4691 et
492 4638 799 4693 missarum
812 4637 1153 4707 sollempnia
1168 4635 1547 4702 incelebrans,
1563 4650 1630 4687 ex
1642 4637 1773 4688 voto

186 4716 484 4791 jusjurandi
512 4726 628 4781 ﬁde
657 4722 848 4781 eidem
905 4742 1108 4781 omnes
1156 4726 1384 4797 placare
1416 4725 1771 4793 satagerunt.

194 4804 659 4868 Narrentanorum
692 4814 926 4886 quidem
949 4814 1214 4886 princeps
1237 4812 1622 4885 quadraginta
1643 4828 1772 4865 suo-

193 4907 305 4949 rum
331 4897 385 4952 in
420 4900 805 4971 captivitatem
838 4901 1196 4974 mancipatos
1226 4904 1492 4973 expertus
1516 4902 1619 4954 est.
1667 4899 1773 4963 Qui

194 4978 293 5037 suis
320 4982 684 5046 internunciis
712 4988 995 5045 domuum
1041 4990 1248 5045 ducem
1280 4990 1555 5045 continua
1583 5004 1770 5060 prece,

1874 4539 1982 4594 mis
2012 4538 2304 4610 depositis,
2323 4538 2497 4592 nichil
2529 4538 2778 4609 amplius
2807 4555 2984 4609 quam
3011 4535 3213 4592 mortis
3243 4551 3483 4591 exosum

1872 4628 2190 4700 periculum
2222 4626 2465 4680 evadere
2494 4624 2654 4679 ﬂexis
2676 4627 2995 4687 exorabant
3014 4626 3344 4698 poplitibus.
3360 4626 3483 4679 Dux

1873 4718 2067 4789 itaque
2104 4714 2333 4787 pietatis
2363 4716 2591 4768 amator
2618 4730 2820 4767 omnes
2858 4713 3011 4768 vivos
3043 4729 3380 4768 conservare
3413 4720 3481 4756 ίιο

1874 4806 2202 4872 instituens,
2229 4804 2527 4859 civitatem
2576 4804 2801 4857 tantum
2841 4802 3135 4857 devastare
3185 4801 3479 4874 praecepit.

1875 4898 1998 4961 Quo
2028 4898 2283 4966 peracto,
2314 4893 2496 4948 victor
2517 4891 2785 4963 princeps
2810 4889 2995 4943 sancti
3026 4891 3253 4945 Maximi
3283 4891 3480 4944 aaccle-

1872 4986 2018 5048 siam
2070 4983 2447 5058 reciprocavit
2496 4978 2666 5053 (109).
2718 4978 2835 5033 Illic
2883 4979 3245 5050 Ragusiensis
3295 4978 3480 5034 archi-

1486 5108 1714 5165 VARUE
1746 5106 2143 5167 LECTIONES.

260 5207 392 5265 mh.
425 5228 476 5267 ο.
498 5217 854 5288 ειῳναδονῷια
894 5216 942 5267 1.
1057 5218 1124 5253 ¹ι⁷
1155 5211 1340 5267 donec
1370 5214 1389 5266 1

1510 5217 1579 5252 116
1598 5223 1937 5264 conservare
1965 5206 2386 5277 suprascriptum
2420 5206 2469 5256 ι.

1724 5305 1952 5363 ΝΟΤίΕ.

288 5410 399 5469 l02)
428 5412 613 5469 Cazza.

424 5412 682 5553 aliisab
700 5481 995 5540 occidente
1018 5484 1075 5538 et
1096 5477 1488 5554 septentrione
1506 5473 1774 5548 Spalatri.

265 5549 401 5631 (10:3)
428 5549 583 5631 glim'
603 5554 952 5631 Belogrado,
967 5557 1091 5631 jam
1119 5549 1267 5606 lara
1289 5549 1547 5631 Vacchia.
1598 5620 1608 5631 _

267 5620 401 5696 (105)
432 5627 624 5682 Utrum
670 5620 987 5697 No'vigrad'
1005 5625 1138 5697 urbs
1162 5623 1447 5697 :munita,”
1472 5638 1545 5676 an
1579 5620 1779 5697 insula

209 5691 409 5768 Grossa,
458 5699 613 5771 cujus
655 5698 714 5755 in
763 5691 958 5753 littore
1008 5694 1287 5770 oppidum
1331 5692 1599 5767 Neligrad
1641 5708 1780 5748 con-

1878 5403 2023 5457 sistit
2040 5403 2069 5457 ‘I

1947 5473 2073 5544 (106
2138 5468 2424 5541 Spalatro.

1947 5472 2098 5613 (107;
2138 5540 2394 5613 Curzola.

1947 5540 2096 5614 (107)
2138 5540 2394 5614 Gurzola.

1952 5612 2091 5689 (108)
2133 5612 2362 5689 Lesina.

1952 5618 2071 5689 (108
2133 5618 2362 5671 Lesiua,

1949 5618 2091 5762 (109)
2130 5686 2192 5741 1d
2218 5687 2304 5742 est
2329 5681 2575 5757 repetiit.
