3902 6210
395 435 493 512 '93!

1599 431 1930 495 JOHANNIS
1953 431 2237 494 DIACONI
2257 430 2508 492 VENE’I‘I

3617 408 3731 484 est

397 562 698 644 episcopus
755 579 886 622 cum
925 561 1040 620 suis
1094 555 1460 627 conveniens,
1505 555 1692 614 eidem
1749 555 1994 629 principi
2019 565 2071 623 Α
2093 557 2208 613 rari
2235 557 2418 628 jussit.
2448 555 2511 610 In
2543 569 2657 627 quo
2689 567 2810 608 sese
2841 565 2946 624 per
2974 547 3227 608 triduum
3268 541 3590 607 curationis
3617 563 3730 620 po-

397 660 762 718 sacramenta
786 670 989 710 omnes
1012 650 1306 714 facientes,
1333 647 1606 718 obsequia
1629 648 1810 700 multa
1831 645 1995 699 detu-

395 750 608 805 lerunt.
633 745 771 799 Inde
802 741 1088 815 predictas
1108 737 1362 792 civitates
1387 735 1998 807 repetendo,remeans

399 839 474 894 ad
489 833 798 892 Veneciam
829 846 959 886 cum
991 827 1090 884 tali
1114 825 1412 898 triumpho
1443 823 1680 878 tandem
1706 837 2000 893 regressus

397 931 503 984 est.

472 1018 608 1090 (An.
642 1011 827 1083 1000.)
857 1012 1082 1065 Interea
1115 1007 1248 1064 Otto
1275 1005 1596 1076 imperator
1623 1001 1696 1058 ad
1738 1000 2001 1090 Italicum

396 1088 644 1181 regnum
667 1101 838 1158 tertio
855 1101 1118 1170 repetere
1139 1097 1581 1166 disponens,per
1598 1090 1741 1146 vasti
1761 1088 2003 1146 Cumani

396 1179 552 1253 lacus
582 1191 835 1266 gurgites
864 1188 1084 1242 aditum
1111 1185 1324 1240 habere
1337 1179 2001 1251 voluit(Jun.ex.);quem

395 1279 915 1355 Langobardorum
949 1274 1256 1328 multitudo
1285 1273 1544 1327 Cumana
1563 1269 1622 1323 in
1649 1269 1789 1322 urbe
1821 1283 2000 1322 excas-

399 1374 632 1446 perunt,
673 1369 825 1423 inter
869 1381 1009 1438 quos
1045 1364 1336 1418 Iohannes
1367 1360 1663 1420 diaconus,
1694 1355 2001 1428 supradicti

401 1444 555 1517 Petri
585 1456 742 1513 ducis
767 1453 1032 1519 nuncius,
1064 1450 1196 1504 licet
1226 1450 1296 1504 de
1319 1448 1403 1502 sui
1438 1445 1680 1501 senioris
1709 1444 2002 1513 triumpho

393 1551 632 1621 ignarus
663 1542 913 1608 advenit,
943 1555 1225 1610 suumque
1273 1537 1563 1590 seniorem
1609 1535 1835 1587 tantum
1869 1547 2004 1602 pro-

395 1619 612 1694 fectum
645 1633 718 1688 ad
749 1629 1155 1686 debellandam
1185 1627 1520 1681 Sclavorum
1541 1619 2009 1690 duriciamimpe-

395 1724 580 1782 ratori
605 1719 916 1776 nunciavit.
947 1717 1204 1787 Cumque
1238 1715 1419 1768 isdem
1447 1713 1698 1766 Joannes
1728 1724 1845 1762 una
1873 1723 2005 1761 cum

398 1813 751 1886 imperatore
786 1807 1149 1862 Ticinensem
1199 1801 1386 1858 adiret
1435 1800 1638 1854 urbem
1685 1797 1820 1869 (Jul.
1853 1799 2002 1862 ina),

2096 637 2220 701 tum
2265 643 2550 700 custodire
2595 642 2928 698 simulabat.
2991 641 3166 696 Nocte
3196 639 3394 712 itaque
3442 641 3730 712 perventa

2097 751 2334 809 parvam
2365 733 2685 788 naviculam
2709 730 3046 797 ascendens,
3061 745 3176 802 qua
3193 727 3488 801 predictus
3505 727 3727 782 Johan-

2100 842 2202 880 nes
2217 824 2492 878 diaconus
2505 821 2578 876 ad
2593 819 2767 893 ipsius
2782 819 2984 874 insulse
2997 817 3329 890 marginem
3345 815 3726 888 prestolando

2101 913 2384 968 latitabat.
2399 909 2682 965 Hecilinus
2703 923 2840 964 vero
2857 923 3072 974 comes,
3097 906 3196 978 qui
3215 908 3414 978 postea
3428 905 3480 973 (1
3499 903 3592 976 10)
3620 904 3730 958 Ba-

2095 999 2454 1072 jovariorum
2470 998 2580 1053 dux
2598 996 2832 1052 etfectus
2845 999 2950 1062 est,
2967 997 3025 1050 et
3041 993 3416 1049 Raimbaldus
3433 991 3726 1047 Tarvisia-

2103 1107 2210 1144 nus
2236 1105 2452 1156 comes,
2494 1088 2828 1158 Teupernus
2857 1082 3302 1140 belicosissimus
3341 1081 3451 1144 vir,
3486 1079 3728 1136 Bainar-

2105 1179 2230 1241 dus,
2259 1178 2460 1243 Tamo,
2493 1173 2820 1240 camerarii,
2840 1173 3122 1228 Walterus
3143 1157 3342 1226 unicus
3362 1169 3725 1242 capellanus,

2103 1265 2405 1322 Federicus
2426 1264 2543 1336 [qui
2566 1267 2658 1328 ιεο]
2677 1261 3050 1334 postmodum
3074 1259 3217 1331 (111)
3239 1260 3532 1314 Ravennae
3549 1257 3737 1314 archi-

2104 1355 2402 1425 episcopus
2426 1351 2629 1420 extitit,
2657 1351 2828 1406 simul
2858 1350 2918 1404 in
2949 1347 3270 1421 predictam
3297 1347 3495 1402 navim
3528 1363 3729 1402 ascen-

2105 1444 2334 1498 derunt.
2365 1441 2469 1506 Qui
2509 1445 2631 1495 tota
2655 1442 2821 1494 nocte
2853 1441 2910 1493 et
2940 1436 3032 1492 die
3063 1435 3256 1491 nautis
3275 1435 3540 1508 inquieta
3571 1435 3728 1490 navi-

2105 1531 2374 1603 gantibus
2394 1530 2520 1601 jam
2551 1527 2844 1601 sequentis
2870 1525 3053 1582 noctis
3079 1526 3139 1582 in
3171 1527 3518 1597 tempestate
3549 1524 3729 1584 sancti

2107 1619 2324 1674 Servuli
2348 1618 2685 1684 secclesiam,
2715 1633 2843 1689 quae
2888 1632 3006 1670 non
3037 1615 3211 1686 longe
3242 1630 3278 1669 a
3307 1613 3467 1668 ducis
3505 1612 3728 1685 palacio

2107 1709 2248 1763 scita
2276 1707 2626 1774 decernitur,
2669 1705 3104 1777 applicuerunt;
3138 1702 3237 1757 ubi
3283 1703 3488 1758 Petrus
3514 1718 3728 1775 prepo-

2106 1801 2234 1852 tens
2259 1796 2370 1850 dux
2399 1794 2542 1850 tanti
2561 1793 2818 1849 hominis
2847 1793 3069 1849 occulte
3095 1790 3411 1846 adventum
3443 1791 3727 1860 prestola-

401 1847 481 1870 un
528 1847 751 1868 σιαιυιυ
797 1847 1149 1862 κωκυ-.-.μη
1199 1847 1386 1858 νη----
1436 1847 1638 1854 mn---
1686 1847 1818 1869 ι-
2265 1847 2370 1850 __--
2858 1847 2871 1849 -
2932 1847 2937 1848 ,
3445 1847 3463 1860 ,

399 1847 694 1960 ῃοὲηιιΗὶε
719 1893 1109 1952 referentibus
1125 1891 1208 1946 sui
1225 1889 1448 1946 domini
1471 1887 1721 1942 adventu
1738 1883 2006 1940 ettrium-
2035 1847 2084 1906 B
2110 1886 2298 1940 batur.
2351 1885 2418 1938 Et
2461 1883 2598 1955 quia
2635 1885 2798 1937 tetras
2856 1879 3040 1936 noctis
3087 1878 3436 1935 obscuritate
3481 1878 3728 1932 minime

397 1992 516 2063 pho
548 1986 734 2042 extitit
777 1985 1062 2055 expertus.
1093 1979 1192 2034 Cui
1240 1979 1562 2050 imperator
1593 1975 1665 2030 ad
1709 1971 2005 2046 propriam
2107 1973 2356 2044 conspici
2388 1971 2635 2026 vicissim
2679 1985 2801 2026 sese
2842 1969 3129 2035 valebant,
3157 1967 3314 2022 inter
3343 1967 3645 2038 amplexus
3672 1971 3725 2022 et

388 2055 516 2152 j-am
540 2073 769 2130 reddire
807 2069 1042 2136 volenti,
1075 2069 1182 2122 hoc
1217 2069 1502 2121 secretum
1553 2063 1866 2134 injungens
1905 2076 2005 2115 suo
2110 2061 2242 2117 novi
2271 2060 2470 2135 ospitis
2495 2059 2818 2116 dulcissima
2853 2056 3104 2124 obscula,
3157 2056 3271 2111 dux
3314 2055 3513 2110 taliter
3564 2055 3726 2111 illum

397 2144 610 2224 seniori
648 2159 952 2232 delegavit,
983 2161 1044 2212 ut
1087 2156 1131 2211 si
1178 2153 1447 2228 possibile
1488 2153 1658 2218 foret,
1687 2148 2009 2205 dilectionis
2109 2153 2386 2206 allocutus
2411 2151 2522 2205 est;
2568 2148 2638 2204 Si
2683 2149 2760 2202 vis
2811 2147 2988 2201 sancti
3014 2144 3308 2200 Zachariae
3336 2147 3726 2200 monasterium

398 2253 586 2328 gratia
631 2250 691 2306 in
735 2249 929 2320 aliquo
977 2261 1094 2300 suae
1146 2242 1446 2316 potestatis
1485 2242 1610 2295 loco
1651 2241 1800 2294 clam
1842 2237 2011 2291 vellet
2101 2239 2392 2312 previdere.
2422 2239 2687 2294 instanter
2705 2242 2905 2306 oportet
2952 2241 3000 2290 te
3047 2233 3170 2288 illuc
3191 2250 3286 2301 ire,
3319 2250 3424 2306 quo
3445 2232 3582 2288 lucis
3610 2240 3730 2288 ante

394 2327 612 2408 venire,
631 2343 689 2394 et
710 2336 854 2392 tanti
881 2333 988 2388 viri
1023 2336 1082 2388 et
1111 2329 1426 2403 compatris
1456 2327 1746 2400 presentia
1764 2329 1822 2380 et
1851 2341 2013 2396 saga-

397 2431 572 2486 citate
616 2425 813 2500 potiri.
843 2427 963 2480 Dux
1005 2435 1256 2492 namque
1300 2431 1656 2490 quamquam
1697 2413 1858 2469 avide
1897 2413 2014 2467 tale

389 2517 616 2574 audiret
639 2513 929 2573 nuntium,
965 2514 1168 2564 tamen
1211 2520 1534 2577 numquam
1563 2505 1670 2557 hoc
1700 2502 1824 2556 ﬁeri
1851 2516 2015 2572 posse

389 2604 685 2668 credebat,
726 2616 837 2672 quo
879 2601 1180 2653 tantorum
1209 2608 1527 2665 regnorum
1570 2589 1854 2663 princeps,
1903 2589 2019 2643 suis

391 2689 816 2766 ignorantibus,
842 2684 1111 2756 expedite
1141 2683 1332 2738 aliena
1356 2681 1491 2752 jura
1519 2680 1732 2734 valeret
1777 2678 2014 2732 intrare.

386 2765 600 2836 Verum
626 2792 758 2832 cum
785 2789 1022 2830 suorum
1055 2771 1290 2826 nemine
1325 2769 1540 2825 eodem
1581 2765 2016 2822 communicare

389 2882 660 2927 sermone
693 2860 1118 2930 volens,tacitus
1150 2857 1258 2914 sibi
1289 2858 1350 2913 in
1386 2856 1561 2911 corde
1588 2855 2015 2912 servabat.Pre-

393 2957 578 3014 dictus
614 2969 747 3008 vero
801 2966 1000 3017 caesar,
1024 2947 1325 3003 Ticineuse
1371 2944 1570 3000 relicta
1620 2944 1762 2999 urbe
1800 2942 2013 3015 (Nov.),

393 3062 498 3119 per
517 3041 713 3098 Tuscie
739 3041 896 3110 alpes
928 3037 1258 3092 Romanum
1288 3034 1538 3090 obtabile
1566 3032 1740 3104 peciit
1768 3030 2004 3088 solium.

397 3131 617 3190 Deinde
667 3129 726 3184 in
768 3125 1124 3183 abstinencia
1164 3140 1274 3196 que
1324 3123 1611 3196 pascalem
1663 3121 2010 3176 antecedens
2037 3157 2086 3218 Ο

401 3218 855 3284 solemnitatem,
884 3215 1218 3270 Ravennam
1259 3211 1609 3267 descendere
1642 3209 1870 3265 "curavit
1893 3215 2004 3275 (an.

404 3308 587 3380 1001).
617 3307 718 3362 Cui
749 3307 946 3360 Petrus
978 3302 1088 3357 dux
1137 3301 1412 3356 eumdem
1454 3300 1778 3354 Iohannem
1812 3297 2008 3352 diaco-

403 3415 546 3455 num
568 3393 888 3461 destinavit;
907 3409 940 3447 a
958 3408 1070 3464 quo
1084 3389 1335 3461 benigne
1357 3387 2008 3460 susceptus,importuue

403 3485 464 3542 id
485 3487 670 3558 ipsum
697 3481 851 3556 quod
871 3483 1041 3536 antea
1061 3479 1282 3534 dixerat
1305 3477 1666 3549 reciprocare
1683 3474 1996 3546 satagebat.

403 3577 566 3632 Unde
598 3574 812 3629 factum
845 3574 930 3626 est
957 3579 1041 3632 ut,
1065 3568 1218 3624 inter
1250 3569 1520 3638 utrasque
1551 3569 1745 3636 partes
1771 3564 2008 3634 saepedi-

403 3669 495 3720 cto
517 3664 778 3720 Johanne
805 3659 1047 3715 diacono
1062 3657 1264 3710 crebro
1284 3653 1679 3720 discurrendo,
1693 3653 1806 3706 tale
1823 3651 2006 3712 venti-

402 3753 618 3808 laretur
639 3748 1218 3822 negocium.Demum
1238 3743 1555 3814 imperator
1573 3740 1798 3794 salubre
1813 3757 1844 3794 a
1867 3739 2008 3794 duce

404 3844 637 3912 accepto
659 3837 1148 3902 consili0,sacrum
1166 3831 1322 3886 diem
1340 3830 1626 3900 pascalem
1645 3827 2008 3882 devotissime

405 3929 722 3994 celebrans,
757 3923 1026 3980 omnibus
1083 3918 1402 3989 majoribus
1448 3917 1562 3972 suis
1618 3915 1908 3983 indicavit,
1949 3933 2008 3971 se

406 4013 769 4090 purgationis
792 4010 1061 4084 poculum
1083 4005 1237 4078 apud
1257 4008 1467 4060 sancta:
1500 4005 1688 4060 Maria:
1715 4007 2007 4059 monaste-

407 4107 560 4162 rium
589 4103 649 4157 in
681 4099 935 4172 quadam
964 4095 1305 4164 insulaque:
1337 4093 1622 4165 Ponposia
1653 4093 2007 4160 nominatur,

407 4192 666 4264 accipere
681 4193 739 4244 et
755 4184 1060 4258 aliquantis
1085 4183 1226 4238 inibi
1249 4181 1448 4239 diebus
1471 4183 1820 4240 commorari
1842 4185 2006 4240 velle.

407 4283 597 4339 Manet
613 4275 896 4348 siquidem
911 4273 1115 4328 eadem
1133 4271 1317 4328 insula
1335 4289 1452 4327 non
1474 4273 1668 4344 procul
1691 4290 1725 4327 a
1746 4272 2007 4338 Venecia,

407 4388 476 4426 ex
506 4383 622 4424 una
651 4366 812 4438 parte
843 4361 1072 4417 marino
1103 4361 1317 4429 littore,
1349 4379 1415 4416 ex
1445 4361 1570 4416 aliis
1593 4361 1863 4434 Eripdani
1889 4361 2006 4416 cin-

408 4419 846 4533 gitur‘tluentis.
881 4450 976 4505 His
1006 4449 1189 4517 dictis,
1219 4419 1431 4506 statuta
1457 4454 1541 4505 est
1567 4458 1656 4519 ην,
1686 4419 1742 4505 in
1772 4466 1887 4521 qua
1915 4449 2010 4506 ille
2043 4419 2061 4478 ί

409 4551 469 4606 et
495 4544 678 4604 sancti
704 4541 872 4599 Marci
905 4541 1200 4596 oraculum
1233 4543 1292 4594 et
1320 4539 1417 4594 diu
1447 4539 1836 4596 desideratum
1857 4555 2012 4594 com-

405 4640 636 4712 patrem
680 4631 882 4687 adiret.
909 4630 1086 4698 Tunc,
1125 4645 1256 4684 cum
1301 4628 1611 4700 aliquantis
1655 4627 1860 4699 quibus
1903 4628 2013 4684 hoc

406 4721 772 4782 familiariter
811 4718 1182 4775 commissum
1228 4717 1498 4784 habebat,
1533 4716 1753 4772 intrans
1799 4715 2012 4780 navim,

405 4813 732 4890 predictum
771 4807 944 4882 peciit
980 4805 1418 4862 monasterium.
1446 4803 1551 4859 Ubi
1598 4803 1838 4858 minime
1875 4819 2016 4874 per-

405 4907 666 4970 noctans,
700 4899 906 4956 abbate
934 4911 1064 4951 cum
1091 4893 1390 4950 monachis
1415 4892 2016 4963 astantibus,ejusdem

416 4988 758 5050 monasterii
788 4985 1082 5060 quoddam
1110 4982 1447 5054 ospiciolum
1473 4980 1798 5054 previdens,
1820 4995 2019 5053 prepa-

2111 2327 2474 2400 crepusculum
2503 2328 2564 2382 in
2599 2325 2812 2397 palacii
2848 2325 2952 2378 mei
3001 2325 3188 2378 maniis
3224 2338 3380 2394 queas
3422 2321 3732 2392 dignissime

2113 2418 2352 2488 ospz'tari.
2399 2414 2618 2470 Deinde
2657 2411 2850 2468 navim
2904 2413 3147 2482 uterque
3189 2408 3534 2476 ascendens,
3591 2409 3732 2464 alter

2117 2505 2416 2578 proprium
2443 2503 2750 2577 palacium,
2773 2502 2919 2556 alter
2943 2499 3179 2572 quidem
3210 2497 3538 2572 predictum
3571 2497 3732 2571 petiit

2117 2593 2558 2651 monasterium.
2576 2595 2885 2663 Postquam
2899 2589 3048 2646 illius
3063 2586 3482 2644 monasterium
3508 2588 3730 2659 ingres-

2118 2701 2210 2739 sus
2240 2682 2346 2755 ipsi
2377 2681 2692 2753 patefactus
2726 2679 2897 2746 foret,
2955 2675 3256 2732 ecclesiam
3283 2676 3546 2745 intravit,
3580 2675 3731 2731 haud

2117 2776 2314 2827 tamen
2341 2771 2455 2826 illic
2482 2769 2698 2824 diucius
2727 2769 3122 2823 commoratus
3156 2773 3258 2832 in;
3299 2764 3402 2819 sed
3427 2767 3492 2818 ut
3533 2764 3731 2820 condi-

2119 2864 2274 2916 ctum
2305 2861 2514 2925 fuerat,
2547 2857 2618 2912 ad
2646 2856 2934 2928 palacium
2961 2853 3214 2920 advenit,
3229 2858 3288 2909 et
3316 2852 3481 2909 omni
3513 2853 3731 2926 dequo-

2115 2949 2286 3005 ritate
2316 2947 2463 3003 illius
2495 2946 2860 3018 perlustrata,
2893 2943 2953 2998 in
2983 2941 3251 2999 orientali
3293 2945 3455 2998 turre
3491 2957 3556 2996 se
3601 2958 3730 2997 cum

2114 3037 2335 3094 duobus
2364 3035 2450 3090 sui
2475 3033 2692 3090 retrudi
2719 3037 2778 3088 et
2806 3031 3022 3087 servari
3054 3031 3250 3087 voluit.
3283 3031 3420 3085 Erat
3452 3045 3599 3086 sane
3617 3031 3731 3097 vili,

2111 3143 2186 3181 ne
2242 3127 2674 3195 agnosceretur,
2727 3119 2929 3176 habitu
2979 3119 3233 3176 indutus.
3287 3117 3556 3174 Prefatus
3601 3135 3733 3174 vero

2109 3213 2410 3269 Hecelinus
2445 3227 2576 3266 cum
2604 3209 2812 3264 ceteris
2841 3208 3046 3264 ducem
3083 3208 3154 3264 de
3180 3205 3513 3263 matutinali
3543 3206 3732 3262 ofﬁcio

2108 3303 2376 3357 veniente
2404 3303 2538 3354 ante
2570 3307 2639 3341 ιη
2696 3297 2880 3353 sancti
2917 3295 3087 3352 Marci
3129 3295 3338 3350 limina
3361 3300 3730 3368 exceperunt.

2109 3391 2208 3447 Cui
2229 3389 2502 3446 salutaria
2530 3388 2726 3454 verba,
2742 3403 2818 3442 ne
2839 3385 3275 3442 circumstantes
3297 3385 3411 3440 hoc
3443 3387 3732 3440 secretum

2108 3479 2413 3545 sentirent,
2441 3493 2506 3531 ex
2534 3475 2822 3546 imperiali
2859 3478 3022 3546 parte
3070 3474 3460 3546 pertulerunt.
3519 3473 3734 3538 Quibus

2109 3570 2240 3636 dux,
2295 3565 2589 3639 quomodo
2641 3565 2960 3635 imperator
3008 3561 3229 3633 vigeret
3279 3561 3368 3615 vel
3414 3561 3516 3616 ubi
3566 3565 3732 3626 esset,

2108 3655 2374 3729 inquiens
2393 3653 2705 3724 requisivit.
2733 3653 2804 3706 At
2831 3651 2908 3704 illi
2931 3650 3084 3722 apud
3102 3647 3426 3722 Pamposiaa
3443 3653 3734 3704 monaste-

2108 3746 2260 3802 rium
2291 3743 2564 3798 eumdem
2584 3740 2859 3813 sospitem
2879 3739 3164 3794 dimisisse
3184 3739 3642 3812 responderunt.
3671 3739 3736 3794 Et

2109 3835 2254 3890 datis
2285 3831 2546 3899 obsculis,
2575 3829 2856 3902 hospitari
2879 3829 3179 3899 illosjuxta
3197 3827 3731 3900 palaciumjubens,

2107 3925 2227 3995 ipse
2252 3937 2386 3976 vero
2419 3921 2840 3990 imperatorem
2858 3917 3050 3974 adivit.
3071 3917 3266 3990 Neque
3284 3917 3372 3972 fas
3396 3916 3532 3972 duci
3549 3917 3732 3973 fuerat

2109 4027 2240 4066 cum
2273 4009 2624 4082 imperatore
2653 4023 2756 4078 per
2788 4009 2978 4061 totum
3011 4005 3168 4061 diem
3195 4005 3255 4060 in
3283 4004 3552 4078 predicta
3580 4009 3732 4060 turre

2110 4114 2372 4166 manere,
2405 4113 2478 4151 ne
2509 4097 2637 4168 quis
2667 4093 3071 4150 Veneticorum
3103 4093 3508 4166 hujuscemodi
3539 4094 3628 4149 rei
3641 4109 3728 4149 ca-

2104 4183 2358 4259 'pacitate
2383 4185 2574 4256 posset
2596 4183 2830 4238 sentire.
2847 4183 2932 4237 Ad
2951 4181 3180 4253 prandii
3192 4181 3580 4238 refectionem
3604 4197 3724 4237 cum

2111 4274 2237 4333 aliis
2263 4275 2456 4346 palam
2487 4271 2886 4339 conveniebat,
2921 4287 3048 4327 sero
3079 4287 3197 4325 una
3235 4286 3370 4326 cum
3409 4287 3641 4326 cessare
3669 4277 3730 4314 I“

2111 4365 2353 4436 dapibus
2404 4359 2820 4432 colloquiisque
2877 4359 3276 4424 reﬁciebatur;
3337 4357 3413 4414 ad
3463 4359 3726 4432 perfectae

2113 4468 2364 4524 namque
2395 4450 2528 4506 fidei
2559 4450 2851 4504 vinculum
2891 4447 3364 4504 conﬁrmandum
3413 4446 3536 4502 ﬁlia
3583 4446 3729 4502 ducis

2113 4541 2300 4598 adhuc
2353 4537 2702 4594 caticumina
2753 4536 2826 4592 de
2875 4551 3036 4592 sacro
3091 4534 3460 4606 baptismatis
3510 4537 3724 4591 lavacro

2114 4645 2273 4684 cesar
2301 4626 2569 4699 suscepit.
2603 4625 2851 4681 Pallium
2899 4623 3160 4696 quidem,
3219 4624 3376 4695 quod
3432 4640 3539 4696 pro
3591 4619 3728 4695 pacti

2115 4717 2311 4773 federe
2341 4715 2489 4788 (H2)
2523 4732 2558 4770 a
2585 4713 2870 4770 Veneticis
2898 4729 3073 4784 supra
3101 4711 3532 4786 quinquaginta
3570 4712 3728 4766 libras

2116 4805 2569 4880 persolvebatur,
2600 4802 2790 4858 eidem
2820 4818 2923 4857 suo
2955 4799 3242 4872 compatri
3299 4799 3431 4855 duci
3459 4801 3726 4872 perpetua

2116 4893 2428 4965 scriptione
2475 4892 2750 4948 donabat.
2801 4891 2869 4944 Et
2921 4888 3120 4944 omnia
3161 4886 3628 4959 quomoda(ll3)
3655 4884 3725 4941 illi

2119 4981 2368 5038 ﬁrmiter
2396 4981 2607 5036 dehinc
2622 4977 2910 5050 impertiri
2932 4993 3038 5049 pro
3053 4975 3194 5032 votis
3208 4975 3610 5046 promittebat.
3626 4971 3724 5028 Sed

1728 5101 1964 5158 VARle
2012 5101 2304 5158 LECTION
2311 5099 2416 5160 ES.

483 5242 552 5279 uo
581 5233 778 5290 scilicet
803 5231 942 5290 dies.
1055 5235 1127 5272 12°
1155 5241 1267 5282 von
1300 5224 1479 5282 deest.

1593 5231 1662 5268 ω
1691 5240 1820 5280 com
1849 5225 2274 5296 suprascriptum
2305 5229 2354 5280 1.

2467 5230 2537 5267 m
2562 5222 2688 5278 aut.
2726 5225 2776 5277 1.
2891 5227 2961 5263 1³³
2991 5221 3031 5276 i.
3064 5233 3112 5276 θ.
3151 5231 3386 5274 caesare.

1991 5343 2216 5400 NOTAE.

511 5470 611 5525 110
668 5473 733 5526 Α.
769 5469 928 5526 1004.
955 5467 1270 5524 Thietmar.
1304 5467 1342 5521 l.
1374 5481 1450 5532 vr,
1477 5479 1527 5519 c.
1559 5466 1611 5519 3.

483 5472 635 5606 imi
673 5541 854 5597 Annis
884 5540 1210 5594 1001-1003.

515 5540 635 5597 illi
673 5541 854 5597 Annis
884 5540 1038 5594 1001-
1055 5541 1210 5593 1003.

493 5604 644 5682 (112')
688 5612 867 5682 Quale
899 5609 1033 5666 inde
1061 5626 1095 5662 a
1120 5607 1307 5663 Caroli
1331 5608 1696 5682 lll.tempore
1715 5621 1820 5678 per
1841 5604 2025 5679 impe-

422 5681 650 5736 ratores
685 5681 898 5752 passim
938 5681 1282 5735 renovatum
1308 5681 1462 5746 erat;
1494 5693 1798 5733 recensum
1825 5694 2027 5734 eorum

2121 5462 2248 5519 vide
2279 5463 2338 5519 in
2359 5460 2676 5518 Annalibus
2705 5459 2916 5518 nostris
2941 5461 2986 5516 t.
3014 5459 3108 5523 lll,
3153 5474 3213 5530 p.
3258 5460 3384 5526 578,
3439 5461 3565 5526 579,
3611 5456 3720 5519 598,

2125 5551 2280 5673 milia
2293 5605 2348 5678 3)
2387 5583 2730 5660 Commoda.
