3902 6210
174 431 265 504 933
1411 434 1809 499 CHRONICON
1837 432 2178 500 VENEVUM.
3350 443 3454 510 934

171 562 327 621 nichil
361 552 470 619 dux
502 549 553 619 ei
592 550 813 636 exigere
852 551 1069 630 volens,
1102 555 1210 617 nisi
1254 562 1322 617 ut
1369 560 1736 618 ecclesiarum
1760 566 1815 628 Α
1843 562 2004 634 regia
2035 565 2213 629 ortus,
2241 575 2560 634 regnorum
2594 557 2701 616 rite
2757 559 3000 633 suscepit
3046 558 3315 621 diadema
3339 565 3447 638 (an.

165 670 375 710 suarum
406 670 503 708 seu
530 654 791 708 omnium
816 653 1221 708 Veneticorum
1268 652 1471 724 predia
1512 652 1737 723 integre
1846 655 2001 717 1002,
2033 652 2163 707 Jun.
2196 653 2271 721 6),
2308 667 2641 723 quanquam
2669 650 2976 719 Ardoinus,
3005 654 3232 707 comitis
3262 655 3449 711 Dado‘

168 742 417 809 solidatis,
460 740 519 795 in
570 745 717 796 statu
775 741 887 796 suis
943 742 1299 812 temporibus
1353 745 1736 796 conservaret.
1840 739 1928 792 nis
1955 740 2120 805 filius,
2155 740 2303 809 apud
2337 740 2588 793 dicinum
2643 739 2988 811 quibusdam
3042 741 3451 813 Langobardo-

166 832 337 886 Altero
365 832 558 885 autem
590 830 680 885 die
701 831 962 901 cumjam
980 830 1260 883 redeundi
1280 829 1501 883 licitum
1525 830 1738 884 habere
1839 845 1968 882 rum
1997 828 2102 882 sibi
2127 827 2447 883 faventibus
2480 828 2642 897 regni
2674 845 2954 885 coronam
2980 835 3306 903 usurparet.
3346 833 3451 887 Ta-

167 918 385 984 volebat,
431 916 782 972 diversarum
829 933 1110 989 generum
1154 916 1399 972 fortunis
1445 917 1554 971 dux
1604 934 1737 972 eum
1841 932 1976 969 men
2009 916 2238 970 illorum
2270 916 2457 987 major
2486 932 2619 987 pars
2656 916 2880 971 Henrici
2910 919 3063 989 regis
3117 921 3453 991 expectabat

166 1021 446 1061 munerare
465 1004 669 1073 voluit;
696 1004 791 1077 qui
810 1005 985 1059 nichil
1008 1006 1216 1060 horum
1237 1006 1533 1060 continere
1547 1008 1737 1079 cupie-
1840 1004 2175 1059 adventum.

165 1094 266 1162 bat,
306 1093 535 1148 dicens:
590 1092 732 1147 Illud
773 1094 911 1149 mihi
963 1096 1158 1149 crimen
1203 1094 1446 1149 inducere
1487 1096 1627 1163 nolo,
1674 1114 1740 1152 ne
1908 1093 2075 1147 Anno
2106 1093 2337 1164 quidem
2372 1093 2786 1148 incarnationis
2831 1094 3231 1168 Redemptoris
3272 1103 3457 1158 nostri

164 1185 265 1256 quis
284 1181 588 1254 cupiditatis
617 1188 665 1237 et
693 1199 800 1236 non
827 1185 1004 1237 sancti
1022 1181 1205 1237 Marci
1224 1190 1411 1256 tneque
1431 1183 1740 1241 dilectionis
1839 1181 2148 1235 millesimo
2166 1185 2390 1253 quarto,
2418 1183 2655 1237 ducatus
2668 1200 2798 1238 vero
2819 1184 3019 1239 domui
3052 1187 3201 1241 Petri
3226 1190 3453 1248 Veneti-

161 1288 299 1327 causa
344 1286 423 1326 me
470 1270 575 1326 huc
621 1273 821 1325 venisse
873 1278 1092 1326 asserat.
1121 1272 1334 1327 Tamen
1391 1272 1739 1345 importunis
1839 1286 2036 1324 corum
2066 1288 2130 1325 ac
2172 1272 2624 1325 Dalmaticorum
2671 1272 2828 1325 ducis
2862 1272 3086 1329 decimo
3135 1276 3451 1348 Johannes,

165 1361 423 1415 coartatus
442 1359 730 1430 precibus,
764 1360 1085 1416 eburneum
1117 1360 1293 1415 sedile
1324 1377 1454 1414 cum
1486 1378 1586 1415 suo
1606 1363 1735 1416 sub-
1839 1360 2096 1429 ejusdem
2130 1360 2286 1414 ducis
2317 1361 2551 1431 egregia
2578 1362 2786 1432 proles,
2809 1363 3093 1432 genitoris
3119 1364 3348 1422 effectus
3367 1373 3452 1424 est

163 1447 318 1514 sellio,
347 1464 449 1502 nec
479 1463 598 1502 non
625 1452 965 1519 argenteum
994 1448 1222 1520 siphum
1255 1451 1312 1503 et
1344 1466 1578 1504 urceum
1603 1466 1735 1505 raro
1838 1464 2072 1502 consors
2105 1448 2405 1519 dignitate.
2437 1450 2619 1513 Quem
2687 1451 2823 1505 dum
2880 1453 3059 1507 tercia
3108 1456 3228 1508 etas
3258 1459 3453 1512 octavo

165 1539 433 1607 peractum
464 1552 640 1609 opere
673 1537 849 1603 dono,
883 1537 1018 1591 ficet
1042 1537 1267 1606 invitus,
1294 1538 1529 1610 recepit.
1562 1539 1735 1594 Dato-
1839 1536 2064 1590 decimo
2097 1552 2249 1589 anno
2281 1538 2570 1606 ephebum
2598 1538 2839 1605 foveret,
2874 1540 3149 1596 nimirum
3211 1548 3453 1616 paterno

164 1640 256 1695 que
278 1625 520 1691 obsculo,
551 1624 983 1679 lacrimantibus
1006 1626 1279 1697 utrisque,
1306 1627 1553 1698 separati
1580 1632 1729 1682 sunt.
1837 1624 2071 1695 ingenio
2106 1629 2162 1677 et
2190 1624 2476 1695 probitate
2509 1626 2768 1697 vigebat;
2804 1628 2901 1700 qui
2936 1629 3010 1699 pii
3035 1632 3291 1700 parentis
3308 1634 3451 1688 adeo

162 1712 414 1768 Hecilinus
438 1713 727 1785 siquidem
757 1717 817 1769 et
843 1715 1017 1768 ceteri
1059 1715 1328 1769 antedicti
1361 1732 1478 1769 non
1510 1716 1605 1770 illo
1637 1718 1736 1771 sed
1838 1713 2240 1783 obtemperare
2270 1713 2495 1766 studeat
2524 1722 2591 1755 ιη
2623 1715 2763 1785 (115)
2808 1717 3082 1785 moribus,
3137 1721 3196 1773 ut
3227 1721 3329 1774 sub
3358 1737 3455 1792 ge-

160 1803 316 1855 altero
354 1802 440 1856 die
476 1801 773 1857 licentiam
808 1806 1211 1874 perceperunt.
1246 1806 1566 1875 imperator
1606 1823 1735 1860 cum
1840 1800 1992 1854 mino
2026 1800 2311 1871 regimine
2338 1800 2527 1855 omnis
2556 1804 2742 1873 patria
2775 1821 2888 1859 uno
2921 1812 3187 1862 maneret
3216 1808 3449 1864 fmdere.

162 1888 356 1944 duobus
383 1892 608 1945 tantum
634 1894 694 1945 et
718 1892 982 1947 Iohanne
1011 1892 1252 1947 diacono
1272 1894 1463 1946 navim
1490 1893 1734 1961 intrans,
1760 1883 1808 1941 B
1838 1889 2050 1943 Eodem
2071 1906 2203 1943 vero
2219 1906 2371 1943 anno
2386 1890 2837 1945 Sarracenorum
2856 1895 3162 1949 multitudo
3189 1897 3460 1967 Apulien-

162 1977 448 2048 predictum
481 1980 705 2034 occulte
732 1978 791 2034 in
817 1984 987 2035 nocte
1017 1997 1311 2052 regressus
1338 1980 1510 2035 estad
1532 1998 1733 2037 mona-
1837 1977 1985 2033 sium
2019 1978 2160 2031 fines
2192 1978 2487 2043 invadens,
2511 1978 2823 2033 Varensem
2856 1981 3168 2049 civitatem,
3198 1985 3292 2039 ubi
3318 1986 3450 2041 Gre-

160 2066 389 2121 sterium.
411 2069 572 2123 Mane
602 2085 739 2123 vero
764 2085 824 2123 se
851 2070 1297 2141 prestolantibus
1326 2070 1518 2124 videre
1548 2069 1734 2141 inopi-
1838 2067 2034 2138 gorius
2064 2066 2378 2138 imperialis
2403 2070 2717 2137 catapanus
2748 2073 2998 2138 preerat,
3029 2088 3092 2124 ex
3119 2073 3452 2144 omniparte

161 2158 274 2209 nate
296 2156 522 2223 exibuit,
557 2160 617 2212 et
649 2158 981 2213 Ravennam
1016 2174 1146 2211 cum
1176 2158 1439 2230 prelibati
1463 2158 1737 2213 Johannis
1838 2155 2134 2211 obsidione
2165 2154 2578 2209 circumdabat.
2600 2155 2763 2219 Quod
2779 2158 3018 2212 audiens
3037 2161 3233 2214 Petrus
3249 2176 3453 2232 prepo-

161 2242 356 2298 diaconi
384 2261 525 2299 nave
554 2262 899 2318 properans,
916 2247 985 2300 de
1018 2247 1256 2301 Venetia
1280 2264 1339 2301 se
1368 2247 1576 2302 reverti
1609 2264 1733 2302 om-
1839 2246 1964 2298 tens
1996 2244 2128 2310 dux,
2160 2259 2471 2315 preparare
2489 2244 2803 2298 maximam
2820 2246 3248 2317 expeditionem
3263 2249 3451 2319 jussit.

163 2332 303 2387 nibus
320 2334 545 2405 prodiit.
568 2334 740 2398 Quod
770 2334 1001 2390 difﬁcile
1026 2336 1261 2389 credere
1281 2336 1732 2402 volentes,amo-
1838 2332 2144 2404 Sanctique
2173 2331 2460 2387 Laurentii
2514 2332 2574 2386 in
2619 2333 2906 2405 solempni
2938 2335 3027 2389 die
3059 2335 3231 2407 (Aug.
3266 2337 3352 2409 10)
3384 2339 3453 2394 de

162 2420 275 2476 dum
311 2422 610 2478 mirantur.
659 2424 781 2478 Dux
824 2423 1016 2496 itaque
1053 2440 1289 2479 omnem
1329 2425 1733 2479 Veneticorum
1835 2420 2078 2475 Venecia
2120 2420 2333 2487 exiens,
2374 2421 2613 2476 eosdem
2666 2426 3099 2493 expugnaturus
3149 2442 3455 2497 aggressus

162 2512 407 2583 populum
430 2512 831 2585 posttriduum
856 2513 913 2568 in
932 2513 1152 2586 palacio
1174 2514 1480 2568 convenire
1508 2514 1730 2569 indixit.
1837 2513 1940 2564 est.
1973 2510 2077 2573 Qui
2107 2514 2326 2563 vastum
2352 2525 2454 2580 per
2477 2525 2641 2564 mare
2685 2511 2770 2564 vel
2794 2511 3021 2567 ficando
3054 2516 3343 2568 terrarum
3375 2515 3453 2570 di-

164 2597 246 2653 Cui
283 2600 676 2671 hujuscemodi
710 2604 936 2672 gestum
982 2602 1356 2673 patefaciens,
1381 2619 1498 2657 non
1546 2604 1736 2658 minus
1835 2616 1996 2653 versa
2028 2599 2152 2652 loca
2179 2598 2318 2652 dum
2359 2598 2650 2665 transiret,
2690 2602 2889 2654 octavo
2940 2600 3069 2654 ldus
3102 2600 3456 2673 Septembris

163 2685 311 2744 fidem
341 2689 705 2762 imperatoris
731 2707 906 2762 quam
945 2691 1161 2763 pericia
1204 2691 1284 2745 sui
1332 2691 1572 2747 senioris
1617 2694 1732 2747 col-
1834 2686 2006 2758 (Sept.
2028 2688 2081 2757 6)
2115 2686 2433 2757 prcdictam
2462 2688 2665 2742 urbem
2703 2688 3230 2760 appropinquabat.
3261 2690 3456 2746 Sarra-

165 2774 401 2833 laudabat
429 2780 597 2851 (114).
638 2779 772 2849 (An.
809 2779 965 2847 1001,
991 2779 1145 2833 Mart
1172 2796 1277 2847 επ,
1309 2780 1497 2852 April.
1524 2784 1653 2846 inc.)
1836 2793 2111 2832 cenorum
2144 2793 2355 2848 nempe
2372 2780 2611 2849 uterque
2631 2777 2911 2832 exercitus
2932 2795 3174 2833 cernens
3196 2779 3452 2852 inspera-

221 2866 415 2922 Eodem
448 2883 684 2940 quoque
704 2869 969 2939 tempore
1001 2869 1434 2923 Beneventanos
1465 2870 1612 2924 cives
1642 2888 1735 2925 au-
1836 2869 1956 2920 tam
1988 2867 2231 2920 salutem
2261 2865 2596 2921 Christianis
2617 2868 3167 2935 advenire,armatis
3190 2870 3456 2926 manibus

165 2951 299 3008 diens
312 2955 630 3027 imperator
652 2956 757 3011 sibi
784 2956 1086 3024 rebellare,
1107 2957 1311 3028 quibus
1340 2959 1733 3030 aggressissuo
1835 2953 2113 3024 aliisupra
2134 2970 2311 3025 equos
2339 2953 2528 3008 littore
2573 2955 2901 3023 adstabant,
2943 2957 3040 3010 alii
3065 2973 3239 3012 naves
3257 2974 3451 3014 ascen-

162 3037 374 3112 imperio
405 3047 678 3116 potenter
705 3044 1048 3116 subjugavit,
1070 3046 1395 3118 multosque
1424 3046 1731 3100 interfecit.
1837 3044 2056 3108 dentes,
2088 3043 2438 3099 Christianos
2468 3046 2539 3099 ad
2558 3050 2855 3101 certamen
2884 3046 3157 3100 audacter
3178 3062 3452 3118 provoca-

163 3127 239 3183 His
261 3132 492 3202 peractis
517 3135 858 3188 Ravennam
889 3133 1099 3187 iterum
1128 3133 1455 3199 adveniens,
1492 3134 1732 3204 Papien-
1758 3176 1804 3234 C
1835 3132 1994 3186 bant.
2030 3130 2355 3234 Seddivina
2382 3134 2799 3205 pr0piciatione
2830 3135 3079 3189 domnus
3116 3137 3316 3190 Petrus
3346 3136 3455 3234 dux

164 3231 264 3272 sem
289 3219 485 3277 deinde
515 3220 695 3293 peciit
715 3222 1143 3293 urbemlbique
1169 3223 1563 3277 Romanorum
1591 3222 1738 3277 cives
1761 3219 1804 3234 ν’
1837 3235 1967 3273 cum
2000 3220 2269 3273 omnibus
2285 3221 2399 3275 suis
2415 3223 2721 3277 antedicta:
2742 3222 2989 3277 civitatis
3018 3223 3076 3277 in
3100 3226 3333 3295 portum
3368 3222 3458 3279 in-

164 3303 691 3383 dominationisjugo
705 3311 927 3382 abjecto
946 3312 1052 3365 sibi
1068 3313 1487 3382 repugnaturos
1504 3310 1734 3365 audivit.
1839 3307 2065 3363 demnis
2090 3308 2375 3378 ingressus
2404 3313 2506 3362 est.
2540 3310 2725 3373 Quem
2760 3311 2906 3365 cives
2941 3329 3055 3366 una
3085 3329 3218 3367 cum
3249 3314 3459 3385 Grego-

166 3391 348 3451 Contra
376 3415 515 3469 quos
534 3398 843 3472 patricium
865 3414 1032 3453 suum
1054 3398 1287 3453 nomine
1308 3400 1586 3452 Zazouem
1608 3415 1738 3452 cum
1838 3397 1925 3452 rio
1960 3397 2245 3468 imperiali
2266 3402 2545 3468 catapauo
2579 3398 2755 3469 digne
2777 3400 3172 3472 suscipientes,
3198 3403 3457 3473 ejusdem

166 3485 383 3540 exercitu
408 3487 672 3555 mittens,
692 3487 813 3558 ipse
846 3487 1070 3558 navigio
1101 3488 1742 3542 Ravennaminstanter
1840 3486 1995 3540 urbis
2038 3486 2094 3538 in
2146 3487 2362 3557 palacio
2417 3487 2648 3558 ospitari
2691 3487 2970 3543 fecerunt.
3014 3488 3167 3542 Tunc
3211 3491 3459 3545 domnus

166 3569 427 3629 descendit
450 3576 647 3649 (Nov.)
676 3577 752 3631 Eo
785 3579 1050 3647 tempore
1083 3576 1195 3630 duo
1224 3575 1549 3648 imperialia
1570 3592 1739 3630 orna-
1844 3574 1973 3640 dux,
2007 3574 2301 3645 quomodo
2327 3575 2529 3628 urbem
2548 3591 2961 3645 apaganorum
2984 3577 3283 3631 severitate
3304 3579 3457 3633 tuori

163 3664 333 3716 menta
356 3679 492 3719 auro
522 3664 675 3719 miro
709 3680 881 3734 opere
908 3667 1035 3719 acta
1072 3681 1233 3719 cesar
1270 3680 1373 3735 per
1418 3664 1741 3717 Johannem
1844 3664 2127 3737 quivisset,
2158 3666 2510 3735 pertractare
2543 3664 2713 3735 cepit.
2740 3664 2945 3717 Verum
2972 3665 3127 3735 prius
3157 3665 3457 3721 alimonia-

166 3745 440 3805 diaconum
474 3754 647 3807 Petro
682 3770 782 3807 suo
811 3754 1097 3824 compatri
1133 3753 1281 3819 duci,
1318 3770 1497 3807 unum
1536 3770 1600 3807 ex
1642 3756 1745 3807 Pa-
1845 3769 1973 3807 rum
2002 3751 2214 3806 solatiis
2241 3751 2385 3805 cives
2413 3751 2605 3806 inedia
2636 3767 2934 3823 perpessos
2976 3752 3324 3807 sufficienter
3364 3771 3457 3809 re-

168 3834 344 3905 piensi,
374 3841 528 3896 aliud
562 3858 632 3896 ex
676 3841 993 3896 Ravennati
1028 3843 1189 3907 urbe,
1224 3843 1379 3897 dono
1408 3842 1744 3896 transmisit.
1848 3842 2078 3897 creavit.
2111 3842 2254 3895 Tum
2286 3844 2348 3895 ut
2372 3840 2610 3895 viriliter
2640 3845 2842 3895 contra
2874 3841 3283 3913 nequissimam
3317 3861 3457 3914 gen-

165 3921 247 3977 Cui
282 3926 384 3981 dux
431 3929 995 4000 recompensationis
1034 3931 1221 4000 gratia
1269 3930 1605 3984 cathedram
1642 3932 1749 3993 ele_
1849 3941 1969 3984 tem
2000 3931 2216 3984 bellum
2239 3934 2479 4000 agerent
2505 3929 2797 3999 amonuit;
2833 3932 2889 3983 et
2933 3930 3163 3984 victrice
3194 3932 3456 3986 vexillum

165 4010 750 4079 phantinisartiﬁciose
768 4020 988 4089 sculpta
1006 4019 1325 4089 tabulisper
1342 4019 1613 4073 eumdem
1631 4019 1748 4073 dia-
1852 4037 1909 4074 se
1931 4020 2117 4091 preire
2140 4020 2369 4089 jubeus,
2387 4020 2667 4091 quosdam
2692 4018 2749 4073 in
2784 4018 3056 4073 suburbio
3089 4020 3161 4074 ad
3194 4037 3461 4091 pugnan-

164 4114 346 4158 conum
379 4106 666 4162 Ravenna:
699 4107 923 4162 direxit.
946 4108 1129 4172 Quam
1155 4108 1315 4162 avide
1343 4107 1745 4179 suscipiens,in
1851 4108 1989 4163 dum
2021 4108 2281 4175 instituit,
2311 4108 2593 4179 quosdam
2625 4125 2758 4162 vero
2790 4124 2982 4161 secum
3003 4109 3332 4177 adsumens,
3364 4128 3459 4169 na.

164 4188 340 4245 eadem
370 4194 509 4249 urbe
542 4196 994 4250 conservandam
1018 4195 1271 4267 reliquit.
1296 4196 1509 4250 Dehinc
1544 4196 1748 4249 Roma-
1849 4198 1969 4251 vale
1988 4198 2223 4251 adorsus
2254 4201 2339 4250 est
2358 4213 2634 4268 peragere
2664 4198 2903 4251 bellum.
2941 4198 3100 4252 Unde
3131 4199 3343 4252 factum
3377 4203 3462 4254 est

165 4290 281 4331 nam
322 4281 453 4336 dum
484 4284 657 4338 vellet
681 4284 933 4339 validam
972 4285 1174 4340 urbem
1220 4289 1507 4357 repetere,
1536 4285 1745 4340 civium
1772 4288 1820 4346 D
1847 4286 2114 4358 quatinus
2136 4303 2238 4357 per
2256 4285 2510 4339 triduum
2534 4287 2916 4341 continuatim
2938 4304 3088 4341 nunc
3114 4287 3461 4373 gladiorum,

164 4362 373 4423 insidias
388 4370 1094 4445 formidans,inquoddam
1115 4375 1411 4428 castellum
1432 4376 1743 4428 Paternum
1846 4391 1998 4428 nunc
2029 4374 2208 4444 igneis
2233 4374 2434 4444 jaculis
2469 4373 2818 4430 Sarracenos
2849 4375 3054 4429 acriter
3086 4362 3461 4448 insequeren;

167 4457 379 4513 nomine
408 4461 639 4516 ascendi
670 4462 778 4530 (an.
831 4465 989 4530 1002,
1034 4463 1208 4534 Jan.).
1250 4464 1354 4518 Ubi
1394 4462 1589 4517 infelix
1627 4480 1742 4518 non
1846 4467 1956 4518 tur.
1985 4462 2194 4515 Terciae
2230 4461 2409 4515 noctis
2459 4463 2517 4515 in
2574 4463 2800 4519 silentio
2849 4480 3214 4536 paganorum
3241 4465 3463 4536 aufugit

165 4540 249 4597 diu
277 4563 462 4619 sospes
495 4566 757 4618 manens,
790 4551 942 4606 inter
969 4553 1160 4608 dulces
1192 4571 1377 4608 annos
1404 4569 1744 4627 corpoream
1846 4551 2145 4608 exercitus.
2181 4550 2364 4605 Ceteri
2398 4553 2590 4606 autem
2622 4554 2719 4623 qui
2767 4553 3148 4607 finitimarum
3175 4552 3301 4607 loca
3332 4569 3458 4607 cru-

165 4628 287 4686 dure
315 4634 485 4691 vitam
516 4639 709 4693 amisit
725 4640 1004 4712 (Jan.2i).
1034 4643 1112 4697 De
1134 4643 1292 4714 cujus
1313 4643 1515 4696 funere
1547 4645 1747 4713 gentes
1849 4639 1959 4695 deli
1980 4640 2111 4709 jure
2157 4639 2543 4710 mancipando
2603 4640 2993 4711 possidebant,
3035 4660 3151 4695 non
3215 4642 3461 4697 multum

163 4717 351 4792 ubique
378 4726 618 4781 minime
655 4731 792 4783 tunc
821 4734 1025 4803 questu
1058 4730 1744 4802 silebant.Corpusculum
1849 4732 1978 4801 post
2007 4728 2118 4782 illic,
2139 4728 2416 4798 degentes
2433 4728 2652 4782 confusi
2674 4733 3053 4783 recesserunt.
3086 4729 3244 4784 Cives
3270 4730 3462 4802 itaque

166 4819 284 4863 vero
313 4813 432 4882 ejus
460 4816 784 4872 Coloniensi
807 4819 1234 4891 archiepiscopo
1255 4836 1385 4874 cum
1404 4820 1605 4873 ceteris
1633 4819 1749 4873 def-
1851 4817 2053 4873 domui
2079 4817 2225 4871 Petri
2258 4816 2415 4871 ducis
2444 4832 2660 4871 nomen
2684 4816 2952 4885 deinceps
2968 4818 3191 4872 celebre
3207 4822 3263 4873 et
3277 4820 3462 4874 hono-

168 4891 387 4967 ferente,
409 4902 469 4957 in
498 4905 838 4976 Aquisgrani
870 4908 1154 4979 palacium
1186 4909 1375 4963 fuerat
1408 4908 1751 4974 delatum,ut
1850 4907 2029 4961 rabile
2048 4906 2396 4972 habuerunt,
2426 4904 2521 4976 qui
2551 4905 2706 4958 nullo
2729 4907 2959 4957 terreno
2982 4905 3080 4958 sed
3112 4906 3302 4962 divino
3324 4925 3459 4962 con-

168 4998 285 5040 cum
313 4990 602 5049 decessore
632 5012 734 5049 suo
766 4995 872 5067 pias
902 4996 1202 5052 memoriae
1232 4999 1438 5053 Karolo
1468 5000 1641 5069 queat
1664 4997 1750 5067 ju-
1852 4995 2076 5050 strictus
2101 4994 2332 5060 timore,
2365 5011 2461 5048 eos
2486 4992 2748 5047 liberavit
2775 4991 2847 5046 ab
2868 4990 3247 5048 inimicorum
3271 5012 3459 5066 perse-

171 5070 415 5135 dicialem
443 5082 549 5136 sibi
574 5085 872 5156 prestolari
900 5086 1075 5141 diem.
1853 5084 2103 5141 cutione.

233 5165 357 5222 Post
383 5168 535 5225 hunc
573 5171 842 5229 Henricus
875 5183 943 5218 ιιι
974 5175 1184 5249 regalis
1215 5175 1347 5243 dux,
1381 5175 1651 5247 prosapia
1680 5175 1752 5230 de
1926 5174 2048 5229 Non
2080 5176 2218 5245 puto
2238 5168 2785 5241 preterrnittendum
2813 5167 2936 5223 fore
2953 5167 3284 5241 prodigium
3305 5171 3458 5242 quod

1455 5293 1689 5350 VABUE
1740 5293 2138 5350 LECTIONES.

239 5398 303 5437 ιιι
326 5398 474 5467 infra
501 5400 813 5459 Heinricus.
926 5412 996 5448 ω
1020 5407 1095 5461 ita
1126 5408 1175 5461 1.
1208 5401 1421 5460 studuit
1449 5402 1529 5459 ed.

1748 5522 1974 5581 NOT/E.

240 5626 379 5764 gn)
416 5628 545 5683 SCiL
577 5632 833 5701 populus.
1856 5631 2089 5699 referat,
2134 5628 2254 5683 haec
2294 5626 2414 5697 ipso
2461 5640 2574 5697 quo
2632 5620 3003 5694 contigerunt
3033 5623 3291 5694 tempore
3320 5619 3454 5676 scri-

306 5697 384 5764 lb)
417 5700 556 5756 Cum
584 5703 777 5756 noster
813 5705 965 5760 infra
1002 5720 1054 5761 a.
1086 5704 1219 5760 1007
1258 5702 1477 5759 obitum
1515 5701 1749 5759 Joannis
1853 5703 2025 5764 psisse
2051 5697 2367 5758 censendus
2397 5700 2499 5752 est.

306 5697 384 5767 15)
417 5700 556 5756 Cum
580 5697 777 5756 hoster
813 5705 965 5760 infra
1002 5720 1054 5761 a.
1086 5704 1219 5760 1007
1258 5702 1477 5759 obitum
1515 5701 1749 5759 Joannis
1852 5703 2025 5777 psisse
2051 5697 2367 5758 censendus
2397 5700 2499 5752 est.
