3902 6210
419 429 522 490 935

1616 413 1948 478 IOHANNIS
1978 412 2270 476 DIACONI
2291 413 2537 475 VENETI

3633 407 3748 478 930

419 551 648 609 cuidam
671 546 1144 618 Sarracenorum,
1166 546 1258 604 die
1275 561 1387 620 quo
1400 542 1601 600 festiva
1615 541 1715 597 Dei
1738 537 2028 612 genitricis
2046 541 2102 602 Α
2127 538 2350 596 decerit
2361 541 2453 594 ate
2475 534 2884 612 pervenerunt.
2913 532 3161 596 Predicti
3190 529 3449 612 namriue
3478 533 3745 614 impera-

423 641 696 698 assumtio
724 659 758 696 a
787 640 1048 696 ﬁdelibus
1076 637 1418 696 celebratur,
1448 630 1714 686 divinitus
1733 631 2026 683 ostensum

421 735 524 786 est.
550 731 693 784 Nam
721 730 858 784 dum
893 729 952 783 in
977 726 1156 782 sancti
1178 721 1470 780 Benedicti
1502 717 1852 774 monasterio
1872 715 2027 770 haud

421 820 622 892 procul
653 819 726 874 ad
755 819 896 874 urbe
953 816 1206 889 quadam
1255 807 1642 867 munitissima
1694 811 1849 860 turre
1901 803 2025 875 ipso

421 911 706 976 maneret,
742 907 1092 962 emicantem
1131 903 1357 959 stellam
1399 916 1467 954 ex
1519 895 1756 950 occiduo
1797 893 2026 948 climate

420 1001 657 1071 prepete
700 1013 867 1052 cursu
890 993 1086 1050 venire
1113 993 1348 1064 ejusque
1378 986 1620 1042 civitatis
1649 984 1708 1039 in
1740 986 1912 1054 portu
1939 997 2028 1071 ca-

421 1070 557 1143 dere
586 1084 897 1157 conspexit.
931 1084 1048 1138 Hoc
1079 1085 1142 1136 ut
1168 1077 1485 1143 Jeronimo,
1514 1071 1795 1146 spirituali
1816 1073 1874 1126 et
1902 1070 2029 1141 prc-

417 1174 702 1232 nominati
729 1171 1068 1229 monasterii
1098 1169 1269 1242 patri,
1301 1164 1651 1238 patefactum
1692 1163 1795 1225 est,
1829 1158 2026 1213 statim

416 1265 675 1319 futurum
713 1266 924 1318 sanctae
965 1259 1152 1316 Mariae
1185 1255 1481 1323 auxilium,
1523 1268 1633 1323 que
1669 1249 1820 1303 stella
1859 1245 2028 1300 maris

416 1351 848 1424 interpretatur,
881 1349 1090 1404 civibus
1119 1344 1388 1401 advenire
1423 1338 1729 1406 intellexit;
1761 1337 1914 1408 quod
1940 1334 2028 1424 in-

415 1421 700 1497 temerata
719 1454 1006 1510 puerpera
1032 1436 1089 1490 in
1118 1433 1268 1490 Petri
1298 1429 1705 1485 Veneticorum
1737 1424 1892 1479 ducis
1926 1421 2026 1510 ad-

417 1533 614 1586 ventul
631 1527 830 1601 procul
865 1509 1036 1580 dubio
1079 1520 1406 1594 complevit,
1449 1533 1621 1589 quem
1670 1515 1740 1568 de
1780 1509 2030 1601 occiduis

419 1599 678 1691 partibus
707 1614 902 1670 venire
930 1611 1290 1686 permittens,
1325 1609 1382 1661 in
1411 1623 1524 1660 suae
1548 1601 1864 1659 nativitatis
1885 1599 2030 1655 festo

421 1708 491 1763 de
525 1711 645 1762 oste
675 1705 755 1760 illi
785 1701 1065 1759 concessit
1115 1698 1494 1769 triumphum.
1535 1693 1721 1748 Isdem
1779 1703 2034 1759 namque

421 1797 534 1852 dux
559 1796 630 1851 de
661 1793 754 1850 illo
785 1794 911 1849 loco
942 1789 1183 1844 nuncios
1205 1803 1334 1842 suos
1354 1779 1916 1852 Constantinopolim
1943 1777 2036 1831 de-

2127 631 2280 683 tores
2304 630 2424 682 tam
2451 625 2684 698 egregie
2719 643 2785 683 ac
2800 627 3054 698 jocunde
3070 627 3224 684 hunc
3248 644 3532 700 peragere
3551 628 3743 685 thala-

2127 733 2286 772 mum
2330 717 2694 787 satagebant,
2723 719 2786 772 ut
2815 717 3007 772 triduo
3053 715 3482 772 convivantium
3515 718 3743 789 gaudiis

2125 807 2281 861 haud
2306 805 2619 860 defuerunt
2647 805 2757 878 ipsi
2801 804 3116 861 familiares
3155 805 3412 861 convivo.
3451 806 3575 862 Hoc
3616 807 3739 875 tali,

2127 895 2186 950 in
2219 895 2438 967 palacio
2470 894 2626 966 quod
2664 893 3046 949 Ycouomium
3084 897 3472 967 nuncupatur,
3502 898 3739 966 peracto

2130 982 2600 1054 ordine,quisque
2617 997 2820 1037 eorum
2838 982 3178 1037 muneribus
3191 981 3438 1055 receptis
3450 985 3744 1055 retrogra-

2129 1073 2233 1128 dus
2278 1071 2528 1127 recessit.
2566 1070 2824 1125 Novicius
2855 1086 2990 1126 vero
3034 1071 3147 1126 dux
3189 1087 3320 1125 cum
3368 1087 3472 1126 sua
3502 1075 3745 1127 venusta

2129 1179 2338 1234 sponsa
2369 1162 2524 1233 apud
2553 1161 2863 1233 pallacium
2895 1160 3051 1231 quod
3089 1161 3223 1233 jure
3265 1159 3521 1216 dotalicii
3559 1177 3744 1233 nuper

2130 1249 2526 1322 acquisiverat,
2555 1251 2767 1321 degere
2801 1249 3027 1321 disposu
3045 1249 3110 1304 it.
3143 1248 3246 1304 Cui
3273 1249 3545 1304 Vassilius
3569 1248 3749 1322 impe-

2129 1343 2291 1394 rator
2321 1337 2631 1410 injungens
2653 1338 2980 1404 monuit,ne
3007 1338 3080 1393 ab
3102 1338 3244 1393 urbe
3257 1337 3749 1406 discederet,inte-

2129 1427 2240 1482 rim
2269 1427 2419 1500 (119)
2447 1428 2518 1482 de
2545 1429 2923 1498 Bulgarorum
2943 1426 3176 1490 ﬁnibus,
3198 1443 3344 1499 quos
3361 1427 3554 1483 valida
3579 1445 3746 1500 expu-

2133 1516 2398 1588 gnandos
2420 1533 2600 1570 manu
2621 1516 2822 1587 agredi
2838 1515 3292 1586 temptabat,Dei
3318 1516 3534 1572 auxilio
3563 1533 3748 1574 rever-

2131 1607 2372 1659 teretur.
2404 1604 2576 1676 Cujus
2617 1603 2854 1660 monitis
2895 1603 3009 1658 dux
3045 1603 3438 1676 acquiescens,
3471 1608 3746 1678 prompte

2133 1693 2256 1764 ejus
2280 1693 2590 1748 adventum
2620 1693 3064 1764 prestolabatur.
3079 1693 3207 1762 Ipso
3221 1696 3417 1748 autem
3439 1693 3745 1762 redeunte,

2135 1781 2464 1852 patriciatus
2493 1780 2668 1836 ofﬁcii
2693 1780 2973 1852 dignitate
2991 1780 3270 1836 eumdem
3283 1781 3616 1837 sublimavit
3642 1783 3745 1838 du-

421 1849 674 1952 ,s—tinavit,
733 1849 792 1939 et
841 1899 875 1936 a
917 1883 1198 1950 catapano
1243 1873 1528 1948 imperiali
1577 1849 1772 1926 multis
1824 1849 2578 1926 ditatusBcem.Ottonem
2597 1849 3744 1942 suum‘puerulum,quiaderat,fratrem

424 1975 784 2040 muneribus,
817 1971 889 2027 ad
907 1967 1206 2024 Venetiam
1238 1962 1545 2021 incolomis
1583 1957 1891 2015 remeavit.

489 2066 606 2120 Hoc
631 2078 860 2136 quoque
880 2063 1147 2129 tempore
1169 2053 1465 2110 Heinricus
1485 2067 1584 2104 rex
1625 2049 1896 2104 Ottonem
1927 2043 2038 2136 du-

418 2172 544 2211 cem
570 2135 720 2220 (116)
748 2151 821 2206 ad
841 2149 1064 2204 Italiam
1075 2162 1208 2200 cum
1225 2141 1476 2198 exercitu
1498 2139 1760 2202 mittens,
1781 2150 1912 2190 cum
1932 2135 2036 2227 Ar:

421 2244 594 2303 doine
620 2238 944 2311 usurpative
976 2253 1114 2306 rege
1138 2235 1302 2306 juxta
1325 2232 1496 2302 Alpes
1523 2228 1582 2283 in
1606 2241 1814 2296 compo
1844 2231 1911 2266 m
1939 2233 2038 2293 qul

420 2331 615 2388 Vitalis
662 2329 1030 2398 nuncupatur
1057 2326 1226 2397 (H7),
1267 2335 1526 2392 pugnam
1571 2314 1817 2387 peregit,
1860 2315 1918 2366 et
1969 2327 2037 2366 ex

421 2424 667 2492 utraque
695 2420 860 2490 parte
888 2413 1055 2469 multi
1087 2409 1437 2466 ceciderunt.
1459 2406 1718 2476 Cumque
1737 2403 1847 2456 hoc
1864 2398 2038 2492 Heiu-‘-

419 2509 540 2566 rico
567 2485 861 2579 regi-foret
885 2503 1210 2574 expertum,
1237 2498 1296 2553 in
1341 2493 1605 2568 sequenti
1647 2508 1801 2548 anno
1852 2485 2036 2579 (1004)

423 2576 678 2656 maxima
727 2593 966 2664 stipatus
1005 2586 1378 2661 expedicione
1423 2581 1648 2640 Italiam
1697 2576 1948 2643 intravit,
1981 2578 2039 2632 et

421 2685 677 2744 Ardoine
706 2699 741 2737 a
761 2677 1078 2735 Vero‘nensi
1107 2676 1252 2730 urbe
1278 2673 1536 2746 expulso,
1567 2685 1772 2726 omnes
1811 2667 2037 2738 Lango-

420 2773 635 2831 bardos
663 2771 932 2842 potenter
951 2783 1050 2820 suo
1065 2761 1336 2835 regimini
1353 2757 1698 2830 subjugavit.
1724 2755 1822 2810 Cui
1837 2758 2038 2810 Petrus

425 2864 599 2921 etiam
642 2858 1044 2915 Veneticorum
1107 2854 1219 2908 dux
1267 2851 1326 2906 in
1377 2848 1636 2922 predicta
1685 2847 1826 2900 urbe
1869 2858 2035 2900 suum

423 2954 648 3017 natum,
679 2947 823 3002 mire
875 2940 1316 3016 pulchritudinis
1344 2939 1670 3011 puerulum,
1718 2950 1888 3006 prece
1934 2951 2057 2991 sua

2137 1957 2474 2013 muneribus
2505 1960 2731 2012 tantum
2759 1957 3087 2013 honoravit.
3113 1957 3332 2012 Dehinc
3358 1958 3472 2014 duc
3491 1960 3744 2030 sponsali

2138 2047 2292 2113 dote,
2318 2045 2380 2101 id
2399 2049 2485 2100 est
2513 2045 2731 2100 diverse
2763 2046 2993 2101 fortune
3023 2045 3529 2118 copiis,simulque
3558 2047 3746 2120 impe-

2137 2133 2371 2188 rialibus
2403 2133 2568 2189 donis
2596 2133 2863 2206 acceptis,
2883 2132 3103 2189 licitum
3123 2134 3392 2190 veniendi
3405 2134 3483 2190 ad
3507 2135 3746 2208 prepria

2137 2223 2482 2296 impetravit.
2518 2223 2659 2278 Nam
2691 2224 2999 2295 parentum
3025 2225 3360 2290 conventus,
3375 2223 3743 2294 pernobilem

2138 2313 2390 2384 puellam
2414 2311 2713 2383 regionem
2732 2309 2806 2366 ad
2827 2313 3085 2366 exteram
3106 2310 3268 2382 quasi
3285 2313 3518 2368 exulem
3537 2329 3746 2369 exeun-

2137 2403 2255 2454 tem
2286 2399 2764 2474 plorantes,haud
2799 2399 3059 2454 deerant.
3083 2400 3204 2454 Dux
3235 2398 3432 2472 itaque
3462 2417 3574 2474 pro
3605 2401 3748 2458 votis

2138 2491 2337 2549 omnia
2376 2492 2733 2556 consecutus,
2763 2487 2958 2543 navim
3008 2503 3142 2544 cum
3198 2488 3499 2560 spectabili
3538 2505 3746 2562 sponsa

2139 2580 2473 2645 ascendens,
2509 2593 2789 2649 equoreas
2809 2577 3028 2631 sulcare
3050 2577 3333 2649 procellas
3351 2577 3467 2632 suis
3491 2577 3744 2652 impera-

2136 2669 2343 2724 vit.Cui
2371 2667 2680 2723 Grecorum
2707 2683 2807 2720 seu
2836 2665 3080 2721 aliarum
3111 2665 3375 2742 gentium
3405 2666 3602 2724 incole
3631 2667 3747 2724 ubi-

2136 2775 2246 2831 que
2281 2773 2461 2830 usquc
2487 2755 2562 2811 ad
2601 2755 2850 2828 patriam
2886 2771 3006 2810 non
3047 2754 3418 2826 denegabant
3456 2755 3746 2829 impertiri

2135 2847 2428 2918 obsequia.
2459 2845 2718 2916 Cumque
2743 2843 3028 2915 probabili
3049 2846 3109 2898 et
3140 2843 3239 2899 diu
3267 2845 3574 2901 anhelanti
3601 2845 3746 2918 patri

2136 2939 2384 2993 duorum
2414 2937 2684 2991 natorum
2709 2934 2861 2989 foret
2891 2932 3231 2989 nunciatum
3261 2933 3606 3004 adventum,
3637 2952 3748 2992 cce-

421 3040 721 3114 permotus
749 3033 1066 3090 honoriﬁce
1117 3027 1430 3100 delegavit;
1487 3041 1662 3098 quem
1702 3022 2034 3114 chrismatis
2135 3027 2324 3081 lorum
2356 3023 2487 3114 regi
2505 3023 2718 3114 gratias
2737 3038 2938 3114 agens,
2954 3021 3188 3114 navium
3218 3022 3602 3114 multitudine
3631 3040 3748 3081 eos-

425 3110 552 3186 divo
583 3126 808 3198 liquore
838 3141 905 3178 ex
931 3137 1094 3176 more
1113 3116 1450 3182 fecitlinire,
1491 3113 1639 3187 patri
1661 3113 1876 3168 oblime
1904 3128 2030 3166 mu-
2063 3139 2110 3198 ο
2134 3115 2267 3170 dem
2295 3113 2495 3186 procul
2525 3129 2560 3167 a
2591 3111 2756 3166 litore
2792 3111 2929 3166 fecit
2955 3110 3248 3181 excipere;
3281 3114 3339 3167 et
3362 3111 3468 3167 tali
3497 3111 3743 3168 circum-

424 3219 690 3274 neratum
739 3211 981 3268 remisit.
1024 3207 1242 3264 Deinde
1285 3207 1503 3260 ceteras
1560 3202 1734 3257 Italiae
1782 3199 2034 3255 civitates
2131 3202 2306 3274 scepti
2331 3217 2551 3272 pompa
2577 3199 2730 3272 apud
2751 3199 3242 3270 pallaciitribunal
3267 3199 3746 3271 genitorumam-

422 3319 738 3380 properare
772 3301 1104 3372 disponens,
1139 3294 1328 3366 Papiae
1355 3311 1388 3349 a
1411 3287 1820 3348 Mediolanensi
1845 3287 2030 3358 archi-

425 3377 692 3468 episcopo
725 3389 902 3446 estitit
929 3389 1236 3442 coronatus
1267 3383 1412 3456 (Mai
1441 3381 1548 3452 14).
1579 3379 1686 3435 Ubi
1711 3379 1859 3434 cives
1894 3377 2030 3432 insi-

425 3486 547 3541 dias
575 3483 778 3538 contra
807 3495 972 3534 suum
1002 3474 1268 3547 regimen
1299 3470 1512 3526 molliri
1537 3483 1912 3540 cognoscens,
1942 3469 2030 3521 to-

423 3577 549 3628 tum
579 3587 726 3644 pene
759 3568 964 3623 urbem
985 3562 1254 3620 incendio
1276 3563 1333 3616 et
1354 3556 1756 3614 interfectione
1779 3555 2034 3610 devasta-

425 3662 526 3727 vit,
551 3662 608 3716 et
632 3661 770 3713 tunc
801 3671 904 3727 per
934 3654 1258 3709 Cumanum
1300 3650 1486 3703 lacum
1537 3646 2032 3700 ultramontanum

425 3749 592 3824 petiit
629 3762 877 3818 regnum
918 3742 1118 3812 (Jun.).

491 3839 607 3893 Hoc
631 3850 860 3908 quoque
890 3836 1154 3902 tempore
1179 3829 1376 3883 Petrus
1400 3825 1655 3878 famosus
1685 3821 1818 3887 dux,
1837 3821 2036 3876 sedula

424 3925 702 4000 petitione
733 3941 767 3978 a
794 3919 1044 3991 Vassylio
1078 3920 1136 3972 et
1183 3911 1557 4000 Constantino
1589 3910 2034 4000 imperatoribus

423 3999 674 4079 coactus,
699 4011 1025 4065 Iohannem
1052 4006 1279 4068 ducem,
1302 4017 1466 4055 suam
1489 3999 1757 4055 dilectam
1785 3999 2034 4071 prolem,

425 4105 500 4158 ad
524 4101 748 4172 regiam
782 4097 984 4150 urbem
1015 4109 1185 4148 causa
1210 4087 1460 4160 conjugii
1513 4089 1815 4159 delegavit.
1850 4086 2036 4152 Quem

424 4189 804 4261 imperatores
835 4182 974 4236 dum
1014 4179 1270 4250 benigne
1321 4177 1692 4248 susciperent,
1739 4174 2034 4247 cujusdam

425 4269 1008 4345 nobilissimipatricii
1030 4267 1210 4323 ﬁliam
1234 4266 1557 4338 Argiropoli
1576 4266 1833 4332 nomine,
1856 4265 2037 4334 impe-

426 4365 553 4422 riali
569 4362 783 4420 editam
797 4359 995 4431 st-irpc,
1011 4357 1089 4412 illi
1103 4349 1449 4428 desponsare
1470 4355 1902 4423 decreverunt(l
1921 4357 2032 4418 18).

2131 3291 2390 3362 plexibus
2427 3293 2562 3344 sunt
2597 3288 2848 3344 restituti
2879 3287 3219 3344 incolomes.
3244 3289 3416 3344 Pater
3457 3289 3742 3362 siquidem

2134 3397 2252 3435 non
2278 3379 2468 3434 solum
2498 3378 2612 3433 suis
2641 3393 2844 3432 verum
2877 3375 3084 3432 exteris
3121 3376 3458 3433 hominibus
3487 3379 3746 3434 convivia

2133 3468 2337 3522 crebra
2365 3465 2766 3538 hujuscemodi
2796 3467 3084 3520 thalamus
3112 3465 3301 3520 facere
3331 3482 3454 3520 non
3481 3467 3740 3525 cessavit.

2135 3557 2352 3611 Revera
2365 3571 2469 3627 par
2480 3555 2757 3626 gaudium
2785 3553 2996 3610 nostris
3027 3553 3235 3609 ﬁnibus
3256 3553 3742 3611 emicuissenemo

2133 3650 2465 3700 nostrorum
2495 3644 2904 3699 reminiscitur.
2927 3644 3159 3698 Domna
3177 3659 3312 3698 vero
3341 3644 3544 3712 Maria,
3573 3646 3746 3700 Greca

2134 3734 2376 3799 ductrix,
2395 3750 2511 3788 non
2531 3737 2659 3806 post
2688 3734 2878 3806 plures
2906 3732 3030 3787 dies
3056 3747 3304 3804 puerum
3333 3732 3742 3790 Constantino-

2131 3823 2313 3896 polim
2327 3821 2848 3894 genitumVenetise
2870 3821 3109 3892 protulit
3120 3824 3530 3892 natum,quem
3549 3825 3744 3879 Petrus

2133 3912 2376 3968 eximius
2415 3911 2527 3966 dux
2574 3911 2642 3965 de
2683 3927 2845 3966 sacro
2893 3909 3254 3981 baptismatis
3291 3911 3522 3966 lavacro
3575 3912 3743 3968 susci-

2133 3999 2622 4074 piens,Vassilium
2636 4000 2710 4054 ob
2733 3999 2996 4054 avunculi
3015 3999 3102 4054 sui
3125 3998 3497 4070 imperatoris
3531 4017 3740 4057 nomen

2133 4087 2428 4160 imposuit.
2454 4088 2616 4142 Circa
2643 4089 2766 4143 haec
2786 4075 3056 4160 tempora
3073 4087 3386 4159 prelibatus
3408 4090 3622 4144 Petrus
3636 4091 3736 4145 dux

2134 4194 2240 4249 pro
2272 4176 2482 4232 animae
2512 4193 2628 4231 suae
2642 4175 2901 4231 remedio
2933 4176 3090 4231 mille
3118 4175 3552 4248 quinquaginta
3575 4179 3738 4232 libras

2137 4265 2508 4322 denariorum
2567 4264 2768 4320 solatio
2827 4264 3011 4320 tocius
3066 4282 3182 4320 suae
3224 4264 3428 4336 patriae
3461 4265 3738 4322 Veneticis

2137 4353 2394 4421 donavit,
2409 4353 3050 4426 ceptiquepalacii-opus
3071 4353 3146 4408 ad
3167 4367 3426 4426 unguem
3452 4355 3730 4426 perduxit.

427 4457 495 4510 Et
517 4457 580 4510 ut
607 4453 786 4508 tantae
813 4448 1050 4515 femine,
1084 4447 1504 4520 imperatorum
1533 4443 1794 4498 videlicet
1825 4443 2032 4514 neptis,
2059 4468 2112 4526 D
2137 4441 2242 4497 Ubi
2273 4442 2425 4496 inter
2451 4445 2644 4498 cetera
2669 4441 2996 4496 decoritatis
3027 4457 3206 4512 opera
3233 4441 3498 4498 dedalico
3532 4443 3729 4498 instru-

425 4539 807 4616 c0pulationis
836 4538 956 4594 dies
977 4537 1344 4598 acceleraret,
1363 4534 1618 4606 prefatus
1639 4535 1749 4587 dux
1775 4547 1888 4585 una
1903 4548 2034 4586 cum

424 4632 619 4705 puella
649 4627 936 4701 imperiali
962 4627 1192 4682 decreto
1217 4624 1276 4678 in
1305 4623 1558 4700 quadam
1588 4620 1808 4692 capella
1837 4636 2038 4674 conve-

426 4719 552 4774 nire
573 4715 835 4789 permissi
855 4719 1006 4784 sunt,
1039 4713 1231 4786 ibique
1253 4712 1325 4766 ab
1349 4709 1606 4780 ejusdem
1634 4707 1789 4762 urbis
1807 4711 2034 4780 pastore

425 4824 584 4864 sacre
610 4804 1028 4862 benedictionis
1059 4818 1290 4865 munus,
1343 4799 1416 4853 ab
1458 4795 1903 4868 imperatoribus
1932 4813 2032 4850 au-

423 4914 553 4952 reas
577 4895 876 4952 diademas
901 4893 1016 4948 suis
1056 4889 1356 4962 capitibus,
1387 4887 1790 4958 perceperunt.
1821 4884 2034 4949 Quibus

425 4985 659 5042 dextera
687 4987 934 5054 utroque
959 4979 1314 5052 imperatore
1337 4973 1699 5048 superposita
1717 4989 1916 5040 manu,
1933 4990 2032 5028 au-

423 5073 543 5129 lam
573 5091 689 5146 qua
713 5067 1146 5129 convivantium
1167 5067 1324 5121 cetus
1346 5080 1584 5120 manere
1601 5061 1918 5131 videbatur,
1932 5061 2034 5118 tali

2135 4531 2332 4584 mento
2365 4529 2646 4599 capellam
2676 4531 3008 4584 construere
3032 4528 3186 4596 fecit,
3215 4545 3394 4600 quam
3421 4546 3544 4587 non
3572 4531 3732 4588 modo

2134 4633 2466 4673 marmoreo
2507 4633 2708 4672 verum
2751 4633 2925 4672 aureo
2963 4616 3204 4672 miriﬁce
3249 4618 3460 4674 comsit
3508 4624 3726 4676 ornatu.

2133 4709 2358 4761 Interea
2387 4708 2586 4761 Petrus
2615 4705 2728 4760 dux
2754 4705 2895 4761 dum
2922 4705 3029 4761 sibi
3057 4721 3160 4777 pro
3177 4705 3323 4762 votis
3339 4724 3511 4780 paene
3539 4709 3730 4763 cuncta

2132 4795 2500 4868 subpeditare
2521 4795 2854 4862 decernere,
2879 4796 3004 4866 plus
3037 4795 3203 4851 solito
3221 4797 3554 4868 subjectum
3579 4795 3730 4868 equi-

2131 4885 2264 4939 tatis
2286 4901 2526 4938 censura
2554 4885 2832 4955 populum
2859 4899 3061 4955 regere
3090 4884 3378 4941 studebat.
3409 4885 3528 4942 Sed
3557 4885 3732 4941 divina

2132 4973 2494 5045 providentia
2527 4972 2930 5029 moderamine
2965 4989 3114 5045 equo
3159 4973 3363 5029 omnia
3404 4974 3722 5048 disponens,

2136 5061 2300 5121 illum
2314 5061 2375 5117 in
2393 5063 2552 5118 tante
2563 5061 3086 5133 felicitatisfastigio
3117 5061 3535 5132 constitutum,
3556 5064 3626 5120 ad
3648 5074 3734 5117 sue

1744 5181 1977 5236 VARLE
2045 5180 2442 5236 LECTIONES.

503 5288 572 5324 1"
599 5282 674 5336 ita
707 5285 756 5336 1.

1970 5391 2200 5448 NO’I‘IE.

499 5525 647 5595 (116)
678 5523 1392 5595 Duccm_l_{arantanorum
1421 5520 1478 5575 et
1504 5513 1910 5572 marchionem
1939 5515 2042 5570 Ve-

431 5591 759 5648 ronenscm.
794 5594 878 5649 Cf.
901 5591 1216 5646 Thietmar.
1240 5607 1294 5643 v.
1331 5593 1414 5643 16.

505 5661 658 5734 (117)
693 5665 754 5722 In
786 5658 1092 5732 campania
1105 5659 1436 5715 Veronensi.

2209 5511 2362 5657 £118)
2400 5513 2463 5568 V.
2489 5511 2815 5568 Cedrenum
2846 5514 2888 5572 t.
2919 5514 2987 5584 ΙΙ,
3019 5513 3076 5570 d.
3110 5514 3216 5572 452
3246 5512 3384 5570 edit.
3425 5513 3660 5570 Bekker.

2241 5585 2364 5652 119)
2407 5585 2468 5640 ld
2497 5587 2582 5640 est
2609 5584 2815 5640 donec.

2241 5584 2364 5652 119)
2407 5585 2468 5640 ld
2497 5587 2582 5640 est
2609 5584 2815 5640 donec.
