3902 6210
182 375 211 427 9
227 369 280 426 ti
1421 357 1818 422 mammam
1855 359 2242 422 GRADENSE.
3385 366 3494 428 ali-2

183 486 461 544 neminem
485 485 893 558 repperissent,
913 501 1156 542 omnem
1181 485 1340 541 illam
1364 487 1654 541 civitatem
1674 486 1775 540 de-
1796 498 1852 557 Α
1879 486 2016 541 dam
2059 484 2271 542 vicinas
2316 486 2606 557 eligerunt
2647 485 2882 550 ianuas.
2937 499 3011 548 ex
3051 486 3266 558 quibus
3305 487 3500 545 uicum

182 575 490 647 predantes,
531 574 663 647 igne
700 574 1141 640 succenderunt,
1194 591 1394 630 muros
1442 591 1670 646 quoque
1710 591 1775 630 ac
1879 573 2353 629 Constanciacum
2385 578 2442 628 et
2469 574 2653 630 vicum
2683 573 3065 630 Amianarum
3095 574 3255 630 Λιινῆ
3292 574 3504 630 consti-

184 669 347 717 turres
399 663 654 717 funditus
697 663 1120 717 subverterunt.
1176 663 1308 717 Huis
1359 680 1491 718 vero
1534 663 1776 717 civitatis
1877 663 2122 728 tuentes,
2145 661 2791 732 nominibusportarum
2813 661 3109 734 exquibus
3135 662 3374 718 fuerant
3398 666 3508 718 Au-

186 768 378 822 magna
389 768 522 823 pars
539 751 738 823 populi
758 751 968 805 timore
989 754 1278 822 correpta,
1307 767 1438 805 cum
1472 750 1528 804 in
1552 751 1772 822 paludi-
1875 749 1992 804 rius
2021 751 2285 805 tribunus
2334 751 2629 805 constituit
2673 751 2982 821 appellari.
3015 754 3331 823 Postquam
3365 767 3504 807 vero

183 841 274 894 bus
295 843 353 894 et
374 839 428 893 in
461 839 656 893 insulis
682 856 1046 910 paganorum
1079 839 1365 910 fugientes
1412 839 1646 894 insidias
1677 839 1775 893 diu
1876 838 2140 893 universa
2155 838 2856 909 hujuspopuli-muttitudo
2872 839 3379 898 cenvicinaneium
3415 839 3504 896 in-

181 929 466 996 habitaret,
496 928 764 984 divinitus
793 929 1011 983 factum
1035 932 1139 994 est,
1171 931 1233 982 ut
1269 927 1506 1000 quidam
1537 927 1774 982 sanctis-
1872 928 2129 982 solarum
2156 928 2279 982 loco
2313 927 2620 995 invaserat,
2672 944 2786 982 una
2816 927 3052 984 insimul
3098 928 3508 986 convenientes

184 1017 341 1072 simus
365 1018 448 1072 vir
489 1017 863 1073 Geminianus
912 1017 1174 1084 nomine,
1221 1017 1504 1083 sacerdos,
1535 1015 1776 1087 Spiritus
1876 1015 2127 1071 mirabili
2156 1016 2351 1071 forma
2366 1032 2430 1072 ac
2448 1016 2746 1086 prelucida
2773 1017 3034 1073 claritate
3061 1016 3359 1074 basilicam
3385 1017 3508 1074 fun-

183 1105 343 1162 sancti
363 1108 741 1177 perlustratus
759 1107 968 1178 gratia,
990 1106 1187 1178 egenis
1203 1107 1438 1178 cupiens
1452 1105 1774 1171 subvenire,
1875 1105 2225 1161 daveruntin
2242 1107 2462 1161 honore
2483 1110 2696 1161 sanetae
2716 1107 2814 1161 Dei
2831 1106 3138 1162 Genitricis
3169 1109 3234 1164 et
3256 1106 3508 1177 Virginis

183 1212 296 1250 cum
326 1195 575 1268 plurima
607 1196 731 1250 loca
760 1195 1070 1265 diligenter
1101 1195 1520 1267 perlustrasset.
1549 1193 1622 1247 ad
1647 1209 1774 1263 pre-
1875 1194 2083 1257 Marine,
2110 1194 2499 1265 pulcherrimo
2533 1194 2868 1267 pavimento
2897 1197 3194 1263 ornatam.
3207 1195 3369 1266 ctu'us
3390 1210 3508 1251 me-

181 1283 344 1340 tatum
363 1284 640 1351 paludum
653 1283 1358 1354 pervenienslocum,cum
1370 1283 1502 1337 Ario
1523 1283 1776 1354 quodam
1877 1282 2036 1336 dium
2057 1281 2486 1354 pulchritudine
2506 1299 2609 1338 sua
2636 1286 2768 1338 rota
2791 1282 3043 1354 quedam
3068 1283 3387 1340 admodum
3405 1282 3510 1339 de-

183 1377 234 1426 et
258 1375 488 1428 Aratore
516 1372 815 1442 copiosam
840 1371 1296 1427 Christianorum
1323 1371 1537 1426 ibidem
1560 1370 1780 1425 invenit
1877 1371 2132 1425 corabat.
2169 1371 2331 1426 Unde
2363 1371 2554 1426 omnis
2583 1371 2866 1428 habitatio
2916 1388 3028 1444 que
3075 1371 3178 1444 ipsi
3235 1371 3506 1430 accitam:

185 1460 620 1527 multitudinem,
646 1460 852 1532 quibus
873 1460 1003 1514 visis
1030 1476 1094 1514 ac
1114 1459 1184 1516 de
1213 1459 1547 1514 invencione
1573 1475 1777 1513 eorum
1879 1459 2144 1530 proxima
2173 1463 2300 1514 erat
2329 1460 2404 1514 ab
2425 1459 2606 1516 Aurio
2626 1460 2858 1516 tribuno
2881 1461 3030 1517 Rota
3047 1461 3338 1532 appellata
3357 1459 3504 1528 fuit;

185 1549 479 1603 admodum
536 1549 865 1603 illarescens
906 1551 1077 1621 (124).
1126 1547 1416 1603 nunciavit
1469 1547 1569 1614 eis,
1624 1546 1780 1619 quod
1882 1563 2058 1619 quam
2087 1547 2406 1604 aecclesiam
2447 1548 2709 1604 videlicet
2739 1549 3141 1622 episcopatum
3165 1549 3506 1606 Aurius-tri-

187 1637 409 1706 pessima
434 1637 532 1691 illa
563 1637 878 1692 multitudo
923 1637 1110 1691 divine
1145 1639 1290 1691 nutu
1333 1635 1647 1690 elemencie
1681 1635 1779 1688 de-
1879 1636 2071 1690 bunus
2101 1636 2419 1702 constituit,
2451 1638 2609 1708 quod
2629 1637 2992 1709 episcopium
3019 1638 3276 1710 profatus
3297 1639 3509 1696 Anrius

185 1729 376 1779 structa
407 1729 554 1779 esset
589 1729 646 1779 et
689 1726 746 1780 in
777 1725 1052 1779 nichilum
1081 1724 1334 1778 redacta.
1367 1727 1439 1778 At
1465 1723 1543 1778 illi
1570 1722 1784 1793 gratias
1808 1786 1850 1793 _
1884 1740 1951 1777 ex
1966 1723 2398 1780 collaudaeione
2415 1725 2962 1781 Metamaucensium
2978 1730 3037 1782 et
3056 1726 3508 1784 Rivoaltensium

194 1817 408 1884 agentes
429 1813 903 1884 gloriﬁcaverunt
931 1813 1114 1867 Deum
1148 1813 1243 1884 qui
1271 1830 1388 1868 non
1417 1786 1630 1867 deserit
1659 1826 1785 1882 spe-
1808 1786 1855 1845 Β
1887 1827 1994 1866 nec
2022 1829 2138 1867 non
2169 1813 2701 1870 exconﬁrmacione
2716 1813 3094 1869 Obelliarii“0
3107 1816 3417 1885 etfwﬂeati
3433 1825 3506 1858 N0

190 1906 362 1956 rantes
387 1902 442 1956 in
475 1919 555 1957 se.
585 1903 740 1957 Tunc
764 1902 930 1958 Arius
951 1904 1009 1956 et
1035 1905 1265 1968 Arator,
1309 1901 1454 1956 ﬁlius
1475 1901 1621 1972 ejus,
1652 1915 1786 1954 eum
1887 1899 2124 1968 ducum,
2153 1901 2250 1972 qui
2278 1904 2414 1956 tunc
2459 1900 2759 1955 Venetiam
2788 1901 3112 1971 ;regebant,
3144 1902 3417 1960 ducatum
3447 1903 3506 1958 in

192 1991 436 2046 omnibus
460 1993 560 2064 qui
588 2008 718 2046 cum
737 2007 805 2045 eo
832 1995 1017 2059 erant,
1041 1990 1255 2045 vicinas
1268 1990 1548 2062 quasdam
1577 1989 1790 2043 insulas
1883 1989 2106 2060 proprii
2156 1987 2400 2044 dominii
2444 1989 2574 2060 jure
2619 1987 2941 2044 vindicavit.
2993 1988 3210 2053 Quibus
3235 1990 3507 2048 omnibus

192 2099 301 2154 quae
328 2081 382 2136 in
412 2081 638 2137 eisdem
661 2081 1140 2154 erantpaludibus
1161 2080 1470 2147 intuentes,
1495 2096 1560 2135 ac
1588 2079 1790 2134 melio-
1887 2076 2223 2150 compositis
2249 2080 2308 2130 et
2331 2075 2638 2144 ordinatis,
2682 2076 2941 2148 profatus
2979 2078 3186 2134 Aurius
3238 2079 3508 2136 tribunus

189 2187 266 2224 res
292 2187 426 2242 quas
452 2171 745 2242 eligerant
795 2172 1236 2241 perscrutantes,
1270 2169 1475 2224 domos
1501 2173 1561 2222 et
1589 2168 1788 2223 ceccle-
1889 2183 2021 2221 cum
2054 2165 2319 2221 universa
2349 2165 2550 2238 populi
2574 2165 2951 2222 multitudine
2999 2165 3099 2238 qui
3127 2184 3198 2224 ex
3247 2168 3508 2240 prodicta

187 2259 282 2314 sies
330 2259 384 2314 in
439 2259 670 2315 eisdem
727 2259 1016 2314 edifﬁeare
1072 2261 1370 2330 ceperunt.
1419 2258 1677 2321 Quarum
1726 2256 1785 2310 in
1885 2254 2166 2310 Altinensi
2197 2255 2588 2328 confugerant
2635 2253 2888 2321 civitate,
2935 2255 3222 2312 Obelierio
3258 2260 3501 2311 metu!

189 2347 547 2402 edifficatione
589 2346 848 2401 relictam
888 2345 1195 2400 Altinensis
1248 2344 1491 2399 civitatis
1539 2343 1788 2416 pulchri-
1885 2343 2060 2397 Beato
2095 2343 2304 2413 (127-8)
2336 2350 2402 2385 ιιι
2436 2341 2675 2398 ducibus
2690 2343 2840 2399 colla
2864 2343 3345 2400 submittentesse
3367 2346 3502 2402 sub-

188 2435 422 2491 tudinem
444 2452 551 2491 nec
592 2452 706 2490 non
741 2439 798 2489 et
824 2436 1137 2490 multarum
1186 2433 1430 2489 turrium
1459 2432 1784 2488 subversio-
1877 2432 2250 2503 jugaverunt,
2269 2447 2338 2486 eo
2361 2430 2569 2486 ordine
2604 2430 2792 2504 quoin
2817 2431 3046 2504 profata
3063 2430 3293 2488 civitate
3314 2433 3435 2502 (fol.
3450 2435 3500 2503 2)

189 2541 303 2579 nem
331 2527 678 2589 recolentes,
705 2524 836 2578 licet
865 2523 1046 2578 nimio
1078 2539 1305 2578 merore
1337 2521 1781 2587 turbati,tamen

189 2613 627 2684 supradictarum
654 2613 897 2668 turrium
930 2612 1260 2668 nominibus
1288 2612 1411 2666 illas
1441 2628 1582 2683 quas
1625 2611 1784 2666 habi-

190 2706 351 2757 tantes
381 2712 448 2746 m
479 2702 705 2757 insulas
734 2703 1118 2774 appellarunt.
1153 2701 1314 2756 Unde
1345 2701 1562 2755 factum
1593 2704 1700 2766 est,
1721 2704 1783 2756 ut

189 2791 458 2861 cujusdam
504 2789 988 2846 excellentissime
1027 2789 1288 2860 ejusdem
1339 2787 1582 2842 civitatis
1612 2787 1782 2842 turris

190 2879 400 2934 nomine
425 2877 678 2934 Torcelli
705 2877 824 2932 Arii
863 2894 1067 2932 omnes
1114 2876 1296 2931 insule
1351 2876 1573 2946 pretate
1617 2892 1781 2930 voca-

187 2970 380 3023 rentur.
399 2968 472 3022 Ex
491 2966 842 3038 supradictis
859 2965 1052 3036 itaque
1071 2965 1316 3019 insulam
1346 2963 1640 3034 quandam
1664 2964 1783 3018 Arii

1885 2519 2023 2573 olim
2046 2519 2260 2574 subditi
2275 2519 2509 2575 fuerant
2521 2519 2762 2574 ducibus
2771 2519 2869 2592 qui
2891 2519 3068 2591 ipsius
3079 2520 3345 2592 regimen
3360 2521 3506 2580 obti-

1881 2611 2156 2664 nuerant.
2190 2608 2283 2662 His
2295 2625 2551 2680 namque
2559 2609 2826 2680 patratis,
2843 2611 2905 2664 ut
2917 2625 3091 2681 supra
3113 2613 3503 2668 memorath

1883 2701 1988 2764 est,
2023 2715 2090 2752 ex
2121 2697 2496 2754 concessione
2523 2697 2648 2768 jam
2676 2697 2964 2754 dictorum
2987 2698 3208 2754 .ducum
3238 2699 3502 2771 etpopuli

1883 2785 2307 2842 collaudatione
2327 2785 2582 2859 quedam
2600 2785 2794 2842 littora
2805 2786 2863 2841 in
2877 2785 3088 2858 prefati
3111 2786 3270 2842 Antii
3286 2786 3502 2844 tribuni

1886 2877 2168 2946 potestate
2191 2891 2461 2930 concessa
2477 2878 2628 2930 sunt.
2645 2877 2708 2930 In
2723 2874 2914 2946 primo
2934 2891 3187 2948 quorum
3208 2874 3504 2948 quendam

1883 2963 2140 3020 Maurum
2175 2962 2602 3042 presbyterum,
2636 2963 2733 3034 qui
2763 2962 2834 3018 de
2861 2962 3248 3020 Altinensium
3276 2963 3506 3037 fugerat

190 3070 299 3110 cum
328 3056 680 3130 quibusdam
739 3053 852 3108 suis
905 3053 1170 3119 ser‘viciis,
1223 3056 1284 3107 ut
1313 3052 1390 3106 ibi
1427 3052 1782 3120 habitarent,
1801 3092 1854 3154 Ο
1886 3050 2132 3118 civitate,
2166 3050 2418 3118 invenit;
2452 3050 2549 3123 qui
2580 3049 2630 3105 ei
2655 3051 3190 3122 ordinatimpmnia
3218 3051 3500 3128 exposuit,

190 3142 277 3198 sibi
302 3145 670 3201 vindicarunt
693 3142 788 3197 ubi
837 3141 1010 3197 etiam
1043 3140 1343 3212 proprium
1379 3157 1591 3196 nomen
1622 3157 1782 3196 com-

189 3235 470 3300 mutantes,
503 3247 716 3287 omnes
747 3230 843 3302 qui
875 3247 943 3284 ex
973 3245 1174 3284 eorum
1209 3229 1362 3283 tribu
1386 3231 1573 3294 erant,
1619 3228 1786 3283 Aurii

189 3322 390 3390 apellati
421 3325 582 3376 sunt.
637 3320 776 3374 Cum
829 3319 916 3374 his
955 3317 1188 3389 quidem
1235 3333 1443 3372 omnes
1489 3316 1570 3370 illi
1600 3316 1697 3388 qui
1728 3316 1785 3370 in

186 3409 552 3466 Altinensium
593 3412 760 3463 erant
779 3408 1027 3474 civitate,
1061 3406 1117 3461 in
1146 3409 1314 3478 porta
1333 3405 1430 3459 illa
1455 3422 1566 3476 que
1596 3422 1788 3460 versus

186 3498 366 3554 boreas
424 3500 544 3570 (fol.
613 3501 658 3568 l)
697 3496 1058 3569 respiciebat,
1103 3495 1320 3549 ibidem
1376 3493 1647 3566 hospitali
1705 3494 1786 3548 vi-

188 3601 298 3642 cum
316 3589 636 3644 Burianum
652 3584 808 3639 Aurii
827 3601 860 3638 a
877 3587 1044 3654 porta
1064 3584 1159 3638 illa
1180 3581 1460 3655 appellari
1482 3581 1788 3637 constitue-

186 3680 316 3732 runt.
344 3677 547 3732 Aurius
598 3691 730 3730 vero
787 3673 1050 3727 tribunus
1101 3688 1232 3726 cum
1286 3670 1456 3727 massi
1501 3669 1644 3741 (125)
1685 3671 1784 3742 qui

182 3761 382 3819 Macinii
415 3764 632 3820 Celires
671 3761 940 3834 appellati
984 3763 1136 3827 sunt,
1180 3764 1236 3813 et
1269 3775 1398 3813 cum
1437 3757 1782 3831 quibusdam

185 3852 291 3907 aliis
319 3871 566 3927 quorum
598 3851 838 3907 nomina
863 3851 1225 3923 ignorantur,
1276 3849 1467 3903 locum
1508 3848 1606 3921 qui
1649 3847 1782 3903 huic

185 3937 344 3996 insule
367 3943 612 3998 vicinior
640 3943 763 3995 erat
784 3939 857 3994 ad
885 3938 1266 3993 habitandum
1295 3937 1608 4009 eligerunt.
1635 3937 1777 3994 Cum

184 4026 258 4082 his
282 4031 515 4102 quidem
547 4029 999 4102 permanserunt
1023 4043 1224 4081 omnes
1248 4025 1325 4079 illi
1345 4025 1440 4098 qui
1464 4026 1696 4081 fuerant
1717 4025 1775 4081 in

184 4117 385 4187 profata
405 4119 638 4174 civitate
673 4117 742 4172 de
765 4133 969 4172 eorum
999 4118 1187 4187 porta,
1203 4114 1368 4185 juxta
1397 4131 1572 4187 quam
1604 4115 1776 4170 turris

183 4219 378 4278 magna
406 4212 464 4264 et
502 4207 680 4262 nimis
704 4206 925 4260 excelsa
952 4205 1161 4271 fuerat,
1193 4220 1258 4257 ex
1291 4219 1404 4274 qua
1429 4207 1554 4258 erat
1573 4203 1652 4257 eis
1687 4203 1774 4257 in-

183 4295 818 4351 troitusetexitus.IIunc
831 4309 1082 4364 namque
1095 4293 1285 4346 locum
1302 4291 1691 4346 inhabitantes
1708 4308 1774 4346 ex

183 4388 333 4451 porta
343 4389 398 4440 et
411 4385 556 4440 turri
571 4385 667 4438 illa
681 4399 894 4454 magna
906 4382 1100 4436 Vicum
1117 4380 1419 4452 Majoribus
1433 4382 1476 4452 (l
1492 4384 1577 4447 26)
1591 4379 1773 4434 isdem

179 4473 365 4529 Aurius
390 4473 688 4530 constituit
716 4470 1012 4545 appellari.
1030 4472 1091 4524 In
1114 4486 1228 4540 qua
1274 4469 1497 4524 Maxum
1526 4469 1771 4524 militem

171 4557 355 4627 judicii
386 4563 544 4617 fecit.
578 4562 734 4616 Idem
750 4560 955 4615 Aurius
972 4559 1238 4614 tribunus
1265 4575 1398 4613 eum
1431 4558 1768 4628 Fraudunis,

179 4651 263 4718 qui
288 4658 342 4705 et
374 4652 583 4706 Faletri
612 4651 994 4723 appellantur,
1027 4652 1084 4703 et
1113 4648 1391 4715 Rusticus,
1420 4649 1516 4720 qui
1538 4647 1770 4703 Luthoi-

180 4739 256 4791 tus
288 4740 517 4807 dicitur,
569 4743 624 4794 et
671 4737 1011 4805 Calciamiri,
1069 4754 1211 4810 quos
1262 4737 1512 4791 Gambas
1567 4737 1772 4792 sericas

177 4828 568 4895 nominarunt,
595 4845 724 4882 cum
747 4826 1059 4883 viatoribus
1089 4829 1147 4880 et
1168 4824 1515 4898 quibusdam
1537 4825 1771 4898 reliquis

177 4929 411 4984 quorum
434 4917 676 4972 nomina
705 4917 1070 4989 ignorantur,
1115 4931 1319 4970 omnes
1345 4913 1576 4969 insimul
1607 4930 1771 4986 quas-

1887 3139 2134 3212 qualiter
2171 3139 2277 3194 sibi
2322 3138 2472 3194 Deus
2525 3140 2876 3194 revelaverat
2929 3141 3225 3213 quendam
3275 3140 3500 3198 heremi

1885 3227 2098 3291 locum,
2134 3226 2192 3281 in
2219 3242 2331 3297 quo
2350 3226 2530 3282 sancti
2549 3227 2815 3282 martires
2849 3227 3088 3284 Hermes
3113 3233 3171 3284 et
3195 3229 3502 3288 Herasmus

1886 3315 1945 3370 in
1977 3314 2076 3368 Dei
2099 3315 2322 3368 honore
2349 3317 2624 3370 eteorum
2652 3315 2907 3370 nominis
2933 3317 3095 3372 titulo
3115 3318 3433 3374 meclesiam
3447 3318 3501 3375 ei

1886 3402 2180 3458 edifficare
2203 3402 2514 3473 jusserant,
2548 3403 2708 3473 cujus
2737 3402 2915 3457 etiam
2936 3404 3268 3460 mercedem
3285 3405 3372 3462 illi
3395 3407 3503 3462 im-

1887 3491 2142 3564 pendere
2157 3489 2572 3563 promiserunt.
2600 3491 2661 3544 In
2677 3491 2940 3562 sequenti
2959 3507 3190 3566 quoque
3207 3493 3402 3549 littore
3421 3494 3503 3550 al-

1886 3580 2185 3635 bissimam
2232 3578 2446 3633 nubem
2491 3578 2598 3634 sibi
2647 3579 2980 3650 apparuisse
3011 3578 3260 3648 dicebat,
3293 3597 3361 3636 ex
3386 3598 3500 3655 qua

1882 3668 2028 3723 duos
2057 3665 2328 3722 claritatis
2356 3667 2507 3721 velut
2549 3667 2682 3722 solis
2730 3666 2922 3722 radios
2950 3668 3319 3740 resplendere
3351 3669 3501 3726 vide-

1882 3760 1994 3812 rat.
2027 3755 2112 3810 Λᾶ
2142 3772 2318 3828 quam
2341 3770 2472 3810 cum
2511 3755 2786 3828 proppius
2831 3756 3151 3824 accederet,
3173 3757 3500 3814 clarissima

1881 3861 2016 3901 voce
2028 3843 2136 3900 sibi
2161 3845 2452 3900 dicentem
2474 3844 2690 3900 audivit
2705 3861 2718 3900 :
2736 3868 2762 3894 «
2780 3845 2900 3916 Ego
2912 3862 3040 3902 sum
3054 3844 3498 3902 DominusDeus

1879 3931 2138 3989 Salvator
2166 3937 2222 3988 et
2245 3933 2423 3989 tocius
2444 3933 2598 3989 orbis
2627 3933 2989 3993 dominator.
3015 3933 3191 3990 Terra
3211 3939 3406 3992 autem
3435 3935 3496 3992 in

1877 4041 1991 4096 qua
2010 4027 2143 4091 stas,
2173 4040 2305 4079 cave
2338 4027 2399 4078 ut
2421 4023 2478 4078 in
2511 4024 2632 4097 ipso
2664 4025 2813 4091 loco,
2867 4041 3040 4097 quem
3073 4024 3174 4080 tibi
3207 4028 3495 4083 monstra-

1876 4130 2030 4179 vero,
2066 4113 2125 4168 in
2153 4113 2391 4168 nomine
2424 4129 2556 4169 meo
2588 4113 2885 4169 basilicam
2928 4117 3256 4170 construas.
3285 4134 3318 4168 ex
3339 4115 3497 4172 Tunc

1875 4203 2055 4256 nubes
2088 4201 2184 4256 illa
2214 4218 2343 4256 cum
2379 4201 2615 4274 prefatis
2644 4201 2818 4257 radiis
2867 4219 2983 4258 non
3011 4203 3185 4275 longe
3209 4202 3285 4259 ad
3315 4202 3493 4260 alium

1875 4290 2226 4344 transferens
2257 4306 2316 4343 se
2347 4290 2560 4357 locum,
2613 4288 2671 4345 in
2729 4307 2842 4363 quo
2891 4289 3188 4354 dulcisona
3227 4291 3340 4352 alia
3388 4309 3493 4348 vox

1799 4349 2026 4433 1)l‘aeta
2054 4381 2140 4433 est
2167 4377 2237 4432 de
2269 4377 2420 4431 nube
2453 4349 2679 4433 dicens:
2713 4349 2894 4450 «.Ego
2925 4397 3054 4435 sum
3082 4351 3258 4435 Maria
3289 4349 3491 4437 domni

1871 4468 2000 4521 Jesu
2027 4463 2234 4521 Christi
2264 4466 2466 4534 Mater;
2497 4466 2554 4520 in
2583 4467 2829 4522 hocloco
2857 4468 3248 4524 mcclesiamin
3267 4469 3490 4524 honore

1871 4555 1988 4611 mei
2022 4554 2270 4609 nominis
2297 4555 2424 4608 volo
2451 4556 2513 4608 ut
2539 4555 2826 4624 edifﬁces;
2848 4578 2876 4604 ››
2899 4574 3072 4629 quem
3094 4558 3270 4613 etiam
3296 4558 3488 4613 locum

1871 4643 1976 4698 sibi
2007 4644 2308 4698 denotasse
2336 4642 2547 4697 aiebat.
2574 4645 2633 4697 In
2668 4643 2842 4698 tercio
2887 4648 3082 4700 autem
3123 4663 3254 4700 cum
3284 4662 3487 4718 per.'e~

1871 4732 2046 4787 nisset
2074 4732 2289 4797 littore,
2320 4731 2580 4802 ejusdem
2617 4732 2825 4786 littoris
2855 4732 3230 4786 medietatem
3249 4751 3315 4786 ex
3343 4751 3488 4805 gen-

1870 4820 2021 4877 cium
2054 4825 2111 4888 et
2130 4820 2327 4893 populi
2376 4819 2600 4874 diversa
2647 4820 3017 4874 multitudine
3063 4824 3401 4893 occupatam
3427 4839 3485 4876 se

1869 4911 2074 4967 vidisse
2101 4909 2395 4965 narrabat.
2433 4908 2604 4980 Cujus
2629 4908 2741 4962 alia
2767 4907 3044 4962 medietas
3073 4908 3250 4963 boum
3283 4925 3346 4962 ac
3379 4909 3482 4963 bu-

1486 5049 1716 5104 VARl/E
1754 5047 2156 5105 LECTIONES.

240 5158 305 5196 1³⁸
334 5153 408 5209 ita
430 5171 476 5210 ε.
551 5162 618 5226 ινιο
635 5154 754 5226 jam
785 5150 972 5221 deleta,
1004 5166 1233 5226 quorum
1257 5149 1376 5226 loco
1399 5149 1687 5203 recentiore
1716 5163 1883 5226 manu
1899 5146 2270 5202 tribunorum
2291 5158 2599 5226 procerum
2628 5145 2689 5224 et
2713 5143 3075 5226 saiplumucst
3109 5140 3482 5226 l._Lectz:oncm

175 5228 444 5296 antiquam
473 5213 693 5281 codexv3
721 5213 973 5282 servavit;
1010 5213 1029 5225 ⁵
1055 5232 1120 5296 εει
1149 5224 1267 5292 iam
1290 5221 1495 5284 deleta;
1530 5234 1759 5291 quorum
1796 5217 1909 5275 loco
1951 5234 2120 5274 manu
2159 5213 2442 5274 recentiore
2477 5213 2722 5269 tribunis
2757 5213 3090 5286 proceribus
3125 5220 3188 5269 et
3225 5216 3480 5285 scriptum

176 5303 242 5348 est
275 5295 319 5351 I.
352 5300 656 5369 Antiquam
680 5299 945 5353 lectionem
965 5295 1164 5368 prabet
1196 5299 1248 5350 3.

1714 5429 1939 5486 NOTi’E.

270 5539 382 5604 l2-i)
411 5537 474 5592 Id
507 5540 594 5592 est
617 5538 979 5593 hilarescens.

270 5539 382 5604 l2-i)
411 5537 474 5592 Id
507 5540 594 5592 est
617 5538 979 5593 hilarescens.

244 5536 390 5684 i125)
420 5609 484 5665 Id
514 5613 601 5666 est
629 5626 833 5680 massa,
865 5611 1227 5666 armatorum
1253 5603 1450 5678 globo.

1974 5530 2097 5600 I26)
2125 5522 2434 5600 mazzorbo.

1974 5530 2097 5600 I26)
2125 5527 2434 5582 Mazzorbo.

1943 5527 2151 5676 £42743)
2180 5598 2246 5656 V.
2279 5609 2472 5670 supra,
2501 5593 2611 5654 col.
2635 5596 2899 5654 897-899.
