3902 6210
231 519 336 578 945

1488 511 1890 570 CHRONICON
1925 509 2310 570 GBADENSE.

3448 511 3554 574 946

248 635 558 696 Laurencii
601 636 769 694 levite
799 637 857 691 et
885 635 1154 708 martyris
1180 633 1496 690 honorifice
1527 638 1854 690 construxe-
1881 640 1933 698 Α
1955 633 2209 690 cessione
2239 651 2374 690 vero
2407 631 2676 689 Obelierii
2715 635 2771 688 et
2814 626 2972 689 Beati
3011 630 3558 692 Metamaucensium

245 733 404 786 runt.
447 728 622 800 Cujus
666 743 770 798 per
808 725 996 797 girum
1052 724 1446 779 fundamentis
1494 723 1854 792 constructis,

244 818 549 872 castellum
590 813 885 888 quoddam
913 812 1024 868 illic
1055 813 1180 868 fieri
1206 812 1636 868 ordinaverunt.
1665 814 1712 866 A
1741 829 1853 884 quo

243 924 386 961 vera
414 905 647 959 castello
676 906 915 975 pontem
942 901 1318 968 edifficantes,
1352 918 1527 974 usque
1551 902 1623 956 ad
1657 900 1854 956 Amia-

237 1013 346 1050 nas
381 994 647 1048 facerunt
674 992 801 1046 iter.
833 990 1074 1046 Prefatis
1096 1007 1345 1061 namque
1379 989 1693 1044 Fraudunis
1717 1006 1853 1044 con-

239 1082 420 1139 cessit
451 1081 658 1136 Aurius
692 1080 955 1135 tribunus
985 1083 1042 1133 et
1078 1080 1300 1134 Maurus
1332 1077 1614 1149 presbiter
1643 1078 1700 1132 in
1731 1077 1853 1132 vico

233 1171 624 1226 Amianarum
647 1168 850 1239 judicii
884 1168 1260 1222 tribunatum.
1280 1167 1582 1222 Maximam
1603 1183 1738 1220 vero
1756 1183 1852 1220 cu-

232 1260 479 1332 jusdam
501 1257 708 1314 littoris
725 1260 950 1330 partem
971 1274 1036 1312 ex
1053 1257 1419 1311 concessione
1440 1255 1597 1310 Aurii
1614 1255 1854 1322 tribuni,

249 1364 492 1404 necnon
521 1350 581 1402 et
603 1346 780 1402 Mauri
805 1345 1126 1417 presbiteri,
1150 1349 1212 1400 ut
1229 1345 1300 1400 ad
1327 1344 1582 1415 ejusdem
1609 1343 1858 1399 aecclesie

252 1436 569 1490 utilitatem
604 1435 796 1489 vineas
821 1433 1200 1500 edifficarent,
1222 1432 1328 1504 ipsi
1348 1432 1633 1487 Frauduni
1653 1448 1861 1504 appre-

235 1525 600 1580 henderunt.
638 1522 913 1578 Piscarias
939 1538 1168 1594 quoque
1200 1523 1272 1576 ad
1302 1521 1559 1594 paludes,
1589 1525 1651 1576 ut
1670 1521 1858 1575 eidem

245 1613 512 1668 azcclesic
550 1611 918 1666 molendinos
948 1611 1324 1667 constitueret
1351 1609 1505 1665 idem
1533 1609 1739 1664 Aurius
1767 1608 1864 1664 tri-

255 1703 455 1758 bunus
487 1701 667 1774 (fol-'1)
717 1704 775 1755 et
814 1701 1037 1755 Maurus
1088 1709 1156 1742 ιω
1195 1700 1477 1772 presbiter
1512 1701 1705 1771 plures
1733 1716 1865 1754 con-

254 1790 454 1846 cessit.
497 1792 557 1844 In
591 1790 799 1844 eodem
829 1805 962 1844 vero
994 1788 1115 1843 vico
1146 1790 1524 1844 Amianarum
1556 1786 1863 1860 supradicti

239 1879 543 1934 Frauduni
592 1877 908 1932 azcclesiam
955 1877 1133 1932 sancti
1182 1877 1350 1932 Marci
1401 1880 1864 1944 construxerunt,

1957 724 2166 778 ducum
2207 727 2265 778 et
2302 722 2729 779 collaudacione
2770 721 2930 777 Aurii
2977 722 3194 778 tribuni
3224 738 3452 779 necnon
3491 741 3559 781 ex

1956 812 2396 867 confirmatione
2427 812 2598 866 Mauri
2631 809 2952 884 presbiteri,
2986 810 3083 882 qui
3113 811 3173 865 in
3202 809 3562 884 episcopatus

1957 902 2178 956 honore
2210 903 2424 972 ejectus
2449 900 2656 966 fuerat,
2682 900 2863 972 ipsam
2893 900 3209 955 mcclesiam
3250 901 3431 956 sancti
3474 903 3565 958 Jo~

1955 991 2164 1045 bannis
2181 990 2422 1061 apostoli
2445 993 2502 1044 et
2526 988 2891 1060 evangelista:
2913 989 3224 1043 cenobium
3249 989 3561 1047 sanctimo-

1955 1079 2194 1134 nialium
2220 1082 2500 1152 perpetuo
2529 1095 2648 1133 esse
2677 1077 3108 1133 ordinaverunt.

2027 1169 2120 1222 His
2168 1171 2360 1222 autem
2391 1171 2454 1222 ut
2482 1166 2872 1239 supradictum
2901 1169 2987 1221 est
3010 1166 3566 1232 constitutis,eodem

1955 1262 2221 1328 tempore
2249 1255 2512 1310 universa
2543 1255 2790 1309 Venetia:
2820 1255 3018 1327 populi
3062 1255 3370 1312 multitudo
3414 1274 3572 1313 com-

1961 1345 2254 1400 municato
2269 1344 2488 1399 consilii
2513 1344 2570 1398 in
2591 1344 2878 1398 Gradense
2897 1347 3567 1415 perveneruntcastrum,

1960 1433 2154 1505 ibique
2173 1435 2336 1504 juxta
2365 1432 2633 1488 (ecclesiae
2664 1432 2843 1487 sancti
2889 1432 3164 1487 Johannis
3201 1433 3447 1506 Baptiste
3497 1435 3572 1490 de

1957 1523 2227 1577 Torcellis
2259 1521 2605 1589 formam,in
2631 1521 2855 1576 honore
2875 1525 3087 1576 sanctae
3107 1521 3294 1578 Maria:
3327 1522 3575 1593 Virginis

1963 1613 2256 1667 basilicam
2291 1614 2751 1667 construxerunt.
2779 1610 2966 1665 Aliam
3000 1627 3228 1683 quoque
3258 1612 3576 1668 recclesiam

1963 1702 2020 1756 in
2042 1702 2264 1756 honore
2295 1703 2487 1754 sancte
2516 1701 2738 1770 Agathe
2785 1698 3020 1770 virginis
3063 1699 3440 1770 edifflcantes,
3467 1700 3577 1756 mi-

1965 1790 2135 1844 rabili
2161 1805 2334 1861 opere
2357 1790 2415 1844 in
2450 1787 2694 1842 eandem
2724 1787 3071 1843 ordinarunt
3089 1789 3360 1861 criptam.
3384 1793 3444 1844 ln
3468 1807 3582 1862 qua

1967 1882 2147 1934 altare
2180 1878 2238 1932 in
2291 1877 2514 1931 honore
2566 1876 2747 1930 sancti
2787 1875 2979 1930 Vitalis
3013 1877 3285 1948 martyris
3324 1881 3581 1934 erectum

248 1984 507 2040 eamque
525 1966 704 2021 sancti
730 1965 1025 2021 Laurencii
1051 1966 1302 2020 ecclesia:
1328 1966 1718 2037 subjugantes.
1742 1965 1867 2020 Non
1891 1959 1942 2018 B
1969 1972 2072 2034 est,

256 2059 398 2127 post
428 2056 674 2110 multum
710 2054 988 2127 temporis
1024 2053 1131 2124 ipsi
1177 2053 1462 2108 Frauduni
1494 2070 1624 2107 cum
1655 2052 1870 2108 Calcia-

257 2144 432 2198 miris
459 2143 680 2214 aliquas
709 2142 977 2214 reliquias
1009 2145 1339 2197 sanctorum
1372 2141 1678 2196 martirum
1711 2141 1874 2213 Sergi

261 2237 326 2289 et
361 2233 534 2292 Bachi
558 2249 591 2287 a
621 2232 873 2304 quodam
907 2231 1199 2304 Stephano
1228 2231 1555 2302 Scopacalle
1574 2231 1878 2303 suscipien-

269 2325 387 2388 tes,
420 2321 741 2375 mcclesiam
781 2319 840 2373 in
873 2319 972 2375 Dei
1004 2324 1062 2375 et
1091 2336 1292 2374 eorum
1338 2320 1558 2374 honore
1597 2320 1656 2374 in
1693 2319 1877 2390 capite

254 2410 368 2465 vici
392 2409 790 2464 Constanciaci
813 2409 1262 2476 edifticaverunt,
1285 2426 1457 2481 quam
1481 2409 1702 2479 prefate
1727 2408 1880 2479 plebi

259 2498 458 2554 sancti
478 2497 777 2553 Laurencii
794 2497 1191 2552 subdiderunt.
1215 2499 1427 2552 lterum
1443 2499 1717 2570 quasdam
1743 2498 1882 2552 alias

256 2588 549 2660 reliquias
561 2589 892 2642 sanctorum
909 2586 1213 2641 martirum
1231 2587 1572 2642 Marcelliani
1587 2591 1643 2642 et
1657 2587 1881 2643 Maximi

256 2698 292 2735 a
327 2676 690 2752 quibusdam
713 2675 1034 2730 castellanis
1069 2675 1510 2747 acquisivcrunt,
1543 2676 1601 2731 in
1635 2694 1882 2748 quorum

251 2769 491 2824 honore
507 2765 822 2822 (ecclesiam
842 2765 1217 2833 edifflcantes,
1235 2767 1263 2820 J
1268 2783 1362 2820 am
1382 2766 1530 2821 dicte
1549 2767 1884 2837 subjugave-

260 2860 410 2912 runt
448 2855 628 2930 plebi.
676 2856 786 2908 Has
818 2871 1069 2927 namque
1103 2859 1218 2908 tres
1247 2855 1528 2909 «(ecclesias
1558 2871 1663 2926 per
1687 2855 1881 2928 scripti

269 2944 711 3018 cyrographum
747 2943 966 3014 prefate
997 2942 1380 2997 subdiderunt
1409 2943 1558 3014 plebi
1586 2961 1602 3007 ;
1647 2959 1714 2998 eo
1745 2960 1880 3000 vero

261 3033 478 3090 ordine
509 3035 571 3086 ut
597 3031 836 3104 singulis
859 3031 1026 3086 annis
1045 3032 1099 3085 in
1124 3048 1324 3086 earum
1345 3031 1881 3103 festivitatibusjam

268 3124 450 3178 dictas
476 3119 728 3176 ecclesia:
755 3120 1002 3191 plebano
1025 3119 1331 3191 prandium
1356 3137 1664 3192 preparare
1687 3130 1755 3164 υτ
1775 3121 1880 3177 ho-

2047 2060 2125 2112 Ea
2143 2074 2395 2128 namque
2411 2059 2755 2127 tempestate
2773 2055 3002 2110 cuidam
3017 2054 3356 2110 Geminiano
3374 2053 3588 2128 presbi-

1977 2152 2101 2202 tero
2131 2147 2324 2202 divina
2354 2146 2701 2201 revelatione
2749 2144 3072 2216 injunctum
3119 2147 3224 2211 est,
3277 2146 3338 2199 ut
3364 2143 3424 2199 in
3450 2144 3586 2199 Ter-

1979 2236 2204 2308 gcstina
2233 2235 2460 2288 civitate
2497 2233 2807 2300 destructa,
2839 2233 2992 2288 inter
3034 2247 3231 2288 muros
3257 2230 3507 2286 ecclesia:
3531 2235 3592 2286 et

1981 2341 2178 2379 muros
2210 2325 2511 2379 destructaa
2531 2322 2796 2387 civitatis,
2825 2337 3068 2394 corpora
3093 2324 3426 2376 sanctorum
3449 2337 3590 2394 qua-

1984 2413 2254 2485 draginta
2283 2416 2339 2466 et
2370 2413 2482 2467 duo
2523 2414 2844 2482 martyrum
2875 2410 3182 2482 diligenter
3211 2409 3590 2482 perquireret.

1983 2503 2198 2566 Quibus
2227 2500 2495 2568 inventis,
2527 2516 2657 2554 cum
2699 2499 3042 2571 quibusdam
3091 2498 3204 2552 suis
3233 2497 3596 2570 comprovin-

1984 2592 2220 2646 cialibus
2246 2599 2314 2632 ω
2331 2589 2398 2644 ad
2417 2589 2560 2660 Aqui
2572 2587 2888 2658 legensium
2904 2587 3253 2642 destructam
3267 2587 3597 2658 perveniret

1985 2682 2298 2747 civitatem,
2333 2678 2735 2751 perquirentes
2754 2676 3024 2749 reliquias
3054 2679 3410 2743 sanctorum,
3436 2675 3597 2731 inve-

1987 2772 2198 2824 nerunt
2230 2769 2307 2824 ibi
2339 2783 2585 2840 corpora
2615 2769 2948 2822 sanctorum
2966 2769 3288 2836 martyrum
3317 2765 3512 2820 Cancii
3539 2769 3599 2820 et

1986 2857 2256 2913 Canciani
2308 2861 2480 2928 atque
2522 2855 2908 2922 Cancianillm,
2967 2871 3196 2910 necnon
3245 2857 3304 2908 et
3353 2870 3600 2927 corpora

1985 2952 2316 3001 sanctarum
2346 2945 2657 3018 virginum,
2681 2943 3524 3011 Euﬂmiaa,Dorotheaz,Tecleea
3537 2947 3596 3000 et

1985 3038 2256 3102 Erasmm,
2304 3051 2444 3107 quas
2483 3050 2688 3090 omnes
2736 3033 3024 3106 reliquias,
3078 3037 3141 3088 ut
3179 3033 3232 3088 ei
3273 3034 3592 3089 revelatum

1984 3126 2190 3191 fuerat,
2224 3139 2417 3178 secum
2451 3123 2816 3191 defferentes,
2843 3140 2974 3177 cum
2998 3122 3253 3178 maximo
3280 3122 3504 3178 honore
3532 3121 3590 3177 in

276 3211 526 3266 noriﬁce
549 3209 1040 3279 deberent.Hujus
1057 3209 1383 3263 verovicem
1405 3209 1588 3265 isdem
1606 3212 1882 3282 plebanus
1907 3245 1952 3306 Ο
1984 3218 2170 3268 castro
2201 3211 2475 3267 Gradensi
2506 3211 2660 3266 infra
2701 3210 2984 3266 (ecclesias
3027 3210 3362 3282 dignissime
3392 3209 3594 3266 condi-

253 3300 315 3354 in
349 3297 532 3370 ipsius
562 3296 745 3369 plebis
780 3296 1085 3351 festivitate
1131 3297 1448 3352 earundem
1493 3299 1879 3356 tecclesiarum
1911 3296 1958 3339 νγ
1984 3303 2212 3357 derunt.

255 3387 488 3442 clericis
537 3385 958 3441 constituerunt
1005 3384 1270 3441 reddere.
1325 3385 1400 3439 Ex
1449 3387 1879 3444 collaudacione

248 3494 396 3534 vero
444 3475 606 3532 Aurii
651 3473 886 3541 tribuni,
929 3473 1202 3546 principis
1236 3474 1577 3543 Torcellani,
1609 3480 1667 3530 et
1701 3471 1878 3534 Mauri

251 3565 590 3644 presbiteri,
633 3564 730 3636 qui
762 3564 820 3618 in
847 3563 1118 3635 episc0pii
1146 3564 1367 3618 honore
1414 3565 1625 3620 electus
1665 3568 1872 3637 fuerat,

254 3675 364 3733 per
415 3653 750 3712 testamenti
789 3651 1061 3724 paginam
1108 3658 1474 3720 censuerunt,
1520 3657 1788 3727 quatinus
1829 3659 1873 3714 si

257 3747 389 3821 quis
415 3762 485 3800 ex
513 3743 746 3797 illorum
768 3738 922 3793 tribu
946 3739 1097 3793 utilis
1115 3739 1472 3797 inveniretur
1497 3745 1751 3813 clericus,
1777 3764 1869 3802 ac-

259 3839 430 3908 cepta
463 3829 839 3886 investicione
865 3845 900 3881 a
924 3828 1257 3884 Torcellano
1291 3832 1583 3901 pontifice,
1623 3835 1744 3890 sine
1776 3835 1874 3890 ali-

254 3927 418 3995 cujus
470 3917 919 3984 contraditiOne,
963 3914 1021 3968 in
1065 3919 1246 3973 sancti
1286 3922 1581 3977 Laurencii
1617 3924 1872 3980 recclesia

255 4015 469 4086 pleban
479 4029 544 4066 us
556 4011 1022 4067 constitueretur.
1039 4011 1135 4066 Sin
1151 4016 1344 4067 autem
1358 4029 1422 4066 ex
1441 4011 1694 4083 predicta
1711 4016 1870 4084 prole

259 4102 432 4157 nullis
459 4101 588 4154 talis
616 4105 939 4170 superesset
963 4101 1228 4167 clericus,
1263 4101 1520 4172 ejusdem
1553 4103 1869 4174 parrochia;

257 4189 428 4246 vicini
462 4189 520 4244 in
549 4188 725 4244 aliam
752 4205 928 4261 quam
960 4191 1171 4245 vellent
1193 4206 1501 4261 personam
1528 4191 1764 4248 liberam
1785 4193 1869 4248 fa-

259 4279 450 4336 ciendi
488 4278 836 4334 electionem
878 4279 1163 4335 haberent
1198 4283 1563 4350 potestatem.
1608 4283 1873 4354 Reliquas

257 4385 393 4424 vero
425 4367 716 4434 ecclesias,
741 4383 852 4438 que
884 4383 986 4437 per
1016 4368 1265 4422 diversas
1278 4369 1517 4424 Torcelli
1544 4374 1736 4441 partes
1751 4372 1872 4426 fue-

260 4463 393 4513 rant
428 4457 737 4512 edifficate.
757 4456 962 4511 Aurius
993 4457 1258 4513 tribunus
1272 4461 1330 4512 et
1341 4458 1628 4531 prodictus
1655 4461 1877 4516 Maurus

2054 3392 2286 3447 Hisdem
2313 3393 2510 3444 autem
2537 3389 2898 3459 temporibus
2921 3391 3124 3444 Beatus
3170 3398 3240 3432 150
3280 3390 3391 3445 dux
3420 3391 3594 3446 Meta-

1982 3479 2405 3546 mancensium,
2436 3494 2567 3532 cum
2596 3476 2940 3548 quibusdam
2969 3476 3216 3532 tribunis
3275 3477 3391 3547 (fol.
3447 3478 3499 3549 5)
3538 3484 3598 3535 et

1982 3569 2280 3626 nobilibus
2311 3567 2423 3621 suis
2455 3567 2528 3621 ad
2560 3565 2942 3620 universalem
2964 3566 3224 3620 Romane
3246 3565 3394 3620 sedis
3411 3565 3600 3636 ponti-

1977 3661 2147 3715 ficem
2181 3657 2441 3714 nomime
2475 3653 2849 3709 Benedictum
2875 3656 3016 3724 (130‘)
3037 3652 3290 3724 adgressi
3316 3657 3449 3708 sunt
3464 3654 3593 3714 iter.

1970 3753 2229 3821 Atquem
2245 3763 2376 3802 cum
2397 3743 2809 3817 pervenissent,
2824 3742 3158 3814 suppliciter
3177 3741 3314 3796 fusis
3333 3741 3597 3813 precibus

1973 3837 2244 3910 quatinus
2276 3833 2566 3890 Gradense
2587 3834 2839 3887 castrum
2859 3848 3068 3887 novam
3090 3828 3415 3903 Aquileiam
3439 3830 3600 3885 insti-

1979 3928 2186 3989 tueret,
2220 3927 2279 3979 et
2309 3923 2488 3978 tocius
2527 3919 2779 3976 Venetia:
2830 3924 2888 3976 et
2936 3919 3172 3992 Hystriaz
3225 3918 3596 3991 metropolim

1974 4013 2272 4070 ordinaret
2304 4011 2789 4085 deprecabantur.
2825 4009 3070 4064 Nomina
3101 4024 3331 4081 quoque
3359 4007 3600 4080 patriar-

1977 4105 2220 4159 charum
2249 4101 2346 4174 qui
2375 4103 2504 4173 post
2530 4098 2985 4155 destructionem
3006 4097 3474 4170 Aquilegeusium
3502 4109 3600 4154 ur-

1971 4194 2057 4249 bis
2085 4195 2208 4249 sine
2245 4192 2486 4263 alicujus
2511 4189 2807 4263 apostolici
2847 4188 3214 4244 concessione
3266 4186 3327 4242 in
3374 4187 3598 4262 prefato

1973 4281 2248 4339 Gradensi
2299 4280 2532 4336 castello
2589 4279 2878 4345 sederant,
2929 4278 3278 4333 refferebant
3305 4277 3596 4333 dicentes:

1979 4396 2005 4421 ‹‹
2043 4369 2404 4426 Marcellinus
2427 4367 2775 4440 patriarcha,
2802 4368 2922 4438 ipse
2938 4367 3160 4439 primus
3177 4365 3236 4420 in
3260 4365 3467 4421 eadem
3493 4381 3599 4422 no-

1981 4477 2113 4514 vam
2150 4457 2474 4531 Aquileiam
2508 4457 2657 4512 sedis
2679 4467 2746 4500 ίδι
2781 4456 2945 4513 annis
2973 4460 3060 4522 19,
3092 4454 3189 4528 qui
3214 4454 3372 4526 prius
3385 4454 3603 4510 fecerat

263 4546 554 4618 presbiter
598 4545 695 4617 qui
733 4545 921 4600 fuerat
967 4546 1180 4602 electus
1211 4564 1342 4602 cum
1389 4548 1636 4604 universi
1683 4539 1952 4623 populiD
1980 4547 2401 4604 monasterium
2464 4546 2825 4618 Beligniense
2866 4547 2924 4601 in
2983 4546 3273 4601 destructa
3319 4541 3598 4616 Aquileia,

264 4635 434 4690 laude
464 4633 890 4689 constituerunt
917 4637 974 4689 et
1015 4635 1526 4705 conﬁrmaverunt,
1561 4642 1736 4711 atque
1774 4640 1878 4694 sub

266 4724 612 4796 potestativo
622 4724 757 4794 jure
774 4725 1041 4781 aeeclesiaa
1063 4729 1272 4780 sanctae
1294 4726 1479 4782 Maria:
1501 4728 1878 4784 subdiderunt

267 4814 389 4884 (fol.
420 4812 514 4879 4'),
543 4815 600 4868 et
622 4813 886 4868 omnium
918 4815 1378 4886 supradictarum
1399 4824 1467 4857 N8
1489 4817 1875 4873 (ecclesiarum

265 4903 616 4958 censuerunt
637 4901 988 4975 episcopium
1010 4903 1194 4974 ipsam
1217 4903 1514 4958 ecclesiam
1539 4909 1748 4961 sanctte
1764 4906 1876 4961 Ma-

270 4992 382 5047 rias.
413 4991 582 5046 Juxta
607 4991 757 5044 hanc
778 4991 988 5065 quippe
1010 4991 1327 5047 mcclesiam
1354 5010 1470 5049 non
1491 4995 1663 5066 longe
1691 4994 1748 5048 in
1770 4995 1874 5050 ho-

269 5096 409 5135 nore
436 5080 536 5134 Dei
564 5083 623 5134 et
651 5080 830 5134 sancti
856 5081 1134 5136 Johannis
1155 5081 1396 5154 apostoli
1425 5086 1482 5137 et
1511 5085 1876 5156 evangelista:

271 5168 477 5242 prefati
508 5167 796 5224 Frauduni
827 5170 1260 5226 edifﬂcaverunt
1283 5171 1602 5228 basilicam.
1636 5175 1710 5227 Ex
1741 5190 1878 5228 con-

1980 4639 2134 4711 quod
2167 4637 2344 4692 etiam
2376 4637 2798 4691 monasterium
2830 4635 2934 4690 sub
2965 4633 3184 4709 proprii
3205 4631 3450 4690 dominii
3467 4631 3599 4703 jure

1979 4726 2260 4799 quamdiu
2290 4725 2430 4780 vixit
2460 4725 2716 4782 retinuit.
2766 4725 2905 4780 Huic
2932 4729 3131 4779 autem
3161 4723 3432 4780 successit
3455 4723 3600 4778 Mar-

1979 4817 2241 4882 cellinus,
2287 4815 2384 4888 qui
2435 4815 2602 4870 annis
2637 4819 2699 4869 l5
2734 4830 2896 4868 novre
2922 4813 3218 4885 Aquilegaa
3243 4812 3391 4868 rexit
3421 4813 3600 4868 eccle-

1979 4906 2149 4960 siam.
2179 4907 2311 4960 Post
2340 4921 2513 4976 quem
2541 4903 2870 4974 Stephanus
2901 4899 2960 4954 in
2989 4900 3249 4970 ejusdem
3292 4900 3465 4956 castri
3491 4917 3598 4955 mc-

1977 4995 2208 5048 clesiam
2236 4993 2382 5048 sedit
2413 4993 2581 5047 annis
2616 4996 2679 5047 l2
2715 4993 2773 5045 et
2807 4989 3103 5044 mensibus
3133 4991 3163 5043 3
3196 4992 3254 5042 et
3283 4989 3483 5046 diebus
3512 4993 3600 5045 lii.

1982 5085 2155 5154 Hujus
2200 5084 2414 5158 quippe
2461 5098 2755 5137 successor
2788 5077 2973 5134 extitit
3015 5078 3260 5145 Maurus,
3292 5080 3389 5151 qui
3416 5081 3473 5135 in
3505 5096 3603 5135 ea-

1982 5174 2117 5228 dem
2168 5172 2424 5228 tecclesia
2470 5169 2682 5242 prefuit
2730 5167 2896 5224 annis
2945 5169 3000 5234 4,
3058 5164 3351 5221 mensibus
3471 5170 3604 5222 Post

1601 5279 1740 5333 VAR
1749 5280 1834 5334 UE
1875 5280 2164 5335 LECTION
2173 5280 2276 5335 ES.

346 5385 416 5418 ιιο
445 5377 523 5432 sic
537 5375 781 5448 primum
809 5374 1070 5446 scriptum
1087 5381 1236 5448 ierat,
1257 5382 1380 5446 post
1410 5393 1446 5430 u
1477 5378 1532 5430 in
1553 5393 1591 5448 g
1616 5385 1665 5431 et
1695 5395 1732 5431 n
1760 5394 1818 5432 ιη
1864 5395 1895 5433 r
1918 5383 2126 5432 mutata
2155 5384 2380 5445 sunt,ut
2402 5391 2542 5428 nilne
2571 5375 2807 5446 Magnus
2834 5371 2898 5448 in
2923 5371 3101 5448 codice
3124 5368 3358 5441 legatur.
3389 5367 3606 5448 Indicia

275 5456 450 5504 tamen
466 5443 666 5519 prima:
692 5443 932 5519 lectionis
957 5447 1122 5517 facile
1150 5443 1394 5516 cognosci
1411 5443 1653 5518 possunt.
1686 5449 2072 5504 Giesebercbt.
2154 5457 2221 5490 N'I
2252 5443 2496 5519 prepare
2534 5463 2580 5503 c.
2609 5517 2630 5519 _
2660 5443 2730 5488 ῖη
2767 5448 2844 5499 ita
2875 5447 2926 5500 3.
2959 5443 3332 5498 tribunorum
3365 5444 3435 5519 et
3466 5455 3602 5519 pro-

275 5511 484 5598 cerum'
502 5523 560 5573 et
675 5518 792 5598 loco
822 5534 944 5598 raso
956 5511 1176 5598 postera
1204 5511 1369 5573 inauu
1408 5511 1461 5574 l.
1538 5511 1609 5563 1‘5
1647 5537 1781 5576 cum
1810 5519 2162 5594 supplendum
2205 5511 2309 5576 esse
2336 5511 2563 5574 videtur.
2595 5517 2662 5573 G.
2740 5525 2810 5560 ηο
2833 5519 2907 5570 ita
2939 5519 2990 5572 3.
3026 5528 3296 5588 proceres
3321 5518 3382 5571 et
3408 5511 3482 5571 ἐπ’
3496 5511 3606 5566 loco

277 5607 402 5646 naso
439 5592 486 5646 l.
566 5596 634 5634 ιιι
666 5587 774 5658 lege
803 5605 817 5645 :
849 5587 1016 5644 sedit.

1813 5681 2039 5741 NOTAE.

365 5769 514 5842 (l30)
547 5767 882 5828 Benedictus
921 5768 1112 5825 nullus
1147 5765 1312 5823 initio
1353 5768 1541 5825 saeculi
1573 5770 1713 5829 noni
1739 5773 1903 5830 sedit.
