3902 6210
374 504 479 568 947

1586 501 1872 561 JOANNIS
1910 498 2197 558 DIACONI
2230 499 2477 558 VENETI

3598 511 3715 574 948

379 647 556 707 quem
584 627 1071 702 lacedanius'per
1090 643 1276 684 annos
1308 627 1370 684 l6
1393 627 1453 683 et
1477 642 1705 683 menses
1735 632 1766 683 5
1798 631 1858 683 et
1881 625 2003 684 dies
2025 625 2078 684 A
2103 622 2380 692 innotuit,
2399 623 2656 697 qualiter
2672 623 2826 683 cives
2840 625 3114 700 Aquileia
3129 628 3484 689 sevissimam
3504 635 3738 711 Longo-

379 726 412 778 6
443 721 659 778 ibidem
691 719 880 777 extitit
923 718 1271 792 patriarcha,
1312 719 1409 792 qui
1454 717 1768 774 acclesiam
1820 717 2000 772 sancti

378 809 660 867 Johannis
685 807 929 883 apostoli
963 812 1021 865 et
1049 807 1415 880 evangelista
1443 806 1502 862 in
1533 807 1741 862 eodem
1769 808 1998 862 castello

381 899 663 958 fundavit.

454 1004 483 1032 «
529 981 640 1036 Hos
655 983 853 1036 autem
877 979 938 1036 in
964 995 1208 1036 numero
1232 980 1652 1052 episcoporum,
1678 980 1774 1050 qui
1800 996 1834 1034 a
1851 983 1998 1034 tem-

383 1085 524 1144 pore
553 1069 705 1125 beati
738 1068 908 1125 Marci
937 1085 1114 1141 usque
1163 1069 1237 1124 ad
1267 1069 1544 1135 Nicetam,
1595 1069 1690 1142 qui
1735 1073 2000 1139 tempore

385 1158 789 1215 destructionis
817 1159 1190 1232 Aquilegensi
1221 1159 1433 1230 prefuit
1470 1158 1758 1224 acclesia,
1787 1175 2002 1213 connu-

385 1248 601 1304 merari
627 1247 936 1316 credimus,
971 1266 1199 1305 necnon
1222 1250 1294 1305 ab
1308 1249 1620 1322 apostolice
1643 1249 1794 1303 sedis
1815 1248 2003 1319 ponti-

386 1336 587 1394 ﬁcibus
614 1354 748 1394 cum
781 1339 941 1411 pallii
971 1339 1376 1395 benedictione
1407 1339 1464 1394 in
1489 1341 1639 1395 hanc
1657 1355 1833 1412 quam
1858 1338 2004 1410 peti-

386 1443 514 1485 mus
545 1443 754 1485 novam
785 1429 909 1485 fieri
940 1428 1262 1502 Aquileiam
1289 1429 1555 1486 destinati
1589 1431 1740 1484 sunt.
1775 1448 1806 1480 »

453 1516 616 1573 Tunc
644 1517 800 1574 idem
825 1517 1230 1575 Sanctissimus
1256 1519 1613 1584 Benedictus,
1629 1535 1888 1573 summus
1900 1519 2006 1572 Ro-

386 1622 580 1662 mana
594 1607 743 1662 sedis
765 1607 1430 1680 pontifex,benignitatis
1451 1607 1766 1662 clemencia
1791 1611 2002 1674 motus,

387 1695 578 1768 dignis
593 1712 797 1752 eorum
822 1697 1233 1752 condescendit
1247 1695 1532 1768 precibus,
1555 1695 2008 1752 communicato-

386 1800 498 1856 que
529 1785 652 1855 (/‘ol.
685 1785 756 1857 5')
789 1787 857 1842 39
887 1785 1291 1857 episcoporum
1331 1785 1598 1852 concilio,
1655 1786 2006 1840 Gradensem

385 1873 676 1930 civitatem
709 1891 918 1931 novam
943 1873 1265 1946 Aquileiam
1293 1876 1676 1941 constituens,
1705 1892 1771 1930 ex
1803 1876 2010 1930 collau-

386 1961 622 2018 datione
659 1964 1125 2035 supradictornm
1185 1964 1592 2037 episcoporum
1643 1967 1700 2018 et
1733 1964 2007 2019 omnium

386 2054 598 2106 sancta
620 2052 901 2108 Romana
926 2051 1188 2108 Ecclesia
1209 2052 1812 2119 cardinalium,tocius
1831 2053 2010 2107 Vene-

387 2136 482 2194 tia
511 2141 571 2194 et
595 2139 820 2196 Histria
852 2142 1229 2212 metropolim
1261 2141 1571 2198 ordinavit.
1605 2141 2008 2213 Accersitoque

385 2225 532 2284 duce
559 2230 619 2284 et
647 2229 745 2302 qui
770 2245 903 2285 cum
931 2247 1000 2286 eo
1026 2233 1224 2286 erant:
1261 2248 1287 2283 ι
1322 2232 1432 2286 Per
1462 2229 1767 2302 privilegii,
1801 2229 2007 2300 inquit,

387 2321 725 2390 preceptnm
762 2323 974 2374 sancta
1002 2319 1280 2374 Romana
1310 2318 1572 2373 Ecclesia
1599 2322 1657 2373 et
1687 2325 1756 2361 ω
1794 2318 2008 2373 collau-

387 2403 622 2462 datione
634 2422 699 2462 ac
719 2405 1170 2462 confirmatione
1191 2405 1457 2462 omnium
1478 2406 1718 2462 istorum
1735 2405 2004 2472 fratrum,

386 2495 508 2549 tam
534 2494 961 2567 episcoporum,
987 2511 1164 2567 quam
1189 2495 1593 2562 cardinalium,
1616 2493 1795 2549 tocius
1822 2495 2004 2548 Vene-

388 2581 509 2650 tia,
545 2599 773 2638 necnon
799 2587 859 2638 et
888 2583 1131 2655 Hystria
1160 2583 1519 2640 Gradensem
1547 2584 1860 2639 acclesiam
1881 2601 2004 2639 me-

391 2669 667 2743 tropolim
695 2670 858 2726 vobis
883 2671 1245 2728 ordinamus.
1287 2672 1558 2744 Ejusdem
1603 2688 1736 2728 vero
1767 2673 2006 2746 presulis

391 2758 739 2815 electionem
765 2759 918 2815 clero
950 2762 1010 2815 et
1027 2761 1240 2832 populo
1263 2761 1508 2817 liberam
1529 2761 1779 2818 faciendi
1811 2761 2007 2816 tribui-

392 2864 524 2904 mus
551 2847 908 2904 facultatem.
930 2847 1158 2904 Prefate
1175 2854 1438 2922 preterea
1454 2851 1710 2923 regionis
1729 2850 1858 2906 duci
1878 2852 2008 2921 post

389 2938 606 2993 factam
619 2935 966 2993 electionem
980 2936 1366 2994 investicionis
1377 2942 1723 3011 potestatem
1744 2939 2008 2995 commit-

388 3026 589 3094 timus,
622 3043 738 3098 qua
765 3027 838 3083 ab
868 3025 992 3100 ipso
1043 3027 1188 3084 duce
1231 3032 1483 3100 accepta,
1513 3029 1772 3101 ejusdem
1804 3029 2005 3084 suffra-

389 3114 593 3188 ganeis
635 3114 1010 3172 consecrandi
1041 3115 1341 3173 licenciam
1372 3117 1763 3173 concedimus.
1792 3117 2007 3183 Quibus

390 3203 650 3276 expletis,
681 3204 757 3260 ad
778 3203 950 3276 hujus
977 3207 1189 3262 sancta
1216 3207 1476 3262 Romane
1513 3206 1784 3262 acclesia
1810 3207 2007 3262 sedem

393 3294 468 3349 ad
492 3292 649 3365 pallii
670 3293 1135 3350 benedictionem
1154 3294 1575 3367 suscipiendam
1598 3312 1910 3368 properare
1926 3294 2011 3350 in-

389 3381 694 3453 junginus.
751 3401 784 3434 »
833 3383 946 3438 Hec
994 3383 1196 3439 omnia
1239 3399 1343 3456 per
1396 3383 1683 3455 privilegii
1735 3382 2009 3456 paginam

399 3471 531 3529 duci
561 3481 632 3518 ιιι
659 3476 719 3530 et
742 3472 961 3529 cunctis
1010 3472 1135 3544 ejus
1159 3480 1229 3516 ιιι
1259 3472 1679 3528 successoribus
1706 3473 2005 3528 concessit.

394 3559 493 3617 Ad
511 3560 682 3634 hujus
693 3561 780 3618 rei
799 3559 1332 3627 confirmationem,
1347 3562 1507 3616 recto
1530 3563 1594 3616 ut
1615 3559 2010 3633 supradictum

397 3653 487 3707 est
509 3651 738 3720 ordine,
767 3651 1077 3724 quemdam
1118 3651 1360 3706 Paulum
1407 3649 1762 3705 cardinalem
1799 3653 2010 3706 sancta

398 3740 677 3798 Romana
707 3739 992 3807 Ecclesia,
1017 3738 1170 3795 facta
1199 3738 1484 3794 electione
1508 3738 1582 3794 ab
1601 3736 1738 3810 ipsis
1765 3738 2012 3794 tribunis

398 3829 686 3886 nobilibus
708 3828 961 3902 quicum
979 3828 1151 3882 Beato
1168 3835 1238 3870 ιιι
1259 3826 1403 3882 duce
1427 3825 1692 3890 aderant,
1723 3845 1759 3882 a
1785 3828 2010 3901 prefato

400 3933 633 3992 quoque
653 3918 797 3972 duce
817 3913 1460 3988 acceptainvesticione,
1473 3915 1864 3988 patriarcham
1883 3933 2016 3972 con-

395 4005 660 4073 secrevit,
682 4007 856 4077 atque
894 4005 1027 4059 cum
1070 4001 1228 4075 pallii
1269 4003 1671 4061 benedictione
1696 4004 1757 4060 in
1801 4021 2013 4061 novam

397 4092 724 4166 Aquileiam
752 4107 885 4148 cum
912 4089 994 4146 eis
1035 4089 1280 4146 remisit.
1332 4091 1439 4156 Qui
1479 4093 1871 4148 sanctissimus
1919 4111 2016 4166 pa-

398 4180 655 4237 triarcha
667 4184 916 4252 corpora
925 4181 1256 4236 sanctorum
1272 4180 1333 4236 in
1350 4181 1570 4238 eisdem
1590 4199 1735 4238 nove
1754 4181 2013 4254 Aquileie

399 4269 651 4327 acelesis
707 4269 1024 4326 honoriﬁce
1075 4271 1345 4328 condivit.
1396 4274 1459 4328 ln
1527 4271 1783 4328 acclesia
1830 4265 2014 4336 sancti

399 4359 597 4416 Vitatis
647 4357 1034 4433 quadraginta
1105 4362 1164 4415 et
1217 4360 1334 4416 duo
1389 4363 1711 4433 martyrum
1767 4376 2014 4431 corpora

399 4447 742 4522 dignissime
784 4447 1118 4517 tumulavit;
1168 4449 1229 4504 in
1277 4448 1535 4504 acclesia
1575 4451 1786 4504 sancta
1822 4449 2012 4505 Maria

2102 712 2421 768 bardorum
2457 714 2682 770 rabiem
2714 716 2771 771 in
2808 719 3100 774 Gradense
3131 724 3382 776 castrum
3412 723 3732 794 fugientes,

2103 801 2418 858 beatissimi
2443 820 2688 874 corpora
2716 808 3053 862 sanctorum
3087 808 3330 877 Quirini,
3369 812 3526 866 lllari
3551 817 3614 868 et
3628 817 3735 871 Ta-

2099 889 2250 945 ciani
2273 893 2330 946 et
2350 895 2678 948 ceterorum
2697 911 2892 949 secum
2911 900 3380 968 asportaverunt;
3408 901 3734 976 hacitaqne

2099 980 2471 1049 revelatione,
2491 999 2608 1036 non
2627 999 2835 1054 parum
2848 984 3264 1054 illarescens,et
3277 991 3731 1048 translationem

2100 1084 2302 1123 eorum
2325 1069 2568 1140 scripsit,
2590 1074 2649 1126 et
2667 1072 2917 1128 natalicii
2937 1074 3094 1129 diem
3109 1076 3406 1132 constituit
3424 1081 3732 1136 celebrari-

2100 1157 2162 1210 ln
2180 1160 2380 1212 octavo
2402 1158 2493 1214 die
2513 1162 2886 1231 pentecosten
2908 1164 3102 1217 natale
3125 1165 3515 1236 quadraginta
3537 1172 3599 1222 et
3619 1171 3732 1226 duo

2101 1245 2404 1301 martirum
2427 1246 2702 1314 instituit;
2728 1249 2997 1305 natalicia
3017 1256 3352 1308 sanctorum
3375 1256 3532 1311 Illari
3549 1259 3611 1312 et
3627 1259 3734 1314 Ta-

2103 1333 2251 1390 ciani
2278 1339 2438 1392 sexto
2473 1337 2698 1393 decimo
2731 1339 3020 1395 Kalendas
3049 1341 3262 1409 Marcii,
3291 1343 3521 1408 Quirini
3551 1363 3737 1403 sacer-

2104 1423 2254 1478 dotis
2281 1428 2484 1496 quarto
2513 1427 2804 1484 Kalendas
2829 1428 3004 1497 Junii,
3035 1433 3371 1487 sanctorum
3407 1434 3733 1493 Canciano-

2102 1527 2234 1566 rum
2256 1512 2448 1584 pridie
2465 1515 2751 1571 Kalendas
2766 1516 2954 1585 Medii,
2978 1519 3172 1574 natale
3198 1522 3533 1577 sanctarum
3558 1524 3733 1597 virgi-

2108 1617 2249 1656 num
2283 1602 2464 1658 tercio
2497 1604 2688 1660 Nonas
2717 1605 3091 1678 Septembris.

2187 1726 2351 1783 Rexit
2393 1731 2588 1784 autem
2629 1729 2856 1797 Paulus,
2904 1730 3356 1802 benignissimus
3401 1733 3735 1805 patriarcha

2107 1819 2331 1894 primus
2351 1835 2454 1892 per
2475 1818 2848 1890 apostolicam
2875 1818 3330 1889 concessionem,
3356 1839 3521 1878 nova
3553 1825 3733 1898 Aqui-

2106 1909 2231 1965 leia
2267 1906 2583 1964 acclesiam
2610 1905 2775 1961 annis
2809 1909 2893 1963 t2.

2032 2035 2083 2093 Β
2179 2014 2320 2072 Huic
2336 2013 2602 2071 successit
2621 2011 2922 2078 Probinus,
2943 2015 3038 2086 qui
3068 2014 3126 2070 in
3149 2015 3358 2072 eadem
3380 2034 3534 2075 nova
3551 2020 3735 2092 Aqui-

2107 2104 2220 2162 leia
2253 2102 2760 2176 metropolitanam
2801 2102 2947 2158 rexit
2963 2104 3282 2161 acclesiam
3297 2106 3466 2162 annis
3479 2111 3534 2176 2,
3564 2121 3732 2166 men‘

2109 2194 2266 2250 sibus
2299 2196 2353 2251 8.

2179 2300 2394 2357 Dehinc
2417 2299 2604 2355 Helias
2629 2307 2698 2342 ιη
2719 2298 2985 2371 egregius
3012 2301 3338 2371 patriarcha
3348 2303 3736 2362 Gradensem-

2107 2390 2426 2463 regendam
2447 2388 2694 2460 suscepit
2710 2389 3047 2444 acolesiam.
3072 2392 3197 2462 Ipse
3219 2391 3278 2448 in
3302 2392 3514 2450 eadem
3538 2397 3736 2452 accie-

2106 2478 2254 2536 siam
2285 2481 2496 2534 sancta
2534 2476 2792 2532 Euiimla
2818 2477 2984 2547 juxta
3015 2479 3272 2535 nominis
3306 2482 3734 2553 proprietatem

2105 2567 2389 2624 fabricare
2411 2565 2686 2638 precepit.
2711 2566 2855 2621 Nam
2878 2567 3032 2638 quod
3053 2584 3223 2639 greco
3254 2569 3522 2639 euﬁmia,
3553 2573 3733 2628 latine

2105 2657 2265 2714 bona
2295 2656 2488 2712 forma
2515 2662 2584 2698 1⁸⁷
2613 2657 2798 2710 sonat.
2829 2656 2891 2709 In
2922 2655 3129 2712 eadem
3160 2674 3392 2730 quoque
3424 2668 3499 2704 ιιι
3531 2663 3733 2718 accle-

2105 2745 2188 2800 sia
2215 2748 2571 2816 congregata
2600 2743 2974 2800 multitudine
3003 2743 3408 2818 episcoporum
3441 2765 3480 2804 a
3501 2749 3735 2806 Verona

2106 2850 2283 2906 usque
2313 2832 2694 2900 Pannoniam,
2725 2835 3044 2904 cunctaque
3073 2833 3309 2890 Venetie
3337 2838 3558 2909 populo
3591 2855 3736 2896 con-

2106 2925 2332 2985 vocato,
2345 2922 2679 2994 generalem
2691 2919 2962 2976 sinodum
2981 2921 3308 2979 celebravit.
3326 2925 3456 2996 Ipso
3470 2942 3732 3001 namque

2107 3014 2370 3083 tempore
2403 3026 2649 3083 corpora
2681 3011 3021 3066 sanctarum
3063 3010 3362 3083 virginum
3399 3015 3728 3072 secundum

2106 3099 2264 3172 quod
2288 3116 2323 3155 a
2352 3097 2670 3154 reverando
2691 3098 2865 3154 Paulo
2886 3097 3222 3157 Patriarcha
3237 3100 3515 3173 scriptum
3531 3103 3734 3162 fuerat

2108 3187 2468 3262 perquirens,
2502 3185 2775 3242 omnibus
2797 3186 3093 3244 revelavit.
3132 3187 3350 3254 Quibus
3377 3191 3607 3248 cunctis
3628 3194 3732 3266 qui

2109 3281 2277 3334 erant
2296 3276 2356 3332 in
2375 3272 2601 3348 prefato
2622 3273 2864 3330 concilio
2884 3275 3032 3343 visis,
3054 3277 3434 3334 celeberrime
3458 3279 3586 3353 ipsa
3605 3297 3734 3339 cor-

2107 3383 2252 3440 pora
2279 3365 2538 3421 venerati
2565 3367 2718 3421 sunt.
2747 3365 2905 3420 Tunc
2945 3364 3134 3424 Helias
3175 3367 3445 3439 egregius
3473 3369 3730 3441 patriar-

2108 3456 2217 3512 cha
2235 3471 2367 3511 cum
2386 3453 2548 3511 omni
2568 3453 2665 3510 illa
2690 3452 3060 3510 multitudine
3083 3455 3199 3526 (fol.
3218 3455 3293 3526 ϐ’)
3319 3457 3731 3530 episcoporum

2111 3560 2178 3600 ac
2201 3544 2338 3600 cieri
2365 3547 2424 3600 et
2453 3542 2650 3616 populi
2679 3543 3106 3602 collaudatione
3140 3545 3428 3602 ordinavit
3463 3548 3726 3605 sedecim

2111 3633 2468 3706 episcopatus
2481 3632 2634 3688 inter
2646 3631 3146 3704 Foroguliensium
3160 3650 3392 3692 necnon
3408 3638 3470 3692 et
3481 3637 3732 3708 Hystria

2111 3722 2244 3779 siva
2263 3720 2563 3779 Dalmatia
2584 3723 2798 3794 partes,
2819 3721 3160 3780 videlicetin
3184 3724 3378 3797 Vegla,
3395 3724 3456 3781 in
3477 3727 3729 3799 Apsaro,

2113 3812 2171 3868 in
2198 3812 2476 3868 Pathena.
2504 3811 2568 3866 In
2596 3809 2835 3867 Venetia
2864 3814 3059 3867 autem
3081 3829 3175 3868 sex
3206 3812 3574 3886 episcopatus
3597 3816 3728 3872 ﬁeri

2113 3897 2428 3956 constituit.
2444 3897 2702 3964 Quorum
2720 3897 3028 3956 electiones
3051 3899 3500 3975 uniuscujusque
3519 3919 3730 3975 parro-

2113 3987 2255 4045 chia
2281 3989 2434 4044 clero
2456 3990 2514 4043 et
2533 3988 2749 4060 populo
2772 3987 3098 4056 comittens,
3122 3989 3266 4045 sicut
3296 4006 3330 4046 a
3349 3990 3526 4048 beato
3548 3993 3729 4050 Bene-

2114 4079 2266 4134 dicto
2289 4079 2502 4134 sancta
2534 4078 2810 4132 Romana
2831 4076 2984 4132 sedis
3012 4076 3268 4134 antistite
3287 4078 3481 4134 fuerat
3500 4082 3728 4137 sancci-

2113 4173 2239 4226 tum
2260 4183 2490 4224 necnon
2517 4169 2574 4222 et
2591 4165 2876 4240 privilegii
2897 4166 3110 4238 scripto
3138 4167 3582 4242 conﬁrmatum,
3597 4170 3727 4227 duci

2114 4254 2544 4313 investicionem
2579 4253 2876 4310 concessit.
2910 4253 3129 4310 Horum
3163 4253 3567 4328 episcOpatum
3609 4258 3727 4330 pri-

2113 4361 2278 4402 mum
2292 4341 3018 4410 constituit'l‘orcellanum,
3033 4341 3178 4398 sicut
3195 4341 3422 4414 primus
3432 4343 3628 4402 fuerat
3643 4363 3730 4406 ve-

2110 4436 2322 4490 tustate
2339 4433 2398 4490 in
2409 4431 2795 4488 Altinensium
2815 4431 3060 4500 civitate;
3075 4432 3393 4488 secundum
3418 4434 3728 4492 Metamau-

400 4519 648 4611 ωἱ-ροη
676 4539 1006 4593 metm-um
1031 4536 1322 4609 virginum
1372 4535 1652 4602 Euﬁmim,
1685 4537 2011 4601 θοι-οιιιθαε,
2031 4535 2086 4596 D
2109 4539 2342 4581 censem
2365 4539 2380 4586 ;
2405 4520 2648 4577 tercium
2669 4519 3080 4611 Qligvolense‘m,
3106 4519 3196 4576 cui
3219 4519 3352 4577 ideo
3379 4521 3492 4578 hoc
3511 4540 3724 4581 nomen

397 4626 584 4683 Tecla
625 4628 688 4683 et
730 4627 983 4682 Erasma
1027 4625 1338 4698 diligenter
1381 4623 1706 4692 collocavit;
1768 4642 2014 4699 corpora

369 4749 376 4751 -
399 4715 596 4772 autem
617 4717 950 4772 sanctorum
963 4713 1180 4780 Cancii,
1197 4709 1470 4768 Canciani
1500 4715 1558 4768 et
1572 4713 1936 4770 Cancianilla
1953 4715 2012 4770 in

399 4803 657 4860 ecclesia
695 4801 879 4859 sancti
918 4798 1197 4858 Johannis
1248 4798 1594 4872 evangelista
1637 4801 2012 4860 celeberrime

393 4890 743 4964 composuit.

471 4973 591 5044 (fol.
625 4974 674 5042 6)
705 4973 967 5044 Cumque
998 4969 1153 5026 idem
1198 4969 1544 5025 venerabilis
1580 4970 1910 5042 patriarcha
1938 4973 2011 5028 ad

398 5061 751 5119 destructam
797 5057 1249 5133 Aquileiensium
1289 5056 1578 5114 civitatem
1631 5076 1764 5115 cum
1816 5060 2010 5132 populi

399 5148 771 5212 multitudine
787 5147 873 5206 ire
891 5147 1246 5223 disponeret,
1269 5145 1468 5204 divina
1502 5149 1852 5206 revelatione
1901 5149 2010 5205 sibi

2112 4611 2450 4686 impositum
2464 4611 2570 4676 est,
2586 4608 2722 4682 quia
2733 4608 2811 4664 ibi
2828 4612 2962 4664 ante
2973 4608 3223 4680 januam
3250 4611 3527 4668 acclesia
3550 4611 3725 4669 sancti

2113 4700 2267 4758 Serzi
2305 4709 2374 4744 ιῑο
2403 4698 2613 4754 imanis
2644 4702 2786 4769 (l3l)
2827 4703 2954 4754 erat
2989 4699 3275 4755 olivarum
3317 4701 3519 4757 arbor.
3560 4703 3725 4774 Cujus

2111 4788 2430 4865 parrochia
2453 4787 2786 4844 convocatis
2816 4787 3062 4860 populis,
3093 4805 3378 4861 magnam
3409 4791 3724 4847 acclesiam

2111 4879 2171 4936 in
2184 4880 2406 4935 honore
2419 4877 2519 4934 Dei
2531 4879 2590 4933 et
2600 4893 2704 4933 san
2714 4876 2945 4932 ctiPetri
2960 4875 3117 4932 idem
3130 4877 3477 4934 venerabilis
3490 4879 3727 4952 patriar-

2110 4970 2219 5025 cba
2230 4968 2520 5023 edifticare
2540 4964 3018 5039 precepit,ibique
3034 4963 3394 5037 episcopium
3409 4967 3721 5032 constituit,

2111 5055 2412 5129 ubiscripti
2425 5053 2870 5111 confirmatione
2883 5056 2943 5108 et
2962 5070 3034 5109 an
3043 5054 3178 5109 athe
3195 5055 3362 5110 natis
3378 5055 3612 5113 vinculo
3625 5072 3721 5112 con

2073 5141 2082 5150 ’
2109 5145 2304 5202 venire
2326 5144 2386 5200 in
2418 5159 2769 5218 unoquoque
2791 5142 3030 5198 sabbato
3052 5158 3113 5197 se
3135 5143 3604 5212 contrinxerunt,
3627 5143 3722 5200 ibi-

1733 5263 1962 5320 VARIE
1994 5261 2396 5319 LECTJONES.

469 5372 537 5408 ιιι
590 5363 668 5418 ita
705 5362 953 5434 primum
1001 5362 1259 5433 scriptum
1319 5367 1461 5434 erat,
1503 5361 1644 5432 quod
1690 5369 1808 5432 post
1859 5363 2034 5417 altera
2069 5377 2238 5417 manu
2291 5364 2560 5414 mutatum
2595 5363 2678 5434 est
2719 5358 2785 5434 in
2808 5373 2934 5434 _ex.
2965 5355 3030 5434 (Ξἶ
3108 5364 3178 5434 ιδ]
3216 5356 3328 5412 alia
3365 5374 3531 5434 mauu
3553 5357 3716 5434 Adnci-

397 5436 502 5490 bus
531 5434 584 5492 l.
664 5425 735 5478 1ιῖ
764 5435 875 5490 alia
904 5448 1071 5492 manu
1097 5425 1300 5489 eorum
1336 5432 1389 5492 l.
1439 5425 1972 5498 '153ita3'..prefato
2001 5435 2066 5490 ἐκ
2108 5433 2218 5488 loco
2263 5448 2398 5486 roso.
2479 5438 2547 5474 ιιι
2587 5431 2670 5484 hic
2706 5427 2896 5498 incipit
2931 5425 3092 5498 codex
3114 5430 3192 5498 _3.
3274 5435 3343 5470 ίιτ
3385 5429 3497 5496 lege
3546 5430 3716 5485 fama.

399 5514 468 5579 11⁵³
495 5521 846 5579 quoquoquo
874 5505 924 5561 1.
1005 5512 1074 5548 ιδο
1113 5506 1190 5560 ila
1223 5503 1280 5572 1;
1317 5504 1372 5560 id
1400 5509 1476 5563 est
1505 5502 1692 5575 Sergi,
1724 5496 1930 5577 Sergii,
1974 5505 2171 5560 Veneta
2212 5503 2425 5574 liugua,
2469 5519 2578 5575 qua
2614 5519 2664 5560 c.
2702 5519 2755 5571 g.
2789 5496 2903 5555 San
2933 5496 3164 5570 Giorgio
3185 5501 3585 5574 pronontiatur
3613 5501 3715 5557 San

398 5577 593 5632 Sorio.

1952 5692 2176 5754 ΝΟΤΕ.

467 5782 608 5852 (131)
640 5777 941 5836 Immanis.
