3902 6210
210 483 319 543 949

1478 470 1879 529 CHRONICON
1914 470 2300 533 GRADENSE.

3450 478 3556 536 950

213 623 329 680 que
356 602 652 677 plurimas
679 598 1063 663 mercationes
1092 595 1400 655 faciebant.
1425 595 1704 661 Quartum
1722 596 1841 668 epi-
1861 602 1916 662 Α
1942 603 2287 670 acceperunt
2310 615 2344 655 a
2374 596 2704 655 beatissimo
2717 615 2869 671 papa
2893 596 3168 673 Pellagio,
3189 599 3553 657 consentien-

216 694 483 766 scopium
510 691 575 747 in
598 689 999 763 xEquilensem
1050 686 1338 740 civitatem
1378 685 1502 740 ﬁeri
1527 685 1838 741 constituit.

220 783 503 849 Quintum
545 781 610 835 in
668 779 894 833 civitate
948 775 1245 831 Eracliana
1310 774 1506 829 adesse
1564 774 1839 847 precepit.

214 873 441 929 Eodem
455 884 694 943 quoque
711 870 974 939 tempore
986 865 1143 920 idem
1163 862 1503 918 venerabilis
1518 862 1844 934 patriarcha.

213 959 547 1018 aacclesiam
570 957 632 1013 in
663 958 886 1012 honore
914 952 1014 1010 Dei
1040 957 1098 1008 et
1125 951 1307 1007 sancti
1326 950 1479 1005 Petri
1509 951 1841 1014 edifticavit,

212 1065 401 1123 quam
434 1045 841 1119 Opiterginam
867 1042 1193 1115 appellavit.
1235 1038 1477 1095 Sextum
1516 1042 1711 1095 autem
1728 1038 1846 1111 epi-

213 1136 571 1211 scopiumin
605 1132 863 1206 Caprulis
888 1128 1216 1201 ﬂerijussit,
1250 1128 1346 1183 ubi
1378 1128 1674 1183 castellum
1706 1145 1842 1183 con-

213 1226 432 1292 stituit,
465 1224 528 1280 in
558 1239 673 1296 quo
697 1219 1015 1277 ecclesiam
1036 1218 1095 1273 in
1120 1218 1341 1273 honore
1362 1216 1543 1272 sancti
1568 1217 1845 1289 Stephani

218 1312 684 1388 protomartyris
720 1308 1003 1375 fundavit,
1030 1308 1195 1379 juxta
1233 1322 1410 1378 quam
1458 1304 1845 1378 episcopalem

214 1406 474 1469 domum
504 1398 825 1467 secundum
865 1396 974 1455 loci
1023 1395 1381 1471 posicionem
1404 1396 1493 1450 sat
1528 1393 1846 1451 honorifice

215 1493 529 1551 edifficare
558 1488 835 1564 precepit.

293 1579 853 1637 Metamaucensium
871 1580 1065 1633 autem
1088 1576 1447 1648 episcopatus
1465 1591 1533 1630 ex
1549 1572 1847 1631 Patavium

217 1670 464 1727 civitate
482 1666 667 1724 extitit
694 1666 990 1734 oriundus,
1016 1669 1075 1720 et
1089 1664 1260 1729 veluti
1280 1664 1574 1719 universus
1606 1662 1849 1735 populus

217 1757 407 1817 exivit
436 1773 571 1812 cum
601 1772 703 1811 suo
733 1754 1024 1827 episcopo,
1046 1753 1125 1808 sic
1160 1753 1218 1808 in
1236 1753 1441 1809 eadem
1460 1752 1709 1807 insulam
1726 1749 1844 1821 (fol.

213 1844 275 1918 7)
312 1843 765 1901 Hetamaucensi
793 1841 1055 1898 habitare
1095 1840 1388 1913 disposuit.

1945 687 2093 743 tibus
2142 687 2416 742 universis
2472 687 2753 760 episcopis
2792 690 2917 761 jam
2976 688 3260 745 dictarum
3318 689 3551 761 provin-

1943 775 2183 831 ciarum.
2218 778 2424 831 Paulus
2451 776 2754 849 siquidem,
2778 794 3073 849 precessor
3091 787 3157 820 ιοι
3182 777 3325 849 ejus,
3346 778 3555 834 hostile

1943 865 2259 937 periculum
2292 883 2409 921 non
2440 866 2651 933 ferens,
2685 867 3080 938 Longobardis
3116 866 3555 922 advenientibus

1944 971 2076 1008 cum
2109 954 2270 1009 omni
2301 954 2568 1009 thesauro
2596 953 2845 1009 ecclesim
2876 956 3094 1010 Gradus
3122 973 3181 1011 se
3210 956 3550 1023 contulerat,

1946 1044 2192 1097 atterens
2220 1058 2413 1097 secum
2458 1060 2700 1115 corpora
2741 1046 3071 1098 sanctorum
3120 1042 3429 1100 martirum
3462 1044 3552 1099 El-

1944 1132 2048 1186 lari
2093 1140 2161 1174 168
2205 1134 2264 1187 et
2305 1132 2535 1187 Taciani
2560 1136 2617 1187 et
2658 1132 3036 1204 reliquorum.
3094 1134 3374 1189 Defuncto
3419 1149 3553 1191 vero

1947 1221 2121 1275 Paulo
2145 1223 2202 1274 ct
2223 1220 2282 1274 in
2313 1220 2568 1276 aecclesia
2595 1220 2885 1276 Gradense
2916 1225 3135 1289 umato,
3169 1223 3327 1294 cujus
3357 1223 3557 1296 sepul-

1948 1311 2148 1364 chrum
2178 1327 2357 1381 usque
2383 1310 2555 1365 hodie
2575 1309 2733 1365 mihi
2750 1314 2969 1377 manet,
2996 1311 3557 1368 ProbimusGraden-

1947 1415 2090 1466 sem,
2122 1398 2181 1453 id
2203 1402 2287 1453 est
2308 1399 2743 1471 noveAquileie,
2764 1399 2908 1455 rexit
2932 1400 3267 1457 aecclesiam.
3299 1400 3398 1456 Cui
3431 1417 3553 1463 suc-

1947 1487 2157 1542 cedens
2178 1490 2534 1544 memoratus
2547 1488 2733 1544 Helias
2751 1489 3093 1560 patriarcha,
3110 1489 3214 1544 hec
3229 1506 3339 1563 que
3361 1506 3557 1561 supra-

1948 1575 2157 1648 scripta
2187 1580 2319 1631 sunt
2342 1580 2412 1640 (υ.
2445 1595 2605 1648 supra
2618 1579 2718 1639 col.
2734 1566 3182 1650 881)ordinavit,
3200 1582 3258 1633 et
3266 1579 3391 1649 jam
3406 1577 3559 1639 dicta

1948 1680 2195 1736 corpora
2208 1669 2539 1720 sanctorum
2553 1666 2629 1721 ibi
2646 1667 2792 1722 miro
2806 1667 2982 1722 modo
2996 1667 3562 1739 locavitdomumque

1949 1752 2057 1807 sibi
2090 1770 2124 1807 a
2153 1752 2549 1809 fundamentis
2591 1754 2873 1810 fabricare
2912 1755 3188 1827 prccepit,
3223 1772 3481 1811 asserens
3501 1753 3560 1810 in

1949 1840 2168 1912 synodo
2199 1857 2372 1913 supra
2402 1843 2647 1896 statuto:
2672 1841 2965 1896 Karissimi
2974 1844 3193 1913 fratres,
3213 1846 3564 1901 intervenien-

298 1935 681 2008 Episcopatus
707 1948 843 1988 vero
874 1930 1118 1986 civitatis
1160 1947 1343 1997 novae,
1378 1946 1507 2002 qua:
1551 1914 1921 1984 EraclianaB
1950 1931 2088 1985 tibus
2121 1928 2272 1983 malis
2302 1930 2493 1982 nostris
2534 1929 2746 1985 cottidie
2787 1931 2970 1985 hostile
2997 1934 3330 2001 perpetimur
3370 1932 3560 2000 ﬂagel-

216 2025 525 2096 appellata
566 2026 672 2089 est,
717 2021 787 2075 de
829 2019 1181 2075 Overdecina
1226 2018 1454 2073 civitate
1500 2021 1642 2088 (132)
1676 2018 1845 2072 adve-

213 2113 381 2169 nisse
416 2112 677 2166 testatur.
713 2108 876 2165 Unde
907 2108 1019 2163 dux
1050 2110 1109 2162 et
1158 2124 1375 2179 magna
1404 2122 1537 2177 pars
1562 2105 1844 2161 nobilium

212 2201 494 2273 ejusdem
530 2197 770 2257 civitatis
815 2195 1121 2269 fugientes,
1170 2195 1231 2250 in
1276 2195 1501 2268 prefata
1544 2193 1845 2249 Eracliaua

212 2290 458 2346 civitate
484 2286 837 2360 prelibatum
867 2285 1262 2357 episcopatum
1293 2283 1732 2339 constituerunt.

298 2375 746 2451 Caprulensium
777 2373 1014 2447 quidem
1044 2373 1402 2447 episcopatus
1428 2372 1497 2428 de
1531 2370 1845 2428 Concordia

215 2487 255 2525 a
287 2465 544 2541 fugienti
569 2465 723 2531 clero
750 2470 809 2519 et
832 2463 1068 2536 populo,
1092 2460 1256 2517 sicuti
1286 2460 1504 2517 ibidem
1526 2460 1736 2530 fuerat,
1754 2460 1847 2516 hic

218 2558 307 2613 ita
339 2553 692 2611 constitutus
713 2554 819 2606 est.

296 2647 469 2702 Idem
507 2657 739 2716 quoque
769 2638 1163 2701 sanctissimus
1213 2638 1398 2695 Helias
1434 2638 1762 2712 patriarcha
1787 2637 1847 2693 in

210 2734 524 2793 littoribus
553 2748 685 2805 quas
715 2748 751 2786 a
786 2729 1062 2785 Gradensi
1092 2728 1317 2786 civitate
1366 2744 1543 2800 usque
1575 2728 1850 2800 Caprnla-

210 2841 367 2898 num
386 2819 754 2898 episcopium
769 2816 1402 2890 discurrunt,quasdam
1416 2815 1705 2872 edifﬁcare
1715 2807 1852 2872 fecit

212 2911 519 2985 ecclesias.
549 2910 614 2973 In
645 2908 838 2983 primo
869 2905 1083 2976 littore,
1117 2904 1273 2979 quod
1314 2905 1477 2975 juxta
1498 2905 1848 2962 Gradensem

212 3004 427 3060 adesse
441 2996 803 3056 dinnoscitur
816 2992 1428 3061 civitatem,basilicam
1440 2993 1500 3049 in
1512 2994 1587 3049 ho
1594 3011 1734 3050 nore
1746 2994 1849 3051 Dei

213 3095 280 3149 et
308 3072 670 3153 sanctissimi
695 3084 850 3141 Petri
880 3083 1275 3156 apostolorum
1291 3090 1362 3125 16°
1381 3081 1655 3155 principis
1670 3082 1851 3140 edifﬁ-

214 3197 358 3238 care
387 3175 675 3252 precepit,
704 3173 801 3241 ubi
826 3175 885 3229 et
933 3171 1239 3228 cenobinm
1282 3172 1608 3244 puellarum
1653 3172 1850 3229 adesse

214 3266 543 3327 ordinavit.

292 3361 359 3414 In
381 3355 642 3431 secundo
662 3369 890 3429 quoque
906 3351 1123 3419 littore,
1137 3351 1297 3423 cujus
1316 3349 1617 3421 longitudo
1634 3365 1742 3422 per
1754 3366 1851 3405 sex

213 3448 567 3517 extenditur
596 3443 866 3519 miliaria,
887 3442 946 3497 in
969 3441 1223 3515 quodam
1238 3439 1497 3512 ejusdem
1519 3438 1729 3494 littoris
1745 3439 1848 3495 he-

211 3537 373 3609 remi
408 3538 566 3609 loco,
592 3534 706 3589 duo
724 3531 829 3588 viri
864 3530 1082 3588 ibidem
1114 3531 1420 3585 manentes
1448 3526 1668 3583 inventi
1691 3529 1845 3595 sunt,

211 3604 484 3701 quorum
509 3604 659 3679 alter
687 3620 997 3677 vocabatur
1038 3618 1351 3685 Barbanus,
1381 3618 1527 3672 alter
1552 3632 1683 3672 vero
1711 3617 1846 3670 Tar-

206 3716 418 3774 dessus
451 3712 777 3769 dicebatur.
800 3710 960 3765 Idem
991 3722 1243 3780 namque
1271 3705 1377 3761 viri
1407 3721 1736 3779 pugnorum
1765 3705 1849 3760 fu-

206 3805 446 3878 gientes
480 3784 734 3867 rabiem,
766 3798 838 3853 de
854 3795 1103 3852 Tarvisio
1118 3811 1251 3850 cum
1279 3794 1441 3850 omni
1469 3810 1571 3849 sua
1606 3793 1846 3865 supelle-

206 3893 349 3948 ctile
363 3890 483 3948 illic
502 3888 831 3947 latitabant.
851 3886 1066 3951 Quibus
1080 3882 1378 3940 ecclesiam
1395 3882 1456 3937 in
1473 3883 1696 3937 honore
1716 3898 1843 3937 san-

208 3983 321 4037 ctaa
382 3978 491 4037 Dei
536 3975 838 4055 genitricis
882 3972 1094 4043 Mariae,
1150 3974 1213 4028 ut
1265 3972 1453 4027 fuerat
1501 3972 1839 4039 revelatum,

211 4067 672 4145 prenominatus
694 4063 1021 4138 patriarcha
1044 4063 1235 4117 facere
1254 4060 1533 4134 precepit.
1558 4060 1644 4114 Ad
1665 4076 1839 4131 quem

210 4176 349 4216 cum
381 4156 573 4214 isdem
604 4153 934 4229 patriarcha
951 4149 1300 4225 pervenisset
1318 4151 1533 4216 locum,
1556 4149 1729 4204 veluti
1757 4149 1838 4205 ibi

206 4248 570 4325 repererunt
595 4242 756 4317 signa
769 4284 783 4311 ,
797 4241 1056 4314 ejusdem
1069 4238 1336 4296 mcclesias
1348 4238 1732 4293 fundamenta
1746 4238 1834 4293 in-

206 4334 375 4410 jecit,
403 4334 507 4391 ubi
535 4335 595 4388 et
617 4331 1040 4387 monachorum
1062 4328 1370 4384 cenobium
1393 4326 1591 4383 adesse
1608 4343 1834 4383 necnon

212 4428 272 4481 et
284 4425 623 4481 Barbanum
643 4419 913 4476 abbatem
925 4417 1050 4473 fieri
1069 4415 1374 4472 ordinavit.
1394 4416 1570 4487 Hujus
1582 4432 1835 4489 namque

212 4514 402 4570 socius
436 4510 513 4567 ad
544 4508 784 4584 prapria
810 4507 1106 4563 remeavit.

284 4602 405 4673 (fol.
429 4599 508 4672 7’)
540 4599 603 4655 In
637 4597 844 4652 eadem
876 4612 1011 4652 vero
1039 4594 1242 4650 sinodo
1271 4593 1424 4668 (133)
1453 4608 1629 4665 quam
1660 4610 1835 4666 supra

216 4687 696 4753 memoravimus,
727 4684 997 4758 quicquid
1018 4684 1090 4739 de
1112 4682 1521 4739 Calcedonensi
1539 4682 1835 4739 dubitaba-

216 4785 308 4836 tur
332 4777 610 4841 concilio,
640 4776 805 4849 pulsa
848 4773 1226 4847 ambiguitate
1267 4773 1679 4829 confirmatum
1723 4776 1827 4829 est.

212 4869 414 4944 Ibique
435 4866 638 4923 statuit
654 4863 971 4921 (ecclesiam
993 4862 1344 4919 Gradensem
1359 4865 1530 4936 caput
1540 4866 1598 4918 et
1614 4865 1828 4919 metro-

216 4958 397 5032 polim
408 4955 596 5011 tocius
608 4953 899 5028 provincie
919 4951 1331 5025 Hystriensium
1352 4956 1409 5007 et
1424 4952 1794 5010 Venetiarum
1811 4970 1829 5018 ;

214 5047 300 5119 cuj
310 5042 642 5102 usVenetias
655 5042 942 5097 terminus
952 5041 1353 5097 aPannoniam
1367 5058 1544 5114 usque
1558 5042 1631 5097 ad
1643 5042 1830 5097 Adam

216 5135 454 5192 ﬂuvium
485 5131 826 5204 protelatur.
858 5129 1288 5203 Epistolamque
1331 5146 1436 5201 pro
1480 5129 1569 5184 his
1606 5129 1832 5185 statutis

1949 2020 2079 2087 lum,
2113 2025 2162 2074 et
2197 2018 2321 2089 jam
2362 2017 2568 2089 pridem
2619 2018 2686 2072 ab
2722 2019 2900 2076 Attila
2957 2019 3296 2089 Ungarorum
3327 2029 3394 2062 ίαι
3445 2037 3563 2089 rege

1945 2107 2223 2180 Aquileia,
2268 2108 2456 2163 civitas
2512 2114 2712 2174 nostra,
2752 2107 2998 2177 funditus
3050 2108 3319 2164 destructa
3367 2115 3461 2175 est,
3512 2116 3563 2164 et

1946 2196 2245 2252 Gothorum
2281 2195 2488 2249 incessu
2533 2202 2580 2248 et
2610 2202 2900 2249 ceterorum
2939 2195 3288 2251 barbarorum
3334 2205 3563 2254 cassatat

1946 2287 2037 2340 vix
2063 2285 2266 2355 aspir-at
2280 2312 2298 2351 ,-
2329 2283 2422 2338 sed
2446 2300 2588 2337 nunc
2616 2282 3087 2353 Langobardorum
3118 2284 3340 2354 infande
3386 2288 3563 2357 gentis

1946 2373 2161 2444 ﬂagella
2190 2374 2445 2427 sustinere
2469 2389 2576 2425 non
2588 2376 2779 2443 potest.
2811 2369 3144 2444 Quapropter
3171 2372 3394 2442 dignum
3412 2374 3559 2443 duci,

1949 2460 2303 2517 mansuetudo
2335 2467 2537 2524 nostra,
2568 2462 2615 2514 si
2643 2467 2829 2516 vestrae
2851 2460 3030 2533 placet
3058 2464 3352 2530 sanctitati,
3380 2465 3436 2517 in
3466 2463 3562 2520 hoc

1950 2558 2120 2605 castra
2179 2549 2450 2605 Gradense
2532 2556 2767 2603 nostram
2842 2551 3156 2619 conﬁrmare
3210 2541 3562 2624 metropolim.

1952 2638 2117 2702 Quod
2147 2638 2362 2693 dictum
2392 2638 2662 2693 omnibus
2690 2638 2903 2710 placuit
2945 2637 3251 2711 episcopis;
3298 2642 3357 2694 et
3409 2639 3561 2696 facto

1952 2726 2145 2783 libello
2173 2729 2398 2783 statuta:
2430 2744 2565 2794 sure,
2598 2726 2658 2782 id
2703 2729 2790 2782 est
2828 2727 2900 2782 de
2930 2730 3261 2784 memorata
3290 2727 3561 2785 Calcedo-

1951 2818 2116 2873 nensi
2148 2818 2365 2889 synodo
2389 2817 2510 2888 (fol.
2537 2821 2583 2889 8)
2615 2821 2674 2874 et
2698 2817 2768 2872 dc
2788 2818 2896 2873 hac
2916 2818 3040 2889 ipsa
3059 2818 3195 2873 sedc
3218 2822 3277 2874 et
3296 2819 3560 2876 omnium

1951 2906 2432 2978 supradictorum,
2464 2923 2635 2977 super
2663 2907 2930 2962 manibus
2946 2908 3059 2964 suis
3077 2907 3558 2980 conscripserunt.

1951 2994 2012 3049 ld
2041 2999 2126 3049 est
2142 2994 2363 3066 primus
2387 2994 2572 3049 Helias
2586 2995 2942 3067 patriarcha;
2961 2996 3173 3051 deinde
3184 2996 3560 3055 Marcellus!“

1952 3082 2251 3154 episcopus
2289 3085 2501 3137 sanctae
2546 3084 2815 3139 (ecclesias
2857 3083 3211 3156 Opitergina,
3240 3083 3560 3141 Leonianus

1951 3171 2254 3243 episcopus
2279 3171 2919 3243 Tyborniensis,Petrus
2944 3173 3246 3244 episcopus
3272 3172 3557 3242 Altinatis,

1950 3259 2284 3315 Vindemius
2302 3260 2598 3332 episcopus
2620 3261 2925 3329 Cessensis,
2945 3264 3239 3334 Bergullus
3259 3262 3560 3335 episcopus

1951 3347 2239 3403 Patavinae
2270 3348 2558 3415 aecclesiae,
2592 3349 2881 3404 Iohannes
2910 3350 3212 3422 episcopus
3250 3350 3555 3423 Celejanaa,

1950 3436 2305 3491 Clarissimus
2335 3436 2635 3508 episcopus
2660 3437 3117 3505 Concordiensis,
3152 3439 3424 3495 Patricius
3436 3440 3556 3512 epi-

1950 3540 2152 3597 scopus
2200 3523 2558 3593 Emonensis,
2607 3524 2893 3580 Adrianus
2939 3524 3237 3598 episcopus
3277 3528 3554 3596 Polensis,

1946 3613 2265 3669 Maxencius
2307 3613 2605 3685 episcopus
2643 3612 2933 3680 Juliensis,
2978 3614 3219 3669 Severus
3259 3614 3558 3687 episcopus

1943 3702 2294 3775 Tergestinis
2316 3702 2606 3771 ecclesiae,
2639 3701 2895 3759 Solacius
2923 3703 3223 3774 episcopus
3260 3702 3553 3759 Veronen-

1945 3789 2037 3859 sis,
2069 3792 2359 3847 Johannes
2387 3791 2686 3864 episcopus
2713 3790 3023 3846 Parentine
3051 3790 3341 3859 (ecclesias,
3359 3786 3553 3848 Aaron

1944 3879 2242 3951 episcopus
2255 3879 2645 3949 Avonciensis,
2667 3883 2957 3953 Ingenuus
2976 3880 3274 3952 episcopus
3302 3881 3552 3941 secunde

1942 3969 2148 4036 Recita,
2166 3970 2437 4041 Agnellus
2458 3969 2757 4041 episcopus
2781 3969 3117 4025 Tridentine
3136 3967 3425 4035 mcclesise,
3457 3968 3551 4023 Vi-

1940 4058 2108 4128 gilius
2139 4059 2436 4132 episcopus
2462 4058 2933 4129 Scaravaciensis,
2962 4059 3231 4116 Fonteius
3253 4060 3552 4135 episcopus

1941 4146 2263 4218 Feltrensis,
2284 4149 2600 4206 Marcianus
2636 4149 2934 4223 episcopus
2953 4148 3272 4219 Petenatis;
3303 4150 3553 4205 Lauren-

1938 4239 2057 4294 cius
2086 4239 2389 4312 presbiter,
2412 4242 2469 4295 et
2486 4239 2731 4294 Marinus
2753 4238 3061 4312 presbiter,
3089 4243 3264 4313 atque
3289 4240 3551 4296 Emerius

1936 4328 2238 4400 presbiter,
2257 4326 2652 4399 provinciales,
2676 4330 2733 4382 et
2749 4328 2925 4384 ceteri
2943 4328 3266 4402 presbiteri,
3282 4330 3401 4384 tam
3425 4346 3549 4386 me-

1936 4415 2273 4487 tropolitani
2303 4432 2591 4488 quamque
2618 4428 2675 4472 et
2696 4417 2953 4475 Plebani.
2989 4418 3201 4473 Omnes
3226 4416 3318 4471 isti
3350 4406 3552 4489 supra-

1861 4518 1915 4579 Ῑ)
1935 4505 2127 4577 scripti
2159 4506 2622 4575 consencierunt,
2671 4510 2728 4561 et
2770 4508 2971 4563 omnia
2998 4507 3058 4562 in
3086 4506 3292 4562 eodem
3322 4514 3391 4549 ισσ
3422 4496 3546 4562 loco

1935 4595 2288 4650 conﬂrmave
2298 4598 2447 4649 runt.

2006 4684 2138 4736 Post
2167 4700 2350 4738 annos
2395 4683 2650 4757 quinque
2673 4685 2779 4740 hec
2829 4693 2898 4727 "7
2932 4686 3131 4740 omnia
3161 4684 3550 4759 suprascripta

1932 4774 2166 4843 peracta
2188 4771 2248 4826 in
2278 4771 2402 4845 ipsa
2433 4772 2568 4828 sede
2600 4773 3049 4846 metrOpolitana
3101 4773 3414 4841 Gradense,
3446 4773 3546 4827 de-

1931 4862 2158 4916 functus
2189 4868 2259 4904 168
2282 4864 2817 4935 supramemoratus
2842 4860 3026 4915 Helias
3070 4861 3421 4932 patriarcha,
3452 4861 3546 4931 qui

1932 4950 2099 5005 anuis
2130 4950 2531 5023 pontificatum
2564 4949 2709 5003 rexit
2734 4952 2798 5004 14
2824 4952 2882 5004 et
2912 4948 3206 5003 mensibus
3238 4947 3321 5015 l0,
3347 4947 3547 5003 diebus

1932 5043 2022 5106 2t,
2056 5042 2112 5093 et
2142 5040 2396 5114 sepultus
2424 5042 2510 5094 est
2538 5038 2597 5091 in
2624 5037 2879 5092 azcclesia
2910 5036 3093 5091 beatm
3125 5034 3394 5093 Euﬂmie.

2004 5128 2142 5182 Huic
2173 5126 2435 5183 successit
2468 5126 2706 5183 Severus
2746 5124 3072 5197 patriarcha
3121 5125 3194 5180 ad
3222 5125 3543 5197 regendam

1529 5246 1765 5303 VARIIE
1818 5247 2224 5303 LECTIONES.

286 5361 353 5397 ιω
374 5349 778 5419 apostolorum
816 5345 866 5405 1.
945 5355 1013 5419 to!
1045 5362 1342 5419 processor
1365 5363 1411 5401 c.
1490 5353 1565 5419 ίσξ
1587 5346 1773 5419 hylari
1800 5349 1853 5402 5.

220 5424 312 5480 col.
339 5417 608 5481 881-883.
690 5427 761 5462 “5
792 5417 1122 5491 marcianus
1149 5422 1266 5478 5.et
1294 5434 1458 5491 supra
1483 5417 1580 5475 col.
1599 5417 1861 5474 881-883.

226 5497 440 5567 corrigit
465 5498 521 5550 5.
600 5499 672 5536 ιω
697 5494 784 5546 est
813 5488 969 5547 addit
1009 5494 1062 5544 5.
1102 5510 1105 5511 ν

1932 5354 2000 5388 1⁸³
2034 5346 2207 5400 modo
2240 5349 2292 5402 5.
2373 5351 2441 5385 ίαι
2470 5357 2723 5397 unorum
2754 5346 2808 5398 5.
2842 5349 2892 5396 et
2936 5358 3097 5413 supra
3131 5341 3317 5397 chron.
3353 5340 3545 5413 Venet.

1943 5425 2012 5459 ιεο
2034 5416 2202 5471 edem
2228 5415 2279 5471 1.
2358 5422 2428 5457 ιοτ
2459 5412 2549 5468 his
2576 5414 2846 5470 omnibus
2876 5412 3273 5486 soprascriptis
3303 5412 3551 5489 peractis

1774 5576 1997 5633 ΝΟΤᾹΞ.

298 5673 341 5746 (ξ
356 5673 445 5746 ³2)
482 5670 727 5746 9519.170;

297 5736 441 5812 (1335
468 5742 555 5799 Cf.
586 5742 660 5799 de
692 5737 899 5797 Rubeis
925 5739 1297 5797 Monumenta
1330 5739 1591 5799 Ecclesiae
1619 5736 1996 5816 Aquleiensis,
2030 5750 2162 5809 pag.
2197 5737 2300 5793 235
2332 5751 2458 5810 sqq.
