3902 6210
424 502 524 564 951

1632 501 1659 559 τί
1665 501 1805 560 DAN
1815 501 1924 560 NlS
1964 500 2246 560 DIACONI
2281 500 2528 558 VENETI

3659 505 3780 563 952

427 625 781 684 Gradensem
806 619 1054 680 eandem
1070 619 1410 689 aecclesiam,
1432 621 1528 695 qui
1551 639 1756 678 omnes
1779 639 1906 677 suas
1922 639 2036 691 res,
2060 629 2115 688 Α
2143 623 2428 680 ordinavit
2446 622 2772 679 Iohannem
2816 619 3106 678 abbatem.
3131 621 3196 677 In
3223 637 3337 695 qua
3365 623 3489 677 tres
3508 621 3778 698 episcOpi

427 733 540 789 que
571 716 642 770 de
665 717 973 787 parentum
988 713 1119 783 jure
1144 711 1368 778 habuit,
1396 711 1451 765 in
1468 712 1594 782 jam
1615 711 1767 766 dicta
1788 712 2042 766 mcclcsia

427 808 622 860 sancte
649 803 889 858 Euflmie
913 801 1179 874 reliquid,
1199 817 1302 874 per
1319 801 1817 855 testamentarium
1838 817 2039 855 vocem

428 893 781 951 comendans
797 891 1186 947 sacerdotibus
1200 889 1375 960 ipsius
1391 890 1727 961 metropolis
1738 888 2041 944 Gradensis

425 986 490 1040 ut
514 983 620 1056 ipsi
645 981 976 1055 superstites
1007 997 1105 1035 seu
1131 979 1345 1052 posteri
1376 995 1577 1033 eorum
1610 996 1713 1050 pro
1756 977 1842 1032 his
1873 979 2044 1032 rebus

425 1070 920 1146 specialiteromni
944 1070 1035 1124 die
1053 1068 1278 1124 sabbati
1301 1084 1404 1140 pro
1425 1067 1544 1139 ipso
1569 1067 1770 1122 missas
1795 1067 2045 1120 celebra-

425 1163 756 1233 rent,atque
769 1159 1092 1214 oblationes
1108 1157 1451 1212 otferrerent
1470 1175 1484 1222 ;
1506 1172 1886 1226 mensamque
1902 1172 2040 1226 pau-

424 1266 630 1323 perum
650 1249 895 1306 instituit
917 1247 1036 1319 (fol.
1059 1247 1156 1318 8').
1193 1247 1362 1319 Cujus
1390 1249 1446 1300 et
1470 1245 1800 1300 testamenti
1825 1246 2044 1299 cartula

428 1339 582 1412 apud
603 1339 920 1395 ecclesiam
950 1336 1303 1392 Gradensem
1335 1337 1554 1399 manet,
1583 1337 1639 1388 et
1662 1351 1752 1388 res
1775 1350 1914 1404 quas
1935 1330 2040 1387 sibi

424 1427 673 1501 reliquid
701 1428 823 1500 ipsa
854 1425 1106 1498 possidet
1130 1424 1406 1480 mcclesia.
1445 1423 1721 1479 Defuncto
1755 1437 1887 1476 vero
1920 1421 2040 1492 ipso

423 1516 756 1574 beatissimo
815 1515 958 1577 viro,
1017 1515 1170 1586 apud
1250 1513 1601 1568 Gradensem
1669 1510 2042 1581 metropolim

425 1605 742 1662 aecclesiam
775 1605 1029 1675 sepultus
1056 1606 1142 1658 est
1171 1602 1228 1657 in
1261 1601 1491 1656 basilica
1537 1601 1719 1654 beata:
1764 1598 2039 1652 Eufimiae.

427 1693 534 1760 Qui
582 1694 988 1768 pontificatum
1033 1691 1179 1746 rexit
1221 1691 1388 1746 annis
1449 1705 1693 1744 numero
1737 1687 1937 1759 viginti
1988 1690 2045 1740 et

426 1786 556 1839 octo
589 1791 680 1850 ιω,
714 1786 771 1837 et
803 1781 1003 1836 diebus
1033 1779 1276 1851 triginta
1306 1782 1362 1833 et
1394 1795 1533 1836 uno.

496 1872 633 1927 Huic
663 1869 928 1927 successit
956 1868 1278 1924 Marcianus
1307 1867 1652 1940 patriarcha,
1712 1865 1809 1937 qui
1864 1865 2041 1919 eccle-

2141 715 2556 769 consenserunt
2585 713 2704 768 Deo
2736 711 2840 766 sibi
2866 711 3179 779 contrario,
3212 714 3268 766 et
3288 729 3422 768 eum
3457 729 3776 770 consecra-

2141 806 2368 858 verunt.

2211 894 2428 948 Tamen
2463 901 2529 935 ιτί
2562 894 2762 964 postea
2785 907 2890 963 per
2919 891 3222 964 epistolam
3247 892 3451 947 domni
3485 892 3776 949 Bonifacii

2143 1000 2308 1056 papas
2343 981 2494 1038 urbis
2508 983 2704 1038 Roma:
2721 984 2824 1036 sub
2855 981 3101 1036 eandem
3119 982 3498 1053 metropolim
3511 984 3776 1040 Graden-

2143 1091 2264 1128 sem
2293 1089 2351 1127 se
2384 1072 2854 1142 subjugaverunt.
2902 1072 3181 1126 Defuncto
3226 1087 3359 1126 vero
3398 1071 3771 1130 Candidiano

2145 1162 2470 1234 patriarcha
2501 1160 2651 1232 apud
2679 1161 2965 1215 Gradense
2986 1164 3260 1226 castrum,
3284 1161 3382 1232 qui
3415 1161 3593 1216 annis
3625 1163 3774 1218 rexit

2145 1251 2462 1308 (ecclesiam
2497 1266 2741 1305 numero
2775 1250 3049 1322 quinque,
3101 1249 3368 1305 successit
3406 1250 3774 1321 Epiphanius

2145 1341 2242 1414 qui
2307 1343 2562 1396 sanctam
2624 1337 2940 1393 (ecclesiam
3005 1339 3358 1394 Gradensem
3409 1355 3571 1395 anno
3629 1357 3769 1408 uno,

2145 1429 2442 1485 mensibus
2468 1428 2668 1493 tribus,
2703 1426 2904 1481 diebus
2935 1426 3205 1482 undecim
3241 1427 3622 1498 gubernavit;
3672 1429 3770 1500 qui

2145 1523 2407 1573 mortuus
2448 1519 2505 1572 et
2549 1517 2800 1588 sepultus
2839 1518 2924 1570 est
2971 1515 3029 1569 in
3075 1515 3327 1571 aecclesia
3374 1517 3564 1571 beatas
3615 1518 3773 1572 Euﬁ-

2145 1607 2298 1662 mite.

2216 1696 2354 1751 Huic
2377 1696 2642 1750 successit
2661 1694 2962 1768 Ciprianus
2991 1693 3318 1766 patriarcha
3339 1695 3412 1748 ad
3439 1695 3771 1766 regendam

2147 1785 2463 1841 mcclesiam
2500 1784 2874 1850 Gradensem,
2929 1782 3026 1855 qui
3069 1799 3195 1837 eam
3247 1783 3392 1836 rexit
3433 1783 3610 1837 annis
3663 1800 3771 1837 nu-

2146 1892 2308 1930 mero
2337 1873 2688 1946 quindecim,
2741 1873 3034 1928 mensibus
3075 1873 3276 1938 tribus,
3328 1871 3536 1926 diebus
3581 1871 3772 1943 vigin-

426 1959 570 2016 siam
599 1959 948 2013 Gradensem
979 1956 1124 2012 rexit
1156 1957 1324 2012 annis
1364 1971 1609 2010 numero
1629 1953 1827 2019 tribus,
1847 1968 2042 2006 mense
2075 1946 2210 2018 Βιί,
2245 1961 2314 2018 Εί
2358 1964 2468 2018 hoc
2509 1965 2761 2029 mortuo,
2820 1963 3074 2033 sepultus
3127 1963 3212 2016 εει
3260 1960 3317 2014 in
3359 1961 3570 2016 eadem
3621 1961 3777 2015 basi-

425 2064 563 2114 uno,
583 2047 784 2102 diebus
797 2045 1078 2119 quinque.
1096 2046 1317 2100 Mortuo
1333 2061 1466 2099 vero
1491 2043 1612 2115 ipso
1634 2042 1787 2114 apud
1803 2041 2040 2106 Gradus,

421 2137 481 2192 id
512 2145 583 2180 ίτο
610 2139 695 2191 est
726 2153 937 2192 novam
958 2133 1304 2208 Aquileiam,
1328 2133 1583 2204 sepultus
1613 2134 1698 2185 est
1715 2130 1773 2185 in
1792 2127 2046 2184 aacclesia

427 2225 615 2283 beatae
643 2224 924 2280 Euflmias.

494 2315 634 2369 Huic
677 2313 946 2370 successit
997 2311 1388 2367 Candidianus
1434 2309 1761 2381 patriarcha
1809 2308 1866 2363 in
1928 2306 2049 2378 ipsa

427 2403 819 2476 suprascripta
848 2401 1160 2472 metropoli
1191 2398 1489 2455 Gradensi.
1533 2398 1649 2453 Sub
1699 2397 1859 2466 cujus
1900 2399 2045 2449 tem-

418 2507 563 2564 pore
580 2508 683 2564 per
698 2505 1044 2547 consensum
1063 2487 1313 2559 Agilulfi,
1337 2486 1488 2558 regis
1507 2484 2045 2556 Longabardorum,

421 2579 671 2635 Gisulfus
716 2579 827 2634 dux
859 2593 964 2649 per
1003 2576 1244 2632 forciam
1297 2574 1630 2647 episcopum
1667 2573 1726 2628 in
1779 2571 2048 2642 Forojulli

2148 2053 2256 2108 lica
2316 2053 2411 2106 ubi
2463 2049 2833 2123 suprascripti
2876 2049 3310 2122 predecessores
3359 2049 3486 2120 ejus
3542 2048 3775 2104 humati

2147 2150 2297 2197 sunt.

2219 2229 2405 2286 Isdem
2432 2245 2566 2284 vero
2593 2244 2744 2300 papa
2773 2226 3080 2298 providens
3130 2225 3357 2280 utilitati
3406 2228 3628 2280 sanctae
3676 2224 3777 2281 Dei

2150 2318 2439 2385 ascclesiae,
2468 2318 2798 2372 interventu
2829 2315 3294 2387 supradictorum
3327 2313 3776 2385 Primogenium

2148 2407 2588 2473 subdiaconum,
2644 2405 3037 2478 regionarium
3096 2403 3246 2458 sedis
3292 2402 3656 2476 apostolica,
3705 2403 3776 2459 ad

2149 2497 2396 2552 eandem
2426 2494 2800 2568 metropolim
2829 2493 3150 2566 regendam
3178 2491 3404 2547 direxit.

599 2705 1287 2813 CHBONICI
1357 2700 2154 2807 GBADENSIS
2227 2695 3415 2806 SUPPLEMENTUM
3484 2685 3612 2798 ‘7’.

497 2895 844 2951 Fortunatus
879 2890 1116 2964 quidam
1148 2890 1436 2946 hereticus
1465 2889 1865 2964 pontificatum
1901 2888 2043 2945 arri-

424 2981 578 3056 puit;
613 2981 710 3055 qui
768 2980 1034 3054 quintam
1080 2978 1349 3035 sinodum
1400 2979 1642 3035 minime
1674 2979 1936 3046 credens,
1970 2979 2044 3034 ob

425 3072 512 3128 sui
553 3071 764 3127 erroris
786 3070 1076 3142 piaculum
1106 3086 1341 3141 pavens,
1369 3071 1550 3125 totam
1569 3069 1884 3123 mcclcsiam
1907 3069 2042 3122 Gra-

427 3159 668 3216 densem
683 3158 1198 3231 metropolitanam
1224 3157 1525 3212 denudans
1542 3156 1602 3211 in
1625 3173 1765 3212 auro
1799 3160 1857 3210 et
1875 3155 2044 3210 vesti-

422 3248 532 3305 bus
552 3249 638 3304 vel
657 3250 1027 3313 ornamento,
1049 3246 1316 3301 similiter
1353 3254 1421 3288 17³
1458 3249 1517 3301 et
1557 3245 1823 3300 ecclesias
1856 3244 2042 3318 bapti-

427 3339 642 3393 smales
668 3336 976 3409 provinciae
1009 3335 1247 3408 Hystriaa
1283 3344 1351 3377 ίτι
1375 3338 1436 3390 at
1469 3335 1802 3406 sinochagia
1824 3342 1892 3376 173
1916 3351 2044 3406 quae

432 3427 507 3482 ad
529 3425 778 3482 eandem
808 3424 1125 3481 ecclesiam
1151 3424 1500 3479 Gradensem
1551 3423 1844 3495 pertinere
1885 3422 2043 3477 vide-

425 3517 661 3580 bantur,
683 3515 882 3587 fugam
915 3513 973 3568 in
1005 3512 1475 3585 Longobardiam
1527 3512 1709 3583 petiit,
1753 3511 1906 3582 apud
1957 3528 2046 3566 ca-

424 3607 608 3660 strum
640 3603 959 3660 Cormones
980 3619 1150 3675 super
1175 3601 1467 3656 civitatem
1504 3600 1829 3672 Aquileiam
1854 3599 2042 3655 milia-

425 3693 514 3750 rio
538 3697 622 3749 l5.
643 3693 858 3748 Contra
877 3693 1040 3763 cujus
1062 3690 1380 3763 nequitiam
1415 3693 1473 3744 et
1503 3689 1753 3743 heresim
1791 3688 2041 3760 episcopi

426 3781 797 3837 Venetiarum
815 3783 871 3836 et
893 3777 1310 3850 Hystriensium
1336 3780 1395 3831 et
1413 3775 1604 3831 clerici
1624 3775 2038 3848 Aquileienses,

427 3870 719 3944 quietiam
739 3867 1046 3926 Gradensis
1062 3865 1353 3927 ecclesias,
1381 3864 1594 3936 scripta
1618 3882 1720 3920 sua
1751 3865 1824 3919 ad
1850 3866 2042 3921 Hono-

428 3959 578 4015 rium
608 3975 823 4030 papam
851 3955 1203 4011 direxerunt.
1237 3953 1397 4008 Idem
1427 3960 1495 3994 I76
1524 3969 1656 4008 vero
1678 3969 1828 4026 papa
1851 3953 2038 4024 provi-

426 4047 570 4103 dens
598 4043 827 4099 utilitati
873 4045 1085 4097 sanctae
1117 4041 1217 4096 Dei
1266 4040 1554 4107 (ecclesias,
1605 4042 2038 4114 Primogenium

427 4135 740 4190 diaconum
766 4134 825 4187 et
869 4129 1266 4202 regionarium
1305 4138 1374 4173 177
1418 4131 1566 4186 sedis
1611 4132 1938 4204 apostolicae
1967 4132 2044 4188 ad

425 4220 676 4276 eandem
691 4219 1063 4290 metropolim
1081 4219 1404 4291 regendam
1423 4219 1648 4288 direxit,
1682 4221 1828 4275 dans
1851 4223 1908 4275 et
1928 4219 2044 4291 epi-

425 4309 636 4363 stolam
650 4306 1009 4362 auctoritatis
1021 4307 1348 4378 apostolicae
1362 4307 1743 4364 innodantem
1759 4323 2045 4362 memora-

425 4395 468 4451 ti
495 4395 792 4452 Fortunati
821 4396 1092 4452 heresim.
1121 4397 1280 4452 Idem
1309 4400 1500 4453 autem
1524 4396 1926 4468 Primogenius
1940 4413 2045 4468 per

420 4484 703 4540 visionem
735 4485 1102 4552 ammonitus,
1123 4502 1368 4558 corpora
1385 4485 1539 4542 beati
1564 4486 1966 4540 tlermachorzn
1985 4489 2044 4540 et
2069 4526 2122 4586 D

422 4573 679 4630 martiris
704 4578 874 4646 atque
899 4574 1188 4646 pontiﬁcis
1224 4577 1282 4629 et
1312 4573 1492 4628 sancti
1525 4573 1723 4628 Felicis
1754 4577 1811 4626 et
1843 4574 2040 4629 Fortu-

421 4662 566 4731 nati,
594 4663 702 4718 sita
734 4662 985 4718 miliario
1035 4664 1237 4730 tercio,
1265 4664 1326 4718 in
1370 4663 1722 4718 Gradensem
1753 4663 2040 4718 civitatem

420 4751 678 4821 adduxit,
707 4751 900 4825 ibique
943 4751 1203 4823 diligenti
1249 4767 1387 4806 cura
1425 4751 1715 4823 deposuit;
1761 4755 1817 4805 et
1863 4769 2039 4824 usque

417 4841 590 4898 hodie
634 4841 894 4914 pontifex
929 4840 1172 4895 civitatis
1213 4838 1515 4894 Gradensis
1560 4839 1728 4912 pallei
1772 4840 2039 4895 benedic-

415 4929 635 4986 tionem
657 4948 692 4986 a
719 4946 950 4986 summa
968 4930 1102 4984 sede
1125 4928 1438 5001 apostolica
1451 4929 1791 4998 promeruit.
1810 4931 1883 4984 At
1899 4946 2032 4986 vero

416 5022 950 5091 supramemoratus
962 5017 1290 5090 patriarcha
1303 5016 1705 5089 Primogenius
1721 5019 2029 5091 apocrisia-

414 5106 567 5164 rium
597 5124 765 5163 suum
782 5105 1042 5179 dirigens
1064 5106 1122 5162 in
1137 5105 1362 5178 regiam
1381 5105 1582 5162 urbem
1605 5106 1678 5162 ad
1696 5106 1879 5162 virum
1899 5107 2030 5180 piis-

2147 2887 2364 2942 simum
2392 2885 2778 2941 Iustinianum
2801 2884 2952 2956 (134)
2975 2887 3279 2956 augustum
3301 2882 3474 2953 huius
3495 2882 3585 2938 rei
3607 2882 3774 2938 indao

2148 2976 2354 3047 gandae
2412 2991 2603 3042 causa,
2647 2973 2893 3046 qualiter
2928 2972 3052 3045 ipse
3103 2972 3476 3044 baptismales
3519 2971 3774 3026 ecclesia:

2147 3064 2454 3120 denudatae
2483 3063 2744 3128 fuissent,
2799 3061 2954 3135 quod
2995 3063 3053 3114 et
3084 3059 3448 3132 Lougobardi
3483 3077 3623 3114 suos
3657 3059 3773 3131 epi-

2146 3169 2346 3226 scopos
2378 3169 2412 3206 a
2439 3150 2649 3206 diocesi
2691 3151 2814 3222 ejus
2866 3149 3202 3205 subtrahere
3232 3147 3574 3216 voluissent,
3602 3152 3666 3203 et
3692 3149 3769 3220 ip-

2146 3261 2272 3298 sum
2321 3243 2652 3298 thesaurum
2703 3243 2855 3314 apud
2907 3259 2966 3296 se
3027 3239 3130 3312 ipsi
3179 3237 3574 3294 retinuissent.
3616 3239 3770 3293 Tunc

2148 3334 2383 3388 demum
2410 3331 2531 3404 ipse
2564 3330 2850 3404 piissimus
2878 3330 3196 3401 imperator
3225 3344 3430 3384 aurum
3464 3331 3520 3381 et
3556 3345 3770 3400 argen-

2147 3425 2270 3476 tum
2297 3423 2424 3493 plus
2449 3419 2673 3475 remisit
2704 3435 2878 3491 quam
2914 3426 2983 3460 178
3015 3416 3408 3488 perdiderant,
3446 3420 3506 3470 et
3535 3416 3772 3490 insuper

2145 3509 2344 3565 sedem
2370 3507 2686 3563 beatissimi
2717 3507 2886 3562 Marci
2913 3505 3262 3576 evangeliste
3288 3504 3575 3575 dirigens,
3598 3521 3769 3576 quam

2147 3599 2220 3654 ab
2249 3597 2595 3653 Alexandria
2625 3596 2912 3653 Heraclius
2938 3599 3209 3668 angustus
3229 3595 3288 3650 in
3317 3594 3546 3666 regiam
3570 3596 3769 3650 urbem

2147 3687 2482 3744 adduxerat.
2516 3685 2734 3742 Mortuo
2769 3702 2901 3740 vero
2934 3683 3263 3739 beatissimo
3310 3682 3434 3738 viro
3468 3682 3768 3754 Primogc-

2143 3775 2241 3831 nio
2265 3775 2379 3848 (an.
2411 3777 2556 3844 649),
2599 3775 2694 3846 qui
2738 3773 2906 3830 annis
2953 3789 3197 3828 numero
3252 3773 3342 3834 20,
3386 3771 3696 3826 mensibus
3723 3773 3766 3835 3,

2143 3865 2346 3921 diebus
2371 3871 2402 3922 7
2415 3865 2562 3920 rexit
2575 3863 2978 3938 pontificatum
2989 3905 3003 3930 ,
3021 3863 3274 3936 sepultus
3287 3861 3555 3932 estjuxta
3569 3876 3768 3932 corpus

2143 3955 2519 4010 antecesseris
2567 3953 2652 4010 sui
2702 3951 3019 4008 beatissimi
3072 3951 3363 4024 Cypriani,
3417 3951 3479 4005 in
3538 3950 3767 4006 basilica

2143 4043 2328 4099 beata
2360 4042 2655 4099 Eufemiaz.
2679 4041 2820 4096 Huic
2840 4039 3107 4096 successit
3127 4039 3402 4095 Maximus
3420 4042 3638 4111 prmsul
3653 4039 3763 4111 (an.

2144 4132 2287 4200 6‘70),
2321 4131 2418 4204 qui
2442 4131 2608 4186 annis
2650 4146 2895 4185 numero
2938 4132 3007 4185 20
3049 4127 3191 4183 rexit
3236 4127 3674 4199 pontiﬁcatum,
3713 4111 3762 4182 et

2145 4220 2398 4290 sepultus
2428 4223 2514 4275 est
2543 4220 2602 4274 in
2634 4219 2839 4274 eadem
2873 4217 3124 4272 basilica.
3157 4215 3374 4272 Deinde
3408 4216 3760 4272 successitad

2144 4309 2466 4380 regendam
2496 4307 2813 4364 azcclesiam
2844 4307 3175 4378 Stephanus
3199 4305 3430 4376 praesul,
3465 4306 3568 4377 qui
3603 4305 3758 4362 annis

2144 4413 2389 4452 numero
2419 4401 2450 4452 5
2482 4397 2743 4469 pontifex
2780 4395 2907 4451 fuit.
2940 4396 3018 4450 Eo
3049 4410 3184 4449 vero
3219 4396 3452 4448 mortuo
3495 4395 3612 4466 (an.
3641 4394 3752 4452 675)

2144 4488 2316 4557 atque
2345 4486 2569 4558 sepulto
2596 4484 2655 4539 in
2675 4484 3082 4540 eodem‘castro
3093 4483 3258 4554 juxta
3278 4482 3583 4538 basilicam
3615 4481 3754 4539 beati

2140 4573 2418 4629 Johannis
2470 4572 2857 4645 euvangeliste
2903 4571 3072 4642 (135),
3124 4569 3750 4642 ΕΙιτίδιοῑοτυεῗρτωειιΙ

2133 4663 2388 4732 suscepit
2431 4661 2733 4717 ecclesiam
2772 4659 3124 4716 Gradensem
3169 4659 3518 4730 regendam,
3574 4659 3748 4733 quiin

2139 4751 2531 4823 patriarcgatu
2557 4749 2691 4804 vixit
2708 4749 2873 4805 annis
2906 4765 3149 4804 numero
3183 4750 3270 4816 3'2,
3304 4751 3362 4802 et
3389 4752 3660 4803 mortuus
3676 4748 3749 4802 est

2139 4843 2311 4912 atque
2360 4841 2617 4911 sepultus
2659 4839 2717 4894 in
2754 4839 2959 4893 eadem
2995 4837 3230 4892 basilica
3272 4836 3389 4908 (an.
3435 4839 3588 4907 685).
3626 4835 3746 4891 Huic

2137 4929 2404 4984 successit
2428 4931 2684 4984 Donatus
2708 4927 2947 4983 antistes
2981 4927 3090 4993 (an.
3125 4925 3274 4998 717),
3308 4927 3472 4996 cujus
3493 4930 3745 5000 tempore

2135 5019 2500 5091 Langobardi
2522 5035 2628 5090 per
2646 5019 2880 5074 fortiam
2901 5016 3120 5072 Sereno
3140 5015 3534 5086 Forojulensts
3563 5015 3731 5070 asccle-

2133 5107 2230 5163 sia:
2261 5106 2692 5180 archiepiscopo
2736 5124 2770 5161 a
2819 5122 3051 5161 summa
3076 5105 3212 5160 sede
3251 5104 3510 5176 pallcum
3543 5103 3743 5158 detule-

1734 5227 1970 5282 νΑΒιίΕ
2021 5227 2213 5284 LECT]
2221 5227 2312 5283 ΟΝ
2319 5227 2420 5282 ES.

485 5335 556 5370 m
583 5325 734 5382 XXXI
760 5329 814 5382 5.
893 5324 1032 5398 "Oi.
1065 5342 1118 5382 e.
1153 5344 1211 5382 n.
1245 5325 1290 5381 A
1309 5366 1323 5380 .
1349 5325 1539 5381 desum
1564 5329 1621 5398 757.
1676 5333 1770 5398 __I7l
1804 5324 1870 5378 In
1896 5327 2142 5398 margine
2171 5326 2566 5398 eademimanu,
2597 5343 2704 5398 qua
2736 5331 2911 5398 textus
2940 5328 3190 5398 eraralus
3215 5329 3297 5398 est
3317 5321 3614 5398 adnotatur
3646 5340 3658 5379 :
3683 5323 3735 5376 In

407 5395 520 5455 hoc
547 5399 676 5453 loco
702 5397 1024 5472 necessaria
1052 5402 1139 5454 est
1166 5398 1407 5472 epistola
1433 5395 1712 5472 Bonifacii
1741 5413 1889 5472 pape
1923 5397 1974 5456 1.
2053 5405 2123 5472 1τέ
2165 5415 2229 5472 ea:
2271 5397 2423 5472 codd.
2477 5401 2528 5452 5.
2578 5395 2634 5472 β.

2712 5404 2782 5437 I78
2822 5395 2990 5450 simul
3029 5397 3080 5448 6.
3162 5401 3229 5436 ίτι
3282 5394 3558 5464 hystoria:
3595 5399 3625 5448 5
3686 5399 3732 5445 6.

409 5477 480 5512 ’7³
511 5472 548 5525 ἱ.
583 5487 629 5526 e.
663 5469 1045 5541 xenonochia.
1125 5464 1385 5526 1“Mt—Idem
1414 5499 1487 5510 —
1515 5467 1722 5524 direxit
1741 5464 1864 5539 )‘ain
1892 5485 2055 5541 supra
2087 5470 2142 5523 in
2167 5469 2274 5538 ﬁne
2303 5468 2547 5524 codicum
2578 5467 2628 5524 1.
2659 5471 2713 5522 2.
2748 5470 2802 5524 3.
2833 5469 2885 5522 4.
2925 5465 3164 5520 habetur.
3246 5472 3314 5506 ιττ
3347 5464 3731 5537 ragionarium

409 5546 463 5599 ⁵³.
541 5546 612 5582 ¹⁷⁸
641 5540 918 5612 quoniam
950 5543 1003 5596 6.

1967 5655 2198 5712 ΝΟΤᾸΕ.

477 5753 625 5826 (134)
653 5753 802 5810 Cum
837 5753 1100 5809 Dandulo
1131 5755 1259 5826 lege
1287 5753 1628 5810 Heracliam.

2199 5753 2348 5822 (135)
2375 5754 2744 5826 Agathonem
2773 5752 2866 5810 hic
2896 5749 3098 5810 inserit
3121 5752 3436 5824 Ughellius.
