3902 6210
192 480 303 543 953

1452 484 1852 547 CHRONICON
1890 488 2276 546 GRADENSE.

3416 488 3524 549 θδι

205 616 350 671 runt
381 620 455 659 ίτο
487 611 812 688 apostolica
841 612 1142 688 primitus;
1172 614 1263 673 cui
1281 614 1644 673 beatissimus
1671 632 1818 689 papa
1840 617 1896 678 Α
1932 616 2007 672 ad
2039 615 2385 673 munitatem
2413 614 2734 689 respitiant,
2762 616 2820 673 et
2849 614 2947 672 illa
2966 620 3036 660 ιιι
3068 614 3352 688 satagere,
3376 615 3532 672 unde

209 703 525 776 Gregorius
551 704 858 776 epistolam
890 705 1117 769 direxit,
1148 706 1598 761 interdicentem
1628 715 1698 748 180
1732 706 1825 761 in-

208 797 303 849 ter
330 798 581 849 ceteras.
618 810 692 849 ne
721 811 995 866 umquam
1024 795 1214 851 aliena
1237 798 1370 866 jura
1395 796 1825 857 invaderet,aut

209 892 277 926 ίυι
312 882 663 938 temeritatis
692 900 829 937 ausu
864 892 931 926 1⁸³
955 886 1255 956 usurparet
1274 884 1420 955 juris
1434 884 1711 939 ditionem
1732 901 1823 939 cu-

200 972 507 1044 jusquam,
534 976 622 1027 sct
642 973 702 1027 in
733 973 820 1027 his
842 976 990 1028 esset
1014 976 1381 1045 contemptus
1409 982 1476 1015 1⁸³
1499 990 1627 1044 qua:
1645 990 1822 1044 usque

205 1063 352 1116 tunc
376 1061 742 1132 possedisset.
777 1063 845 1115 Et
880 1078 945 1116 ex
978 1061 1318 1117 auctoritate
1345 1062 1661 1133 apostolica
1683 1078 1824 1133 pras-

203 1149 363 1220 cepit
390 1149 515 1222 ipse
545 1149 910 1204 beatissimus
962 1166 1131 1221 papa,
1191 1167 1297 1205 nec
1350 1152 1465 1206 ulla
1506 1151 1679 1205 modo
1705 1154 1820 1204 ter-

209 1238 409 1293 minos
436 1239 760 1305 excederet,
787 1254 822 1292 a
849 1239 1075 1293 Donata
1109 1240 1350 1309 praesule
1379 1239 1667 1294 Gradense
1691 1255 1820 1309 pos-

207 1343 415 1394 sessas,
449 1330 537 1381 set
575 1326 680 1382 sibi
710 1326 998 1381 sufﬁceret
1046 1326 1106 1381 in
1164 1327 1251 1382 his
1307 1345 1434 1399 quae
1473 1327 1819 1399 possidebat,

209 1431 319 1470 nec
347 1414 599 1486 amplius
629 1431 805 1486 quam
855 1414 915 1469 in
964 1415 1175 1469 limbus
1202 1417 1398 1487 procul
1431 1414 1604 1470 dubio
1636 1413 1823 1485 gentis

212 1503 749 1576 Langobardorum
821 1519 1078 1574 gressum
1131 1504 1369 1558 tendere
1424 1505 1819 1574 praesumeret.

213 1591 383 1655 Quod
411 1590 459 1645 si
492 1590 831 1645 inobediens
886 1590 1103 1657 fuisset,
1153 1591 1450 1664 apostolici
1482 1590 1693 1661 vigoris
1743 1590 1825 1643 in-

214 1679 432 1751 dignus
485 1678 860 1750 judicaretur.
894 1680 1113 1735 Mortua
1152 1696 1287 1735 vera
1322 1680 1549 1734 Donata
1581 1678 1823 1749 patriar-

213 1768 346 1834 cha,
377 1767 477 1838 qui
508 1766 678 1823 annis
726 1784 969 1822 numera
1024 1774 1053 1823 7
1106 1766 1254 1822 rexit
1284 1766 1709 1839 pontificatum,
1742 1782 1829 1819 se-

213 1858 417 1930 pultus
448 1859 537 1911 est
560 1855 620 1909 in
655 1854 886 1910 basilica
912 1858 1122 1911 sanctae
1149 1855 1443 1910 Eufemite.

1924 721 2043 760 non
2074 714 2144 748 189
2170 722 2237 760 ex
2268 709 2550 778 potestate
2578 705 2849 761 divinitus
2863 704 3530 776 concessasuppliciased

1922 793 2163 863 praemia
2195 798 2514 866 sperentur.
2553 794 2831 850 Convenit
2862 794 3041 861 enim,
3074 797 3136 849 ut
3176 810 3308 848 cum
3360 793 3529 849 unius

1923 882 2064 936 votis
2088 899 2377 954 paremus,
2411 883 2646 938 alterius
2667 883 2802 954 jura
2841 900 2959 938 non
2991 882 3351 939 fraudentur.
3382 882 3529 947 Quia

1924 985 2063 1040 ergo
2095 970 2268 1025 missa
2297 971 2596 1038 relatione,
2631 989 2735 1027 nos
2762 990 2796 1026 a
2825 972 2941 1027 Dea
2971 973 3184 1026 salvata
3207 971 3529 1027 communi-

1923 1061 2010 1111 tas
2032 1067 2102 1100 ίοο
2131 1063 2318 1114 vestra
2337 1060 2522 1130 petiit,
2556 1063 2758 1115 contra
2791 1061 2936 1114 Foro
2960 1059 3251 1129 julensem
3301 1060 3527 1114 antisti-

1921 1149 2040 1201 tem
2062 1150 2485 1221 agentes,quad
2500 1149 2693 1220 cupiat
2711 1149 2983 1203 invadere
3001 1148 3283 1204 ditionem
3301 1157 3369 1192 "1
3389 1150 3528 1205 Gra-

1922 1235 2113 1289 densis
2141 1236 2479 1309 patriarchae
2507 1242 2565 1293 et
2595 1242 2657 1292 ut
2687 1254 3006 1309 numquam
3042 1239 3316 1293 excedere
3334 1238 3529 1293 termi-

1923 1341 2062 1378 num
2098 1326 2181 1379 vel
2204 1325 2338 1395 jura
2360 1326 2630 1381 invadere
2662 1327 2889 1394 aliena;
2925 1326 3025 1381 sed
3057 1343 3163 1380 nec
3193 1327 3335 1381 velle
3374 1327 3432 1381 in
3458 1343 3528 1381 ea

1923 1429 2050 1482 qua:
2064 1414 2343 1468 hactenus
2358 1415 2700 1486 possedisset
2722 1432 2842 1470 esse
2865 1417 3227 1483 contentum;
3249 1415 3337 1470 cui
3350 1416 3527 1470 etiam

1923 1499 1981 1555 in
2002 1501 2273 1572 praesenti
2298 1519 2368 1557 ne
2398 1519 2467 1557 ea
2486 1506 2732 1576 temptet
2761 1520 2827 1557 ex
2848 1503 3188 1558 auctoritate
3215 1504 3531 1575 apostolica

1924 1588 2343 1655 interdiximus,
2361 1591 2525 1662 eique
2551 1608 2887 1646 concessum
2912 1591 3151 1662 pallium
3164 1592 3269 1647 sub
3288 1592 3396 1647 hac
3409 1609 3529 1648 esse

1925 1676 2281 1743 conditione,
2341 1678 2715 1745 dilectissimi,
2769 1680 2979 1735 sciatis.
3034 1680 3135 1735 Cui
3194 1680 3406 1748 denuo,
3457 1698 3531 1736 ne

1927 1768 2242 1835 praesumat
2266 1766 2563 1828 excedere,
2598 1767 2985 1839 praecipimus.
3040 1768 3119 1822 Ne
3151 1785 3290 1839 ergo
3313 1768 3534 1824 incuria

1928 1852 2181 1922 quadam
2214 1856 2313 1906 aut
2340 1852 2551 1908 incidio
2584 1855 2772 1908 locum
2791 1872 2933 1925 gens
2953 1871 3156 1909 eorum
3183 1855 3531 1923 insidiando,

288 1942 503 2015 Incipit
529 1942 770 2014 epistola
792 1943 943 1998 beati
964 1943 1221 2015 Gregorii
1245 1959 1409 2015 papae
1426 1942 1597 1997 missa
1610 1942 1825 1997 Sereno
1850 1931 1901 1990 B
1930 1942 1993 1992 ut
2023 1941 2251 2005 assolet,
2284 1940 2537 2003 invadat,
2572 1942 2878 2012 pervigiles
2907 1945 3121 2004 cavete,
3160 1943 3349 2013 potius
3378 1945 3534 2000 solli-

217 2033 493 2106 episcapa
507 2032 671 2103 Foroj
683 2032 948 2098 ulensi,in
962 2032 1050 2087 his
1066 2031 1252 2087 verbis
1269 2030 1824 2087 interdicensstan-

214 2126 271 2178 to
297 2138 551 2178 munere
567 2120 808 2194 quisque
828 2120 1062 2187 ditatur,
1086 2124 1368 2194 quantum
1392 2122 1451 2175 in
1474 2119 1827 2175 sublimitate

210 2210 436 2284 positus
456 2210 528 2266 de
550 2226 609 2265 se
630 2225 698 2264 ex
730 2209 1007 2264 mandata
1042 2209 1263 2265 domini
1289 2208 1693 2281 Redemptoris
1720 2207 1826 2261 hu-

211 2299 434 2355 militer
468 2297 664 2353 sentit.
689 2297 915 2352 Etenim
933 2298 1232 2370 pastoralis
1253 2297 1504 2367 dignitas
1519 2296 1825 2368 singulari-

210 2392 301 2443 ter
316 2405 384 2443 ex
412 2384 746 2441 humilitate
762 2385 1437 2456 arnatur.Spernendum
1457 2384 1668 2456 quippe
1689 2399 1826 2454 apa-

209 2477 419 2533 stalica
439 2475 612 2531 lectio
639 2476 834 2547 arguit
856 2475 1065 2543 elatas;
1098 2478 1154 2530 et
1181 2474 1225 2529 si
1253 2473 1686 2546 accepisti,quid
1702 2475 1826 2543 gla-

211 2566 382 2621 riaris
396 2564 560 2637 quasi
585 2580 703 2619 non
729 2563 1058 2634 acceperis?
1088 2564 1231 2618 Nam
1263 2563 1401 2617 dum
1434 2562 1506 2616 ad
1532 2562 1826 2616 cumulum

213 2654 294 2709 tui
330 2653 577 2709 honoris
608 2652 893 2725 praecibus
923 2651 1115 2706 eximii
1158 2650 1257 2705 filii
1286 2650 1464 2705 nostri
1497 2650 1648 2722 regis
1672 2650 1824 2718 ﬂexi,

212 2742 538 2815 plurimum
569 2744 628 2795 et
658 2758 760 2813 pro
791 2740 1140 2795 rectitudine
1174 2740 1329 2804 fidei,
1352 2756 1525 2811 quam
1562 2743 1615 2793 te
1638 2743 1825 2794 tuam-

215 2848 331 2904 que
358 2828 681 2885 azcclesiam
713 2830 914 2883 tenere
934 2830 991 2883 et
1011 2828 1281 2900 amplecti
1297 2826 1828 2899 cagnavimus,pro-

213 2918 425 2983 vocati,
438 2917 693 2991 palleum
714 2915 814 2973 tibi
836 2916 1164 2983 direximus,
1182 2915 1588 2971 interdicentes
1607 2918 1663 2973 et
1678 2915 1830 2969 inter

211 3010 409 3064 cetera
427 3014 520 3073 ίει,
543 3022 615 3060 ne
636 3021 911 3076 umquam
934 3004 1121 3059 aliena
1129 3004 1596 3074 jurainvaderes,
1625 3005 1724 3059 aut
1750 3006 1830 3058 te-

212 3095 507 3152 meritatis
521 3110 663 3150 ausu
676 3102 744 3136 105
759 3093 1085 3165 usurparesj
1098 3093 1210 3147 uris
1224 3092 1455 3147 ditionis
1468 3093 1827 3164 cujusquam;

213 3184 315 3239 sed
345 3183 411 3237 in
446 3182 537 3236 his
565 3197 714 3235 esses
728 3182 1034 3235 contentus
1050 3197 1175 3252 quas
1198 3196 1376 3251 usque
1402 3179 1678 3234 hactenus
1698 3195 1827 3250 pas-

214 3271 442 3327 sedisti.
474 3270 636 3324 Nunc
661 3285 816 3336 vero,
848 3272 911 3323 ut
939 3268 1333 3340 cognovimus,
1365 3267 1666 3323 Gradensis
1690 3284 1831 3338 pra:-

213 3361 353 3417 sulis
414 3358 620 3414 niteris
678 3358 988 3430 pervadere
1012 3358 1163 3429 jura,
1199 3363 1371 3429 atque
1415 3374 1481 3412 ex
1512 3355 1599 3411 his
1626 3355 1832 3428 quibus

214 3447 481 3523 possedit
540 3463 693 3502 nunc
749 3463 927 3517 usque
957 3462 1251 3516 usurpare.
1303 3446 1381 3499 Nc
1413 3462 1552 3517 ergo
1588 3444 1646 3498 in
1687 3460 1829 3515 quo-

215 3555 398 3611 quam
434 3535 642 3591 existas
667 3537 1003 3601 temerator,
1050 3551 1116 3589 ex
1151 3534 1463 3606 apostolica
1492 3532 1831 3587 auctoritate

213 3625 616 3699 praecipimus,
677 3641 749 3678 ne
782 3624 896 3679 ulla
930 3623 1106 3678 modo
1156 3622 1440 3678 terminos
1489 3621 1729 3675 excedas
1760 3620 1831 3675 ab

215 3732 284 3771 ea
314 3728 642 3787 possessas,
694 3713 794 3768 sed
835 3714 1024 3767 solum
1055 3711 1296 3767 sufﬁtias
1320 3710 1381 3765 in
1412 3710 1613 3783 hisque
1644 3713 1698 3764 te
1728 3710 1831 3764 ha-

218 3806 379 3872 beto,
422 3817 538 3875 quo
569 3800 746 3857 modo
800 3818 979 3873 usque
1036 3799 1356 3871 possedisti,
1416 3816 1523 3854 nec
1586 3797 1835 3870 amplius

216 3908 401 3966 quam
437 3890 497 3946 in
526 3888 743 3945 ﬁnibus
775 3891 971 3963 procul
1002 3889 1176 3944 dubia
1208 3887 1398 3960 gentis
1421 3887 1835 3958 Langobardo-

218 3998 353 4037 rum
395 3977 768 4036 existentibus
817 3994 1074 4049 gressum
1115 3976 1356 4031 tendere
1394 3992 1726 4048 pressumas,
1775 3977 1837 4030 ut

220 4089 341 4127 non
370 4070 585 4141 injuste
607 4071 663 4123 te
693 4068 1000 4138 suscepisse
1031 4066 1279 4137 gratiam
1326 4066 1515 4120 collati
1560 4064 1731 4136 pallei
1768 4082 1836 4118 ex

218 4159 687 4235 praesumptione
717 4157 1003 4213 ostendas.
1039 4157 1106 4210 Et
1148 4155 1282 4210 inde
1315 4153 1614 4226 apostolici
1640 4154 1837 4240 vigore

222 4250 484 4317 concilii,
512 4249 558 4305 si
587 4247 928 4305 inobediens
973 4245 1172 4301 fuisses
1201 4244 1610 4316 conprobatus,
1643 4242 1834 4311 indig-

224 4358 336 4397 nus
353 4338 653 4412 judiceris.
680 4338 825 4392 Data
861 4336 985 4390 Kal.
1020 4331 1370 4399 Decembris,
1402 4330 1837 4387 indictianis'l.»

224 4429 392 4486 Idem
420 4424 732 4499 Gregorius
758 4440 865 4497 pro
894 4424 1001 4478 hac
1029 4438 1092 4477 re
1120 4423 1295 4477 talem
1326 4419 1401 4475 ad
1430 4419 1845 4493 episcoposVe-

1928 2027 2025 2082 citi
2059 2029 2130 2083 de
2159 2032 2346 2083 vestra
2376 2032 2505 2099 post
2540 2029 2799 2084 divinum
2823 2029 3155 2101 praesidium
3183 2031 3536 2102 percagitate

1931 2125 2000 2159 ιω
2030 2118 2231 2172 salute.
2277 2118 2422 2183 Quia
2458 2118 2599 2173 illud
2648 2135 2765 2173 nan
2819 2119 3117 2173 occasione
3168 2118 3379 2190 agitur,
3437 2121 3538 2176 sed

1928 2204 2022 2260 ubi
2048 2210 2286 2276 possunt
2308 2208 2425 2261 Dea
2450 2206 2570 2275 ejus
2602 2214 2672 2248 198
2689 2206 2992 2261 resistente
3011 2206 3219 2262 virtute
3238 2211 3535 2280 perpetra-

1929 2309 1990 2347 re
2021 2300 2087 2333 ιοι
2122 2292 2402 2348 nituntur.
2436 2294 2710 2364 Optantes
2735 2311 2833 2350 vos
2873 2294 2944 2349 de
2970 2294 3193 2367 reliqua
3228 2294 3287 2350 in
3337 2312 3539 2351 amare

1928 2379 2150 2435 domini
2186 2380 2365 2436 nostri
2400 2383 2531 2435 Jesu
2562 2380 2768 2436 Christi
2790 2384 3027 2452 pollere,
3062 2386 3119 2437 et
3149 2381 3223 2438 ab
3253 2383 3417 2438 omni
3445 2384 3534 2439 in-

1926 2484 2133 2524 munes
2163 2469 2465 2525 aversitate
2490 2487 2746 2527 manere.
2780 2472 2932 2526 Bene
2958 2473 3160 2526 valete.
3197 2492 3224 2520 ››

2000 2559 2235 2614 Interim
2269 2562 2465 2614 autem
2520 2558 2612 2613 hic
2670 2560 2871 2614 beatus
2899 2559 3206 2630 Gregorius
3238 2560 3539 2617 defunctus

1928 2651 2014 2703 est
2047 2649 2263 2715 Romae,
2294 2648 2381 2702 cui
2407 2648 2673 2703 successit
2695 2648 3056 2703 beatissimus
3068 2648 3373 2720 Gregorius
3388 2665 3540 2721 papa

1927 2736 2165 2805 tercius;
2194 2736 2289 2807 qui
2311 2740 2437 2809 post
2470 2736 2693 2791 obitum
2726 2735 2934 2791 Donati
2961 2736 3265 2792 Gradensis
3290 2738 3536 2809 patriar-

1927 2828 2032 2882 che
2071 2827 2374 2899 epistolam
2418 2845 2580 2882 suam
2612 2828 2820 2883 direxit
2859 2828 3137 2884 universis
3189 2829 3541 2885 Venetieusis

1928 2933 2028 2971 seu
2058 2916 2280 2972 Histriae
2331 2920 2387 2971 et
2436 2920 2641 2972 cuncto
2690 2919 2927 2991 papula,
2982 2921 3046 2973 ut
3087 2918 3432 2975 electionem
3478 2919 3540 2974 in

1928 3004 2282 3059 Gradensem
2313 3004 2703 3075 patriarcham
2757 3006 3037 3061 facerent.
3090 3006 3197 3071 Qui
3249 3009 3537 3079 praecepta

1929 3091 2189 3164 ejusdem
2228 3109 2393 3164 papae
2441 3092 2698 3164 Gregorii
2748 3095 3051 3166 elegerunt
3077 3095 3440 3151 Antoninum
3465 3096 3543 3150 vi-

1929 3198 2059 3236 rum
2093 3181 2565 3254 probatissimum
2588 3182 2647 3237 in
2681 3199 2829 3237 nava
2858 3186 3056 3238 sancta
3076 3185 3539 3258 Aquileiensipa-

1931 3268 2241 3325 triarcham
2273 3270 2570 3324 ecclesiam
2604 3272 2711 3339 (an.
2745 3272 2890 3342 725).
2926 3272 3032 3337 Qui
3064 3290 3097 3328 a
3130 3274 3299 3329 beato
3330 3274 3543 3347 Grego-

1930 3356 2015 3413 rio
2039 3374 2189 3430 papa
2209 3356 2386 3413 tercio
2410 3357 2576 3428 juxta
2596 3358 2960 3414 decessorum
2990 3375 3225 3416 suorum
3245 3365 3542 3435 exemplar

1932 3444 2300 3517 privilegium
2368 3462 2499 3499 cum
2544 3445 2947 3501 benedictione
2978 3446 3150 3519 pallei
3202 3454 3539 3506 consecutus

1934 3535 2038 3588 est.
2065 3533 2162 3588 Hic
2190 3532 2517 3588 Antoninus
2548 3541 2618 3575 m
2638 3533 2968 3604 patriarcha
2992 3537 3348 3592 ammanitus
3383 3542 3469 3593 est
3511 3556 3545 3594 a

1932 3621 2209 3693 praedicto
2239 3620 2512 3693 Gregorio
2562 3637 2715 3692 papa
2742 3622 2989 3677 Romam
3020 3622 3094 3677 ad
3122 3624 3410 3695 synodum
3451 3642 3543 3680 oc-

1934 3726 2197 3778 currere;
2228 3711 2302 3766 ad
2330 3726 2508 3782 quam
2539 3711 2826 3783 synodum
2855 3710 3146 3767 Iohannes
3163 3712 3541 3785 archiepisco-

1933 3817 2040 3871 pus
2072 3800 2331 3854 Ravenas
2360 3802 2595 3854 vocatus
2625 3802 2713 3854 ast
2740 3801 2977 3871 propter
3009 3798 3295 3870 imagines
3325 3814 3454 3870 qua:
3485 3796 3544 3852 in

1935 3888 2096 3962 regia
2124 3890 2264 3944 urbe
2291 3887 2887 3961 depanerejubebant
2916 3888 3027 3943 Leo
3061 3890 3232 3960 atque
3264 3887 3545 3943 Constan-

1936 3978 2091 4033 tinus
2137 3977 2383 4049 augusti,
2410 3980 2469 4032 et
2488 3976 2708 4032 inlicite
2729 3976 3000 4049 conjugia
3028 3994 3157 4050 quas
3182 3992 3287 4049 per
3322 3975 3547 4031 diversa

1936 4066 2063 4121 loca
2093 4066 2327 4121 ﬂebant.
2360 4067 2494 4121 Post
2524 4067 2674 4120 hanc
2712 4064 3074 4121 vacationem
3103 4063 3428 4120 Antoninus
3444 4080 3547 4136 pa-

1938 4154 2190 4210 triarcha
2220 4170 2352 4209 cum
2408 4153 2522 4208 suis
2578 4152 2956 4226 suﬁ'raganeis
2988 4154 3234 4209 Romam
3274 4153 3349 4209 ad
3378 4168 3550 4225 syno-

1941 4243 2080 4297 dum
2112 4242 2400 4315 perrexit;
2434 4243 2492 4297 in
2524 4259 2638 4314 qua
2662 4242 2884 4314 synodo
2906 4241 3198 4298 deﬁnitiva
3225 4241 3421 4298 divisio
3463 4242 3553 4296 fa-

1942 4333 2036 4385 cta
2062 4333 2146 4386 est
2174 4331 2329 4386 inter
2367 4331 2729 4386 Antoninum
2776 4330 3130 4386 Gradenscm
3162 4330 3552 4402 patriarcham

1944 4422 2003 4475 et
2032 4419 2317 4474 Serenum
2376 4419 2808 4490 Farajulensem
2868 4418 3211 4487 antistitem,
3237 4419 3402 4489 juxta
3430 4418 3551 4473 edi-

226 4518 404 4574 netiaa
434 4518 496 4570 et
524 4512 761 4586 Hystrim
822 4510 1029 4566 direxit
1076 4510 1379 4583 epistolam
1408 4526 1425 4562 :
1459 4531 1486 4560 «
1518 4507 1843 4589 Gregorius,
1868 4517 1922 4576 Ῑ)
1947 4512 2102 4564 ctum
2132 4508 2287 4563 beati
2312 4506 2569 4578 Gregorii
2592 4507 2847 4575 secundi,
2879 4508 3263 4564 canﬁrmante
3309 4507 3431 4561 tota
3462 4523 3551 4577 sy-

218 4621 417 4661 servus
443 4617 743 4658 servorum
774 4599 897 4668 Dei,
930 4596 1546 4670 episc0pus,universis
1566 4596 1849 4668 episcopis
1949 4597 2103 4654 nodo
2135 4600 2195 4653 et
2223 4596 2574 4652 sententiam
2606 4598 2991 4655 auathematis
3034 4597 3095 4654 in
3151 4596 3323 4669 hujus
3351 4594 3535 4652 couﬁr

220 4692 480 4749 Venetiae
520 4706 622 4746 seu
663 4688 901 4761 Hystrim
943 4688 1029 4742 vel
1084 4686 1241 4758 plebi
1289 4684 1571 4757 ejusdem.
1630 4684 1849 4748 Quam-
1948 4685 2222 4741 mationis
2252 4686 2557 4741 violatores
2587 4687 2858 4742 dictante.

222 4798 400 4855 quam
427 4797 494 4835 ex
522 4777 849 4835 ministeria
883 4776 1039 4849 quod
1065 4774 1439 4830 miseratione
1470 4790 1724 4846 superna
1753 4790 1847 4829 re-

2018 4776 2236 4831 Mortua
2263 4791 2395 4831 vero
2427 4775 2553 4846 ipsa
2570 4775 2866 4831 Antonino
2885 4776 3237 4847 patriarcha,
3261 4774 3359 4848 qui
3375 4791 3557 4831 annos

220 4866 714 4945 gimus,quicquid
742 4865 979 4939 provide
1004 4862 1379 4919 deliberanda
1408 4879 1693 4936 peragere
1721 4864 1847 4919 abs-
1946 4862 2509 4935 rexitpontiﬂcatum
2531 4866 2622 4931 22,
2654 4879 2882 4917 menses
2917 4865 3001 4929 10,
3026 4861 3147 4917 dies
3178 4863 3270 4931 20,
3303 4862 3559 4936 sepultus

225 4977 340 5032 que
368 4957 671 5014 obstacula
705 4955 1034 5021 conveniat,
1075 4956 1332 5009 attamen
1363 4970 1434 5007 ne
1466 4952 1678 5007 frustra
1690 4952 1845 5022 judi-

229 5050 386 5103 cium
413 5046 602 5119 egisse
627 5044 928 5099 videamur
974 5051 1065 5106 m,
1117 5043 1214 5097 illa
1258 5042 1524 5113 cupimus
1549 5040 1840 5112 persequi,

220 5155 350 5212 quas
372 5152 492 5192 non
519 5141 588 5177 1⁸⁷
613 5133 689 5189 ad
706 5132 992 5189 lesionem
1022 5132 1389 5204 cujusquam,
1416 5145 1618 5185 verum
1650 5128 1840 5201 potius

1946 4954 2032 5006 est
2064 4953 2120 5007 in
2147 4952 2357 5007 eadem
2388 4954 2577 5005 castra
2610 4949 2667 5004 in
2700 4948 2955 5005 (ecclesia
2974 4953 3187 5004 sanctae
3228 4948 3549 5007 Eufemite.

1943 5039 2084 5095 Huic
2114 5038 2383 5095 successit
2401 5037 2745 5093 ZEmilianus
2770 5036 3101 5109 patriarcha
3132 5042 3242 5103 (an.
3276 5038 3427 5111 749),
3458 5037 3556 5110 qui

1944 5127 2090 5183 rexit
2120 5127 2523 5201 pontificatum
2578 5142 2763 5181 annos
2820 5128 2873 5194 8,
2933 5123 3056 5180 dies
3084 5126 3136 5180 6.
3170 5125 3390 5181 Mortua
3418 5142 3552 5181 vero

1539 5300 1775 5356 VARIIE
1832 5300 2235 5360 LECTIONES.

287 5461 360 5496 179
385 5451 528 5507 deest
558 5452 612 5503 5.
690 5455 759 5489 ηο
801 5446 942 5500 deest
977 5447 1032 5500 6.
1110 5452 1177 5485 181
1218 5458 1292 5497 au
1342 5445 1393 5496 5.

1449 5442 1481 5494 6
1586 5446 1655 5480 1⁸³
1709 5438 1827 5492 ausi
1882 5442 1936 5494 5.
1984 5440 2036 5493 6.
2118 5446 2187 5480 1⁸³
2253 5440 2291 5493 2'.
2344 5455 2390 5492 e.
2437 5438 2764 5494 contentus.
2844 5445 2913 5479 ίει

2970 5433 3347 5509 prohibentes
3402 5431 3553 5509 addit

212 5504 505 5578 Dandiilus
535 5521 592 5573 in
617 5518 860 5573 chronica
892 5534 1022 5587 pag.
1062 5512 1181 5569 13'2.
1262 5521 1330 5554 1⁸⁸
1376 5528 1479 5587 usu
1510 5514 1561 5587 5.
1597 5511 1649 5565 6.
1729 5518 1799 5587 18}
1840 5526 1913 5587 at
1936 5526 2012 5564 ne
2066 5508 2106 5564 f.
2258 5525 2309 5563 e.
2340 5525 2410 5587 __v.
2448 5508 2636 5587 desunt
2682 5511 2733 5564 5.
2772 5504 3045 5587 6.<reee'p_i_
3090 5523 3163 5587 eq
3199 5504 3554 5587 exquagzdulo

204 5613 271 5669 ρ.
332 5595 461 5651 133.
543 5597 612 5669 19⁷
668 5589 806 5669 deest
865 5586 918 5642 5'.
1114 5586 1310 5669 “fuci:

1374 5582 1473 5637 illa
1525 5581 1712 5635 desunt
1770 5584 1823 5635 5.
1884 5581 1938 5635 6.
2018 5588 2087 5624 189
2144 5580 2283 5636 deest
2339 5583 2391 5637 5.
2443 5581 2495 5633 6.
2575 5586 2646 5621 ίοο
2699 5597 2749 5638 c.
2809 5584 2866 5636 et
2915 5577 2997 5635 v.‘
3019 5582 3071 5633 5.
3134 5579 3185 5631 6.
3266 5584 3333 5620 ίοι
3392 5577 3551 5633 inva-

206 5648 359 5723 dere
376 5648 838 5743 usquein_vadere
869 5658 1180 5713 exciderunt
1205 5657 1253 5709 5.
1294 5658 1352 5709 6.
1430 5661 1497 5695 ιω
1539 5651 1794 5723 cogitare
1820 5652 2108 5710 Dandulus
2122 5670 2185 5727 ρ.
2220 5652 2346 5710 133.
2425 5659 2495 5694 που
2520 5650 2602 5707 eis
2631 5668 2749 5709 non
2780 5651 2855 5710 D.
2934 5660 3002 5693 ηι
3035 5649 3442 5725 obtemperare
3471 5648 3548 5707 Β.

216 5747 284 5782 ηδ
310 5734 594 5795 autc-nius
708 5734 759 5788 6.
