3902 6210
234 364 333 435 969

1735 360 2046 429 MONITUM

3442 363 3551 431 970

234 486 459 545 cultiori
508 487 657 562 stylo
696 486 909 547 librum
940 506 1108 549 suum
1148 488 1489 565 composuit.
1525 490 1621 560 Est
1654 490 1916 565 potiusA
1951 507 2167 565 quaeso,
2216 489 2520 547 Anselmus
2570 479 2972 564 episcoporum
3012 486 3167 545 Vitas
3204 487 3277 547 ad
3317 488 3555 563 Notgcri

236 578 512 650 loquendi
557 596 743 653 genus
786 581 1086 637 horridum
1118 585 1177 637 et
1206 581 1445 651 durum;
1478 585 1563 637 est
1602 583 1842 639 transla-

234 665 489 723 tionibus
519 668 735 737 audax,
768 673 846 734 et,
877 686 1209 743 quanquam
1241 671 1387 726 liber
1414 674 1683 751 veteruml
1704 671 1843 726 locis

237 755 485 812 refertus
515 760 621 825 est,
651 758 807 813 haud
846 775 978 815 raro
1005 758 1086 814 ita
1116 760 1426 815 obscurum
1457 763 1519 815 ut
1545 760 1842 816 interdum

234 847 426 904 nescio
457 864 589 920 quas
622 850 853 904 oracula
881 853 937 905 te
968 849 1167 906 audire
1197 853 1362 921 putes
1386 849 1523 924 (38).
1567 851 1727 906 Idem
1758 855 1845 907 est

234 935 467 993 dicendi
494 954 678 1010 genus
708 938 768 993 in
792 937 1058 1010 epistola,
1079 937 1238 994 idem
1269 938 1329 994 in
1349 938 1477 993 Vita
1500 937 1841 1002 S.Remacli,

231 1023 391 1080 idem
449 1024 512 1081 in
562 1025 799 1099 reliquis
838 1026 999 1081 Vitis.
1029 1028 1098 1081 Et
1147 1026 1193 1081 si
1245 1044 1392 1082 unus
1442 1026 1714 1099 idemque
1757 1030 1845 1083 est

230 1114 412 1170 trium
442 1114 677 1170 illorum
721 1118 941 1184 auctor,
969 1117 1095 1188 quis
1144 1115 1367 1188 scripsit
1414 1115 1555 1172 alius
1593 1115 1701 1171 nisi
1741 1115 1842 1171 ille

232 1220 414 1276 quem
439 1205 765 1272 Anselmus,
783 1205 1154 1260 continuator
1183 1204 1495 1273 Lobiensis,
1510 1204 1842 1277 Sigebertus

230 1309 351 1348 uno
395 1309 497 1347 ore
537 1294 842 1364 proferunt
889 1292 1236 1365 Herigerus?
1269 1295 1350 1350 De
1391 1294 1638 1366 Netgero
1687 1294 1841 1367 apud

230 1381 362 1437 illos
387 1398 462 1437 ne
492 1384 734 1438 verbum
758 1382 1016 1456 quidem.
1048 1385 1122 1438 At
1154 1383 1308 1438 unde
1339 1383 1578 1438 tandem
1614 1383 1843 1456 irrepsit

230 1470 290 1525 in
321 1470 477 1525 hunc
505 1471 720 1527 librum
746 1472 979 1544 Notgeri
1011 1488 1229 1527 nomen
1250 1472 1279 1527 ?
1305 1472 1429 1527 Una
1458 1475 1686 1527 tantum
1727 1472 1837 1541 via,

228 1559 291 1613 ni
324 1559 517 1627 fallor,
549 1559 794 1616 inveniri
819 1563 1028 1632 potest,
1052 1577 1167 1632 qua
1197 1561 1481 1616 enodetur
1504 1561 1836 1631 difﬁcultas;

227 1651 313 1703 est
347 1648 466 1715 illa,
494 1665 670 1721 quam
701 1653 1029 1721 persecutus
1059 1653 1144 1703 est
1174 1650 1532 1721 Chapeaville
1563 1648 1837 1723 (39).Epi-

225 1737 390 1809 scopi
433 1737 669 1792 nomine
709 1740 768 1792 et
788 1738 948 1809 jussu
978 1737 1284 1809 Herigerus
1314 1737 1475 1810 quasi
1502 1738 1688 1794 scriba
1716 1739 1836 1811 epi-

1946 597 2125 653 usque
2147 584 2412 652 tempora
2436 579 2543 635 sibi
2574 579 2906 635 scribendas
2930 579 3258 652 sumpserit,
3280 578 3324 633 si
3357 595 3452 633 eas
3481 580 3553 635 ab

1944 670 2219 741 Herigero
2244 668 2479 741 scriptas
2502 684 2623 723 esse
2653 671 3016 739 compertum
3045 667 3385 723 habuisset?
3415 668 3556 740 quid

1942 758 2003 813 in
2034 757 2376 831 praefatione
2408 757 2480 812 ab
2506 757 2603 812 illo
2633 773 2726 811 res
2752 757 3155 829 episcoporum
3184 756 3254 811 ad
3278 756 3557 813 S.Rema—

1942 848 2094 902 clum
2130 863 2308 919 usque
2341 844 2547 901 litteris
2585 845 2892 900 mandatas
2930 861 3051 899 esse
3095 845 3273 918 probe
3316 847 3556 901 testatus

1941 936 2163 991 fuerit?
2194 934 2308 989 Nisi
2340 934 2543 1002 mavis,
2573 933 2940 1007 septuaginta
2970 934 3137 989 annis
3160 937 3290 1006 post
3319 933 3553 1006 Herige-

1941 1042 2072 1081 rum
2106 1026 2321 1081 librum
2356 1025 2517 1079 illum
2549 1023 2778 1097 penitus
2797 1022 3035 1096 periisse
3067 1027 3123 1078 et
3150 1040 3217 1079 ex
3245 1023 3555 1079 hominum

1939 1114 2227 1169 memoria
2269 1113 2561 1182 excidisse,
2596 1113 2718 1167 haec
2758 1129 2876 1167 una
2921 1114 3149 1168 tantum
3190 1115 3277 1168 est
3303 1112 3394 1167 via
3439 1129 3556 1185 qua

1941 1202 2197 1276 expediri
2238 1219 2402 1275 posse
2432 1201 2659 1256 videtur
2703 1200 3029 1260 difﬁcultas.
3062 1201 3297 1257 Librum
3340 1202 3414 1257 ad
3451 1217 3555 1257 sua

1940 1296 2207 1364 tempora
2246 1290 2567 1346 deducendi
2606 1290 2911 1346 consilium
2947 1293 3069 1345 tam
3098 1290 3264 1345 ﬁrmo
3305 1290 3364 1345 in
3396 1290 3555 1346 Heri-

1940 1381 2061 1453 geri
2095 1380 2291 1435 animo
2334 1379 2563 1447 insedit,
2596 1382 2659 1434 ut
2684 1396 2775 1434 res
2804 1383 3087 1452 tanquam
3118 1382 3349 1451 peracta
3379 1379 3450 1434 ab
3480 1396 3550 1435 eo

1938 1473 2386 1544 proponeretur,
2400 1469 2500 1524 sed
2513 1469 2828 1541 quominus
2840 1485 3041 1524 revera
3054 1468 3125 1524 ad
3156 1468 3332 1523 ﬁnem
3346 1469 3552 1541 perdu-

1940 1563 2093 1615 ceret
2130 1563 2332 1614 auctor
2378 1559 2569 1613 nescio
2603 1575 2718 1631 qua
2746 1563 3081 1631 temporum
3112 1557 3413 1631 iniquitate
3438 1559 3549 1615 im-

1936 1650 2165 1722 peditus
2184 1653 2288 1704 est.

2010 1748 2123 1803 Sed
2139 1748 2266 1819 jam
2296 1747 2591 1803 videamus
2618 1747 2913 1819 quomodo
2952 1745 3073 1820 ipso
3114 1746 3401 1801 scribendi
3427 1764 3552 1802 mu-

222 1828 442 1881 stolam
462 1825 620 1882 illam
647 1828 721 1882 ad
735 1827 1144 1883 Werinfridum
1177 1829 1517 1900 composuit,
1536 1832 1593 1883 et
1623 1828 1696 1884 ad
1717 1826 1822 1901 epi-

1939 1863 2079 1902 nere
2126 1846 2358 1901 functus
2397 1845 2464 1899 sit
2512 1844 2836 1915 Herigerus,
2870 1843 3191 1917 quibusque
3221 1843 3421 1899 auxilis
3458 1845 3548 1901 in-

220 1930 537 1987 scoporum
560 1916 726 1971 Gesta
755 1917 1161 1989 componenda
1181 1918 1498 1988 Notgerum
1529 1917 1836 1973 materiam

218 2018 426 2061 rerum
455 2020 521 2058 ex
542 2003 827 2059 tabulario
856 2004 1092 2077 aliisque
1114 2005 1370 2061 fontibus
1398 2006 1671 2077 Herigero
1703 2023 1835 2079 sup-

214 2089 514 2163 peditasse
554 2091 796 2163 epistola
822 2091 943 2164 ipsa
969 2092 1156 2149 docet.
1189 2093 1385 2165 Neque
1428 2093 1665 2165 ingenio
1708 2096 1837 2167 plus

205 2178 373 2250 justo
406 2179 710 2235 indulsisse
731 2180 874 2235 mihi
894 2180 1110 2250 videor,
1129 2181 1173 2236 si
1193 2182 1532 2254 Herigerum
1563 2183 1832 2239 eamdem

214 2267 533 2339 epistolam
564 2269 671 2324 toti
702 2269 863 2340 operi
892 2270 1199 2342 praeﬁxisse
1227 2270 1556 2342 conjiciam,
1588 2274 1651 2325 ut
1684 2271 1834 2327 ami-

211 2373 354 2412 cum
386 2358 487 2430 qui
513 2358 620 2414 sibi
645 2358 931 2414 scribendi
962 2362 1162 2415 auctor
1191 2364 1363 2433 atque
1386 2360 1616 2431 adiutor
1644 2361 1833 2417 fuerat

209 2450 479 2514 ornaret,
512 2448 777 2521 gratique
800 2448 981 2503 animi
1010 2465 1179 2504 causa
1208 2465 1374 2504 suum
1402 2466 1619 2505 nomen
1650 2451 1831 2506 latere

208 2534 491 2591 maluisse
521 2536 775 2592 credam.
801 2538 996 2610 Itaque
1014 2537 1282 2593 eamdem
1314 2538 1435 2594 fere
1462 2537 1747 2611 originem
1765 2556 1830 2594 ac

207 2622 341 2678 Vita
373 2622 862 2681 S.Landoaldihic
884 2642 1114 2697 quoque
1144 2625 1294 2681 liber
1324 2626 1622 2683 duxit.Sed
1648 2644 1828 2683 unum

205 2711 402 2768 adhuc
454 2716 633 2768 restat
685 2714 841 2786 quod
885 2731 1180 2771 moneam.
1220 2715 1387 2771 Gesta
1426 2716 1828 2788 episcoporum

204 2816 398 2873 usque
430 2802 505 2857 ad
538 2802 775 2875 Notgeri
801 2805 1066 2875 tempora
1078 2820 1199 2859 esse
1221 2804 1486 2873 deducta,
1518 2805 1724 2861 littera:
1755 2805 1829 2860 ad

203 2888 632 2946 Werinfridum
685 2891 908 2947 disertis
952 2893 1143 2947 verbis
1184 2893 1437 2965 probant
1484 2896 1623 2963 (40);
1651 2910 1827 2967 quam

198 2978 340 3034 libri
366 2982 600 3052 partem
626 2979 946 3052 gravissimi
970 2981 1255 3036 momenti
1278 2983 1377 3036 aut
1392 2983 1825 3053 temporumin-

198 3066 362 3123 vidia
389 3067 558 3123 nobis
584 3072 932 3141 praereptam
950 3072 1048 3124 aut
1065 3070 1352 3126 oblivione
1366 3070 1492 3141 jam
1512 3088 1632 3127 esse
1650 3072 1823 3128 obru-

195 3158 329 3211 tam
358 3156 743 3212 vehementer
787 3157 1068 3224 dolerem,
1105 3158 1212 3214 nisi
1260 3174 1392 3213 eam
1430 3175 1505 3214 ne
1548 3160 1822 3231 scriptam

196 3245 449 3317 quidem
478 3262 738 3318 unquam
774 3262 894 3301 esse
937 3246 1081 3301 mihi
1124 3247 1553 3320 persuaderem.
1592 3247 1823 3320 Opinati

193 3337 340 3388 sunt
369 3334 471 3389 alii
504 3333 613 3406 (41)
645 3334 702 3390 8.
736 3335 991 3390 Bemacli
1016 3352 1408 3391 successorum
1450 3336 1604 3391 Vitas
1648 3337 1822 3392 fuisse

192 3421 358 3477 inter
386 3439 458 3477 ea
489 3439 640 3495 quae,
662 3426 727 3478 ut
749 3423 889 3479 dicit
912 3424 1283 3480 continuator
1308 3424 1629 3493 Lobiensis,
1661 3442 1822 3481 com-

191 3510 468 3583 posuerit
487 3511 817 3584 Herigerus,
853 3512 953 3568 sed
982 3529 1101 3569 non
1125 3513 1469 3586 exposuerit.
1503 3514 1617 3570 Sed
1657 3515 1817 3587 quid,

271 3683 393 3755 (38)
422 3684 735 3757 Eleganter
759 3681 1044 3738 scribendi
1066 3682 1338 3757 ar_tem_in
1369 3682 1541 3757 docta
1565 3684 1818 3757 quadam

192 3753 558 3827 abacuri_tate
580 3753 828 3827 positam
859 3771 980 3827 esse
1011 3754 1222 3827 probat
1253 3753 1668 3827 Herigerus,fin
1690 3757 1815 3827 epi-

192 3771 558 3811 onscuritate
580 3771 828 3827 positam
859 3771 980 3809 esse
1011 3771 1222 3827 pronam
1253 3771 1576 3826 uerigerus,
1610 3772 1668 3810 1n
1693 3771 1815 3883 ep1-

187 3826 349 3880 stola
375 3825 452 3880 ad
483 3826 787 3896 Hugonem
817 3826 912 3890 (de
940 3825 1255 3897 quaipaulo
1301 3824 1469 3896 infra)
1501 3826 1637 3897 satis
1668 3826 1724 3881 di
1753 3845 1817 3882 u-

186 3897 328 3968 cide
368 3897 603 3968 scripta,
632 3912 726 3968 ap.
756 3896 1009 3968 Martene
1043 3896 1314 3951 Thesaur.
1348 3896 1553 3951 anecd.
1587 3899 1629 3950 Ι.
1666 3901 1765 3953 117
1797 3915 1811 3954 :

184 3967 388 4025 Minus
433 3967 512 4041 de
548 3967 733 4041 teporis
780 3967 1095 4023 urbanitate
1144 3968 1350 4034 curavi,
1380 3970 1569 4041 sciens,
1598 3985 1681 4022 eos
1723 3971 1820 4041 qui

186 4046 324 4093 ante
352 4054 451 4093 nos
475 4038 539 4092 de
572 4039 781 4092 artibus
807 4040 1057 4110 scripsere
1079 4043 1137 4094 ut
1167 4044 1373 4091 tantum
1399 4038 1816 4110 intelligerentur

186 4110 514 4182 elaborasse,
553 4109 918 4182 eloquentiam
936 4126 1058 4164 vero
1083 4111 1298 4164 omnino
1332 4109 1814 4178 neglexisseEam-

187 4181 334 4235 dem
363 4180 755 4236 urbanitatem
786 4181 1038 4252 reliquos
1060 4197 1288 4252 quoque
1305 4182 1812 4252 scriptoressecta-

183 4252 578 4323 tos_esse,qui
610 4268 675 4306 ex
709 4250 1107 4306 Leodiensium
1139 4250 1440 4323 disciplina
1468 4251 1808 4323 prodierint,

184 4339 258 4377 ex
293 4321 628 4394 ipsisglibris
666 4323 943 4389 Fulcuini,
977 4321 1254 4394 Ratherii,
1290 4321 1539 4394 Everacli
1585 4322 1643 4376 in
1689 4323 1809 4394 epi—

184 4392 344 4466 stola
380 4393 467 4466 _ad
488 4394 848 4466 _Notgerum,
880 4393 1138 4466 Notgeri,
1168 4392 1497 4460 Adelboldi,
1527 4392 1806 4462 Anselmi,

185 4463 502 4537 Gozechini
521 4463 656 4537 satis
687 4468 863 4537 patet.

263 4536 381 4608 (39)
409 4537 472 4590 In
518 4534 1141 4608 praefationelaudata.
1180 4534 1458 4589 Eamdem
1507 4534 1628 4608 fere
1655 4534 1807 4591 viam

185 4605 779 4678 inieruntﬁndl'eas,
808 4606 1048 4678 Mirmusi
1073 4609 1131 4660 et
1155 4608 1300 4678 post
1335 4621 1449 4678 _eos
1506 4606 1802 4678 Foppens;

188 4678 366 4749 paulo
422 4676 592 4733 aliter
646 4678 979 4743 Bollandus,
1023 4676 1296 4749 Oudinus,
1332 4676 1570 4749 Lelong,
1602 4676 1805 4749 Biblio-

189 4748 409 4820 theque
450 4748 581 4803 hist.
630 4749 703 4803 de
748 4750 984 4817 France,
1017 4750 1058 4813 Ι,
1093 4748 1532 4820 584;νιιθςιξὶιιθ,
1564 4748 1804 4803 Histoire

189 4817 469 4891 d’Alsace,
516 4836 570 4891 p.
614 4822 714 4887 4-7;
762 4824 1021 4874 auctores
1068 4819 1204 4872 Hist.
1238 4817 1621 4891 litt.:l“ranc.,
1657 4820 1802 4874 Geil-

190 4890 316 4970 tier,
350 4891 388 4943 l.
422 4891 463 4944 Ι.
508 4888 634 4945 rem
665 4891 935 4970 explicarj
968 4888 1382 4970 possenopinati
1415 4894 1567 4957 sunt,
1599 4907 1802 4970 _verum

189 4960 847 5034 Gestorumhauctorem
898 4960 1070 5034 fuisse
1120 4961 1459 5034 Notgerum,
1516 4961 1802 5034 quiquae

188 5031 481 5104 scripserit
509 5032 781 5104 Herigero
806 5031 1082 5104 limanda,
1101 5031 1476 5104 emendanda
1501 5031 1559 5086 et
1578 5031 1805 5087 edenda

191 5102 515 5176 tradiderit.
548 5102 708 5176 Idem
740 5102 863 5176 fere
894 5102 1050 5176 quod
1068 5102 1151 5176 _de
1184 5102 1458 5176 Herigero
1495 5104 1802 5176 proposui,

190 5174 387 5229 statuit
418 5174 615 5230 Hirsch
646 5191 697 5238 v,
726 5176 796 5228 cl.
828 5174 897 5227 de
929 5173 1228 5244 Sigeberto
1260 5173 1441 5244 p.85.

258 5244 369 5315 (40)
404 5244 479 5299 Et
512 5262 580 5301 ne
621 5246 706 5298 hic
748 5244 917 5316 labor,
947 5246 1044 5316 qui
1095 5251 1143 5299 te
1180 5244 1496 5316 adhortante
1536 5251 1803 5314 susceptus

188 5323 277 5381 est,
312 5316 567 5386 iii/erucis
597 5316 775 5388 operis
803 5315 924 5383 ﬁat,
947 5315 1063 5388 ;non
1094 5316 1207 5388 ejus
1236 5315 1390 5369 modo
1421 5316 1583 5384 cujus
1612 5317 1797 5368 memi-

188 5390 361 5441 nimus
430 5390 607 5443 sancti
624 5386 646 5388 ﬁ
674 5386 870 5440 scilicet
931 5386 1194 5452 Remacli,
1248 5403 1432 5440 verum
1489 5391 1799 5439 ceterorum

188 5467 378 5514 nostra?
400 5460 534 5514 sedis
567 5460 884 5529 ponti/tcum
918 5466 1153 5528 tempora
1195 5464 1243 5511 et
1272 5465 1440 5527 gesta,
1481 5472 1600 5527 qua:
1630 5455 1797 5529 unde-

189 5547 393 5602 cunque
412 5527 637 5602 potuere
662 5528 909 5596 conradi,
944 5527 1219 5583 ad’nostra
1251 5534 1413 5600 usque
1437 5533 1671 5599 tempora
1691 5527 1797 5581 col-

189 5602 304 5672 legi.

1938 1946 2185 2000 structus
2225 1942 2385 2016 operi
2425 1959 2525 1997 suo
2566 1958 2806 1995 manum
2852 1940 3191 1996 admoverit.
3226 1942 3417 1996 Unum
3464 1945 3550 1996 est

1938 2043 2095 2116 quod
2122 2043 2181 2097 in
2208 2057 2277 2097 eo
2306 2040 2462 2096 haud
2493 2039 2742 2095 libenter
2772 2037 3127 2094 desiderabis
3158 2055 3171 2094 :
3206 2055 3334 2111 quas
3363 2039 3422 2094 in
3454 2056 3545 2094 rc-

1935 2142 2041 2197 bus
2062 2140 2333 2214 gerendis
2346 2137 2611 2193 minister
2626 2138 2726 2191 aut
2746 2135 2933 2209 egerit
2948 2139 3047 2191 aut
3062 2134 3285 2203 viderit,
3302 2137 3544 2193 omnino

1934 2254 2053 2293 non
2087 2236 2333 2309 scripsit,
2354 2251 2482 2307 quae
2505 2234 2575 2289 ab
2602 2233 2725 2288 aliis
2750 2232 2998 2288 audierit
3028 2233 3547 2307 paucissima.Qua-

1931 2341 2046 2395 lem
2074 2335 2249 2407 igitur
2276 2334 2351 2389 ad
2374 2332 2676 2388 historiam
2705 2330 3072 2387 scribendam
3103 2330 3360 2387 indolem
3392 2336 3542 2389 attu-

1931 2432 2088 2500 lerit,
2107 2432 2249 2487 libro
2280 2448 2383 2486 suo
2413 2431 2547 2485 satis
2572 2428 2820 2502 probare
2844 2444 2961 2483 non
2984 2428 3192 2500 potuit,
3210 2429 3319 2484 alia
3350 2430 3543 2503 itaque

1931 2547 1999 2586 ex
2029 2530 2279 2586 aliorum
2309 2528 2468 2584 libris
2499 2530 2558 2582 et
2589 2525 2794 2582 litteris
2824 2525 3092 2599 praesidia
3134 2526 3241 2581 sibi
3283 2528 3538 2601 paravit;

1929 2629 2081 2684 inter
2106 2644 2235 2699 quae
2265 2629 2599 2681 sanctorum
2628 2624 2802 2690 Vitas,
2836 2624 2900 2676 ut
2923 2620 3097 2677 libelli
3130 2628 3541 2695 argumentum

1929 2713 2541 2789 postulabat,primum
2564 2712 2753 2767 locum
2780 2710 3045 2765 obtinere
3061 2709 3391 2769 vides.Sunt
3406 2729 3541 2770 vero

1929 2804 2140 2860 auxilia
2182 2803 2305 2875 ejus
2361 2803 2484 2858 hac
2516 2818 2528 2856 :
2560 2799 2832 2855 Eusebius
2879 2797 2939 2853 in
2990 2799 3274 2855 Chronico
3309 2802 3424 2873 (42)
3470 2819 3543 2859 ex

1927 2894 2189 2949 versione
2240 2890 2595 2963 Hieronymi,
2650 2887 2903 2943 historia:
2957 2887 3373 2957 ecclesiasticae,
3426 2908 3539 2963 quo

1927 2983 2168 3038 nomine
2202 2980 2425 3037 Eusebii
2453 2980 2664 3034 librum
2695 2994 2729 3031 a
2757 2975 2966 3031 Ruﬁno
2996 2976 3195 3032 Latine
3224 2995 3454 3034 versum
3485 2985 3545 3037 et

1926 3072 1986 3126 ni
2019 3073 2189 3126 fallor
2217 3068 2454 3141 Sulpicii
2485 3066 2680 3122 Severi
2709 3064 3008 3119 historiam
3040 3063 3232 3120 innuit
3254 3067 3392 3140 (43),
3422 3069 3544 3123 Jor-

1924 3160 2089 3215 danis
2133 3159 2265 3233 (44),
2311 3155 2635 3229 Geographi
2683 3152 3031 3208 Ravennatis
3073 3154 3239 3223 liber,
3287 3158 3348 3209 ut
3385 3156 3544 3212 vide-

1924 3253 2017 3304 tur
2043 3251 2184 3320 (45),
2216 3249 2386 3303 Gesta
2415 3246 2769 3300 Francorum
2796 3243 2929 3310 (46),
2972 3240 3249 3298 Einhardi
3278 3244 3404 3301 Vita
3436 3246 3541 3302 Ca-

1920 3339 2030 3393 roli
2086 3336 2275 3409 Magni
2320 3333 2457 3407 (47),
2505 3332 2673 3388 Bedaa
2720 3330 2869 3385 liber
2908 3328 2979 3383 de
3028 3332 3387 3403 temporibus
3430 3336 3540 3407 (48)

1922 3430 1981 3482 et
2024 3423 2497 3497 Martyrologium
2536 3418 2666 3492 (49).
2710 3416 2899 3488 passio
2945 3416 3042 3471 SS.
3079 3419 3233 3474 Petri
3275 3424 3333 3475 et
3380 3424 3537 3479 Pauli

1921 3513 2319 3589 apostolorum
2401 3512 2536 3582 (50).
2610 3505 2741 3561 Vita
2836 3506 3168 3561 sanctorum
3242 3508 3532 3575 Eucharii,

1992 3682 2101 3755 (42)
2134 3681 2319 3756 Quem
2344 3695 2476 3756 cum
2506 3677 2626 3756 ipss
2656 3674 2715 3756 is
2736 3670 2995 3756 ,θρίείρια
3010 3672 3083 3727 ad
3104 3673 3408 3756 Ημερηεξιη
3436 3695 3532 3751 ap-

1916 3747 2170 3812 Martene
2201 3755 2239 3808 l.
2270 3755 2313 3806 l.
2345 3747 2553 3806 testem
2582 3747 2775 3811 faciat,
2810 3747 2949 3815 quin
2978 3758 3113 3799 eum
3145 3747 3205 3801 in
3229 3747 3531 3806 Gestorum

1917 3842 2086 3907 capp.
2121 3828 2151 3881 3
2181 3829 2239 3880 et
2267 3825 2322 3892 4,
2366 3821 2470 3877 etsi
2500 3817 2993 3876 liberius-secutus
3022 3815 3113 3885 sit,
3147 3817 3395 3874 dubitari
3427 3838 3530 3877 ne-

1916 3900 2062 3969 quit.

1987 3967 2104 4041 (43)
2145 3970 2186 4035 1,
2220 3969 2273 4030 3,
2303 3967 2358 4032 4,
2388 3962 2474 4019 16.

1989 4038 2107 4112 (44)
2147 4042 2190 4101 1,
2221 4041 2401 4112 17-19.

1984 4108 2097 4181 (45)
2136 4112 2179 4177 1,
2209 4108 2296 4181 26.

2004 4181 2090 4251 46)
2133 4183 2174 4248 1,
2209 4180 2297 4251 ~26,
2323 4179 2414 4246 41,
2447 4182 2535 4234 57.

2006 4250 2101 4320 47*)
2139 4255 2182 4320 1,
2214 4250 2302 4307 26.

2331 4321 2598 4376 laudatur
2629 4322 2700 4377 ab
2731 4339 2800 4380 eo
2834 4325 2893 4380 in
2937 4326 3179 4398 epistola
3215 4323 3290 4380 ad
3332 4325 3525 4399 Hugo-

1909 4410 2066 4449 nem.

1978 4467 2094 4535 (49)
2124 4466 2203 4519 Ex
2226 4464 2341 4540 hoc
2365 4462 2789 4540 eni_mﬁ,qno_n_ex
2808 4467 2930 4540 ipso
2953 4469 3022 4525 de
3044 4468 3099 4523 S.
3118 4469 3274 4539 Lupo
3302 4468 3519 4540 hymno

1910 4536 2053 4609 duos
2074 4553 2265 4591 versus
2286 4536 2412 4609 illo_s
2442 4536 2483 4601 I,
2508 4538 2569 4609 2t
2609 4537 2715 4609 sibi
2741 4536 2971 4609 petiisse
3001 4536 3270 4595 videtur"

1980 4607 2089 4679 (50)
2126 4610 2166 4674 Ι,
2193 4610 2244 4681 3,
2276 4609 2331 4661 4.
2362 4606 2500 4681 Quen
2522 4606 2593 4661 sit
2622 4606 2758 4663 haec
2778 4611 2929 4665 Petri
2962 4616 3019 4667 et
3039 4611 3198 4667 Pauli
3225 4611 3521 4681 apostolo-

1906 4677 2249 4758 rurnpassio
2282 4677 2499 4758 ambigi
2530 4682 2740 4749 potest.
2769 4682 2847 4735 Ex
2877 4683 3048 4737 rebus
3084 4683 3221 4753 ipsis
3249 4677 3393 4758 quas
3434 4683 3515 4738 illi

1906 4749 2099 4825 libello
2129 4751 2301 4804 debet
2342 4749 2646 4825 Herigcrus
2677 4768 2795 4825 non
2837 4769 2957 4825 esse
3002 4749 3131 4807 eam
3188 4749 3510 4825 passionem

1906 4764 2099 4804 nneuo
2129 4764 2301 4804 debet
2343 4764 2646 4875 uerifcrus
2677 4768 2795 4805 non
2837 4769 2957 4806 esse
3002 4769 3131 4807 eam
3188 4770 3510 4825 passionem

1904 4824 2065 4895 patet
2095 4838 2221 4892 quas
2244 4821 2446 4895 _sancti_
2518 4821 2600 4875 ini
2634 4823 2872 4877 nomine
2900 4822 3321 4892 circumfertur,
3355 4826 3515 4895 cujus

1905 4891 2033 4945 dum
2087 4891 2203 4946 non
2244 4893 2393 4946 bene
2432 4892 2584 4963 inter
2622 4909 2682 4946 se
2726 4897 3113 4963 congruentes
3150 4891 3514 4951 recensiones

1904 4964 2136 5016 exstant
2180 4963 2236 5017 in
2272 4962 2618 5017 bibliotheca
2647 4962 2900 5016 maxima
2930 4964 3164 5017 Patrum
3197 4966 3237 5030 Ι,
3270 4965 3338 5019 67
3367 4972 3425 5021 et
3452 4968 3509 5020 in

1901 5036 2005 5087 Act
2037 5032 2135 5088 SS.
2169 5035 2300 5089 Jun.
2346 5034 2409 5099 V,
2450 5034 2576 5087 424.
2615 5033 3025 5087 Desiderantur
3050 5033 3207 5086 enim
3231 5039 3511 5092 nonnulla

1903 5120 2030 5175 quae
2084 5105 2237 5174 apud
2294 5104 2632 5175 Herigerum
2691 5104 2978 5173 leguntur.
3027 5107 3223 5173 Itaque
3267 5107 3509 5162 alteram

1903 5174 2294 5246 apostolorum
2350 5174 2677 5246 passionem
2727 5176 3023 5246 auctorem
3053 5176 3331 5246 _secutum
3387 5194 3508 5231 esse

1901 5243 2230 5313 conjiciam,
2264 5243 2425 5316 cujus
2462 5245 2824 5316 Marcellos.)
2846 5244 2998 5316 Petri
3037 5243 3313 5316 discipulo
3363 5246 3507 5301 falso

1901 5317 2209 5387 suppositus
2242 5314 2607 5370 mensionem
2636 5314 2771 5369 facit
2800 5314 3137 5387 Sigebertus
3152 5315 3233 5387 in;
3252 5314 3398 5387 libro
3426 5318 3507 5371 De

1899 5385 2186 5457 scriptor.,
2211 5388 2392 5440 eccles
2444 5402 2492 5439 c.
2532 5389 2581 5448 l,
2614 5402 2904 5456 quamque
2944 5402 3011 5440 ex
3037 5385 3325 5439 codicibus
3344 5386 3510 5441 Glad-

1899 5456 2127 5538 bacensi
2157 5463 2214 5512 et
2236 5455 2649 5538 :l-‘revirensinin
2676 5457 2897 5538 schedis
2922 5456 3036 5538 suis
3058 5456 3353 5538 habebant
3379 5458 3505 5512 Bol-

1898 5527 2192 5608 laudistaa.‘
2234 5528 2393 5608 Hunc
2436 5527 2691 5608 libellum
2737 5528 3154 5608 bis_in__l_u.ccm
3182 5528 3426 5608 editum
3461 5546 3509 5608 _a

1899 5598 2119 5654 Nausea
2144 5603 2201 5655 et
2234 5598 2584 5653 Florentinio
2618 5616 2735 5655 non
2767 5599 2903 5657 vidi.
2934 5599 3064 5659 Vid.
3097 5600 3218 5655 Act.
3256 5600 3355 5657 SS.
3388 5602 3425 5658 l.
3461 5603 3503 5657 Ι.

257 5674 364 5743 (il;
396 5671 728 5743 Bollandus,
764 5671 888 5743 Act.
929 5669 1028 5726 SS.
1068 5670 1230 5726 Febr.
1264 5670 1302 5726 l.
1339 5672 1376 5727 I.
1406 5670 1546 5726 Hist.
1580 5668 1691 5728 litt.
1726 5669 1797 5726 de
1898 5686 1958 5743 p.
1989 5672 2116 5729 399.

190 5738 424 5813 France,
455 5745 604 5799 tom.
628 5742 741 5808 VII,
774 5742 814 5798 1.
840 5743 887 5801 Ι.

685 5842 923 5905 ΡΑτιιοῐ..
956 5840 1209 5900 CXXXIX.

3226 5846 3288 5902 81
