3902 6210
467 391 572 451 975

1037 392 1362 452 HERIGERI
1400 392 1481 450 ET
1518 389 1818 448 ANSELMI
1853 384 2072 446 GESTA
2109 387 2324 447 EPISC.
2365 387 2616 446 TUNGR.
2655 388 2846 452 ΤΗΝ.
2886 390 2968 448 ΕΤ
3006 393 3208 450 LEOD.

3687 399 3786 458 976

469 519 672 595 Itaque
729 518 801 577 de
867 521 1276 593 antiquissimis
1335 519 1762 592 Tungrensium
1809 516 1982 572 rebus
2015 514 2076 570 in
2105 515 2334 578 Aanno
2358 514 2622 588 sequenti
2638 533 2772 573 vero
2787 515 3382 576 VitamS.Landoaldi
3399 520 3788 594 composuisse

470 613 635 666 tanta
670 627 869 666 rerum
889 612 1236 667 obscuritate
1279 610 1421 665 nihil
1452 609 1590 664 certi
1623 605 1870 680 proferri
1908 621 2074 676 posse

472 717 592 756 non
624 717 739 756 uno
771 702 896 756 loco
936 701 1116 756 libero
1157 717 1256 755 ore
1287 700 1500 754 fatetur
1525 697 1662 770 (85).
1698 697 1834 760 Quae
1860 694 2080 749 critices

475 791 810 845 exercendas
831 789 978 844 ratio
1003 805 1116 861 quo
1149 790 1334 860 magis
1365 788 1426 842 in
1458 789 1656 859 aperto
1682 786 1772 851 sit,
1807 784 1982 838 alium
2013 800 2082 838 ex

476 878 720 950 epistola
748 879 796 948 ej
809 895 870 931 us
900 877 972 932 ad
1006 877 1302 950 Hugonem
1337 877 1575 931 afferam
1601 876 1945 944 locum,quo
1963 872 2083 927 He-

477 968 755 1038 rigerum,
792 983 934 1022 num
965 967 1139 1040 primi
1185 966 1263 1022 illi
1293 967 1662 1022 Trevirorum
1695 961 1949 1034 episcopi
1981 962 2085 1017 Eu-

477 1056 724 1119 charius,
751 1055 1016 1112 Valerius
1045 1059 1102 1112 et
1128 1057 1415 1112 Maternus
1460 1070 1658 1110 revera
1709 1051 2083 1124 Evangelium

481 1144 847 1219 prmdicaturi
900 1161 934 1200 a
963 1144 1022 1202 S.
1053 1147 1222 1201 Petro
1250 1143 1408 1200 missi
1436 1143 1570 1212 sint,
1606 1142 1970 1198 dubitantem
2001 1139 2082 1195 vi-

480 1235 704 1290 demus.
739 1235 820 1289 En
853 1234 1024 1290 verba
1053 1234 1174 1306 ejus
1193 1235 1310 1307 (86)
1341 1249 1356 1288 :

549 1325 636 1381 De
657 1323 869 1380 uostris
897 1322 1324 1380 Trecereusibus
1350 1319 1658 1388 Euchario,
1695 1317 1934 1381 Valerio.
1953 1317 2086 1376 Μα-

481 1419 660 1480 terno,
682 1412 786 1486 qui
809 1411 1076 1470 dicuntur
1100 1410 1262 1468 missi
1289 1410 1469 1474 fuisse
1515 1409 1580 1466 ab
1617 1407 1863 1482 apostolo
1890 1407 2084 1476 Petro,

479 1507 532 1558 et
553 1501 708 1558 locus
732 1500 962 1574 quidam
988 1503 1050 1557 iu
1079 1499 1320 1557 Elisatio
1348 1513 1491 1572 pago
1513 1513 1708 1556 nomen
1725 1497 1927 1556 habeas
1945 1495 2084 1553 Ele-

479 1591 579 1664 gia
605 1589 903 1648 concordat
926 1605 1050 1647 cum
1078 1603 1265 1647 eorum
1316 1587 1574 1656 historia,
1628 1587 1725 1644 sed
1766 1602 1802 1643 a
1827 1586 2090 1658 passione

481 1679 661 1736 beatri
686 1679 869 1748 Petri,
925 1679 1032 1753 qui
1059 1679 1162 1752 qui
1203 1683 1283 1735 est
1319 1691 1502 1734 anuus
1555 1678 1620 1731 13
1670 1675 1932 1739 Nerauis,
1990 1674 2088 1746 qui

2181 606 2328 671 Quid
2351 605 2602 660 versibus
2639 606 2963 677 pangendis
2999 623 3214 680 posses,
3251 609 3312 664 in
3343 610 3456 665 alio
3489 610 3641 667 libro
3673 615 3792 668 ten-

2181 695 2322 750 tavit
2380 695 2452 750 de
2480 695 2618 750 Vita
2660 694 2720 751 S.
2755 696 3010 752 Ursmari
3058 697 3404 754 hexametris
3437 702 3785 774 conscripto,

2182 800 2378 856 quem,
2410 785 2723 856 antequam
2749 784 2972 840 abbatis
2995 802 3206 841 munus
3224 788 3560 860 susciperet,
3587 790 3786 847 edidit.

2182 874 2262 928 Ex
2291 875 2559 930 omnibus
2613 890 2742 946 quae
2786 875 3070 930 habemus
3104 876 3360 948 Herigeri
3388 879 3701 949 opusculis,
3734 881 3786 937 ni

2181 963 2372 1032 fallor,
2401 963 2658 1035 primum
2670 966 2757 1019 est
2771 964 3155 1036 compositum
3176 983 3192 1034 ;
3214 983 3352 1021 nam
3375 965 3436 1021 in
3458 965 3655 1024 Gestis
3677 969 3791 1042 epi-

2182 1067 2488 1124 scoporum
2517 1068 2710 1108 versus
2729 1053 3012 1125 quosdam
3037 1071 3105 1110 ex
3134 1053 3230 1111 illo
3251 1055 3635 1130 transcripsit.
3663 1058 3788 1131 Ipse

2186 1139 2344 1196 enim
2373 1143 2574 1196 auctor
2617 1143 2704 1194 est
2741 1142 3080 1199 metricauus
3126 1141 3225 1198 ille
3253 1160 3427 1216 quem
3460 1145 3534 1201 de
3565 1145 3628 1202 S.
3659 1145 3787 1204 Ser-

2183 1229 2339 1286 vatio
2365 1246 2560 1286 versus
2587 1230 2744 1286 haud
2777 1229 3131 1303 incongruus
3149 1232 3349 1288 fecisse
3373 1233 3516 1289 dicit
3543 1234 3687 1308 (89).

2261 1319 2375 1376 Sed
2398 1320 2750 1392 Herigerum
2777 1336 2892 1376 non
2909 1321 3084 1376 modo
3097 1321 3272 1376 rebus
3285 1323 3462 1394 gestis
3490 1327 3795 1382 narrandis

2194 1425 2433 1480 operam
2450 1424 2709 1476 navasse,
2723 1409 2823 1465 sed
2841 1425 3118 1482 magnam
3131 1426 3294 1465 suam
3315 1411 3713 1470 eruditionem
3739 1415 3793 1471 in

2186 1497 2554 1552 illustrandas
2611 1497 2750 1552 alias
2797 1499 3142 1570 quaestiones
3184 1500 3514 1567 contulisse,
3545 1505 3794 1578 catalogi

2188 1585 2471 1640 librorum
2486 1585 2534 1656 ej
2546 1603 2611 1640 us
2627 1586 2945 1640 ostendunt
2955 1591 3014 1642 et
3025 1591 3196 1643 testes
3209 1589 3622 1660 comprobant.
3646 1589 3795 1650 Inter

2191 1689 2335 1746 quos
2364 1690 2501 1729 sane
2526 1674 2781 1746 primum
2819 1675 3044 1732 obtinet
3081 1677 3274 1733 locum
3303 1677 3532 1734 libellus
3560 1679 3664 1735 ille
3703 1681 3793 1754 qui

482 1767 712 1835 (scilicet
737 1766 968 1840 Petrus)
1027 1767 1082 1824 si
1123 1765 1276 1840 forte
1303 1766 1678 1833 Eucliarium,
1722 1763 2007 1821 Valerium
2036 1765 2088 1819 et
2113 1827 2162 1842 ἢ
2185 1761 2518 1818 inscribitur
2541 1763 2806 1836 Epistota
2845 1766 3125 1838 Heriqeri
3145 1767 3360 1825 abbatis
3395 1769 3470 1825 ad
3507 1770 3794 1842 quemdam

478 1827 808 1918 diateraum
861 1827 1188 1914 Treveribus
1237 1855 1415 1924 misit,
1469 1860 1598 1912 ante
1647 1827 1858 1926 aliquot
1911 1865 2087 1909 annos
2112 1827 2164 1887 Β
2185 1851 2479 1924 Huqouem
2542 1827 2869 1912 mouacttum
2919 1827 3050 1928 (90').
3103 1856 3292 1922 Quam
3325 1862 3456 1930 post
3502 1827 3558 1916 3.
3610 1861 3718 1915 990
3739 1863 3793 1916 et

469 1947 736 2021 passioui
761 1961 876 2004 sua
905 1945 1004 2004 ttae
1021 1945 1181 2018 fecit,
1211 1950 1606 2019 computantur
1630 1944 1774 2000 auui
1795 1945 1902 2000 263
1920 1956 2089 2014 usque

479 2037 552 2094 ad
577 2050 788 2094 annuas
815 2036 898 2094 25
917 2033 1528 2108 Constantini,quando
1555 2033 1688 2090 obiit
1711 2038 1936 2090 sanctus
1955 2029 2088 2102 Syl-

477 2132 676 2194 oester,
715 2125 879 2194 cujus
910 2125 1085 2196 jussu
1123 2122 1361 2182 Arelate
1386 2123 1537 2193 facta
1564 2127 1642 2179 est
1678 2121 1946 2193 synodus,
1991 2117 2090 2176 ubi

481 2217 694 2289 legitur
711 2213 1041 2286 interfuisse
1049 2217 1275 2271 sanctus
1291 2211 1604 2281 Maternus,
1628 2211 1960 2286 Agrippinae
1972 2210 2085 2282 epi-

477 2319 695 2376 scopus,
728 2319 850 2361 cum
875 2302 1144 2363 Mauriuo
1172 2303 1572 2360 archidiacouo
1601 2316 1724 2368 suo,
1757 2301 1856 2357 ubi
1894 2303 1946 2358 et
1981 2299 2086 2354 ad-

478 2394 589 2464 fuit
614 2398 844 2451 sanctus
866 2391 1142 2463 Aqrieius
1173 2389 1537 2447 Treverorum
1566 2390 1868 2460 episcopus.

547 2485 620 2538 At
651 2497 768 2536 non
800 2479 860 2534 in
889 2479 1063 2535 rebus
1080 2481 1308 2534 tantum
1338 2477 1513 2550 gestis
1546 2476 1735 2544 haesit,
1778 2477 1880 2532 sed
1919 2476 2086 2532 indo-

477 2571 596 2626 lem
626 2584 828 2625 earum
861 2571 920 2624 et
943 2570 1213 2624 naturam
1242 2565 1568 2639 perspicere
1615 2567 1876 2634 conatus,
1917 2565 2086 2620 altio-

477 2674 604 2713 rem
636 2673 696 2713 se
722 2672 925 2730 gerere
958 2655 1224 2728 spiritum
1245 2656 1529 2727 gustuque
1553 2653 1808 2726 quodam
1834 2653 2086 2726 philoso-

481 2746 648 2818 phico
679 2763 738 2802 se
771 2745 1065 2801 imbutum
1093 2759 1215 2799 esse
1251 2742 1312 2798 in
1363 2743 1515 2799 libro
1547 2759 1649 2798 suo
1678 2742 1906 2815 probat.
1940 2742 2086 2798 Nam

479 2834 550 2894 dc
573 2834 794 2892 mundo
826 2851 945 2891 non
977 2837 1218 2901 aeterno,
1246 2833 1318 2888 ab
1347 2834 1570 2888 aeterno
1603 2833 1720 2888 Deo
1751 2834 1968 2900 creato.
2013 2832 2084 2888 de

479 2925 662 2981 libero
713 2923 969 2980 hominis
1019 2921 1257 2978 arbitrio
1309 2937 1440 2976 cum
1496 2919 1864 2994 providentia
1893 2919 2086 2976 divina

481 3013 842 3071 conciliando
873 3011 1220 3086 quaestiones
1247 3009 1500 3066 enodare
1526 3013 1768 3064 conatus
1815 3012 1901 3064 est
1953 3010 2083 3080 (87).

2187 1947 2324 1999 ante
2349 1960 2401 1998 a.
2437 1946 2540 2000 999
2566 1945 2951 2018 conscriptam
2973 1963 3118 2014 esse,-
3135 1947 3359 2002 abbatis
3382 1963 3608 2003 nomen
3637 1949 3790 2004 Heri-

2190 2049 2330 2104 gero
2361 2032 2560 2089 datum
2591 2037 2650 2088 et
2683 2033 2886 2090 domui
2911 2034 3179 2091 Gerberti
3210 2036 3430 2092 mentio
3471 2037 3634 2093 facta
3663 2037 3786 2107 (91),

2189 2121 2403 2177 summi
2445 2121 2732 2194 pontificis
2762 2123 3000 2178 nomine
3024 2140 3350 2196 suppresso,
3377 2125 3526 2181 mihi
3558 2142 3791 2198 persua-

2189 2209 2423 2266 dent.Et
2432 2211 2556 2282 jam
2571 2211 2912 2282 provectiori
2925 2215 3095 2268 aetate
3113 2213 3453 2285 Herigerum
3477 2214 3796 2271 illumtem-

2188 2315 2330 2373 pore
2358 2299 2530 2356 fuisse
2567 2299 2688 2355 hinc
2722 2317 2850 2373 qua:
2881 2299 3101 2357 ibidem
3147 2307 3457 2358 occurrunt
3487 2305 3675 2360 verba
3699 2305 3792 2360 do-

2189 2391 2323 2444 cent
2354 2405 2368 2444 :
2401 2389 2558 2457 Haec,
2593 2390 2767 2460 frater
2805 2389 3158 2460 dilectissime,
3200 2395 3517 2447 summatim
3559 2393 3796 2450 breviter-

2189 2495 2308 2551 que,
2339 2480 2466 2550 quia
2503 2494 2610 2549 per
2662 2480 3042 2550 memetzpsum,
3071 2478 3391 2552 inﬁrmitate
3431 2483 3795 2554 interpellante

2189 2574 2240 2622 et
2270 2569 2550 2624 oculorum
2577 2570 2690 2623 acie
2704 2568 2829 2639 jam
2867 2570 3153 2638 caligante,
3205 2569 3429 2625 scribere
3467 2588 3578 2625 non
3617 2575 3787 2643 potui.

2190 2659 2577 2728 Proposuerat
2593 2656 2752 2712 enim
2801 2657 2974 2731 Hugo
2997 2657 3094 2714 ille
3120 2659 3402 2732 quasdam
3455 2659 3531 2714 de
3581 2662 3793 2717 calculo

2189 2745 2598 2818 chronologico
2613 2746 3212 2820 quaestiones,quaque
3229 2747 3457 2804 ratione
3473 2764 3612 2804 cum
3627 2749 3797 2805 Evan-

2189 2833 2322 2907 gelii
2340 2834 2576 2890 veritate
2596 2834 2848 2906 Dionysii
2873 2835 3235 2892 concilianda
3244 2836 3318 2892 sit
3329 2840 3648 2894 auctoritas
3663 2839 3794 2911 (92).

2191 2922 2406 2988 Quibus
2425 2923 2749 2980 enodandis
2763 2924 3795 3000 benignameruditionisproferende

2189 3011 2550 3068 occasionem
2591 3016 2792 3068 nactus
2821 3013 3159 3084 Herigerus,
3184 3013 3326 3069 illud
3355 3014 3517 3088 quod
3549 3016 3624 3071 de
3653 3033 3713 3071 se
3740 3015 3797 3071 in

479 3103 722 3176 Alioque
753 3103 880 3158 loco
911 3100 1049 3174 quid
1073 3099 1297 3156 intersit
1325 3099 1476 3154 inter
1503 3099 1909 3171 antiquitatem
1929 3102 1988 3155 et
2003 3116 2090 3154 re-
2119 3110 2167 3171 C
2189 3101 2372 3156 Gestis
2402 3101 2806 3174 episcoporum
2843 3101 2978 3156 fecit
3005 3101 3291 3174 Judicium
3323 3103 3460 3159 satis
3508 3105 3794 3176 probavit.

482 3193 742 3250 ccntiora
767 3194 1036 3265 tempora
1055 3189 1458 3263 explicandum
1487 3188 1591 3245 sibi
1617 3189 1884 3262 suscepit,
1918 3188 2000 3244 ita
2025 3192 2088 3244 ut

483 3299 550 3337 ex
580 3282 687 3338 hac
727 3280 852 3355 ipsa
888 3296 952 3337 re
989 3279 1250 3336 historiae
1307 3278 1626 3335 scribendas
1685 3277 2087 3334 necessitatem

485 3371 706 3428 derivet
733 3369 864 3442 (88).

555 3460 682 3517 Jam
703 3459 778 3515 ad
791 3459 1048 3514 Anselmi
1065 3459 1280 3514 librum
1307 3456 1638 3526 transirem,
1673 3455 1780 3512 nisi
1808 3473 1992 3530 pauca
2020 3457 2092 3513 de

485 3549 719 3624 reliquis
734 3547 1007 3623 Herigeri
1023 3547 1307 3620 opusculis
1324 3545 1592 3602 addenda
1611 3563 1732 3601 esse
1755 3545 2092 3614 arbitrarer,

487 3657 561 3696 ne
588 3639 726 3713 quid
739 3641 860 3694 tam
875 3637 1100 3694 erudito
1116 3637 1238 3692 viro
1262 3634 1572 3692 detraxisse
1595 3634 1812 3692 videar.
1827 3634 2097 3690 Vidimus

479 3728 610 3800 jam
634 3744 808 3800 supra
823 3726 1001 3785 Gesta
1023 3725 1425 3799 episcoporum
1441 3737 1576 3778 eum
1598 3738 1714 3778 non
1735 3725 1864 3795 post
1884 3739 1936 3778 a.
1970 3725 2095 3792 979,

887 3937 901 3977 :
937 3920 1312 3998 Quiquarupi
1337 3915 1428 3974 vel
1443 3915 1837 3998 imperatorum
1865 3915 1955 3998 ρει
1973 3932 2105 3998 Δεφη.

493 3987 682 4053 επιὶιιοὴ
706 3987 1020 4051 clarueriut
1049 3987 1382 4060 témporibus
1409 4017 1482 4028 -—-
1504 3987 1601 4060 uec
1629 4003 1664 4044 a
1685 3988 1841 4045 nobis
1877 3987 2104 4045 lectoris

497 4067 745 4136 alicujus
769 4058 1291 4136 requiratexactio1
1323 4059 1480 4136 1,726
1514 4058 1844 4136 :_Incertum
1887 4065 1991 4136 est,
2021 4061 2105 4136 si-

497 4143 590 4192 cut
616 4129 664 4192 et
689 4134 755 4190 de
775 4129 964 4188 multis
987 4130 1236 4187 aliarum
1268 4129 1479 4201 legitur
1505 4131 1797 4186 civitatum
1837 4133 2106 4201 episcopis

496 4237 570 4248 —
597 4209 806 4278 quanta
822 4201 1244 4278 Δἱνιίιςῖειψ-ειίἱημ
1269 4200 1502 4258 ecclesia
1548 4200 1894 4278 Z'ungreusis
1921 4200 2101 4274 fuerit

497 4271 622 4333 sine
639 4272 922 4347 pontiﬁce.
953 4273 1000 4341 I,
1033 4271 1103 4328 43
1136 4271 1593 4347 :_Incompertuus
1605 4271 1692 4330 est
1711 4273 1905 4329 deinde
1922 4271 2100 4347 quan-

499 4358 557 4406 ta
587 4343 846 4420 teinporis
871 4343 1279 4420 intercapedine
1318 4343 1474 4416 plebs
1505 4343 1947 4415 Trajectensiuni
1975 4343 2103 4416 fue-

499 4422 578 4478 rit
607 4418 731 4477 sin—e
763 4424 1000 4489 pastore,
1031 4418 1140 4489 etc.

571 4493 678 4563 (86)
710 4486 964 4563 Martene
1011 4490 1070 4542 et
1127 4487 1361 4542 Durand
1390 4487 1560 4542 Thes.
1590 4486 1856 4542 anecdot.
1895 4486 1944 4555 Ι,
1983 4490 2100 4544 117.

573 4561 688 4636 (87)
711 4561 758 4636 1,
790 4565 844 4636 2,
879 4561 969 4615 4ο.

572 4634 688 4706 (88)
719 4634 766 4701 I,
802 4635 850 4688 l.

571 4699 688 4779 (89)
715 4699 759 4774 I,
795 4702 1111 4779 2l._}'itam
1141 4699 1202 4757 S.
1235 4699 1490 4779 Ursmayi
1516 4701 1714 4779 totarn_
1727 4699 1940 4772 publici
1959 4699 2109 4779 juris

501 4769 636 4832 fecit
662 4769 796 4832 cum
829 4773 954 4829 aliis
985 4772 1385 4828 monumentis
1433 4769 1806 4826 Lobiensihus
1862 4787 1913 4825 a.
1968 4769 2108 4828 1628

501 4849 761 4922 Λῐετὶἀὶυε
787 4843 1302 4922 ννειῄιιιὰθλιίὺνυω
1333 4842 1522 4922 ipsum
1552 4857 1672 4896 non
1715 4840 1846 4922 vidi.
1885 4841 2108 4922 Carmi-

501 4912 596 4976 ηεξ
610 4912 1121 4992 fragmentum,_in
1155 4929 1284 4992 quo-
1303 4912 1544 4992 eosdem
1558 4912 2104 4992 versusdeprelien-

501 4983 820 5071 dimus'qui
853 4983 1207 5071 leguntur};
1228 4987 1317 5071 21‘,
1346 4983 1640 5071 exhonodice
1665 4984 1726 5040 S.
1747 4984 1954 5071 Y‘itoni.
1981 4986 2104 5071 ‘Vir-

501 5053 775 5118 dunensfs
800 5053 1261 5114 ediditMabillon
1281 5053 1648 5114 Act.SS.saec.
1667 5071 1748 5122 ιιι,
1776 5059 1841 5122 2;
1869 5055 1956 5109 cui
1985 5055 2106 5110 haec

500 5129 1129 5216 inscripta.°§s°..‘€9rb2
1160 5127 1770 5216 ιεξῑξὲιξτ,.ρ·ἓέ7,,ελεξ
1789 5126 2105 5216 Qte-Ww-

497 5220 646 5264 mme
675 5196 870 5274 incipit
913 5199 1040 5274 lfita
1068 5198 1140 5274 S_.
1169 5196 1770 5274 Ursrtaripoufessoris
1791 5203 2104 5269 atquepon-

498 5277 698 5346 tiﬁcis,
725 5267 1318 5346 vehes-abitisﬂerieri
1348 5267 1560 5346 abbatis
1605 5267 1890 5346 industria
1935 5267 2106 5346 metm

495 5339 806 5404 [armamlro
835 5339 1132 5414 honoriﬁce
1149 5341 1477 5414 composita._
1491 5339 1631 5414 Qum
1671 5339 1847 5414 verba
1874 5343 2104 5410 postero

499 5424 764 5490 tempore
797 5409 1145 5490 additqesse
1175 5409 1615 5490 exn'supradictis
1656 5409 1790 5466 satis
1841 5409 2102 5490 apparet.

496 5492 540 5544 Α
557 5483 694 5544 lium
709 5485 1119 5556 ejusdemVitie
1138 5483 1395 5556 codicem
1408 5483 1886 5539 Gemblacensem
1903 5483 1959 5536 in
1979 5499 2102 5556 rna-

499 5560 664 5614 nibus
685 5555 890 5614 habuit
912 5555 1332 5622 I-Ienschenius,
1363 5572 1428 5610 ex
1451 5570 1563 5625 quo
1581 5558 1796 5626 printer
1819 5555 2099 5626 quosdam

498 5647 690 5685 versus
711 5629 821 5683 hoc
837 5627 1112 5698 carminis
1128 5624 1540 5698 argumentum
1562 5624 1693 5698 dedi
1698 5624 1822 5698 Attin
1837 5624 1962 5698 quo,
1975 5625 2100 5698 ille-

499 5699 672 5766 rigori
696 5697 1134 5768 ingeniumgnon
1157 5695 1507 5768 desiderabis
1524 5697 1668 5762 (Act.
1693 5695 1794 5768 S_S.
1822 5695 2008 5766 April.
2027 5695 2098 5762 11,

501 5765 627 5839 5:53)
651 5787 663 5823 ;
679 5765 952 5838 Proponit
981 5766 1288 5837 Herigerus
1319 5767 1534 5837 lapsum
1569 5765 1911 5836 απθιιοτωιὶ,
1943 5781 2099 5822 σται-

2190 3189 2335 3244 Nam
2361 3189 2690 3258 Eusebium,
2722 3189 3151 3262 Hieronymum
3205 3193 3342 3263 (93),
3385 3193 3797 3266 Augustinum,

2193 3278 2580 3350 Fulgentium,
2609 3278 2846 3347 Bedam,
2875 3296 3018 3352 quos
3045 3279 3186 3351 ipsis
3219 3280 3560 3338 hominibus
3584 3284 3800 3349 laudat,

2194 3367 2534 3423 eruditionis
2561 3385 2678 3423 suae
2709 3370 2884 3423 testes
2921 3367 3078 3424 fecit.
3110 3367 3176 3422 In
3221 3369 3374 3425 calce
3407 3370 3651 3426 demum
3681 3371 3801 3445 epi-

2193 3457 2354 3513 stola:
2387 3457 2772 3529 quaestionum
2799 3457 2870 3513 ab
2901 3457 3152 3528 Hugone
3184 3459 3623 3530 propositarum
3645 3462 3804 3533 quasi

2193 3545 2727 3602 remunerationem
2752 3550 2974 3618 septem
2993 3547 3430 3618 chronologicas
3457 3549 3806 3620 quaestiones

2197 3636 2277 3692 illi
2299 3635 2600 3692 solvendas
2628 3635 2839 3703 reddit,
2865 3653 2992 3708 quae
3015 3651 3154 3690 num
3181 3636 3253 3690 ab
3278 3635 3376 3692 illo
3393 3637 3684 3708 expedita
3696 3639 3808 3692 sint

2197 3725 2362 3781 valde
2384 3724 2603 3780 dubito.
2624 3724 2880 3780 Tertiam
2899 3725 3280 3798 quaestionem
3306 3742 3482 3798 supra
3511 3727 3810 3783 attulimus

2202 3851 2397 3905 tionem
2433 3849 2628 3934 νηπιμί
2635 3848 2940 3934 ἐξᾼιίῳηί,
2949 3849 3124 3934 .huius
3136 3849 3354 3934 lapsum
3384 3853 3805 3934 reparationem-

2203 3936 2302 4044 Ἐκ
2347 3937 2447 3990 per
2504 3918 2714 3974 Christi
2767 3920 3049 3974 adventum
3097 3928 3148 3975 et
3181 3918 3510 3992 triumphum
3553 3923 3608 3976 in
3638 3941 3803 3978 cruce.

2261 3991 2417 4044 einde
2429 3991 2776 4064 progreditur
2795 3991 2866 4045 ad
2887 3989 3242 4064 Evangelia”:
3259 4009 3358 4062 per
3377 3994 3640 4064 apostolos
3667 4003 3717 4049 et
3731 3999 3807 4048 ei.

2207 4078 2293 4138 ros
2324 4062 2642 4138 apostolicos
2685 4065 3068 4138 denuntiatum
3115 4063 3233 4117 orbi
3277 4062 3530 4120 universo
3562 4082 3627 4119 ac
3647 4069 3803 4138 potis-

2203 4135 2398 4188 simum
2433 4135 2618 4187 vicinis
2638 4134 2955 4204 regionibus.

2274 4205 2391 4272 (90)
2419 4205 2673 4259 Martene
2705 4205 2871 4258 Thes.
2901 4205 3103 4260 anecd.
3147 4205 3194 4271 Ι,
3230 4207 3350 4260 112.
3401 4204 3592 4269 Quem
3622 4207 3808 4272 ﬂugu-

2274 4224 2391 4272 (νυ)
2419 4224 2673 4259 martene
2711 4224 2871 4258 ures.
2901 4224 3103 4260 anecd.
3149 4224 3194 4271 ι,
3230 4224 3350 4260 112.
3401 4224 3592 4269 uuem
3623 4224 3706 4262 uu
3781 4237 3804 4248 -

2206 4289 2341 4328 nem
2369 4275 2642 4330 eumdem
2674 4291 2792 4330 esse
2811 4277 2988 4330 voluit
3008 4276 3271 4331 Mabillon
3289 4279 3444 4330 Ann.
3465 4277 3595 4330 0rd.
3631 4224 3804 4342 RR”,

2207 4348 2332 4412 317,
2368 4362 2540 4416 quem
2575 4364 2628 4400 a.
2693 4348 2826 4401 1033
2859 4347 3012 4418 apud
3045 4347 3354 4402 Lobienses
3385 4348 3660 4418 Herigeri
3691 4367 3807 4404 suc-

2130 4393 2183 4452 D
2207 4393 2491 4471 cessorlem
2520 4420 2774 4471 creatum
2811 4393 2930 4472 ESSE
2966 4417 3196 4472 scimus.
3241 4423 3396 4474 Ann.
3463 4393 3602 4474 LOT).
3665 4421 3806 4476 MOI].

2209 4487 2311 4560 SS.
2345 4487 2436 4556 1V,
2463 4491 2546 4543 19.
2571 4489 2738 4560 Hunc
2759 4489 3015 4543 libellum
3043 4489 3348 4560 illumesse
3365 4490 3528 4560 cujus
3553 4491 3810 4546 codicem

2209 4557 2269 4613 in
2304 4559 2653 4614 monasterio
2683 4560 2744 4616 S.
2775 4559 3062 4614 Lamberti
3087 4559 3346 4614 Lmtiensi
3364 4557 3662 4616 servatum
3679 4563 3807 4617 fuis-

2210 4646 2270 4714 se
2297 4629 2434 4714 dicit
2459 4630 2748 4714 Sanderus
2771 4630 2830 4714 in
2864 4630 3212 4714 bibliotheca
3243 4631 3400 4714 Belg.
3431 4633 3803 4714 manuscript.

2211 4702 2286 4767 II,
2317 4703 2418 4767 2’1»;
2453 4705 2606 4755 recte
2641 4702 2763 4756 sine
2794 4701 2970 4756 dubio
3009 4701 3276 4756 viderunt
3331 4705 3602 4758 auctores
3666 4701 3802 4759 Hist.

2209 4773 2316 4846 litt.
2343 4771 2542 4846 Franc.
2565 4773 2696 4840 VII,
2728 4775 2861 4846 7207‘.
2896 4771 3086 4846 Codex
3127 4771 3432 4846 inscriptus
3461 4779 3591 4828 erat
3621 4791 3636 4828 :
3673 4777 3805 4846 Epit

2206 4842 2766 4916 stolarisirespansio
2819 4843 2886 4916 de
2936 4843 3092 4914 cyclo
3137 4842 3400 4916 paschali
3437 4849 3490 4899 et
3536 4842 3808 4915 ejusmodi

2206 4921 2404 4970 contra
2436 4915 2770 4984 Dionysium
2799 4915 3057 4970 abbatem.

2277 4985 2382 5054 (91)
2413 4986 2666 5040 Martene
2701 4986 2868 5041 'l‘hes.
2903 4985 2948 5051 Ι,
2977 4989 3099 5040 11⁸7.

2277 5058 2390 5125 (92)
2447 5057 2700 5111 Martene
2757 5061 2815 5111 et
2871 5056 3104 5111 Durand
3149 5056 3421 5110 Thesaur.
3459 5058 3730 5112 anecdot.
3761 5057 3799 5120 Ι,

2211 5129 2308 5180 117
2335 5143 2349 5193 ;
2386 5126 2649 5200 Hugouis
2679 5144 2907 5200 quoque
2938 5128 3159 5200 litteras
3197 5144 3254 5180 se
3291 5127 3500 5198 legisse
3529 5133 3801 5183 testantur

2249 5197 2735 5270 uarum_initiurﬁi
2756 5197 2864 5253 hoc
2899 5203 2984 5252 est
3015 5215 3028 5252 :
3065 5199 3278 5252 Dorsuo
3305 5200 3496 5254 abbati
3525 5201 3605 5256 Η.
3632 5201 3800 5270 frater

2204 5268 2392 5339 Hugo.
2429 5268 2587 5333 Quod
2618 5269 2773 5325 Beda
2799 5279 2848 5324 et
2882 5270 3190 5339 Ditmysius
3237 5270 3301 5322 iu
3354 5271 3648 5339 opusculis
3677 5268 3798 5325 sui:

2204 5339 2471 5418 videntur
2497 5341 2720 5418 diversa
2749 5343 2988 5418 sentire,
3044 5341 3188 5418 quod
3242 5339 3556 5418 aliquando
3607 5353 3799 5418 quoque

2203 5411 2494 5484 plerosque
2512 5413 2826 5484 confundil,
2845 5411 3267 5484 vestropelimus
3292 5425 3406 5466 cor:
3421 5413 3511 5484 igi
3537 5411 3795 5484 examine.

2279 5481 2582 5554 :93flfnler
2612 5481 2733 5537 alia
2793 5484 2913 5536 hinc
2963 5481 3174 5554 ibidel_n
3225 5481 3502 5554 leguntur
3552 5481 3793 5554 (Marti.

2208 5555 2350 5624 112.)
2383 5570 2396 5609 :
2427 5553 2729 5610 Secundum
2754 5553 3058 5608 c/ironicam
3099 5551 3318 5607 Eusebii
3362 5555 3448 5608 vel
3485 5551 3648 5608 etiam
3676 5554 3796 5608 Hie-

2203 5627 2436 5696 ronymi,
2496 5627 2610 5698 qui,
2671 5627 2775 5681 nisi
2847 5624 3137 5696 probasset,
3210 5640 3316 5678 non
3367 5627 3444 5679 ita
3511 5625 3794 5680 transtulis-

2197 5703 2292 5752 set.
3291 5725 3296 5728 -
