3902 6210
184 506 284 559 977

1685 494 2015 555 MONI’I‘UM.

3411 508 3516 560 978

179 625 237 677 et
262 622 588 695 septimam
635 640 800 697 teque
826 624 900 680 ad
951 641 1042 680 res
1066 623 1409 679 Leodienses
1436 623 1797 694 spectantem
1826 639 1882 698 Α
1910 620 2045 675 satis
2093 620 2331 695 antiquo
2377 623 2651 680 eumdem
2698 620 3082 697 deprehendit
3105 623 3396 692 Mabillon,
3428 624 3517 679 bis

182 729 287 768 suo
328 714 459 768 loco
492 713 783 769 dabimus.

1915 711 2101 767 verbis
2129 729 2256 785 qua:
2283 730 2521 769 omnem
2552 714 2766 786 pellere
2796 713 3062 768 videntur
3090 712 3512 768 dubitationem

256 804 424 858 Alius
454 804 621 871 liber,
645 821 817 876 quem
845 804 1138 877 dialogum
1157 803 1415 876 Herigeri
1438 801 1806 858 etAdelboldi
1913 799 2252 872 inscriptum
2289 803 2571 873 (99-100):
2604 804 2767 858 Dicta
2797 802 2981 857 domni
3029 801 3234 855 abbatis
3260 801 3518 871 Herigcri

183 892 647 963 Trajectensium
669 895 900 964 postero
920 897 1184 966 tempore
1204 892 1452 964 episcopi
1476 892 1645 947 fuisse
1663 891 1805 946 scri-

189 982 368 1048 bunt,
399 980 472 1036 de
518 980 783 1036 Adventu
817 981 1045 1037 Domini
1071 981 1438 1047 celebrando,
1471 984 1804 1051 temporum

178 1071 407 1126 invidia
428 1070 599 1125 nobis
622 1070 848 1126 videtur
868 1086 989 1125 esse
1018 1072 1354 1141 praereptus.
1381 1068 1545 1133 Quod
1572 1069 1659 1123 vix
1695 1068 1803 1122 mi-

176 1161 466 1227 randum,
495 1176 625 1215 cum
657 1160 811 1214 haud
840 1159 916 1214 ita
944 1160 1127 1214 multo
1147 1163 1276 1231 post
1306 1158 1643 1229 Herigerum
1660 1173 1803 1212 non.

179 1251 329 1304 dum
364 1248 422 1304 in
457 1265 586 1304 eam
637 1265 763 1320 quae
795 1249 1049 1319 optanda
1090 1251 1214 1302 erat
1254 1248 1441 1302 lucem
1474 1245 1794 1319 prodiisset.

178 1341 380 1394 Berno
406 1338 562 1393 enim
589 1338 891 1409 Augiensis
920 1338 1116 1404 abbas,
1150 1338 1248 1409 qui
1274 1338 1463 1392 eidem
1496 1333 1797 1408 quaestioni

177 1444 434 1500 operam
464 1426 624 1482 dedit
652 1426 710 1481 in
742 1426 998 1498 pluribus
1030 1426 1254 1493 libellis,
1283 1426 1392 1481 hoc
1430 1426 1500 1480 de
1526 1425 1622 1480 illo
1652 1424 1797 1479 libro

177 1516 591 1573 testimonium
612 1515 747 1571 fecit
770 1516 829 1570 in
861 1515 1103 1588 epistola
1133 1514 1205 1569 ad
1234 1515 1545 1569 Aribonem
1576 1514 1795 1568 archie-

174 1607 494 1679 piscopum
538 1604 936 1676 Moguntinum
961 1605 1074 1673 (94)
1102 1621 1116 1659 :
1150 1602 1259 1659 Sed
1286 1610 1336 1658 et
1360 1604 1521 1658 abbas
1544 1603 1794 1671 Heriger,

172 1696 272 1750 vir
302 1711 418 1749 non
459 1711 648 1765 parve
675 1695 1035 1761 auctoritatis,
1063 1695 1253 1747 nostris
1310 1692 1624 1763 temporibus
1666 1707 1796 1762 pro-

162 1786 369 1857 prium
397 1800 553 1854 super
604 1783 705 1837 hac
757 1800 812 1837 re
864 1782 1095 1837 libellum
1149 1783 1458 1852 composuit,
1489 1783 1545 1835 in
1573 1797 1695 1851 quo,
1738 1787 1796 1834 ut

173 1880 433 1926 asserunt
462 1875 557 1944 qui
598 1871 748 1925 illum
802 1871 1058 1941 legerunt,
1083 1870 1442 1942 probabilibus
1469 1872 1797 1940 argumentis

1908 889 1973 942 de
2007 906 2223 961 corpore
2252 898 2302 945 et
2335 894 2595 962 sanguine
2621 891 2875 955 Domini;
2907 907 3153 963 cumque
3183 890 3355 962 paulo
3386 892 3516 962 post

1908 977 2247 1033 Lobiensem
2276 979 2685 1035 bibliothecam
2716 982 3191 1052 perscrutaretur,
3212 978 3268 1032 in
3292 981 3509 1033 vetusto

1905 1064 2185 1121 librorum
2229 1068 2491 1139 catalogo
2542 1085 2697 1124 anno
2746 1071 2882 1124 1049
2937 1068 3183 1140 ascripta
3218 1067 3360 1138 legit
3387 1067 3510 1120 haec

1900 1155 2075 1209 verba
2099 1173 2111 1209 :
2152 1155 2379 1227 Erigeri
2404 1157 2615 1214 abbatis
2644 1160 3104 1228 exaggerationem
3133 1158 3199 1212 de
3218 1173 3429 1227 corpore
3459 1163 3509 1209 et

1899 1247 2157 1312 sanguine
2187 1245 2424 1299 Domini.
2457 1246 2645 1301 Alium
2681 1246 2930 1318 denique
2957 1247 3216 1301 codicem
3247 1245 3505 1317 ejusdem

1897 1332 2027 1386 libri
2048 1334 2303 1404 Herigeri
2323 1336 2560 1390 nomine
2575 1335 2914 1407 inscriptum
2926 1335 3069 1390 vidit
3081 1334 3503 1404 Oudinus(101l.

1898 1422 2099 1476 Probis
2119 1423 2273 1478 hisce
2294 1423 2494 1479 insisto
2516 1424 3074 1497 testimoniis,neque
3090 1441 3293 1480 eorum
3309 1426 3503 1479 aucto-

1898 1510 2034 1565 ritas
2056 1511 2295 1567 convelli
2326 1513 2551 1568 videtur
2578 1531 2611 1568 a
2641 1513 2700 1568 S.
2742 1514 2983 1569 Geraldo
3009 1514 3239 1582 abbate,
3268 1512 3366 1585 qui
3396 1514 3503 1567 He-

1900 1598 2157 1669 rigerum
2190 1600 2260 1654 de
2280 1600 2377 1655 illo
2409 1604 2756 1672 argumento
2780 1602 3083 1674 epistolam
3108 1601 3397 1672 scripsisse
3426 1600 3507 1655 di-

1898 1687 1975 1741 cit
1995 1690 2161 1751 (102),
2187 1703 2375 1760 neque
2398 1706 2636 1745 moveor
2664 1690 3020 1745 Gottwicensi
3048 1690 3243 1745 codice
3275 1706 3309 1744 a
3338 1689 3502 1744 Pezio

1898 1779 2128 1846 reperto
2159 1777 2328 1847 (103),
2362 1777 2421 1831 in
2452 1794 2565 1849 quo
2593 1777 2748 1832 idem
2779 1778 2925 1833 liber
2954 1778 3058 1833 sub
3103 1777 3365 1832 Gerberti
3397 1793 3505 1832 no-

1898 1866 2055 1920 mine
2087 1865 2318 1937 legitur.
2349 1866 2495 1920 Nam
2517 1865 2623 1921 etsi
2643 1882 2711 1921 ex
2740 1866 2862 1938 ipso
2886 1866 3034 1922 libro
3065 1869 3286 1921 certum
3318 1866 3389 1920 de
3413 1883 3506 1920 au-

174 1978 266 2017 eos
298 1962 581 2016 convincit
603 1968 787 2015 contra
817 1959 1050 2014 Patrum
1076 1962 1322 2015 instituta
1353 1974 1527 2029 agere,
1556 1960 1651 2030 qui
1667 1957 1798 2030 plus
1827 1953 1878 2013 B
1900 1958 2057 2010 ctore
2084 1954 2365 2009 indicium
2393 1954 2512 2026 peti
2544 1970 2661 2009 non
2690 1957 2903 2027 potest.
2932 1956 3132 2009 tamen
3164 1953 3423 2025 Herigeri
3449 1957 3507 2008 et

172 2067 355 2123 quam
386 2055 619 2121 quatuor
646 2048 952 2103 Dominicos
1002 2048 1109 2103 dies
1153 2048 1433 2103 Adventus
1470 2048 1694 2103 Domini
1721 2064 1798 2101 re-

177 2139 401 2193 tebrare
439 2137 783 2193 contendunt.
817 2138 929 2191 Nec
972 2136 1415 2191 mathematicas
1469 2134 1803 2207 disciplinas

174 2226 501 2299 Herigerus
520 2242 556 2280 a
579 2241 638 2280 se
655 2225 871 2281 alienas
897 2241 1018 2279 esse
1046 2225 1253 2293 voluit;
1285 2226 1512 2296 regulas
1542 2223 1700 2278 enim
1730 2224 1801 2279 de

174 2316 372 2371 abaco
403 2314 761 2387 conscripsit,
785 2314 856 2369 de
887 2313 1091 2386 quibus
1115 2312 1409 2368 Albericus
1436 2312 1631 2367 Trium
1660 2311 1804 2367 Fon-

174 2405 335 2461 tium
366 2404 688 2459 monachus
718 2403 840 2458 haec
870 2403 1074 2458 acerbe
1096 2401 1319 2473 scripsit
1348 2401 1421 2456 ad
1442 2418 1495 2456 a.
1523 2403 1627 2456 990
1651 2400 1760 2473 (95)
1784 2419 1798 2458 :

172 2494 496 2564 Herigcrus
548 2492 612 2562 ﬁt
666 2491 828 2546 abbas
877 2490 1214 2545 Lobiensium
1260 2492 1531 2561 septimus,
1582 2492 1801 2545 scientia

178 2581 495 2637 litterarum
523 2579 722 2649 clarus,
754 2580 903 2651 cujus
930 2579 1199 2636 habentur
1228 2580 1425 2649 regula?
1454 2595 1802 2634 numerorum

171 2688 345 2742 super
372 2670 597 2725 abacum
649 2668 909 2725 Gerberti.
958 2672 1028 2723 tn
1076 2667 1256 2722 multis
1304 2685 1487 2739 nempe
1511 2667 1801 2723 studebant

172 2761 409 2832 antiqui
457 2776 576 2831 quae
615 2756 771 2814 hodie
797 2757 1063 2812 habentur
1099 2756 1316 2812 derisui.
1352 2756 1621 2828 Ejusdem
1666 2755 1797 2811 libri

172 2849 452 2904 codicem
480 2863 607 2902 saec.
637 2863 710 2901 xu
738 2845 1186 2910 (96)Ratisbonaz
1216 2845 1277 2900 in
1308 2845 1578 2901 manibus
1597 2845 1799 2900 habuit

172 2938 406 3004 Pezius,
436 2937 616 2992 alium
648 2934 911 3007 Lugduni
960 2935 1303 2990 Batavorum
1352 2934 1561 2989 servari
1601 2934 1799 2989 scribit

175 3026 451 3082 Oudinus
476 3026 604 3090 (9'7).

247 3114 415 3180 Quos
470 3112 935 3168 enumeravimus
962 3112 1141 3169 libros
1184 3128 1385 3168 revera
1414 3112 1486 3167 ab
1521 3111 1794 3183 Herigero

172 3202 545 3276 conscriptos
582 3217 704 3256 esse
751 3202 840 3256 vel
871 3201 1095 3257 codices
1122 3202 1209 3256 vel
1242 3203 1417 3256 testes
1465 3200 1524 3255 in
1557 3200 1795 3255 dubium

1903 2042 2244 2098 eruditionis
2273 2046 2332 2098 et
2356 2042 2643 2098 scribendi
2670 2042 2911 2097 rationis
2926 2042 3164 2113 vestigia
3190 2041 3509 2112 deprehen-

1903 2130 2050 2186 disse
2103 2131 2246 2186 mihi
2277 2130 2494 2189 videor.
2528 2131 2746 2185 Revera
2795 2130 2953 2185 enim
2993 2129 3280 2201 congessit
3308 2132 3507 2183 auctor

1905 2222 2137 2276 Patrum
2171 2219 2683 2275 ecclesiasticarum
2715 2220 2870 2274 locos
2900 2219 2972 2274 de
2997 2218 3095 2273 illo
3136 2221 3504 2290 argumento,

1904 2310 2150 2376 Eusebii,
2181 2307 2489 2375 Ambrosii,
2523 2307 2881 2379 Hieronymi,
2928 2306 3250 2379 Augustini,
3284 2306 3507 2369 Leonis,

1905 2396 2343 2469 Hilarii,Cyrilli,
2366 2395 2575 2464 Basilii,
2589 2395 2895 2466 Fulgentii.
2913 2395 3220 2450 Dialectica
3240 2411 3367 2467 qua:
3384 2394 3507 2465 ipse

1904 2486 2128 2558 profert
2177 2487 2523 2557 argumenta
2575 2483 2718 2556 (104)
2748 2484 2956 2540 eodem
2995 2499 3170 2539 sacrm
3197 2481 3506 2555 Scripturce

1903 2576 2029 2631 loco
2043 2576 2114 2630 de
2137 2592 2429 2640 mensura,
2452 2574 2709 2646 pondere
2722 2576 2781 2629 et
2801 2589 3046 2628 numero
3064 2571 3503 2639 innituntur,cui

1902 2665 2064 2736 quasi
2090 2664 2472 2719 fundamento
2502 2663 2757 2737 primum
2780 2666 2951 2734 caput
2978 2662 3279 2717 Gestorum
3313 2676 3507 2732 super-

1901 2754 2121 2809 struxit.
2150 2755 2308 2809 Hunc
2332 2771 2468 2809 vero
2497 2753 2673 2808 fuisse
2700 2752 2977 2824 Herigera
3005 2750 3062 2806 in
3080 2751 3237 2806 libris
3262 2750 3507 2805 conscri-

1899 2844 2103 2899 bendis
2132 2859 2321 2910 usum,
2354 2847 2418 2897 ut
2447 2859 2575 2915 quae
2605 2840 2818 2897 idonea
2836 2840 3172 2895 viderentur
3197 2855 3264 2894 ex
3296 2855 3412 2894 uno
3444 2838 3505 2893 in

1899 2926 3504 3001 alterum]ibrumtranscriberet.jamsupravidimusu05)

1899 3020 2109 3076 Omnia
2122 3020 2370 3092 denique
2385 3035 2513 3092 quae
2532 3019 2588 3073 in
2611 3019 2721 3075 hoc
2732 3019 3004 3091 opusculo
3021 3017 3311 3090 congessit
3322 3018 3381 3073 in
3394 3017 3504 3073 hoc

1898 3126 2013 3164 uno
2045 3112 2367 3177 vertuntur,
2398 3108 2570 3180 idque
2596 3108 2825 3164 efﬁcere
2873 3108 3094 3170 volunt,
3124 3110 3187 3161 ut
3217 3106 3501 3162 Paschasii

1897 3198 2171 3254 Radberti
2205 3199 2436 3253 decreta
2463 3197 2615 3270 (106)
2643 3197 3004 3252 refellantur.
3037 3196 3311 3268 Majorem
3341 3196 3505 3252 dubi-

173 3259 301 3349 non
337 3259 583 3347 vobandi
624 3291 906 3363 probant;
938 3290 1265 3362 addamque
1292 3306 1499 3358 unum,
1533 3289 1604 3344 de
1635 3289 1796 3360 cujus
1830 3259 1877 3323 Ο
1900 3287 2179 3343 tationem
2208 3286 2362 3342 aliud
2389 3259 2726 3357 opusculum
2746 3284 2952 3340 afferre
2982 3259 3178 3358 possit,
3196 3284 3353 3356 quod
3378 3284 3500 3338 Tri-

174 3384 421 3437 auctore
448 3379 625 3435 aliam
656 3378 752 3434 alii
781 3378 886 3435 viri
917 3379 1069 3435 docti
1100 3379 1346 3451 amplexi
1378 3380 1513 3434 sunt
1563 3380 1794 3433 senten-

174 3469 350 3524 tiam.
368 3469 466 3523 Est
485 3468 579 3523 ille
600 3467 840 3536 libellus,
864 3468 922 3523 in
944 3469 1167 3540 quo,‘ut
1188 3466 1484 3523 Lobiensis
1501 3465 1797 3522 continua-

176 3561 273 3614 tor
304 3558 507 3625 habet,
537 3559 793 3626 congessit
821 3563 1005 3612 contra
1028 3556 1345 3612 Ratbertum
1362 3555 1534 3611 multa
1563 3554 1789 3610 catholi-

177 3663 371 3701 corum
401 3645 640 3702 Patrum
667 3648 861 3717 scripta
909 3646 973 3701 de
1000 3662 1215 3717 corpore
1243 3652 1292 3700 et
1319 3647 1578 3717 sanguine
1604 3645 1794 3701 Domi-

178 3739 255 3803 ni,
285 3752 468 3809 quem
490 3735 563 3791 ab
594 3734 869 3807 Herigero
896 3734 1284 3806 conscriptum
1312 3749 1433 3789 esse
1453 3750 1585 3789 cum
1603 3733 1793 3789 Mabil-

178 3823 343 3880 lonio
371 3840 713 3897 persuasum
763 3824 972 3879 habeo.
1002 3825 1138 3879 Post
1167 3823 1471 3887 Cellotum,
1508 3822 1607 3896 qui
1634 3823 1790 3878 hunc

179 3912 401 3969 librum
430 3913 651 3985 primus
696 3912 875 3967 edidit
904 3913 1034 3982 (98),
1076 3911 1135 3966 in
1165 3911 1561 3968 Gemblacensi
1593 3910 1788 3967 codice

249 4022 366 4082 (94)
419 4020 589 4075 Liber
619 4018 867 4086 Qualiter
906 4018 1160 4072 adventus
1196 4018 1423 4073 Domini
1476 4018 1785 4073 celebretur.

185 4095 311 4149 Pez.
344 4092 615 4147 Thesaur.
663 4090 865 4145 anecd.
899 4106 1031 4144 nov.
1058 4089 1230 4161 ινδ,
1264 4106 1324 4161 p.
1354 4090 1454 4158 46;
1486 4089 1615 4144 vide
1644 4089 1788 4146 ibid.

187 4162 649 4220 dissertationem
677 4161 1026 4232 isagogieam
1053 4175 1112 4231 p.
1140 4160 1253 4214 νυ.

250 4237 361 4297 (95)
395 4233 496 4289 Ed.
530 4232 797 4304 Leibnitii
825 4248 881 4304 p.
918 4235 1005 4304 32.

247 4306 364 4388 .(90)
396 4306 489 4359 Est
519 4303 775 4388 membr.
802 4300 870 4388 4',
892 4305 949 4358 et
979 4303 1128 4388 hanc
1154 4301 1220 4388 in
1252 4300 1649 4388 frontehabet
1676 4302 1791 4359 ins-

188 4376 566 4459 criptionem:
598 4373 870 4445 Incipiunt
914 4373 1117 4444 regulau
1150 4373 1407 4442 Herigeri
1432 4374 1495 4429 in
1536 4375 1782 4431 abacum.

188 4449 414 4528 Primos
439 4444 942 4528 versusexscripsit
966 4444 1160 4499 Pezius
1178 4444 1236 4499 in
1263 4444 1786 4528 Thes.nanecd.‘no-

191 4521 315 4575 viss.
347 4519 393 4575 Ι.
445 4518 672 4573 dissert.
722 4515 943 4588 isagog.
983 4532 1300 4588 p.7xxxvu;
1349 4531 1361 4570 :
1419 4515 1489 4571 Si
1525 4516 1788 4573 dividitur

191 4594 367 4663 utique
391 4589 569 4660 major
602 4605 703 4660 per
731 4586 1015 4663 minorem,
1042 4586 1355 4663 dividendus
1401 4588 1592 4658 accipit
1621 4588 1787 4663 deno-

190 4658 504 4718 minationcs
549 4658 646 4715 aut
691 4676 753 4713 ex
802 4665 907 4730 toto
955 4658 1259 4724 dividendo,
1306 4664 1400 4730 aut
1432 4675 1495 4712 ex
1512 4661 1782 4730 partibus,

190 4734 280 4787 aut
297 4750 363 4788 ea:
390 4738 580 4787 neutro
603 4758 621 4799 ς
653 4729 742 4785 sed
783 4729 1194 4784 denominantur
1210 4746 1312 4801 per
1350 4728 1678 4802 di/ferentias
1702 4732 1788 4785 di-

188 4821 367 4859 insons
374 4848 388 4861 .

256 4878 362 4941 (97)
394 4873 585 4929 Codex
617 4871 1010 4945 Lugdunensis
1065 4872 1168 4945 fol.
1218 4871 1548 4927 inscribitur
1582 4890 1594 4927 :
1626 4873 1788 4945 Ratio

191 4946 340 5001 abaci
372 4945 665 4999 secundum
708 4942 894 4998 divum
925 4942 1292 5014 Marigerum;
1321 4947 1407 4998 est
1437 4960 1577 4999 msc.
1613 4944 1786 5000 Scali-

190 5016 306 5090 geri
336 5035 396 5072 n.
431 5015 664 5090 31,_vid.
700 5014 1164 5090 Qudinrlltasp.

256 5090 367 5151 (98)
395 5090 458 5143 In
508 5086 758 5141 Historia
798 5085 1171 5141 Gotteschalci
1218 5085 1394 5151 Paris,
1432 5088 1566 5141 1055
1596 5086 1695 5141 fol.
1727 5102 1785 5156 p.

195 5161 281 5231 541
308 5176 445 5231 sqq.
480 5174 545 5213 ex
597 5157 792 5231 codice
824 5173 970 5231 mus.
1022 5156 1337 5225 Sirmondi,
1393 5156 1452 5210 in
1497 5173 1614 5231 quo
1646 5157 1792 5231 liber

193 5230 270 5285 De
293 5227 645 5284 Eucharistia
696 5227 1059 5299 nominatur;
1107 5232 1165 5283 et
1192 5231 1321 5299 post
1358 5227 1628 5299 eumisub
1654 5228 1790 5299 Ger-

193 5302 334 5357 berti
364 5300 604 5356 nomine
634 5298 746 5354 luci
786 5298 947 5355 dedit
990 5300 1114 5355 Pez.
1135 5298 1302 5358 Thes.
1332 5298 1537 5354 anecd.
1571 5312 1704 5352 nov.
1747 5298 1790 5364 Ι,

195 5377 245 5441 2,
263 5390 316 5446 p.
350 5375 450 5446 133
480 5387 606 5444 sqq.

258 5440 639 5510 (99—10mm.
675 5440 774 5498 SS.
797 5440 922 5497 0rd.
953 5441 1164 5496 Bened.
1186 5457 1315 5499 suae.
1340 5458 1413 5505 vx,
1446 5444 1499 5505 2,
1520 5455 1577 5509 p.
1609 5440 1795 5510 59tiet

198 5509 380 5583 [LXXI
418 5514 500 5568 De
527 5515 739 5567 nomine
768 5520 816 5567 et
844 5517 998 5567 aetate
1026 5515 1284 5583 anonymi
1310 5510 1614 5567 Cellotiani.
1666 5509 1791 5583 Vid.

198 5581 415 5659 quoque
428 5585 740 5659 iMabillon:
768 5587 962 5659 vetera
986 5581 1261 5638 AnaleCta
1288 5600 1345 5654 p.
1364 5585 1504 5649 496;
1536 5581 1798 5637 Annales

196 5654 398 5713 ordinis
424 5654 637 5710 Bened.
674 5655 760 5718 IV,
790 5656 911 5709 178.

259 5730 401 5801 (101)
420 5729 483 5801 In
501 5726 850 5801 bibliotheca
864 5724 1221 5801 Signiacensi
1235 5721 1454 5801 ordinis
1468 5721 1803 5801 cistereien-

198 5793 342 5855 sis'in
371 5793 1205 5869 archiepiscopatuAR'emensi;
1235 5794 1361 5869 vide
1392 5793 1799 5869 Oudin_i_Com-_

197 5873 368 5933 ment.
399 5870 474 5928 de
518 5864 627 5927 scr.
657 5864 793 5925 ecél.
837 5867 910 5939 ll,
942 5869 1069 5937 486,
1111 5866 1210 5941 qui
1258 5865 1435 5922 etiam
1477 5864 1534 5921 S.
1574 5865 1801 5922 Martini

1896 3376 2147 3433 tliemius
2169 3376 2229 3430 in
2248 3374 2504 3447 Herigeri
2529 3374 2809 3430 librorum
2822 3375 3150 3445 catalogum
3168 3373 3276 3428 hac
3296 3372 3499 3429 inscri-

1897 3467 2095 3539 ptione
2123 3463 2340 3536 recepit
2363 3480 2376 3519 :
2408 3463 2491 3518 De
2518 3462 2712 3517 divinis
2740 3462 2935 3531 ofﬁciis
2960 3461 3085 3515 libri
3098 3460 3224 3529 duo,
3253 3476 3288 3515 a
3311 3460 3499 3516 conti-

1896 3559 2140 3612 nuatore
2168 3552 2432 3610 Lobiensi
2464 3569 2598 3607 vero
2630 3550 2854 3606 silentio
2886 3548 3339 3622 praetermissum
3375 3566 3499 3604 esse

1895 3644 1998 3700 viri
2021 3643 2171 3700 docti
2197 3641 2391 3698 mirati
2408 3643 2560 3696 sunt.
2581 3641 2652 3694 At
2673 3641 2773 3694 aut
2787 3638 2957 3693 fallor
2975 3641 3076 3692 aut
3090 3636 3327 3692 minime
3343 3636 3497 3692 hunc

1891 3734 2107 3789 librum
2137 3731 2365 3787 reticuit
2395 3728 2690 3785 Lobiensis
2718 3726 2993 3798 scriptor;
3024 3725 3297 3781 eumdem
3336 3725 3493 3781 enim

1890 3823 1977 3878 vel
2002 3821 2143 3877 vidit
2168 3818 2516 3875 Trithemius
2545 3817 2632 3872 vel
2669 3815 2729 3871 in
2780 3818 2977 3871 mente
3024 3813 3246 3882 habuit,
3273 3814 3344 3869 de
3376 3830 3491 3886 quo

1889 3910 2044 3983 apud
2092 3911 2253 3965 illum
2282 3909 2405 3963 haec
2433 3908 2748 3980 leguntur:
2791 3902 3059 3960 Ornatam
3087 3902 3490 3958 ecclesiasticum

1889 4018 2299 4074 Lovaniensem
2337 4014 2595 4070 codicem
2625 4016 2846 4068 exstare
2870 4014 3130 4066 testatur.

1956 4093 2103 4158 (102)
2135 4090 2197 4143 In
2221 4088 2463 4159 prologo
2484 4086 2624 4140 Vitae
2655 4084 2712 4141 S.
2731 4082 3042 4159 Adelhardi
3064 4080 3490 4159 perbei._1llabil-

1887 4153 2006 4217 Ion.
2047 4163 2163 4215 Act.
2198 4153 2322 4213 6rd.
2357 4153 2495 4212 an.
2528 4172 2656 4212 saec.
2684 4174 2759 4224 1v,
2788 4156 2890 4210 345
2921 4154 3045 4209 haec
3072 4153 3247 4209 habet
3278 4155 3348 4209 de
3380 4156 3485 4210 Pa-

1886 4233 2105 4287 schasio
2131 4247 2144 4284 :
2169 4230 2278 4283 Hic
2292 4236 2468 4282 autem
2485 4228 2658 4298 qualis
2679 4229 2848 4298 fuerit
2868 4232 2918 4280 et
2941 4228 3156 4298 quantis
3176 4227 3231 4279 in
3251 4225 3487 4298 quadam

1887 4303 2100 4374 epistola
2132 4307 2352 4355 testatur
2405 4298 2571 4374 abbas
2598 4299 2909 4374 Laubiensis
2940 4298 3249 4374 (derigam,
3280 4299 3375 4374 qui
3428 4315 3485 4353 eo

1890 4370 2117 4445 tEmpore
2143 4374 2287 4445 inter
2304 4372 2563 4445 sapientes
2590 4371 2891 4445 habebatur
2912 4370 3296 4445 celeberrimus.
3327 4370 3486 4424 Erra-

1887 4447 1967 4499 vit
1983 4440 2106 4499 sine
2131 4442 2305 4497 d'ubio
2329 4440 2621 4509 Geraldus;
2640 4440 2895 4511 Herigeri
2916 4441 3174 4511 libellum
3192 4454 3486 4493 commen-

1809 4486 1862 4546 D
1885 4516 2161 4572 tationem
2174 4557 2188 4581 ,
2208 4512 2449 4568 minime
2463 4486 2763 4583 epislblam
2773 4486 2976 4579 ,ofuisse
2990 4514 3047 4566 et
3062 4510 3239 4565 codex
3260 4511 3318 4563 et
3337 4513 3487 4565 cata-

1884 4589 2048 4658 logus
2070 4583 2493 4658 Gemblacensis
2523 4584 2792 4658 probant.

1961 4650 2104 4729 (103)
2132 4656 2320 4729 Codex
2351 4657 2438 4729 est
2465 4650 2656 4729 διέρηιί
2676 4672 2751 4723 x1;
2769 4652 2897 4708 vide
2917 4650 3064 4729 Perii
3091 4652 3257 4729 'l‘hes.
3278 4650 3484 4729 anecd.

1892 4734 1942 4796 1,
1966 4722 2023 4785 '2.
2154 4728 2323 4810 Igilii.
2352 4726 2579 4809 Geraldi
2624 4722 2853 4810 quoque
2908 4723 3174 4810 verbi-ain
3212 4722 3487 4810 auxilium

1889 4794 2109 4855 vocavit
2160 4798 2372 4871 Pezius,
2405 4798 2576 4871 cujus;
2588 4794 2942 4871 sententiam
2977 4794 3102 4871 tuiti
3128 4796 3486 4871 sun_t_aucto-

1889 4888 1983 4926 res
2008 4871 2145 4942 Ilist.
2179 4872 2288 4942 litt.
2317 4863 2523 4942 Franc.
2552 4869 2645 4942 XI,
2675 4871 2800 4942 587,
2833 4868 2946 4942 Yll,
2967 4869 3093 4942 201,
3127 4863 3351 4942 Ceiltier
3444 4863 3486 4919 1.

1890 4946 1949 4997 et
1966 4941 2140 4996 Mansi
2175 4940 2233 4994 in
2266 4939 2519 4996 editione
2550 4933 2790 4995 Fabricii
2836 4933 2938 5006 lll,
2970 4940 3062 4993 191
3090 4954 3104 5003 ;
3133 4933 3340 5004 reliqui
3368 4933 3491 4988 fere

1892 5028 2094 5068 omnes
2122 5009 2514 5067 Mabillonium
2536 5012 2710 5066 secuti
2743 5014 2897 5067 sunt.

1968 5146 2107 5226 (105)
2142 5154 2219 5207 Ex
2247 5150 2427 5226 Gestis
2456 5153 2767 5226 nonnullos
2791 5154 2946 5226 locos
2977 5149 3232 5226 epistola;
3259 5146 3335 5203 ad
3362 5147 3489 5226 we-

1892 5219 2203 5281 rint‘ridum
2234 5226 2291 5278 et
2318 5239 2367 5277 c.
2398 5225 2456 5277 41
2496 5220 2554 5274 in
2585 5223 2773 5278 Vitam
2820 5226 2875 5280 S.
2912 5219 3225 5279 Landoaldi
3254 5219 3492 5291 recepit,

1896 5297 2007 5351 alia
2026 5293 2343 5367 repetiitin
2372 5291 2615 5367 epistola
2643 5294 2716 5367 ad
2747 5295 3070 5367 Hugonem,
3099 5291 3210 5367 vid.
3239 5306 3412 5367 supra
3440 5293 3497 5367 et

1895 5370 1938 5433 l,
1961 5370 2010 5432 1,
2034 5361 2350 5439 16‘;_ex_Vita_
2448 5362 2704 5439 prsmari
2728 5361 2918 5421 versus
2947 5365 3227 5439 quosdam
3256 5361 3316 5417 in
3332 5363 3499 5418 Gesta

1895 5436 2272 5506 transcripsit,
2303 5434 2415 5488 vid.
2448 5434 2607 5506 1,21.

1968 5503 2312 5580 (106)__Ouod
2344 5507 2481 5580 post
2498 5503 2863 5580 Possevinum
2895 5508 2953 5560 et
2975 5506 3229 5580 Miraeum
3252 5504 3498 5580 repetie-

1899 5574 2035 5634 runt
2059 5574 2175 5643 alii,
2205 5593 2323 5632 non
2346 5574 2557 5630 contra
2570 5574 2923 5630 Radbertum
2940 5577 3043 5630 sed
3072 5580 3275 5632 contra
3290 5574 3499 5634 Hathe-

1904 5651 2054 5705 rium
2104 5650 2193 5704 vel
2224 5645 2641 5719 Berengarium
2670 5646 2821 5701 hunc
2850 5647 3064 5701 librum
3113 5649 3505 5719 composuisse

1904 5722 2265 5795 Herigerum,
2294 5717 2452 5795 nullo
2482 5717 2773 5795 munitum
2804 5721 2890 5795 est
2922 5717 3301 5795 argumento,
3326 5725 3504 5795 eture-

1899 5786 2150 5852 futaﬁlm
2190 5786 2261 5848 ab
2290 5790 2530 5865 Andrea
2565 5790 2704 5850 bibl.
2744 5791 2901 5865 Belg.
2938 5786 3059 5847 1.71.
3094 5787 3152 5840 et
3181 5791 3509 5847 auctoribus

1901 5867 2040 5927 Hist.
2074 5867 2184 5925 litt.
2207 5865 2407 5923 Franc.
2439 5863 2551 5935 ΥΠ,
2576 5865 2700 5923 201.
