3902 6210
411 549 514 607 983

979 529 1302 590 namnam
1341 524 1424 583 ET
1461 519 1760 580 ANSELMI
1797 512 2016 575 GESTA
2060 499 2278 573 EPISC.
2316 515 2568 573 TUNGR.
2611 515 2798 598 Tum.
2852 516 2934 572 ET
2975 505 3177 575 LEOD.

3620 515 3727 574 984

407 666 525 721 lem
557 663 860 720 alumnum
889 656 1008 728 ipse
1039 655 1282 710 testatur
1304 646 1477 722 (132),
1515 643 1671 718 quod
1697 639 2012 698 modestius
2036 642 2092 702 Α
2120 724 2131 728 _
2184 637 2547 728 Testimoniis
2577 639 2648 696 de
2696 639 2946 697 auctoris
2979 641 3109 696 Vita
3154 637 3466 714 propositis
3520 639 3728 710 aperte

409 769 586 829 quam
606 750 792 807 verius
814 748 1028 804 dictum
1047 760 1167 800 esse
1189 757 1332 814 opus
1349 737 1504 810 quod
1524 733 1768 808 posteris
1780 729 2012 802 reliquit

407 820 533 898 liice
552 841 757 896 clarius
776 833 1176 896 ostendit.Quo
1194 835 1460 900 tempore
1479 828 1648 880 natus
1665 823 1737 877 sit
1755 838 1860 876 nos
1875 820 2010 876 satis

409 935 661 1000 constat;
695 926 963 984 extremis
984 939 1118 978 vero
1132 919 1369 991 Notgeri
1391 916 1558 973 annis
1581 916 1680 970 aut
1695 911 1866 984 paulo
1884 913 2013 983 post

409 1025 531 1094 ejus
548 1021 766 1078 obitum
785 1015 1081 1090 propriam
1097 1015 1285 1070 lucem
1299 1025 1432 1065 eum
1451 1005 1756 1077 accepisse,
1769 1003 1856 1057 vel
1875 999 2011 1055 inde

408 1111 734 1183 conjiciam,
786 1087 945 1180 quod
997 1103 1309 1160 nonnullos
1365 1099 1516 1154 viros
1567 1095 1716 1150 illius
1761 1087 2012 1164 episcopi

407 1199 766 1274 temporibus
804 1179 1052 1252 excultos
1103 1211 1161 1248 se
1211 1191 1412 1246 vidisse
1451 1187 1754 1242 Anselmus
1800 1179 2011 1236 conﬁr-

407 1271 730 1360 mat—(133).
751 1287 825 1341 Ex
857 1300 1018 1340 sacro
1045 1283 1204 1337 fonte
1235 1275 1617 1350 baptismatis,
1661 1275 1729 1326 ut
1754 1271 1914 1343 patet
1946 1284 2013 1322 ex

405 1379 518 1434 alio
539 1378 840 1433 Gestorum
866 1374 1011 1437 (134)
1032 1373 1178 1438 loco,
1193 1370 1266 1425 ab
1291 1367 1390 1422 lda
1416 1363 1705 1421 abbatissa
1725 1360 2014 1414 monaste-

406 1467 545 1523 riiS.
569 1464 805 1522 Caeciliae
823 1461 977 1534 apud
1000 1457 1369 1516 Colonienses
1405 1455 1700 1525 susceptus
1731 1451 1835 1504 est.
1871 1445 2010 1502 Dein

406 1556 466 1610 in
489 1551 781 1610 Lamberti
794 1549 1209 1607 canonicorum
1228 1559 1536 1602 numerum
1555 1542 1817 1612 receptus
1839 1535 2008 1608 (135),

406 1644 662 1714 primum
683 1642 742 1696 in
763 1638 1026 1694 Wazonis
1045 1635 1500 1692 familiaritatem
1523 1633 1582 1685 et
1603 1626 1914 1684 amicitiam
1931 1623 2014 1677 in-

406 1713 683 1787 teriorem
731 1727 990 1801 pervenit
1031 1726 1201 1798 (136),
1237 1737 1424 1794 neque
1470 1719 1661 1774 minus
1692 1713 2011 1770 Theoduini

406 1819 744 1878 successoris
769 1818 891 1888 ejus
923 1811 1338 1871 consuetudine
1367 1825 1498 1864 usus
1527 1809 1630 1862 est.
1665 1805 1847 1869 Quem
1879 1819 2010 1857 cum

405 1927 460 1966 a.
495 1913 634 1966 1053
665 1909 814 1982 (137)
846 1908 1093 1962 Romam
1125 1901 1451 1974 profectum
1489 1895 1797 1952 comitatus
1841 1895 2006 1958 esset,

2116 724 2399 784 indicasse
2430 730 2571 784 mihi
2603 731 2822 800 videor,
2860 731 3162 786 Gestorum
3205 733 3435 802 partem
3480 729 3731 784 alteram

2119 815 2392 872 Anselmo
2413 819 2664 874 tribuere
2679 837 2772 874 me
2785 837 2905 876 non
2917 820 3199 876 dubitare.
3222 818 3360 874 Aliis
3379 833 3518 873 vero
3561 815 3734 870 dubi-

2127 903 2346 961 tatione
2372 924 2490 963 non
2521 909 2600 964 ita
2637 911 2820 966 libera
2860 910 2960 965 illa
2988 907 3226 982 questio
3271 906 3393 963 visa
3434 908 3540 960 est.
3585 903 3732 958 Nam

2114 1000 2304 1056 nescio
2335 1017 2448 1072 quo
2475 1001 2594 1056 fato
2625 1000 2844 1056 factum
2875 1001 2960 1053 est
3007 1001 3072 1052 ut
3113 996 3285 1068 hujus
3323 1009 3558 1068 quoque
3597 992 3730 1048 libri

2114 1090 2275 1161 origo
2289 1089 2495 1145 eadem
2517 1089 2639 1144 fere
2669 1104 2734 1144 ac
2755 1086 2962 1160 prioris
2981 1086 3284 1142 Gestorum
3317 1082 3500 1156 partis
3523 1083 3727 1136 auctor

2115 1180 2459 1236 obscuritate
2497 1182 2816 1252 prematur.
2869 1179 3015 1232 Num
3072 1175 3170 1231 illa
3214 1174 3288 1230 ab
3338 1171 3620 1243 Herigero
3662 1183 3728 1226 ac

2114 1271 2365 1342 Notgero
2415 1269 2740 1340 conscripta
2773 1269 2942 1334 esset,
2992 1269 3118 1320 erat
3171 1260 3490 1330 dubitatio;
3524 1263 3727 1314 utrum

2113 1359 2398 1432 posterior
2443 1361 2782 1414 Anselmum
2829 1374 2905 1412 an
2942 1353 3334 1411 Alexandrum
3376 1349 3727 1406 canonicum

2114 1453 2410 1504 auctorem
2450 1449 2661 1504 habeat
2696 1448 2896 1502 exorta
2932 1448 3019 1500 est
3057 1442 3297 1517 quaestio
3351 1442 3483 1514 post
3517 1439 3726 1495 Marte-

2115 1539 2279 1593 nium
2310 1541 2368 1593 et
2397 1537 2756 1594 Durandum.
2777 1536 2845 1591 Hi
2872 1534 3029 1590 enim
3054 1531 3229 1605 primi
3249 1529 3578 1603 genuinum
3595 1525 3724 1582 libri

2115 1632 2335 1684 textum
2393 1645 2460 1682 ex
2503 1627 2699 1682 codice
2748 1641 2849 1681 suo
2883 1620 3278 1694 Andaginensi
3329 1618 3723 1684 restituentes,

2115 1719 2412 1773 neminem
2431 1717 2618 1771 adhuc
2634 1730 2832 1770 verum
2847 1713 3188 1784 Herigcrum
3199 1723 3519 1779 verumque
3530 1704 3730 1760 Ansel-

2115 1823 2277 1862 mum
2308 1805 2512 1861 vidisse
2562 1804 2884 1860 docuerunt
2931 1805 2988 1856 et
3023 1796 3415 1855 Alexandrum
3453 1797 3625 1850 illum
3661 1809 3725 1848 ex

2113 1895 2436 1970 umbrasua
2457 1895 2868 1966 protraxerunt
2889 1891 3058 1961 (141).
3088 1888 3202 1944 Sed
3242 1887 3370 1959 jam
3400 1884 3724 1940 videndum

403 1963 1068 2062 homsevTheodericum,
1103 1963 1446 2048 hobiensem
1486 1991 1626 2042 tunc
1653 1981 2012 2040 monachum
2035 1963 2086 2024 Β
2113 1963 2407 2056 quomodo
2431 1963 2736 2037 difﬁcultas
2755 1978 3008 2050 expediri
3038 1977 3216 2051 possit
3267 1975 3536 2030 Versatur
3566 1973 3726 2028 enim

401 2091 624 2162 sibique
656 2086 1094 2149 amicissimum,
1127 2099 1162 2136 a
1193 2078 1430 2136 consilio
1462 2075 1671 2131 avertit
1701 2073 1855 2146 quod
1895 2089 2014 2126 non

404 2159 782 2234 sine—summo
799 2173 928 2229 vitae
949 2171 1207 2244 periculo
1225 2165 1657 2239 exsequendum
1685 2164 1918 2232 ceperat
1933 2159 2016 2214 vir

401 2267 724 2340 religiosus,
755 2261 978 2320 itineris
1009 2259 1464 2330 Hierosolymam
1494 2251 1767 2319 faciendi,
1790 2265 2012 2306 secum-

404 2337 682 2431 queveum
706 2355 764 2410 in
796 2351 1047 2427 patriam
1079 2347 1338 2404 abduxit.
1373 2344 1557 2408 Quem
1587 2341 1777 2396 virum
1819 2337 2015 2410 paucis

405 2427 573 2501 annis
590 2446 720 2516 post
740 2444 898 2509 1055,
915 2455 1044 2494 cum
1069 2438 1143 2494 ad
1165 2435 1368 2492 decani
1409 2434 1698 2488 honorem
1730 2427 1852 2498 ipse
1882 2441 2011 2481 eve-

404 2539 530 2591 ctus
553 2547 784 2588 summa
810 2529 871 2584 in
887 2529 1060 2584 rebus
1081 2521 1558 2582 administrandis
1586 2521 1809 2591 vigeret
1823 2519 2014 2572 aucto-

401 2623 593 2688 ritate,
613 2621 744 2692 post
763 2615 1034 2672 Adelardi
1045 2613 1270 2670 abbatis
1293 2613 1547 2667 mortem
1559 2609 1616 2665 S.
1639 2606 1876 2662 Huberti
1897 2608 2014 2660 An-

401 2705 730 2778 daginensis
743 2701 1097 2759 monasterio
1121 2698 1558 2772 praeficiendum
1590 2695 1810 2751 curavit
1842 2692 2008 2766 (138).

401 2793 708 2868 Sequentis
733 2791 872 2848 anni
889 2807 1090 2846 mense
1121 2787 1318 2845 Martio
1346 2789 1514 2841 Anno
1548 2782 1906 2841 Coloniensis
1927 2797 2015 2836 ar-

401 2882 796 2956 chiepiscopus
815 2881 1181 2936 consecratus
1197 2879 1283 2932 est
1301 2878 1469 2948 (139),
1505 2874 1579 2930 ad
1608 2888 1780 2944 quem
1805 2871 2012 2926 eodem

401 2988 555 3028 anno
577 2971 798 3026 litteras
818 2969 964 3035 illas,
984 2966 1190 3040 quibus
1217 2965 1433 3020 librum
1463 2963 1534 3018 de
1564 2960 1747 3018 Gestis
1792 2959 2013 3032 episco-

400 3076 610 3136 porum
639 3057 1042 3114 Leodiensium
1071 3054 1124 3110 ei
1155 3053 1394 3118 dicaret,
1422 3052 1728 3106 Anselmus
1757 3047 2010 3104 conscri-

400 3150 762 3223 psit.Antea.
782 3150 920 3204 1052
932 3148 1229 3202 auctorem
1247 3143 1460 3198 librum
1488 3141 1650 3196 illum
1675 3156 1794 3194 non
1822 3139 2011 3194 absol-

2115 2072 2173 2127 in
2195 2088 2309 2126 uno
2328 2071 2452 2126 loco
2481 2069 2746 2143 prommii
2771 2067 2899 2122 libri
2929 2065 3187 2132 secundi,
3208 2080 3382 2137 quem
3410 2063 3494 2118 ita
3529 2079 3602 2118 ex
3627 2077 3726 2116 suo

2117 2160 2314 2218 codice
2345 2159 2630 2214 dederunt
2660 2157 2912 2213 editores
2944 2173 2957 2210 :
2989 2155 3248 2225 Deinceps
3277 2169 3397 2226 quae
3428 2157 3729 2224 sequuntur

2103 2251 2266 2321 jussu
2304 2251 2550 2320 priorum
2583 2247 2685 2302 loci
2728 2247 2876 2300 istius
2913 2261 3054 2300 anno
3103 2243 3266 2297 Dom.
3314 2239 3433 2296 Inc.
3481 2240 3626 2294 1050
3669 2254 3732 2292 at

2115 2339 2337 2394 alterius
2380 2335 2626 2408 apusculi
2661 2334 2853 2402 libello,
2895 2351 3052 2406 quem
3091 2331 3312 2406 quidam
3357 2346 3422 2384 ex
3449 2329 3730 2384 canonici:

2113 2428 2177 2484 S.
2231 2427 2508 2482 Lamberti
2546 2424 2860 2480 Alexander
2899 2423 3117 2478 nomine
3159 2421 3470 2492 composuit,
3519 2419 3729 2472 monitu

2113 2516 2227 2572 Idae
2257 2515 2567 2571 venerabilis
2605 2513 2904 2580 abbatissae,
2935 2529 3055 2584 quae
3093 2508 3305 2580 regebat
3343 2509 3732 2562 monasterium

2113 2614 2310 2662 sanctae
2336 2603 2550 2662 Ceciliae
2601 2604 2828 2674 virginis
2876 2604 2932 2656 in
2968 2598 3212 2667 Colonia,
3245 2597 3368 2652 huic
3413 2598 3567 2668 operi
3609 2604 3732 2652 sunt

2113 2713 2322 2754 annexa
2361 2697 2520 2767 (142).
2565 2695 2765 2766 Itaque
2807 2689 3050 2746 minime
3087 2689 3415 2755 Anselmus,
3457 2686 3562 2760 qui
3609 2687 3731 2742 haec

2113 2787 2289 2842 verba
2315 2781 2717 2854 conscripsisse
2745 2781 3012 2853 putatur;
3063 2775 3389 2831 Alexander
3438 2791 3614 2830 verus
3649 2776 3732 2830 est

2113 2873 2244 2929 libri
2267 2876 2487 2938 auctor,
2519 2870 2564 2926 si
2605 2870 2716 2925 hoc
2757 2884 2870 2923 uno
2897 2865 3092 2923 codice
3143 2866 3294 2919 stare
3332 2862 3493 2918 velis.
3539 2862 3728 2927 Quam

2113 2980 2248 3018 vero
2275 2959 2622 3016 sententiam
2653 2974 2773 3014 non
2813 2956 2895 3010 ita
2935 2956 3167 3010 ﬁrmam
3213 2967 3334 3008 esse
3377 2955 3442 3006 ut
3482 2951 3729 3007 convelli

2115 3053 2388 3124 nequeat,
2416 3049 2515 3120 qui
2537 3050 2748 3103 nostra:
2762 3044 3003 3101 editioni
3019 3041 3326 3098 substructi
3345 3044 3483 3096 sunt
3501 3039 3730 3096 codices

2115 3141 2386 3214 probant.
2418 3139 2633 3192 Verum
2661 3139 2748 3190 est
2776 3133 2835 3188 in
2879 3149 2997 3188 uno
3027 3147 3258 3204 quoque
3295 3147 3361 3186 ex
3402 3129 3596 3186 tribus
3623 3147 3728 3187 no-

401 3219 564 3307 visse,
595 3235 1002 3294 haereticorum
1019 3233 1240 3290 mentio
1263 3231 1441 3288 ﬁdem
1471 3229 1610 3286 facit
1638 3228 1736 3302 qui
1784 3245 1839 3284 a.
1876 3229 2004 3283 1051
2036 3242 2084 3304 C
2113 3229 2244 3285 stris
2280 3227 2590 3294 codicibus,
2627 3231 2686 3282 et
2733 3225 2972 3298 quidem
3027 3219 3424 3277 recentissimo
3476 3221 3726 3294 Hagensi

401 3327 461 3384 in
514 3326 818 3384 Nativitate
866 3323 1098 3380 Domini
1163 3321 1430 3378 Goslarite
1487 3319 1688 3391 capitis
1749 3316 2012 3372 damnati

402 3421 534 3474 sunt
561 3415 726 3486 (140).
757 3418 1062 3472 Annorum
1089 3413 1268 3486 igitur
1311 3415 1449 3469 1052
1477 3413 1536 3466 et
1569 3410 1706 3466 1056
1745 3406 2013 3463 terminis

402 3511 632 3580 tempus
658 3522 770 3580 quo
796 3505 964 3561 Gesta
987 3501 1194 3559 litteris
1226 3499 1504 3557 mandata
1547 3499 1664 3554 sint
1693 3498 1850 3554 certo
1896 3495 2011 3550 cir-

404 3595 710 3652 cumscribi
723 3611 911 3668 posse,
931 3608 1106 3648 nemo
1122 3589 1391 3664 negabit;
1416 3586 1574 3661 quod
1595 3602 1737 3642 num
1753 3601 1826 3639 an
1835 3587 1888 3638 te
1903 3583 2014 3638 iter

405 3687 734 3743 Romanum
755 3700 808 3740 a.
841 3685 978 3739 1053
993 3698 1066 3736 an
1086 3678 1515 3754 posteafactum
1531 3675 1622 3743 sit,
1653 3671 2014 3745 argumentis

407 3793 475 3832 ex
491 3775 636 3830 libro
656 3773 782 3844 ipso
802 3769 994 3845 petitis
1013 3769 1086 3824 ad
1098 3767 1381 3840 liquidum
1401 3762 1637 3838 perduci
1661 3761 1878 3834 nequit.
1898 3761 2012 3816 Sed

408 3868 542 3922 ante
569 3881 621 3918 a.
650 3863 786 3918 1053
812 3875 948 3915 eum
973 3855 1251 3928 scriptum
1284 3871 1406 3909 esse
1448 3853 1556 3906 hac
1599 3850 1724 3922 ipsa
1763 3867 1828 3905 re
1877 3865 2012 3921 pro-

409 3955 535 4010 bari
558 3967 724 4025 posse
741 3945 1014 4019 conjiciat
1033 3943 1260 4016 aliquis,
1284 3958 1415 3998 cum
1446 3940 1506 3995 in
1533 3940 1680 3995 libro
1707 3937 1830 4010 ipso
1857 3939 2016 3994 nulla

409 4039 658 4096 Romani
697 4037 919 4092 itineris
956 4032 1176 4088 mentio
1226 4031 1346 4086 ﬁat.
1381 4029 1504 4094 Quo
1553 4044 1708 4084 anno
1751 4030 2017 4084 mortuus

411 4129 484 4184 sit
513 4127 826 4183 Anselmus
856 4139 892 4178 a
911 4121 1148 4178 nemine
1170 4119 1326 4197 quod
1351 4117 1529 4174 sciam
1553 4116 1798 4190 posteris
1834 4116 2014 4172 tradi-

410 4221 537 4274 tum
551 4216 637 4270 est
650 4231 664 4282 ;
679 4212 780 4269 sed
794 4214 927 4267 sunt
942 4209 1210 4284 quaedam
1223 4211 1569 4281 argumenta
1579 4223 1706 4280 qua!
1719 4205 1843 4280 ipso
1861 4223 2015 4262 anno

417 4307 554 4362 1056
585 4319 720 4358 eum
751 4299 957 4358 obiisse
987 4297 1334 4372 persuadere
1359 4295 1503 4352 mihi
1543 4295 1848 4351 videantur
1885 4294 2014 4368 qui-

411 4393 518 4448 bus
544 4407 686 4446 num
719 4389 816 4446 alii
847 4403 1078 4462 quoque
1108 4387 1286 4442 ﬁdem
1313 4385 1531 4441 habere
1555 4384 1738 4440 velint
1765 4401 1830 4439 ex
1862 4383 2016 4439 infra

413 4479 670 4538 dicendis
699 4477 942 4552 patebit.

487 4671 640 4737 (132)
658 4669 726 4736 Il,
752 4668 823 4724 74
851 4685 869 4722 :
901 4666 948 4724 0
987 4665 1138 4724 ducis
1189 4663 1482 4735 nutricula,
1525 4665 1582 4720 in
1639 4663 1793 4737 cujus
1822 4664 2016 4737 granis

410 4735 506 4814 ego
536 4743 677 4814 inter
723 4746 798 4814 tot
825 4755 965 4814 pere:
990 4738 1337 4812 philosophiae
1379 4741 1592 4807 tyrones
1639 4735 1779 4792 solus
1812 4735 2018 4792 inutilis

407 4811 631 4870 vernula
657 4811 834 4867 coalui
852 4813 874 4864 !

479 4884 734 4958 (133)711,
767 4886 856 4938 30.

479 4948 633 5030 (134)
655 4957 906 5030 Prooem.
921 4953 1020 5010 lib.
1039 4953 1101 5020 ii,
1123 4949 1342 5030 Quibus
1355 4948 1525 5006 annis
1540 4950 1640 5007 ldo
1656 4967 1902 5006 munere
1914 4967 2016 5006 suo

406 5023 605 5083 functa
625 5027 719 5092 sit,
738 5027 951 5081 frustra
978 5023 1230 5092 quaesivi.

477 5102 634 5164 (135)
670 5097 836 5162 Quod
855 5096 962 5151 sibi
986 5093 1280 5168 finxerunt
1293 5093 1684 5168 reilitterarise
1709 5093 2016 5168 scriptores

403 5167 794 5242 supralaudati
811 5167 1152 5222 Anselmum
1173 5167 1346 5242 fuisse
1367 5166 1648 5242 decanum
1669 5166 2016 5242 blamurcen-

402 5237 548 5310 sein,
581 5243 984 5296 commentum
1012 5243 1099 5294 est
1135 5237 1293 5310 quod
1331 5239 1477 5292 alter
1515 5237 1588 5292 ab
1633 5239 1814 5292 altero
1859 5237 2015 5290 bona

400 5313 518 5369 ﬁde
545 5311 788 5369 excepit.

582 5329 788 5367 X080“.

471 5327 518 5369 le
545 5327 788 5384 excepit.

471 5383 620 5455 (136)
649 5383 719 5455 ιι,
751 5385 841 5450 51,
875 5385 964 5449 52,
999 5383 1206 5455 67,68.

467 5447 620 5523 (137)
645 5447 894 5510 Bemam
917 5447 1240 5518 nuntiatur,
1263 5454 1336 5523 rut
1361 5451 1418 5506 in
1439 5449 1566 5505 Vita
1586 5449 1646 5523 ,S.
1667 5447 2013 5506 Theodorici

395 5525 438 5605 _l.
473 5522 516 5592 l,
545 5524 818 5605 legimus,
847 5525 1149 5596 Hogonem
1179 5522 1518 5605 hobiensem
1549 5522 1820 5605 abbatem
1856 5535 2017 5605 rnor-

393 5591 560 5651 tuum
600 5591 744 5658 ésse,
771 5591 1300 5667 eique'successisse
1344 5593 1725 5667 Adelardum,
1759 5591 1917 5667 quod
1955 5607 2009 5645 a.

465 5669 601 5722 1053
632 5663 865 5721 factum"
881 5681 1003 5720 esse
1031 5667 1316 5720 testantur
1341 5665 1536 5720 anna].
1561 5663 1826 5720 Lobiens.
1852 5663 2004 5718 Mon.

797 5804 856 5858 S.
903 5801 1244 5875 Theoderici
1289 5818 1339 5856 c.
1384 5806 1470 5869 16,
1511 5801 1755 5875 Historia
1784 5803 1838 5859 S.
1874 5803 1988 5859 Hu-

376 5869 527 5934 berti
549 5869 972 5948 A’ndaginensis
991 5889 1085 5949 ap.
1106 5872 1359 5932 Martem
1382 5878 1438 5930 et
1453 5873 1708 5932 Durand.
1730 5875 1986 5951 ampliss.

2039 4553 2094 4614 D

2113 3314 2696 3384 saac.xm,Alexandri
2722 3331 2938 3370 nomen
2967 3311 3103 3384 legi,
3118 3311 3219 3368 sed
3239 3309 3398 3366 haud
3425 3327 3648 3383 magna
3675 3311 3726 3367 ei

2113 3405 2423 3464 tribuenda
2451 3403 2782 3470 auctoritas,
2815 3403 2968 3472 et,ni
2997 3402 3188 3470 fallor,
3214 3401 3371 3456 idem
3403 3403 3494 3455 est
3521 3400 3621 3455 ille
3639 3416 3727 3456 co-

2115 3496 2220 3551 dex
2253 3511 2426 3568 quem
2455 3495 2708 3550 Martene
2740 3490 3044 3548 etDurand
3071 3491 3181 3564 ipsi
3212 3489 3390 3545 secuti
3405 3487 3726 3561 sunt,quod

2113 3594 2215 3633 suo
2247 3577 2372 3632 loco
2403 3574 2652 3645 probare
2681 3573 2957 3628 conabor.
3012 3571 3208 3643 Longe
3257 3585 3395 3625 vero
3447 3569 3620 3624 aliter
3665 3582 3724 3623 se

2112 3657 2332 3712 habent
2360 3653 2564 3726 reliqui
2587 3652 2700 3708 duo
2721 3651 2966 3718 codices,
2981 3665 3232 3723 quorum
3243 3648 3724 3721 Guelferbytanus

2113 3735 2236 3808 ipso
2259 3751 2385 3791 sese.
2411 3751 2465 3790 χι
2491 3750 2609 3790 non
2640 3731 2721 3786 ita
2748 3732 2932 3787 multo
2953 3733 3083 3802 post
3101 3729 3441 3784 Anselmum
3457 3731 3724 3808 exaratus

2114 3807 2216 3872 est.
2251 3818 2313 3870 ln
2347 3818 2552 3870 neutro
2579 3813 2738 3869 enim
2769 3815 2869 3868 aut
2889 3809 3148 3866 Anselmi
3179 3807 3606 3864 autAlexandri
3622 3824 3723 3864 no-

2116 3921 2254 3960 men
2297 3902 2501 3958 litteris
2536 3917 2868 3976 expressum
2915 3899 3148 3972 legitur,
3197 3897 3300 3954 sed
3349 3896 3444 3952 hic
3493 3911 3722 3970 quoque

2117 3987 2316 4042 auctor
2336 3983 2650 4040 modestius
2671 3998 2886 4038 nomen
2905 3997 3074 4036 suum
3099 3981 3278 4036 latere
3297 3977 3502 4044 voluit,
3527 3976 3726 4033 lauda-

2117 4070 2292 4138 toque
2323 4065 2448 4119 loco
2487 4062 2797 4118 canonicus
2827 4062 2922 4117 ille
2951 4060 3132 4116 sancti
3162 4057 3455 4138 Lamberti
3481 4059 3611 4138 sola
3635 4056 3723 4112 lit-

2115 4136 2242 4201 tera
2269 4143 2314 4198 Α
2356 4143 2662 4199 iudicatur.
2695 4143 2889 4214 Neque
2919 4141 3086 4196 aliter
3115 4139 3174 4194 in
3205 4137 3452 4210 epistola
3482 4136 3563 4192 ad
3610 4138 3724 4192 An-

2117 4241 2333 4280 nonem
2378 4224 2462 4278 sui
2519 4221 2881 4278 mentionem
2937 4219 3072 4275 fecit
3129 4222 3328 4274 auctor
3364 4232 3432 4272 ac
3473 4217 3614 4272 solis
3641 4215 3724 4272 his

2115 4305 2304 4361 verbis
2351 4321 2366 4360 :
2406 4303 2612 4359 Damno
2656 4303 2884 4358 Annoni
2935 4330 3009 4343 —
3043 4299 3462 4372 presbitcrorum
3510 4297 3726 4368 inﬁmus

2115 4383 2219 4455 A.,
2249 4389 2360 4445 etc.
2389 4385 2518 4440 Iam
2548 4383 2726 4456 igitur
2748 4397 2980 4438 summa
2999 4379 3256 4436 exoritur
3283 4376 3560 4448 suspicio,
3593 4393 3725 4435 cum

2117 4487 2233 4527 uno
2265 4467 2363 4524 illo
2391 4468 2518 4523 loco
2541 4465 2760 4521 nitatur
2777 4461 3122 4532 Alexander,
3150 4477 3224 4518 ne
3246 4459 3456 4516 sciolus
3486 4459 3726 4533 quidam

2117 4664 2247 4722 coll.
2279 4661 2372 4730 IV;
2403 4659 2528 4717 923.

2215 4733 2334 4800 139)
2359 4727 2650 4788 Lamberti
2676 4728 2929 4800 Annales
2959 4727 3117 4800 1050.

2215 4737 2334 4800 139)
2359 4737 2650 4788 Lamberti
2676 4737 2929 4784 Annales
2959 4737 3117 4782 1050.

2189 4737 2342 4880 2140)
2367 4805 2434 4880 ll,
2475 4805 2564 4880 64.
2592 4799 2931 4880 Herimanni
2951 4795 3724 4880 Augiensisnch'ronzlom.

2191 4866 2342 4946 (141)
2367 4866 2972 4946 Martene‘etqpurand
3001 4866 3180 4946 amp}.
3208 4867 3339 4946 coll.
3365 4866 3464 4946 iV,
3640 4883 3656 4922 :

2121 4937 2260 5006 Cum
2289 4937 2464 5002 tamen
2491 4944 2678 5000 Leodii
2701 4942 3070 4999 bibliothecam
3091 4937 3376 4995 clarissimi
3397 4939 3512 4992 viri
3524 4937 3730 4992 domini

2121 5021 2331 5076 baronis
2372 5018 2436 5073 de
2466 5015 2706 5072 Crassier
2723 5013 3188 5085 perlustrarentus,
3221 5008 3410 5085 incidit
3441 5010 3509 5064 in
3537 5025 3725 5085 manus

2065 5127 2070 5135 -
2114 5099 2322 5147 nostras
2375 5091 2627 5162 antiquus
2663 5077 2826 5141 codex
2867 5077 3271 5162 Andaginensis
3318 5083 3636 5162 monasterii
3657 5077 3719 5135 S.

2113 5163 2351 5218 Huberti
2363 5151 2781 5216 ante'sexcentos
2809 5173 2974 5210 annos
3017 5151 3288 5220 eiraratus,
3331 5151 3724 5208 lucubrationes

2113 5237 2386 5290 continens
2415 5230 2684 5300 Harigeri
2721 5235 2771 5283 et
2799 5226 3069 5300 Anselmi,
3098 5242 3256 5300 quem
3297 5223 3586 5300 diligenter
3603 5237 3719 5300 cum

2112 5306 2337 5361 editione
2365 5303 2459 5359 illa
2487 5292 2760 5368 collatum,
2787 5315 2893 5354 non
2927 5297 3084 5352 modo
3102 5292 3382 5351 diversum
3400 5292 3411 5294 ἡ
3431 5293 3499 5368 in
3547 5292 3721 5368 multis

2112 5375 2544 5449 deprehendimus
2571 5371 2660 5449 sed
2692 5363 2857 5449 multo
2882 5368 3222 5449 ampliorem.
3250 5397 3320 5407 —
3349 5363 3717 5449 ξηςπιαιζυεητ

2118 5433 2277 5504 timus
2288 5455 2551 5520 praeterea
2579 5433 3322 5520 A_lexandr~u173:Leodiensem
3350 5436 3416 5493 S.

2117 5509 2454 5585 canonicum,
2511 5515 2751 5571 delibutis
2800 5530 2865 5568 ea:
2907 5511 3172 5582 Harigeri
3219 5525 3371 5585 opere
3415 5509 3715 5585 primorum

2119 5579 2477 5663 episcoporum
2497 5579 3134 5663 gestis,_subsequentium
3157 5579 3276 5652 post
3292 5579 3368 5663 _S.
3403 5579 3713 5634 Remactum

2119 5653 2421 5720 antistitum
2449 5653 2572 5716 acta
2593 5659 2800 5730 scriptis
2822 5653 3229 5730 commendasse,
3247 5655 3368 5730 etc.

2187 5713 2233 5806 ('1'
2240 5713 2416 5806 iiii;
2443 5713 2528 5806 i_','
2544 5713 2631 5806 "p'.
2661 5713 2785 5806 87i3.
2833 5724 3198 5802 Chapeaville
3215 5713 3226 5721 '
3245 5723 3374 5781 loco
3405 5713 3708 5782 Alexandri

2105 5799 2359 5866 nominis
2383 5803 2524 5877 legit
2547 5799 2874 5864 Anselmus.
