3902 6210
182 512 283 570 985

1671 495 2001 562 MONITUM.

3392 501 3494 556 986

174 632 450 690 librarius
481 631 581 706 qui
609 646 808 687 verum
840 629 1086 687 auctoris
1115 645 1331 686 nomen
1363 628 1792 700 ignoraret,fal-
1816 633 2025 691 Actere
2077 627 2377 682 studuimus
2426 644 2545 700 qua
2590 625 2654 680 de
2695 621 3074 696 posterioribus
3124 621 3353 693 sparsim
3400 627 3499 674 aut

175 741 306 778 sum
333 723 572 795 ingenio
593 722 828 795 proprio
850 721 1228 793 indulgensin
1257 724 1472 775 textum
1486 719 1787 791 receperit.

175 814 294 868 Hoc
323 829 442 868 uno
489 815 834 884 argumento
863 814 1091 866 remota
1136 814 1283 864 esset
1324 809 1648 876 difﬁcultas,
1681 807 1786 863 nisi

171 902 287 956 alio
320 901 580 974 quodam
623 902 748 956 loco
773 899 970 973 augeri
999 902 1055 954 et
1099 899 1258 971 quasi
1285 898 1682 953 recrudescere
1709 897 1787 952 vi-

169 991 432 1045 deretur.

243 1077 581 1134 Certissima
601 1077 758 1133 enim
789 1078 848 1132 in
877 1077 1023 1133 libro
1042 1078 1164 1150 ipso
1197 1077 1433 1148 vestigia
1461 1075 1783 1148 deprehen-

169 1169 394 1224 duntur
420 1169 562 1223 duos
580 1173 708 1240 post
728 1168 1070 1240 Herigerum
1100 1168 1169 1222 de
1189 1167 1359 1239 gestis
1382 1167 1783 1240 episc0porum

169 1256 586 1312 Leodiensium
628 1256 806 1311 libros
849 1257 1090 1327 scriptos
1140 1273 1281 1322 esse,
1314 1272 1561 1328 quorum
1601 1271 1784 1308 unum

166 1347 467 1412 Anselmo,
502 1347 748 1400 alterum
796 1345 1120 1400 Alexandro
1150 1345 1400 1399 tribuere
1443 1343 1576 1398 viris
1605 1342 1786 1397 doctis

168 1433 389 1505 placuit
419 1433 590 1505 (143).
641 1434 741 1487 Ille
773 1433 894 1488 nim
937 1435 1004 1487 A.
1048 1433 1364 1505 presbyter,
1398 1449 1571 1505 quem
1611 1447 1786 1501 supra

169 1522 501 1576 audivimus
541 1521 913 1576 confitentem
955 1522 1196 1576 alteram
1256 1525 1478 1593 partem
1538 1520 1668 1574 libri
1717 1537 1784 1574 ex

169 1610 491 1665 Alexandri
523 1611 794 1682 opusculo
821 1626 880 1664 se
910 1609 1180 1676 hausisse,
1213 1610 1271 1663 in
1299 1609 1538 1681 epistola
1567 1609 1640 1663 ad
1665 1610 1780 1662 An-

165 1714 394 1753 nonem
435 1698 658 1753 disertis
702 1697 889 1752 verbis
915 1698 1034 1752 hmc
1051 1698 1553 1752 testaturzﬂarum
1573 1697 1784 1768 quidem

155 1804 292 1858 pars
331 1789 490 1858 prior
543 1787 611 1840 ab
673 1786 938 1857 Herigera
996 1786 1263 1841 Labiensis
1324 1785 1544 1840 σαιηοῦίὶ
1597 1785 1785 1839 abbate

166 1876 370 1948 absque
425 1877 678 1947 capitulis
749 1882 827 1932 est
885 1877 1207 1947 conscripta,
1270 1878 1358 1929 cui
1405 1892 1497 1929 nos
1549 1875 1783 1945 capitula

1890 719 2112 787 legimus
2138 725 2232 771 aut
2273 724 2412 772 certa
2455 719 2804 788 antiquarum
2846 712 3099 768 relatione
3127 709 3409 766 didicimus
3447 715 3498 762 et

1897 808 2154 861 breviaria
2205 807 2431 879 quadam
2481 808 2697 860 nomina
2753 801 3083 871 singularum
3139 816 3260 853 cum
3306 799 3497 868 paucis

1888 896 2241 968 quorumdam
2271 899 2502 967 ipsorum
2531 893 2700 949 Gestis
2727 909 2887 963 usque
2911 889 2980 944 ad
3009 889 3262 944 damnum
3301 886 3494 943 Wazo-

1887 1002 2006 1042 ncm
2027 988 2456 1055 perstrinximus.
2491 987 2686 1056 Itaque
2722 999 2836 1037 una
2857 979 3134 1053 particula
3163 977 3259 1031 illa
3293 974 3496 1046 episto-

1887 1076 1955 1128 lae
1988 1075 2060 1129 ad
2092 1075 2249 1129 Idam
2289 1074 2637 1130 abbatissam
2683 1088 2753 1126 ea
2782 1070 2958 1142 ipsius
2996 1065 3305 1122 Alexandri
3344 1064 3492 1118 libro

1887 1167 2217 1234 temporum
2249 1163 2535 1236 iniquitati
2557 1166 2755 1234 erepta
2784 1159 2962 1214 videri
2980 1155 3176 1230 possit,
3202 1154 3492 1226 reliquum

1888 1269 2030 1324 opus
2059 1253 2420 1323 compilator,
2454 1251 2801 1324 quicumque
2827 1251 2912 1303 est
2936 1248 3051 1313 ille,
3091 1249 3182 1311 A.,
3229 1244 3288 1298 in
3328 1259 3491 1297 usum

1886 1359 2051 1396 suum
2079 1342 2266 1397 vertit.
2297 1345 2552 1396 Alteram
2580 1341 2737 1394 enim
2758 1337 2888 1394 libri
2919 1339 3166 1409 partem,
3194 1349 3308 1406 qua
3336 1331 3490 1404 prio-

1885 1447 2012 1484 rum
2054 1434 2119 1485 27
2165 1432 2567 1504 episcoporum
2598 1430 2764 1484 Gesta
2794 1425 3112 1481 secundum
3151 1421 3489 1492 Herigcrum

1885 1519 2089 1574 litteris
2108 1520 2432 1574 Alexander
2453 1535 2681 1591 quoque
2712 1517 3106 1579 mandaverat,
3136 1528 3195 1566 se
3221 1508 3491 1566 recidisse

1885 1610 2229 1681 compilator
2258 1609 2344 1663 his
2382 1607 2567 1662 verbis
2610 1610 2848 1661 testatus
2893 1606 2977 1658 est
3009 1620 3022 1656 :
3081 1600 3212 1668 Qua,
3257 1615 3378 1654 cum
3416 1599 3490 1651 ita

1883 1699 2012 1763 sint,
2061 1714 2152 1749 nos
2209 1713 2413 1768 quoque
2464 1712 2572 1750 non
2621 1695 3042 1748 inconvenienter
3082 1688 3320 1759 ejusdem
3357 1702 3486 1756 apu-

1885 1786 2018 1839 sculi
2045 1787 2213 1856 capi/e
2244 1785 2467 1852 sublata,
2517 1790 2577 1836 ut
2621 1785 2875 1852 inoffensa
2896 1781 3032 1853 pede
3072 1793 3280 1832 servare
3316 1775 3490 1847 possi-

1885 1891 2000 1930 mus
2042 1874 2282 1929 ordinem
2332 1874 2613 1929 Gestarum
2651 1870 3067 1941 pantiﬁcalium,
3122 1886 3154 1920 a
3206 1877 3494 1921 successore

155 1971 549 2036 praenatantes,
580 1971 817 2020 nostram
846 1982 966 2019 cum
994 1965 1240 2035 capitulis
1264 1967 1375 2019 suis
1399 1964 1782 2017 elucubratiun-
1811 1948 1863 2008 Β
1883 1965 2055 2017 sancti
2102 1962 2362 2028 Remacli,
2418 1962 2562 2015 beato
2610 1959 2845 2012 videlicet
2902 1954 3236 2018 Theadarda,
3293 1968 3491 2005 novum

164 2053 346 2108 culum
377 2061 625 2124 cooptare
661 2053 978 2109 studuimus.
1017 2052 1094 2108 Et
1122 2070 1242 2108 cum
1275 2053 1366 2106 illa
1408 2054 1646 2123 superior
1677 2051 1781 2105 Ge-

161 2149 244 2194 sta
279 2142 587 2196 earumdem
610 2143 927 2214 pontiﬁcum
957 2159 989 2196 a
1008 2143 1189 2213 prima
1201 2158 1362 2212 usque
1390 2141 1460 2194 ad
1477 2143 1783 2196 vicesimum

163 2232 452 2300 septimum
501 2231 702 2285 scilicet
748 2249 780 2285 a
812 2236 993 2286 sancta
1045 2230 1297 2284 Materna
1348 2247 1512 2301 usque
1559 2230 1629 2284 ad
1655 2248 1782 2284 san-

166 2325 313 2374 ctum
375 2318 711 2386 Remaclum,
767 2320 1061 2390 digesserit,
1128 2336 1221 2372 nos
1277 2335 1480 2390 quoque
1543 2326 1781 2376 nostrum

162 2424 314 2478 opus,
381 2408 524 2480 quod
566 2414 787 2479 precatu
833 2409 1041 2463 damna:
1069 2408 1182 2463 Ida»
1225 2409 1502 2464 abbatissae
1539 2411 1778 2465 conscri-

154 2512 464 2566 pseramus,
515 2496 890 2568 decapitantes,
940 2515 1006 2552 ne
1051 2497 1230 2551 eadem
1279 2497 1578 2569 replicando
1621 2499 1778 2569 fasti-

165 2583 316 2638 dium
350 2586 548 2656 legenti
569 2587 891 2656 faceremus,
915 2605 946 2640 a
971 2587 1119 2641 beata
1151 2587 1461 2641 Theadarda
1488 2589 1778 2660 incepimus

161 2680 209 2727 et
237 2673 483 2728 ordinem
509 2676 873 2746 episcaparum
898 2693 1059 2747 usque
1075 2675 1145 2729 ad
1168 2675 1424 2732 damnum
1466 2676 1774 2745 lVazonem,

157 2778 314 2832 quem
365 2763 866 2834 quinquagesimum
908 2763 1196 2818 secundum
1248 2782 1352 2818 esse
1394 2772 1614 2832 constat,
1647 2784 1776 2837 pra-

156 2853 328 2904 secuti
373 2868 576 2917 sumus,
609 2851 748 2905 nihil
784 2860 1039 2923 ponentes
1082 2855 1188 2907 nisi
1223 2854 1366 2924 quod
1416 2861 1511 2907 aut
1561 2855 1779 2924 legimus

162 2945 260 2992 aut
319 2947 465 2993 certa
506 2939 743 3009 ﬁdelium
783 2957 1133 3011 personarum
1178 2941 1428 2996 relatione
1473 2942 1773 3012 didicimus,

163 3035 262 3082 aut
291 3035 434 3082 certe
456 3029 559 3099 ipsi
572 3039 858 3099 prasentes
887 3029 1121 3085 vidimus
1146 3037 1196 3084 et
1226 3031 1549 3088 audivimus.
1578 3034 1774 3104 Itaque

155 3115 281 3186 ipse
328 3132 560 3188 quoque
588 3119 656 3171 A.
689 3118 986 3190 presbyter
1026 3119 1450 3191 antiquissimas
1494 3120 1772 3176 Leodien-

1886 2051 2255 2122 ingrediamur
2290 2050 2580 2104 exordium.
2618 2049 2692 2101 Ex
2723 2046 2928 2118 quibus
2953 2046 3062 2099 hoc
3087 2044 3312 2098 elucere
3334 2038 3489 2093 vide-

1885 2145 1997 2207 tur,
2031 2139 2470 2211 compilatarem
2490 2138 2769 2192 intactum
2799 2133 2963 2189 nobis
2992 2128 3491 2186 servasseAlexan-

1885 2228 1972 2283 dri
2001 2228 2235 2295 librum,
2267 2243 2382 2282 uno
2415 2225 2649 2281 exordio
2681 2224 2754 2279 ad
2780 2223 2838 2278 S.
2870 2218 3278 2276 Theodardum
3311 2230 3490 2286 usque

1884 2317 2131 2379 sublato,
2174 2316 2327 2388 quod
2369 2315 2426 2370 ni
2466 2315 2634 2370 fallor
2671 2312 3022 2367 confirmant
3062 2322 3291 2380 quoque
3316 2304 3492 2357 verba

1882 2425 2054 2480 supra
2104 2408 2376 2462 laudata:
2405 2423 2522 2478 quae
2561 2408 2850 2476 sequuntur
2897 2417 2961 2455 ex
2989 2398 3211 2453 alterius
3253 2393 3492 2466 opusculi

1883 2496 2050 2551 libella
2073 2529 2145 2538 —
2173 2499 2298 2552 huic
2326 2497 2474 2567 aperi
2497 2500 2622 2549 sunt
2649 2507 2885 2548 annexa.
2905 2489 3018 2544 Sed
3049 2487 3108 2541 in
3141 2480 3488 2539 memoriam

1881 2601 2214 2642 revocamus
2241 2585 2380 2657 quid
2409 2585 2480 2639 de
2512 2583 2624 2638 suis
2652 2579 3013 2652 temporibus
3040 2576 3228 2646 deque
3256 2587 3357 2626 sua
3386 2587 3489 2624 au-

1881 2675 2144 2730 ctoritate
2175 2675 2233 2728 in
2265 2673 2506 2745 epistola
2528 2671 2602 2726 ad
2616 2674 2924 2725 Annonem
2943 2665 3109 2720 A.ille
3131 2663 3372 2716 testatus
3397 2658 3488 2726 sit,

1883 2762 2019 2827 Quir.
2042 2779 2294 2834 praesens
2315 2760 2717 2831 audierit,qua=:
2737 2772 2989 2831 praesens
3013 2750 3222 2808 viderit
3246 2746 3489 2821 posteris

1882 2853 1952 2907 de
1982 2853 2227 2908 Wazone
2277 2851 2534 2906 tradidit.
2580 2850 2727 2904 Num
2767 2844 3122 2902 credendum
3159 2839 3346 2896 virum
3390 2834 3489 2908 qui

1879 2941 2049 2996 rebus
2098 2941 2233 3013 ipsis
2282 2939 2550 3012 gerendis
2591 2939 2680 2992 vel
2730 2935 2889 2992 testis
2936 2933 3194 2988 oculatus
3236 2928 3324 2983 vel
3377 2924 3490 3023 mi-

1880 3028 2058 3083 nister
2115 3033 2172 3082 et
2224 3029 2457 3100 adjutor
2516 3025 2844 3082 interfuerit
2895 3021 3129 3078 easdem
3197 3033 3290 3072 res
3357 3021 3491 3068 scri-

1877 3117 2112 3172 bentem
2168 3118 2238 3172 de
2301 3135 2402 3172 suo
2457 3119 2626 3189 plane
2695 3113 2835 3169 nihil
2890 3111 3134 3176 dedisse,
3187 3105 3288 3162 sed
3345 3102 3490 3158 alius

156 3203 310 3258 sium
361 3220 454 3258 res
506 3205 862 3278 conscripsit,
917 3206 1016 3261 sed
1084 3207 1146 3260 in
1196 3207 1452 3278 Herigeri
1507 3208 1767 3264 favorem
1803 3205 2173 3283 ccujusdam
2205 3207 2414 3261 librum
2459 3205 2532 3260 ad
2579 3204 2821 3260 verbum
2869 3196 3224 3270 exscripsisse
3263 3191 3292 3248 ‘l
3338 3193 3488 3246 Num

155 3291 417 3362 primam
447 3291 532 3346 sui
562 3292 692 3347 libri
725 3297 950 3365 partem
982 3295 1312 3366 suppressit.
1349 3296 1505 3350 Hisce
1546 3295 1769 3352 duobus
1871 3294 2226 3349 credendum
2256 3311 2389 3349 eum
2409 3293 2560 3348 aliud
2586 3292 2930 3364 pollicitum,
2957 3285 3107 3342 aliud
3138 3297 3338 3338 revera
3357 3295 3490 3351 pro-

155 3379 535 3451 scriptoribus
559 3380 617 3436 in
648 3382 986 3452 praefatione
1015 3383 1318 3438 Gestorum
1347 3385 1494 3439 libro
1514 3387 1765 3442 secundo

155 3468 418 3538 praeﬁxa,
445 3469 646 3525 tertius
668 3470 903 3542 quidam
935 3472 1174 3539 accedit,
1197 3472 1243 3526 si
1269 3473 1526 3529 codicem
1546 3475 1768 3547 llagen-

155 3573 280 3611 sem
331 3560 391 3611 et
430 3558 772 3614 Martenium
813 3559 1089 3632 sequeris,
1133 3561 1477 3618 Alexander.
1526 3564 1600 3618 Ex
1654 3581 1768 3636 qua

154 3646 501 3717 prmfatione
532 3648 658 3702 loco
697 3664 869 3720 supra
907 3649 1138 3704 laudato
1169 3650 1291 3704 haec
1329 3650 1504 3705 verba
1555 3652 1766 3708 addere

147 3735 314 3805 juvat
349 3752 362 3788 :
393 3734 470 3788 Et
482 3738 719 3806 priorem
743 3737 953 3809 quidem
982 3738 1219 3808 ejusdem
1248 3740 1494 3810 opusculi
1535 3743 1623 3794 sui
1636 3759 1767 3812 par-

154 3830 258 3879 tem
305 3841 374 3879 ex
385 3826 742 3896 praesentibus
770 3830 836 3882 2‘7
867 3829 1224 3898 episcoporum
1255 3829 1426 3884 Gestis
1462 3828 1526 3899 (i.
1569 3846 1621 3889 e.
1656 3831 1762 3886 Ile-

151 3911 351 3984 rigeri,
396 3929 524 3985 qua:
569 3913 783 3969 ibidem
825 3915 1084 3986 superius
1135 3917 1406 3972 volumen
1461 3918 1762 3975 Gestarum

155 4001 545 4073 appellantur)
575 4019 628 4056 se
654 4003 955 4075 campilasse
992 4021 1102 4059 non
1130 4012 1206 4059 est
1234 4006 1488 4076 confusus
1526 4009 1766 4076 conﬁteri

154 4087 298 4160 (scil.
333 4092 536 4144 auctor
578 4091 810 4146 alterius
841 4092 1120 4164 opusculi,
1161 4093 1200 4150 i.
1234 4110 1284 4147 ο.
1316 4095 1656 4166 Alexander)
1687 4099 1763 4149 ita

151 4176 392 4232 dicenda.
453 4178 581 4232 lam
637 4179 892 4251 sequitur
946 4180 1299 4252 praefationis
1357 4182 1430 4236 ad
1496 4184 1764 4238 eamdem

154 4267 318 4321 Idam
371 4266 722 4323 abbatissam
770 4269 1053 4339 particula
1096 4269 1182 4324 his
1211 4269 1396 4325 verbis
1438 4273 1634 4342 (I44):
1675 4271 1766 4327 Ex

141 4355 470 4426 pontiﬁcum
518 4355 914 4425 Tungrensium
958 4356 1147 4426 Gestis,
1179 4376 1297 4432 qua
1348 4377 1381 4412 a
1429 4366 1611 4415 sancto
1639 4360 1768 4415 Μα-

151 4451 306 4501 terna
357 4462 520 4516 usque
567 4445 638 4500 ad
679 4453 925 4503 sanctum
966 4447 1283 4502 Remaclum
1325 4456 1452 4504 sunt
1493 4457 1764 4522 porrecta,

145 4534 362 4605 placuit
391 4535 548 4606 quasi
581 4551 646 4590 ex
681 4536 935 4605 ﬂorigera
961 4538 1116 4607 prati
1143 4539 1432 4592 amenitate
1468 4537 1769 4610 decerptum

149 4622 212 4676 de
237 4622 460 4677 diversis
497 4624 718 4692 ﬂoribus
762 4631 932 4679 texere
963 4623 1303 4681 sertum.C'ui
1328 4625 1571 4698 deinceps
1601 4646 1767 4683 anne-

223 4766 378 4836 (143)
417 4765 671 4820 Martene
715 4769 773 4820 et
811 4766 1045 4821 Durand
1073 4768 1161 4835 IV,
1195 4770 1317 4824 838.
1360 4769 1606 4826 Histoire
1654 4771 1764 4828 litt.

151 4835 355 4891 Franc.
388 4836 499 4909 VII,
528 4839 633 4892 472
654 4853 778 4909 sqq.

219 4909 372 4977 (144)
397 4908 774 4984 Idaz__nomen
806 4909 863 4964 in
897 4910 1006 4984 hoc
1042 4910 1397 4984 praﬁfat‘ionis
1427 4913 1761 4984 fragmento

151 4993 267 5033 non
302 4978 571 5055 occurrit,
619 4979 757 5055 quin
782 4997 928 5055 _ver_o
978 4978 1075 5036 illa
1123 4980 1432 5055 sitCliristi
1460 4978 1647 5055 sponsa
1690 4985 1764 5040 ad

149 5066 327 5124 quam
359 5051 684 5124 scriptacst
700 5051 964 5124 epistola,
998 5053 1218 5108 nemini
1246 5051 1494 5109 dubiunf
1511 5057 1642 5120 erit,
1675 5057 1761 5110 di-

150 5122 433 5194 scrtisque
476 5121 666 5176 verbis
697 5121 757 5176 iri
799 5124 1067 5195 prooemii
1114 5127 1278 5196 parte
1316 5125 1509 5198 priore
1550 5127 1764 5182 conﬁr-

153 5198 366 5247 matur.

220 5265 377 5336 (145)
406 5263 717 5332 Quomodo
741 5265 1063 5320 enodarent
1100 5266 1204 5320 has
1236 5267 1404 5321 tricas
1434 5267 1588 5321 haud
1615 5266 1762 5320 felici

153 5340 362 5391 conatu
398 5338 699 5391 tentarunt
721 5337 972 5391 Hartene
1007 5341 1063 5391 et
1087 5337 1323 5392 Durand
1354 5337 1626 5404 editores,
1661 5353 1762 5390 ne-

151 5423 260 5479 que
284 5424 424 5461 sane
451 5407 798 5479 explicanda
825 5407 920 5462 illa
946 5408 1269 5475 difficultas,
1297 5408 1340 5461 si
1369 5425 1483 5462 uno
1517 5407 1762 5479 Hagensi

153 5478 972 5533 cadiceinnitantur.Primum
997 5481 1144 5534 hanc
1159 5480 1522 5548 protulerunt
1543 5478 1763 5548 opinio-

155 5565 310 5616 nem,
355 5549 748 5604 Alexandrum
792 5549 1061 5605 defuncto
1113 5549 1354 5604 Wazone
1387 5567 1420 5604 a
1489 5553 1645 5613 1048,
1677 5567 1762 5604 ca-

155 5617 286 5694 lamo
317 5623 505 5676 statim
528 5638 744 5673 manum
760 5620 1083 5694 admovisse,
1114 5629 1176 5676 ut
1198 5621 1564 5694 Leodiensium
1582 5625 1762 5694 panti-

153 5692 313 5757 ﬁcum
362 5697 514 5764 gesta
544 5693 916 5764 conscriberet,
960 5709 1118 5764 eaque
1145 5692 1310 5762 paulo
1330 5700 1451 5762 post
1487 5692 1621 5748 vivis
1647 5710 1764 5751 erc-

147 5771 255 5836 pta,
305 5762 627 5820 Anselmum
668 5762 970 5818 Alexandri
997 5762 1125 5834 opus
1165 5769 1497 5820 contractum
1533 5767 1761 5823 Annani

1870 3381 2178 3451 ferentem,
2225 3382 2470 3454 turpiter
2527 3380 2838 3435 mentitum
2895 3375 3064 3432 esse?
3113 3373 3181 3426 Et
3227 3367 3368 3442 quid
3414 3366 3486 3421 de

1872 3476 2052 3531 altero
2093 3473 2192 3526 illo
2224 3475 2458 3526 auctore
2504 3471 2825 3524 statuamus
2855 3465 3009 3537 (145)
3039 3462 3067 3514 ‘l
3119 3461 3244 3514 Non
3293 3455 3487 3510 minus

1871 3568 2071 3635 aperte
2097 3559 2423 3616 Alexander
2457 3558 2515 3613 in
2547 3555 2888 3628 praefatione
2930 3552 3004 3607 ad
3039 3549 3200 3605 Idam
3231 3545 3410 3635 docet
3427 3556 3490 3596 se

1867 3632 2129 3708 Wazonis
2159 3647 2411 3723 episcopi
2435 3647 2648 3703 faciem
2680 3643 2884 3699 vidisse
2917 3641 3152 3713 ejusque
3176 3632 3486 3728 consuetu-

1870 3743 2004 3798 dine
2045 3755 2210 3795 usum
2243 3755 2386 3805 esse,
2431 3735 2677 3810 posteris
2709 3749 2767 3788 se
2809 3731 2951 3787 velle
3001 3723 3324 3810 imaginem
3363 3723 3488 3788 ejus

1870 3831 2098 3886 tradere
2160 3845 2227 3884 ex
2279 3827 2374 3882 illo
2423 3809 2690 3880 manasse
2745 3822 2907 3877 fonte
2947 3832 3075 3891 qua:
3123 3813 3194 3868 de
3238 3809 3490 3891 Wazone

1865 3917 2179 3991 scripserit,
2226 3915 2360 3970 satis
2398 3917 2596 3987 aperte
2650 3911 2884 3966 indicat.
2945 3885 3142 3976 Itaque
3195 3899 3308 3994 duo
3348 3885 3485 3994 sunt

1865 3987 2127 4064 auctores
2145 4004 2244 4077 qui
2275 4004 2482 4059 eodem
2514 4006 2779 4072 tempore
2799 3997 3053 4052 viventes
3083 3987 3488 4077 Leodiensium

1867 4074 2270 4169 episcoporum
2303 4109 2394 4148 res
2444 4091 2517 4146 ad
2545 4090 2853 4144 Wazonem
2886 4099 3068 4157 usque
3097 4074 3484 4171 deduxerunt-

1867 4163 2118 4255 U-terque
2149 4182 2209 4236 in
2240 4181 2432 4252 priore
2465 4183 2628 4252 parte
2657 4194 2783 4250 quae
2815 4173 3020 4248 legerit
3039 4174 3138 4227 aut
3163 4169 3321 4224 certa
3340 4163 3491 4255 anti-

1869 4250 2116 4346 quorum
2148 4250 2806 4333 relationedﬁidiceritﬁn
2829 4261 3148 4338 posteriore
3178 4272 3306 4331 qua:
3332 4250 3488 4346 vide-

1868 4342 1944 4416 rit
1973 4360 2093 4430 ipse
2145 4357 2390 4428 scripsit,
2432 4360 2674 4427 uterque
2705 4353 2944 4426 Heriger
2972 4352 3119 4406 libro
3152 4361 3319 4402 suum
3351 4342 3483 4430 sub-

1863 4429 2040 4521 junit,
2097 4450 2338 4517 uterque
2394 4444 2772 4500 nihilominus
2811 4445 3079 4512 tempora
3130 4449 3358 4508 quoque
3411 4429 3484 4484 ab

1873 4537 2144 4608 Herigcro
2165 4536 2375 4607 scripta
2387 4533 2595 4589 iterum
2611 4531 2838 4588 littteris
2851 4522 3272 4592 mandavit,sed
3282 4521 3484 4592 postea

1868 4628 1991 4682 haec
2020 4624 2150 4680 libri
2175 4640 2309 4696 pars
2323 4639 2625 4695 suppressa
2637 4625 2986 4691 est;uterque
3001 4614 3250 4686 denique
3265 4609 3483 4666 librum

1873 4771 2173 4827 Coloniensi
2200 4767 2569 4840 archipraesuli
2599 4765 2842 4840 obtulisse
2856 4782 2928 4840 _a._
2955 4763 3110 4840 l056.
3142 4757 3318 4838 Paulo
3349 4755 3482 4840 post.

1868 4825 2020 4898 hanc
2047 4825 2390 4916 viam‘inire
2444 4855 2607 4916 posse
2645 4838 2754 4916 sibi
2784 4835 3147 4916 videbantur,
3191 4828 3262 4916 iul
3281 4825 3479 4916 codice

1869 4914 2113 4984 Hagensi
2128 4916 2186 4966 et
2208 4911 2265 4966 in
2296 4901 2983 4984 recensionetlhapeavilli
3006 4901 3479 4984 propositosesse

1868 4966 2197 5038 etvxnselmi
2229 4982 2603 5038 etAlexandri
2635 4966 2811 5034 libros
2830 4995 2962 5032 cum
2989 4966 3246 5048 Anselmi
3268 4966 3478 5048 prastat

1865 5037 2046 5120 tione,
2079 5057 2207 5106 uter
2231 5037 2418 5107 textus
2452 5069 2586 5108 vero
2612 5051 2869 5106 Anselmi
2899 5049 2989 5116 sit,
3012 5050 3140 5102 uter
3168 5037 3477 5121 Alexandri

1865 5143 1984 5181 non
2016 5110 2149 5178 satis
2171 5123 2299 5200 sciri
2328 5125 2820 5200 posSBLHagchnon
2848 5110 3003 5200 stare
3030 5130 3193 5200 posse
3218 5110 3477 5200 videptes

1865 5186 2448 5272 auctores
2494 5195 2875 5272 lf‘r._YIl,_/e‘l_'5
2923 5186 3474 5272 conieceruntﬂcnm

1862 5265 2171 5345 Alexandri
2200 5257 2729 5345 libAellis‘prioribus'
2749 5265 2910 5318 istius
2934 5257 3046 5318 loci
3071 5257 3472 5345 displicuifﬁl,

1865 5353 2065 5393 eorum
2084 5337 2244 5417 jussu
2262 5335 2598 5390 Anselmum
2622 5336 2778 5389 idem
2805 5351 2998 5406 opusa
3041 5342 3301 5405 gressum
3328 5341 3469 5412 esse.

1861 5407 2120 5464 Martemi
2151 5405 2498 5476 sententiam
2532 5407 2826 5476 amplexus
2869 5408 2954 5459 est
2984 5351 3190 5459 gellier
3218 5400 3258 5452 I.
3291 5399 3333 5451 l.
3375 5396 3474 5448 Vix

1864 5484 1944 5535 est
1974 5477 2128 5545 quod
2160 5491 2433 5530 moneam
2467 5475 2812 5545 Chapeavilli
2843 5476 3264 5537 recensionem,
3297 5482 3472 5545 quam

1864 5496 1944 5535 est
2016 5496 2128 5532 [100
2160 5496 2433 5530 moneam
2467 5496 2812 5545 bnapeavuu
2844 5496 3264 5537 I'OCBIISIUIIBIII,
3297 5496 3472 5540 qualn

1862 5496 2011 5606 nihil
2057 5564 2179 5602 esse
2223 5547 2328 5600 nisi
2371 5545 2667 5624 epitomen
2705 5545 3048 5624 ‘Mar‘t‘en'iani
3091 5545 3278 5624 textus
3317 5540 3472 5593 recte

1861 5622 2276 5696 perspexerunt
2313 5611 2574 5673 auctores
2607 5616 2739 5670 Hist.
2775 5616 2883 5696 litt.
2917 5615 3035 5685 Fr.,
3074 5613 3145 5667 ab
3176 5611 3285 5666 hac
3313 5624 3470 5682 quae-

1862 5686 2048 5750 stione
2079 5690 2308 5768 penitus
2336 5705 2457 5749 esse
2483 5686 2920 5747 removendam.
