3902 6210
364 489 456 543 991

938 484 1263 539 HERIGERI
1300 484 1381 540 ET
1420 484 1718 541 ANSELMI
1756 483 1982 540 GESTA
2019 477 2216 540 EPlSC
2253 483 2503 540 TUNGR.
2537 482 2723 538 TRAJ.
2766 482 2848 539 ET
2893 482 3095 540 LEOD.

3570 486 3682 536 992

352 612 494 669 vidit
520 611 578 668 S.
605 611 893 667 Lamberti
924 615 983 666 et
1000 611 1371 666 Wolbodonis
1395 611 1671 666 miracula
1701 612 1870 683 (176),
1893 611 1952 667 in
1978 612 2033 670 Α
2057 611 2185 666 vita:
2214 610 2497 683 religione
2529 611 2915 683 splendentes,
2935 613 2997 665 ut
3013 607 3258 665 Ecclesia
3279 605 3682 678 eximperato-

354 701 514 772 cujus
540 700 665 755 Vita
693 700 913 756 famulo
942 700 1171 756 cuidam
1202 703 1299 754 aut
1324 700 1510 754 amico
1544 699 1794 772 episcopi
1821 716 1953 754 nar-

2058 716 2188 755 rum
2216 702 2497 771 potestate
2536 703 2735 772 erepta
2755 699 2853 754 uni
2876 714 3103 754 summo
3129 694 3388 770 pontifici
3416 694 3685 765 regenda

354 789 521 845 randi
548 789 773 860 copiam
805 806 872 844 ex
910 792 1070 861 parte
1104 788 1476 860 debet‘(177).
1519 789 1712 861 Neque
1751 789 1957 843 desunt
2055 787 2401 852 traderetur,
2434 786 2595 841 omni
2639 785 2816 841 animi
2848 785 3072 841 fervore
3103 784 3451 840 niterentur.
3481 781 3681 836 Talem

356 878 692 933 eruditionis
733 881 921 945 testes,
954 876 1175 931 lumina
1211 877 1309 932 illa
1338 894 1402 932 ex
1436 879 1699 932 veterum
1737 876 1958 949 scriptis

354 968 552 1040 petita,
576 968 779 1039 quibus
798 968 1009 1021 librum
1025 984 1192 1021 suum
1210 965 1313 1021 etsi
1330 983 1444 1021 non
1461 969 1579 1021 tam
1598 967 1761 1038 larga
1780 982 1963 1021 manu

354 1072 530 1128 quam
563 1055 866 1128 Herigerus
894 1054 1280 1126 frequentavit
1315 1073 1327 1109 :
1358 1055 1605 1111 Sallustii
1637 1055 1806 1127 (178),
1838 1055 1959 1108 Vir-

355 1143 475 1215 gilii
507 1147 675 1215 (179),
719 1143 933 1200 Horatii
976 1143 1120 1215 (180)
1161 1146 1473 1201 sententias
1511 1144 1770 1211 inseruit,
1813 1143 1965 1198 Cice-

354 1232 1412 1302 ronem,Donatum,Priscianum(181)
1435 1231 1961 1287 nominelaudavit:

356 1338 425 1376 ex
472 1320 734 1377 Patribus
772 1320 1161 1376 ecclesiasticis
1203 1320 1437 1392 Sulpicii
1475 1321 1669 1376 Severi
1713 1321 1866 1392 (182)
1910 1323 1967 1374 et

356 1410 614 1482 Gregorii
668 1411 738 1467 Μ.
805 1410 954 1482 (183)
1006 1410 1183 1465 libros
1228 1410 1371 1482 legit
1421 1427 1623 1466 eorum
1676 1409 1849 1464 verba
1907 1408 1966 1463 in

355 1515 522 1554 suum
554 1516 718 1553 usum
738 1498 925 1553 vertit.

429 1587 487 1642 Si
529 1587 776 1659 denique
820 1587 1028 1660 quaeris
1059 1586 1352 1658 quomodo
1383 1586 1687 1640 Anselmus
1726 1602 1966 1640 munere

355 1692 551 1730 rerum
578 1676 1013 1730 scribendarum
1044 1676 1270 1730 functus
1302 1675 1392 1741 sit,
1431 1691 1565 1729 cum
1596 1691 1737 1729 sana
1768 1677 1964 1729 mente

356 1764 554 1819 omnia
580 1764 916 1836 expediisse,
940 1781 1121 1837 eaque
1145 1781 1271 1836 quae
1291 1765 1348 1819 in
1371 1763 1516 1818 veris
1532 1763 1799 1835 falsisque
1815 1763 1968 1834 judi-

357 1852 555 1908 candis
593 1854 849 1908 cernitur
884 1853 1316 1925 perspicacitate
1359 1869 1484 1907 rem
1525 1853 1831 1907 absolvisse
1874 1850 1966 1905 vix

357 1940 614 2012 negabis.
645 1942 785 1996 Nam
809 1942 867 1996 in
890 1942 1179 1996 miraculis
1199 1939 1586 2011 superstitiose
1609 1939 1965 1994 celebrandis
1986 1966 2036 2026 Β

353 2031 686 2100 temporum
722 2047 959 2085 suorum
987 2030 1221 2101 ingenio
1246 2030 1437 2083 minus
1457 2028 1720 2095 indulsit;
1750 2027 1967 2100 simpli-

354 2116 523 2172 cioris
551 2122 686 2173 sunt
716 2118 945 2190 generis
977 2135 1102 2190 quae
1136 2121 1333 2173 narrat
1360 2134 1548 2190 neque
1570 2133 1604 2171 a
1633 2133 1829 2172 rerum
1859 2133 1962 2171 na-

354 2208 486 2262 tura
513 2208 832 2263 abhorrent
849 2209 1024 2278 (184).
1048 2209 1242 2280 Neque
1264 2206 1487 2262 critices
1511 2205 1844 2262 exercendae
1867 2222 1965 2277 pe-

353 2296 598 2351 riculum
624 2296 978 2353 desiderabis
1001 2313 1014 2363 ;
1037 2295 1095 2350 in
1118 2296 1358 2367 epistola
1381 2295 1453 2350 ad
1469 2297 1778 2349 Annonem
1799 2295 1963 2348 Ever-

356 2384 588 2457 gisilum
609 2388 669 2439 et
696 2386 1036 2456 Ebergisum
1054 2400 1234 2438 unum
1248 2382 1635 2454 eumdemque
1658 2398 1776 2436 non
1792 2381 1961 2436 fuisse

356 2472 618 2528 evincere
636 2476 910 2539 conatur;
937 2475 995 2526 et
1018 2487 1120 2526 cur
1149 2472 1207 2526 S.
1234 2470 1522 2525 Lamberti
1555 2469 1860 2540 scriptores
1877 2485 1964 2523 ve-

353 2576 483 2616 ram
534 2560 813 2633 passionis
860 2560 983 2630 ejus
1026 2575 1255 2614 causam
1302 2558 1525 2613 silentio
1579 2557 1964 2630 praeterierint

353 2649 798 2721 deprehendisse
846 2648 950 2703 sibi
1005 2648 1230 2703 videtur
1285 2647 1456 2719 (185).
1514 2647 1593 2701 Ne
1646 2662 1750 2719 pro
1796 2646 1966 2700 certis

351 2737 575 2793 incerta
608 2740 805 2792 narret
833 2737 983 2792 bene
1012 2740 1172 2791 cavet
1206 2736 1373 2807 (186),
1405 2735 1799 2790 cautissimum
1828 2750 1963 2789 vero

352 2842 414 2881 se
442 2825 587 2895 infeo
614 2825 853 2897 praebet,
874 2825 1030 2897 quod
1056 2824 1333 2879 miracula
1361 2824 1530 2895 vulgo
1553 2824 1813 2878 nondum
1829 2839 1964 2895 pro-

354 2913 492 2968 bata
520 2930 757 2969 narrare
790 2913 1005 2968 devttat
1033 2912 1206 2986 (187),
1240 2930 1449 2985 easque
1480 2930 1571 2968 res
1601 2929 1743 2985 quas
1775 2912 1966 2967 minus

355 3002 680 3073 exploratas
690 3002 866 3057 habet
884 3001 1133 3073 ingenue
1144 3001 1331 3057 indica
1341 3017 1402 3056 re
1418 3018 1534 3057 non
1549 3001 1772 3057 dubitat
1790 3001 1959 3074 (188).

353 3090 589 3144 Illorum
614 3106 749 3145 vero
778 3092 1111 3161 temporum
1149 3090 1374 3146 indoles
1399 3090 1457 3144 in
1502 3107 1571 3145 ea
1600 3090 1964 3163 potissimum

352 3178 609 3234 cernitur
636 3177 861 3234 ratione
891 3194 1006 3251 qua
1046 3178 1309 3235 Wazonis
1329 3178 1652 3252 imaginem
1684 3179 1959 3251 depinxit,

354 3282 530 3339 quem
550 3284 731 3323 unum
751 3266 859 3322 sibi
880 3246 1068 3340 n—eque
1082 3267 1376 3323 immerito
1399 3246 1674 3323 invlibello
1695 3246 1796 3324 suo
1823 3269 1967 3323 cele-
1998 3246 2044 3306 α

352 3355 645 3412 brandum
679 3356 944 3429 sumpsit,
976 3373 1224 3430 eamque
1261 3358 1334 3412 ob
1374 3362 1738 3430 posterorum
1773 3357 1965 3412 oculos

352 3444 564 3516 posuit.
589 3445 685 3500 Est
703 3445 862 3501 enim
892 3445 1057 3502 Wazo
1080 3447 1310 3502 illorum
1343 3447 1746 3519 episcoporum
1770 3462 1964 3501 exem-

353 3533 482 3605 plar
499 3538 559 3590 et
584 3534 745 3608 quasi
774 3536 993 3608 regula,
1018 3536 1216 3608 quales
1237 3535 1497 3608 Gregorii
1512 3536 1603 3591 VII
1624 3551 1788 3607 papte
1814 3538 1967 3591 tem-

355 3621 589 3694 poribus
599 3624 755 3681 haud
765 3624 933 3697 pauci
945 3625 1283 3680 cathedram
1298 3625 1600 3693 tenebant,
1616 3623 1735 3696 qui,
1756 3627 1966 3679 sancta:

455 3785 578 3859 176)
643 3789 711 3851 ΙΙ,
748 3790 815 3843 14
849 3805 862 3843 :
898 3786 1253 3845 Contractum
1284 3787 1441 3857 prius
1480 3791 1531 3839 et
1570 3792 1693 3859 post
1741 3792 1967 3841 erectum

355 3855 604 3914 vidimus.
648 3860 714 3929 ΙΙ,
750 3862 818 3914 35
851 3876 866 3915 :
912 3859 1053 3914 Tum
1091 3875 1156 3913 ex
1203 3855 1307 3924 me,
1350 3864 1465 3911 tum
1491 3872 1556 3911 ex
1581 3855 1701 3911 aliis
1732 3874 1850 3911 sum
1878 3873 1967 3912 ex-

348 3935 557 3999 pertus.

459 4002 584 4067 177)
622 4002 690 4067 ΙΙ,
725 4003 814 4058 33.

460 4072 583 4134 1'78)
624 4072 696 4134 Il,
741 4074 832 4125 61.

461 4141 583 4209 179)
621 4142 687 4207 11,
721 4143 809 4207 24,
843 4143 931 4207 37,
963 4142 1051 4207 39,
1081 4142 1171 4208 59,
1203 4141 1293 4209 61,
1325 4142 1414 4197 73.

462 4211 587 4279 130)
623 4212 690 4278 11,
720 4215 812 4279 26,
846 4215 935 4268 52.

400 4281 581 4348 «(181)
620 4282 686 4348 11,
719 4285 808 4337 52.

462 4352 583 4423 182)
622 4354 688 4420 ll,
714 4353 904 4408 Vitam
931 4352 991 4412 S.
1018 4353 1241 4410 Martini
1270 4355 1336 4423 ΙΙ,
1364 4356 1454 4421 55,
1487 4356 1576 4410 64.

431 4423 581 4491 (183)
621 4425 688 4491 11,
725 4426 814 4479 50.

427 4495 577 4563 (184)
614 4497 683 4562 ΙΙ,
718 4498 904 4552 11-14.

430 4564 584 4708 (185)
623 4567 689 4636 11,
723 4569 775 4623 8.

460 4637 558 4708 186
621 4637 690 4707 Il,
734 4642 775 4695 21

460 4637 583 4709 186)
621 4637 690 4707 Il,
734 4640 823 4695 20.
862 4640 972 4695 61»:
1035 4638 1176 4695 Cum
1227 4638 1509 4709 diligenter
1548 4639 1954 4704 sciscitaremur,

496 4706 663 4783 aliam
690 4740 758 4752 --
785 4726 1000 4783 causam
1020 4706 1341 4783 cognoscere
1347 4711 1650 4781 potuimus.

427 4780 580 4850 (187)
620 4782 685 4848 ΙΙ,
747 4784 814 4837 35
848 4799 865 4838 :1
924 4779 1205 4848 Quae'nus
1256 4779 1382 4836 huic
1439 4779 1689 4851 opusculo
1743 4780 1971 4851 inserere

356 4850 739 4925 ιιρξυίιιψίνηυε⁸
765 4884 857 4925 e—_
886 4855 1015 4925 quia
1050 4853 1235 4925 _relatu
1286 4850 1693 4925 miraculorum,
1729 4850 1969 4925 npndum

349 4923 666 4995 perculgcto
702 4919 1000 4995 diiudicare
1027 4923 1345 4990 devitamus,
1381 4922 1472 4977 sed
1484 4924 1715 4993 posteris
1741 4919 1974 4993 ﬁdeliter

352 4994 629 5067 scribenda
657 4994 1018 5067 relinquimus.

427 5065 572 5137 (188)
610 5066 677 5133 ΙΙ,
705 5065 822 5138 53Ξ
851 5066 1059 5138 Aliqua
1100 5082 1219 5138 quae
1247 5082 1289 5138 αῖ
1312 5082 1401 5120 me
1434 5066 1744 5121 nesciuntur
1768 5079 1973 5138 necesse

357 5136 683 5191 estreticeri.
703 5137 769 5204 ΙΙ,
801 5138 871 5192 60
894 5153 907 5190 :
948 5136 1160 5192 Litlefae
1180 5137 1319 5192 unde
1334 5143 1431 5192 aut
1448 5154 1480 5190 a
1500 5152 1602 5208 quo
1621 5136 1968 5203 transmissae,

356 5214 658 5281 ματ-11111881
684 5208 833 5263 nobis
861 5211 1153 5279 cognitum.

434 5278 581 5350 (189)
618 5281 686 5345 11,
711 5281 801 5347 28,
837 5281 925 5335 34.

459 5353 588 5416 190)
630 5352 698 5417 ΙΙ,
732 5353 822 5405 57.
849 5352 938 5405 60.

459 5421 583 5492 191)
620 5421 761 5476 Vide
791 5437 983 5492 supra.

457 5491 582 5564 192)
622 5493 682 5547 C.
721 5494 806 5547 16.
834 5491 1125 5564 Genuinus
1155 5493 1341 5548 textus
1371 5495 1457 5548 est
1486 5491 1822 5564 exscriptus,
1848 5506 1966 5564 non

358 5562 656 5636 mutilatus
676 5563 904 5636 generis
919 5564 1188 5636 codicum
1211 5564 1273 5636 Ω.
1300 5580 1475 5636 quem
1506 5562 1660 5636 apud
1674 5562 1967 5634 Egidium

358 5578 656 5617 mutuatus
661 5578 904 5687 (generis
923 5578 1188 5619 couicum
1211 5578 1273 5619 υ.
1300 5580 1475 5636 quem
1506 5578 1660 5635 apud
1674 5578 1967 5634 ﬂagicium

357 5632 654 5712 deprehen
702 5633 870 5712 imus,
888 5635 1082 5688 Nullus
1103 5634 1466 5712 dubitoquin
1481 5634 1726 5712 nomina
1739 5649 1968 5705 quoque

358 5708 494 5774 octo
510 5703 739 5774 illorum
759 5703 1160 5774 episcoporum
1184 5704 1280 5774 qui
1300 5703 1453 5769 1,—15,
1478 5704 1538 5758 S.
1559 5703 1813 5759 Materno
1840 5703 1963 5758 suc-

358 5720 490 5759 ocw
510 5720 739 5756 morum
759 5720 1160 5825 eplSCOIPOI‘tlln
1184 5722 1280 5774 qui
1300 5720 1339 5769 ι,
1367 5720 1453 5769 15,
1479 5720 1538 5758 δ.
1560 5720 1813 5759 materno
1840 5721 1963 5758 suc-

357 5772 591 5850 cessisse
613 5775 690 5851 _et_
714 5771 774 5824 in
795 5773 1192 5851 ,οδω-031881..
1214 5774 1790 5851 Gestisjrevirorum
1824 5775 1973 5851 Tun-

357 5840 557 5917 grensi
577 5842 636 5896 et
647 5840 967 5897 Trevirensi
988 5840 1248 5898 Ecclesiae
1262 5841 1559 5913 praefuisse
1576 5842 1866 5913 dicuntur,
1891 5844 1965 5901 ob

2059 893 2117 930 se
2133 878 2433 946 gerentem
2454 876 2760 930 Wazonem
2775 874 3030 929 celebrat
3046 869 3685 938 Auselmus,omnium-

2062 981 2173 1036 que
2202 964 2433 1018 illorum
2464 962 2844 1035 antesignano
2879 960 3111 1016 Annoni
3149 960 3362 1015 librum
3392 974 3564 1013 suum
3595 956 3685 1011 di-

2063 1052 2225 1109 cavit.
2276 1051 2550 1106 Acerbius
2595 1051 2771 1123 igitur
2818 1051 2948 1106 illos
3001 1065 3231 1122 quoque
3276 1047 3578 1119 episcopos
3625 1049 3687 1100 et

2064 1140 2298 1195 clericos
2316 1139 2664 1212 perstrinxit,
2696 1139 2813 1210 qui,
2843 1137 3176 1194 monasticae
3194 1135 3519 1208 disciplinas
3541 1135 3686 1206 jugo

2066 1227 2310 1297 abjecto,
2343 1228 2400 1282 in
2432 1244 2636 1299 regum
2670 1227 2819 1283 curis
2847 1229 3157 1293 versantes,
3193 1241 3320 1297 quae
3352 1225 3550 1278 essent
3579 1239 3686 1277 saa-

2066 1316 2176 1369 culi
2206 1318 2494 1382 curarent,
2530 1314 2889 1387 propriisque
2913 1312 3167 1369 ecclesiis
3191 1310 3448 1384 spoliatis
3480 1309 3691 1364 mimos

2067 1403 2319 1476 aliosque
2334 1421 2503 1459 canes
2525 1403 2808 1476 palatinos
2833 1404 3057 1457 alerent
3077 1402 3244 1472 (189).
3269 1401 3469 1472 Neque
3492 1398 3688 1453 minus

2067 1494 2163 1566 qui
2209 1493 2383 1548 fuerit
2429 1493 2682 1548 Anselmi
2714 1494 2945 1548 animus
2986 1509 3054 1548 ex
3100 1491 3167 1546 iis
3212 1492 3399 1546 elucet
3434 1505 3570 1561 quas
3616 1487 3690 1543 de

2067 1581 2439 1637 contentione
2468 1581 2620 1635 inter
2651 1581 2957 1636 Wazonem
2991 1583 3048 1634 et
3090 1579 3512 1651 imperatorem
3552 1575 3694 1630 scri-

2066 1671 2177 1742 psit
2199 1670 2368 1742 (190).
2388 1669 2627 1725 Dicendi
2652 1669 2901 1741 denique
2923 1685 3105 1740 genus
3117 1684 3230 1739 quo
3248 1684 3382 1722 usus
3394 1668 3483 1721 est
3496 1681 3693 1737 neque

2066 1775 2275 1831 purum
2293 1762 2379 1813 est
2392 1774 2577 1830 neque
2592 1758 2998 1827 emendatum;
3023 1773 3161 1812 nam
3178 1755 3693 1828 gravioraquoque

2065 1847 2201 1901 vitia
2244 1863 2545 1901 occurrere
2599 1863 2717 1902 non
2763 1846 3021 1916 negabis.
3064 1845 3179 1901 Sed
3218 1860 3393 1899 nemo
3437 1859 3582 1897 sane
3632 1842 3693 1896 in

2065 1935 2296 1992 illorum
2328 1938 2660 2005 temporum
2684 1938 2918 1990 auctore
2945 1934 3271 1989 castitatem
3296 1930 3584 1988 orationis
3600 1947 3695 1985 re-

2065 2024 2255 2095 quiret
2268 2025 2353 2078 vel
2387 2023 2459 2078 ad
2483 2039 2752 2078 normam
2780 2022 3127 2077 severiorem
3154 2038 3285 2076 eam
3307 2018 3561 2075 vocabit.
3596 2018 3695 2073 Est

2065 2128 2201 2167 vero
2230 2112 2518 2167 scribendi
2544 2129 2725 2184 genus
2746 2111 2791 2167 si
2814 2128 2945 2167 cum
2972 2110 3238 2182 Herigeri
3259 2107 3697 2180 comparaveris

2065 2200 2372 2256 dilucidius
2403 2201 2705 2273 magisque
2737 2201 3127 2273 perspicuum,
3156 2215 3345 2272 neque
3362 2200 3485 2253 tam
3511 2212 3694 2269 grave

2062 2293 2338 2362 tantaque
2358 2290 2602 2345 offusum
2620 2292 2705 2344 est
2729 2289 2900 2344 docta
2924 2288 3294 2355 obscuritate,
3319 2302 3498 2359 quam
3520 2286 3693 2341 illum

2062 2382 2340 2434 sectatum
2373 2396 2492 2434 esse
2521 2379 2786 2434 vidimus.
2818 2380 2892 2433 At
2927 2379 3013 2433 vel
3052 2378 3132 2433 sic
3161 2375 3318 2433 haud
3343 2391 3481 2431 raro
3513 2374 3695 2430 tumi-

2065 2468 2202 2523 dum
2248 2471 2332 2523 est
2361 2470 2419 2521 et
2465 2467 2792 2539 quaesitum,
2823 2466 3212 2538 audaciusque
3250 2480 3429 2538 quam
3465 2463 3692 2527 verius;

2063 2556 2266 2629 quibus
2294 2555 2428 2627 ipsis
2457 2556 2603 2610 vitiis
2633 2555 3032 2611 Leodiensium
3064 2554 3366 2626 disciplina
3392 2569 3454 2608 se
3486 2552 3697 2608 erudi-

2065 2648 2190 2700 tum
2222 2661 2343 2700 esse
2374 2646 2508 2700 satis
2539 2645 2747 2716 probat
2765 2647 3090 2703 Anselmus.

2136 2734 2242 2799 Qui
2279 2751 2347 2788 ex
2386 2734 2723 2790 recentioris
2759 2733 2863 2790 aevi
2893 2732 3266 2805 scriptoribus
3319 2733 3557 2786 nostros
3599 2748 3697 2787 au-

2066 2827 2252 2879 ctores
2285 2823 2344 2878 in
2391 2822 2821 2879 conscribendis
2860 2821 3021 2878 libris
3053 2822 3112 2877 in
3143 2820 3419 2876 auxilium
3447 2836 3697 2876 vocave-

2067 2911 2204 2980 rint,
2222 2928 2341 2967 non
2356 2914 2490 2966 sunt
2510 2911 2590 2966 ita
2606 2911 2792 2966 multi.
2812 2910 2964 2975 Quos
2980 2926 3259 2983 magnam
3272 2912 3505 2981 partem
3516 2907 3695 2964 fuisse

2068 2999 2411 3055 Leodienses
2432 3016 2497 3054 ex
2524 2999 2669 3072 ipso,
2694 2999 2850 3072 quod
2878 3016 2996 3055 non
3021 3002 3143 3054 tam
3170 3000 3283 3053 late
3305 2999 3528 3070 pateat,
3558 2996 3697 3051 libri

2060 3092 2413 3161 argumento
2442 3091 2701 3162 apparet.
2735 3086 3077 3157 Herigerum
3106 3085 3537 3157 exscripserunt
3557 3085 3695 3140 Not-

2067 3193 2239 3249 gerus
2287 3176 2347 3231 in
2396 3176 2524 3231 Vita
2568 3175 2626 3231 S.
2684 3176 2943 3231 Hadelini
2996 3176 3157 3247 (191),
3195 3174 3366 3230 Gesta
3421 3172 3694 3228 Treviro-

2066 3282 2196 3321 rum
2226 3265 2397 3339 (192),
2421 3268 2622 3320 auctor
2652 3281 2978 3337 anonymus
2996 3264 3127 3319 vitae
3149 3262 3207 3319 S.
3237 3262 3486 3318 Servatii
3510 3262 3688 3331 (193),

2066 3354 2326 3409 Nicolaus
2362 3354 2421 3409 in
2440 3353 2566 3433 Vita
2588 3356 2644 3410 S.
2681 3352 2973 3408 Lamberti
3012 3352 3165 3426 (194)
3191 3370 3205 3421 ;
3237 3351 3591 3407 Anselmum
3610 3349 3693 3405 Si-

2065 3443 2334 3514 gebertus
2384 3442 2445 3497 in
2485 3441 2767 3498 Chronico
2799 3441 2948 3513 (193)
2978 3444 3037 3497 et
3075 3441 3136 3496 in
3174 3439 3358 3496 Gestis
3396 3439 3689 3495 abbatum

2065 3531 2561 3586 Gemblacensium
2587 3531 2754 3603 (190),
2776 3531 3061 3602 Rupertus
3084 3528 3145 3584 in
3166 3528 3419 3584 Historia
3444 3528 3507 3584 S.
3543 3528 3693 3583 Lau-

2066 3619 2238 3675 rentii
2266 3619 2595 3677 Leodiensis
2621 3618 2792 3693 (197),
2825 3619 3099 3675 Reinerus
3128 3617 3189 3673 in
3217 3617 3360 3672 Vitis
3385 3617 3695 3691 episcopo-

2067 3779 2476 3854 fugamﬁvacui,
2500 3782 2563 3834 ut
2590 3779 2673 3835 ita
2693 3778 2903 3854 dicam,
2923 3776 3232 3854 posteriori
3240 3779 3517 3854 tempgre
3528 3776 3599 3854 in
3622 3778 3691 3834 li-

2066 3849 2202 3910 bros
2253 3852 2613 3906 Trevireuses
2658 3849 3003 3921 transcripta
3036 3850 3170 3905 sint.
3210 3849 3357 3921 Nam
3373 3849 3385 3850 ““
3405 3849 3691 3921 Herigero

2070 3867 2202 3910 Dros
2253 3867 2613 3906 'l‘rev1reuses
2658 3867 3003 3921 transcripta
3036 3867 3170 3905 sint.
3210 3867 3357 3903 nam
3405 3867 3542 3903 ueri
3628 3867 3691 3905 ro

2070 3941 2144 3980 ne
2169 3924 2523 4002 in_ment_em
2553 3921 2790 4002 quidem
2820 3922 3041 4002 venisse
3062 3921 3193 3977 illos
3220 3919 3526 4002 episcopos
3547 3867 3696 3976 53a-

2069 4012 2202 4051 rum
2226 3990 2601 4049 Ecclesiarum
2626 3993 2799 4048 fuisse
2831 3992 3114 4048 antistites
3139 4008 3209 4047 ex
3235 3990 3362 4062 ipsa
3391 3990 3520 4062 ejus
3551 4008 3698 4047 nar-

2070 4066 2295 4122 ratione
2323 4064 2688 4136 luceiclarius
2703 4068 2997 4136 apparet;
3022 4062 3204 4136 quod
3242 4062 3443 4136 medio
3477 4063 3692 4117 saeculo

2071 4137 2298 4192 decimo
2340 4135 2512 4189 tertio
2553 4132 2822 4206 Egirdius—
2845 4132 3084 4190 silentio—
3102 4132 3335 4189 transiri
3368 4149 3491 4206 non
3524 4148 3693 4206 posse

2069 4208 2309 4279 putavit.
2356 4205 2642 4279 Eamdem’
2666 4205 2815 4279 fereq
2833 4205 3184 4279 sententiam
3201 4205 3693 4279 _ar_nplexos_esse

2069 4275 2235 4333 video
2254 4277 2677 4349 Henschenium
2697 4276 2755 4331 in
2778 4276 3012 4349 Exegesi
3030 4294 3093 4349 11.
3116 4278 3171 4339 6,
3189 4276 3521 4349 Calmetum
3548 4275 3689 4329 Hist.

2070 4351 2141 4406 de
2173 4349 2332 4403 Lorr.
2365 4350 2406 4411 l,
2434 4348 2544 4415 Vll,
2578 4346 3017 4414 Honthemium,
3046 4347 3342 4402 Marneum
3362 4346 3425 4400 in
3458 4346 3689 4401 dissert.

2069 4438 2129 4495 p.
2162 4422 2285 4495 503,
2310 4418 2607 4495 Ιζθινίθτυιη
2632 4419 2698 4495 in
2729 4419 3011 4495 disquisit,
3045 4435 3103 4472 n.
3135 4420 3224 4472 53.

2141 4486 2409 4571 (193)“De
2427 4506 2541 4561 quo
2558 4490 2686 4545 vide
2707 4486 2877 4563 paul-0
2900 4489 3051 4544 infra
3079 4505 3207 4561 quae
3229 4487 3301 4542 de
3319 4486 3549 4542 auxiliis
3569 4486 3689 4543 edi-

1992 4540 2045 4598 D
2070 4540 2245 4618 tidnis
2270 4540 2543 4616 ldixim‘us.

2142 4634 2298 4701 (194)
2341 4632 2403 4690 C.
2438 4634 2524 4699 16.,
2555 4630 2913 4703 Chapeaville
2942 4633 2986 4698 Ι,
3023 4634 3147 4703 399.

2141 4700 2288 4772 (195)
2326 4703 2528 4775 Rarius
2550 4700 2732 4775 quam
2764 4707 3052 4775 exspectes
3082 4702 3157 4757 ad
3183 4717 3237 4757 a.
3259 4702 3391 4771 903,
3423 4700 3558 4770 960,
3585 4703 3687 4756 972

2070 4774 2200 4831 vide
2229 4775 2378 4830 Mon.
2409 4774 2507 4829 SS.
2541 4774 2630 4840 VI,
2660 4778 2785 4829 275.

2143 4848 2294 4918 (196)
2334 4845 2471 4910 Quas
2496 4844 2566 4899 de
2588 4849 2775 4900 morte
2798 4844 3058 4918 Wazonis
3087 4846 3145 4918 et
3166 4842 3683 4918 Olbertileguntur

2073 4915 2329 4984 Dachery
2364 4918 2430 4984 ΙΙ,
2464 4920 2587 4971 767.
2620 4919 2900 4971 Accurata
2931 4915 3239 4972 collatione
3271 4915 3546 4969 instituta
3575 4915 3679 4984 hoc

2074 4933 2261 4973 uacne
2364 4933 2430 4984 11,
2464 4933 2587 4971 701.
2620 4933 2900 4971 accurata
2931 4933 3239 4972 couauone
3271 4933 3546 4969 ιιιειιιιιιδ
3575 4933 3679 4968 noc

2074 4933 2492 5045 docuitrflirsch
2508 4987 2578 5041 de
2608 4987 2906 5058 Sigeberto
2933 5002 2992 5057 p.
3023 4988 3145 5053 263,
3178 5000 3283 5040 nec
3310 5001 3431 5040 non
3450 4985 3582 5058 jam
3606 4983 3691 5038 Si-

2073 5060 2379 5139 gebertum
2402 5056 2776 5139 et‘in‘tegrum
2806 5056 3108 5113 Gestorum
3125 5060 3349 5112 textum
3366 5060 3427 5111 et
3443 5056 3689 5110 recisum

2073 5128 2209 5187 ante
2243 5131 2438 5185 oculos
2467 5128 2748 5184 habuisse.

2143 5203 2288 5274 (197)
2328 5202 2391 5256 In
2413 5199 2801 5274 VitisEuracli
2841 5203 2890 5268 1,
2925 5202 2977 5268 2,
3019 5202 3074 5263 5,
3102 5198 3449 5274 Notgeri__c.
3472 5202 3531 5266 ‘7,
3567 5196 3689 5274 Bal-

2073 5269 2250 5329 derici
2278 5269 2334 5330 Vc.
2368 5276 2418 5341 1,
2452 5271 2821 5326 Wolbodonis
2848 5286 2898 5325 c.
2932 5274 2983 5338 1,
3016 5276 3073 5333 2,
3105 5272 3159 5336 3,
3185 5269 3240 5339 4,
3273 5271 3329 5336 8,
3357 5269 3619 5341 Wazonis
3636 5282 3685 5341 c.

2074 5347 2172 5416 14,
2208 5360 2303 5416 ap.
2339 5339 2592 5399 Martene
2627 5345 2687 5397 et
2726 5342 2963 5416 Durand
3002 5342 3177 5413 ampl.
3226 5341 3361 5416 coll.
3390 5341 3481 5416 lV_,
3532 5339 3687 5416 1033.

2072 5408 2216 5480 Quin
2245 5408 2557 5487 utrumque
2586 5416 2806 5468 textum
2844 5408 3167 5476 Gestorum,
3200 5412 3284 5467 vel
3311 5411 3476 5484 quod
3507 5408 3690 5533 magBis

2072 5487 2210 5533 mihi
2244 5487 2480 5533 arridet-
2506 5485 2764 5533 codicem
2796 5484 2988 5533 minus
3019 5483 3353 5533 mutilatum
3372 5482 3601 5533 generis
3672 5517 3686 5529 .

2070 5487 2212 5542 mihi
2244 5483 2483 5553 arridet,
2506 5485 2765 5541 codicem
2796 5484 2988 5539 minus
3019 5483 3353 5538 mutilatum
3372 5483 3601 5553 generis
3621 5483 3686 5533 Β.

2069 5558 2275 5633 legerit
2290 5552 2878 5633 _Rupertus,_dubitari
2891 5571 3010 5633 non
3026 5557 3236 5633 po_test.
3249 5552 3420 5618 Quod
3443 5552 3690 5633 probari}

2070 5622 2305 5701 Notgeri
2333 5622 2470 5701 c.‘7,
2504 5630 2563 5682 et
2588 5622 2976 5701 'Wolbodonis
3089 5627 3142 5701 3,
3176 5641 3306 5701 quas
3337 5622 3471 5679 cum
3501 5625 3568 5691 ll,
3598 5622 3686 5701 26.

2071 5703 2163 5768 33,
2184 5694 2427 5771 genuini
2464 5701 2649 5753 textus
2674 5698 2746 5751 ad
2762 5698 3003 5771 verbum
3024 5694 3326 5771 interdum
3346 5694 3685 5757 consonant,

2070 5772 2129 5826 in
2156 5767 2377 5825 Euracli
2407 5786 2543 5825 vero
2574 5785 2625 5825 c.
2651 5772 2685 5824 2
2705 5767 2869 5839 recisi
2900 5770 3085 5823 textus
3109 5767 3349 5839 vestigia
3364 5771 3519 5839 sunt,
3548 5782 3602 5839 8Δ
3625 5779 3684 5839 g.

2070 5843 2358 5913 Rupertus
2388 5858 2401 5900 :
2441 5840 2724 5902 Mediante
2746 5838 2834 5898 dte
2860 5839 3082 5897 meridie
3110 5833 3333 5913 eclypsis
3362 5838 3490 5895 solis
3516 5833 3685 5894 subito
