3902 6210
222 354 339 420 997

1733 358 2061 419 MONITU'M.

3447 372 3549 433 098

283 485 334 541 D
361 488 420 543 2.
456 481 650 543 Codex
681 480 1181 555 membranaceus,
1208 500 1381 561 quem
1395 482 1517 543 viro
1547 481 1728 544 nobili
1747 484 1842 544 de-
1863 484 1921 548 Δ
1941 481 2241 541 Leodiensis
2270 480 2342 541 ad
2371 480 2433 542 S.
2472 479 2837 559 Landpertum
2864 483 3169 560 presbyteri
3195 487 3322 550 Vita
3348 489 3412 550 ις.
3441 491 3547 551 Re-

203 574 339 632 buit
359 575 674 631 Theodoro
706 574 777 631 de
824 575 1170 640 Groesbeek,
1223 578 1443 631 textum
1482 577 1740 649 Herigeri
1781 579 1839 632 et

199 665 480 722 Anselmi
514 664 847 720 mutilatum
878 668 936 721 et
959 666 1030 721 ab
1050 664 1275 738 Egidio
1298 666 1711 739 interpolatum
1740 684 1836 722 ex-

199 754 381 810 hibet
421 771 539 809 una
562 770 692 808 cum
739 754 976 810 Joannis
1006 754 1288 810 Hocsemii
1310 755 1571 811 canonici
1598 759 1655 810 et
1679 756 1838 811 scho-

197 842 396 898 lastici
450 841 782 898 Leodiensis
829 842 1286 910 continuatione,
1332 844 1428 916 qui
1494 860 1647 899 anno
1700 846 1836 900 1334

198 930 463 987 ineunte
493 931 781 987 scribendi
811 930 1042 986 initium
1064 931 1220 999 fecit,
1248 930 1380 987 etin
1402 932 1700 987 Leodiensi
1722 932 1837 1005 epi-

199 1035 402 1092 scopo
434 1020 781 1092 Engelberto
810 1020 881 1076 de
908 1019 1136 1076 Marcka
1164 1037 1218 1076 a.
1242 1020 1380 1078 1348
1408 1021 1695 1077 calamum
1735 1022 1835 1077 de-

197 1124 239 1181 p
252 1125 289 1165 ο
302 1108 423 1164 suit
450 1111 615 1180 (220).

273 1217 323 1271 D
356 1216 413 1272 3.
471 1215 685 1271 Ultimo
726 1215 974 1287 denique
1014 1217 1140 1272 loco
1182 1215 1487 1288 ponendus
1533 1219 1618 1271 est
1653 1215 1833 1271 codex

194 1305 592 1376 Tungrensis,
610 1321 787 1378 quem
804 1322 839 1361 a
855 1305 1158 1362 Guillelmo
1177 1306 1584 1361 Herkenroede
1602 1305 1833 1361 canoni'

199 1410 424 1450 corum
446 1394 872 1467 Tungrensium
901 1394 1094 1467 priore
1119 1395 1358 1467 accep-it,
1392 1393 1450 1450 in
1479 1411 1591 1468 quo
1621 1394 1831 1467 IEgidii

199 1485 265 1537 et
297 1483 593 1539 Hocsemii
620 1484 1147 1540 continuationibus
1168 1500 1332 1539 suam
1356 1484 1428 1540 ad
1454 1501 1672 1539 annum
1696 1486 1830 1539 1389

198 1587 400 1644 usque
418 1571 630 1643 adjecit
653 1572 927 1628 Radulfus
952 1572 1023 1628 de
1047 1572 1183 1628 Βίνο
1211 1572 1543 1644 Tungressis
1569 1571 1828 1628 Ecclesiae

199 1659 468 1715 decanns
496 1661 663 1732 (221).
691 1661 793 1718 Cui
822 1660 956 1716 addi
986 1677 1150 1733 posse
1178 1660 1419 1717 videtur.

277 1770 349 1824 D.
379 1771 436 1825 4.
472 1768 589 1859 Cod
612 1768 1203 1859 Hamburgensishist.
1223 1769 1535 1859 SermJol.
1560 1764 1656 1825 3th
1692 1786 1821 1859 saec.
1850 1800 1902 1859 Β

197 1875 319 1926 11x,
344 1875 438 1924 xv,
457 1873 551 1913 xvr
565 1856 717 1929 (222)
740 1856 1018 1912 Johannis
1039 1856 1111 1912 de
1129 1856 1424 1922 Stabulao,
1442 1857 1825 1929 quieumdem

199 1945 590 2018 Egidianum
616 1944 890 2018 Herigeri
920 1948 978 2001 et
1000 1944 1262 2001 Anselmi
1292 1948 1511 2002 textum
1544 1946 1822 2019 recepisse

196 2034 605 2106 conjiciendus
633 2036 738 2092 est.

273 2142 374 2198 His
405 2142 702 2199 codicibus
729 2144 842 2200 alia
866 2145 1133 2218 quaedam
1156 2145 1437 2200 accedunt
1463 2143 1672 2199 auxilia
1692 2160 1821 2216 quae

198 2233 627 2288 nonnullorum
674 2234 1076 2307 episcoporum
1117 2234 1256 2289 Vitis
1293 2233 1448 2289 haud
1484 2250 1692 2306 paucas
1735 2232 1820 2287 af-

194 2320 405 2377 ferunt
443 2321 902 2378 emendationes.
949 2324 1104 2378 lnter
1149 2338 1275 2395 quae
1328 2322 1585 2394 primum
1631 2323 1818 2378 locum

196 2412 392 2466 tenet.

276 2523 299 2576 1
328 2519 460 2575 cod.
491 2518 820 2575 Leodiensis
847 2522 972 2588 260,
1020 2536 1195 2594 quem
1239 2520 1483 2576 contulit
1511 2521 1822 2577 Bethman-

201 2628 311 2666 nus
365 2609 454 2664 vir
480 2610 549 2664 cl.
588 2611 651 2664 In
680 2609 789 2665 hoc
817 2610 1011 2665 codice
1061 2610 1117 2665 S.
1173 2609 1411 2665 Servatii
1442 2611 1652 2683 legitur
1676 2611 1821 2679 Vita,

200 2716 355 2773 quae,
391 2697 663 2754 extremis
711 2697 876 2753 lineis
906 2699 1174 2770 exceptis,
1220 2698 1362 2754 nihil
1408 2702 1492 2755 est
1522 2699 1628 2755 nisi
1662 2700 1822 2755 Heri-

202 2786 329 2860 geri
379 2787 568 2841 textus
625 2802 675 2841 c.
734 2788 923 2842 22-28.
974 2787 1149 2842 Valde
1190 2787 1506 2843 dolendum
1546 2791 1632 2843 est
1671 2789 1825 2843 hunc

201 2875 468 2948 Herigeri
495 2874 755 2932 codicem
782 2875 1038 2947 periisse,
1073 2893 1140 2931 ex
1166 2892 1279 2948 quo
1312 2877 1435 2931 haec
1477 2876 1536 2932 S.
1585 2876 1824 2933 Servatii

201 2965 330 3020 Vita
362 2964 641 3020 manavit.
677 2964 865 3020 Codex
896 2981 1084 3037 neque
1110 2966 1406 3020 mutilatus
1438 2982 1623 3038 neque
1650 2965 1824 3021 inter-

1939 573 2102 627 mach’
2122 572 2300 646 (226).

2010 664 2061 719 3.
2098 662 2367 733 Ejusdem
2392 662 2514 719 fere
2541 666 2763 719 naturai
2794 668 2900 733 est,
2934 665 2992 721 ni
3014 667 3203 735 fallor,
3242 668 3369 725 Vita
3395 672 3550 728 Wol-

1936 750 2184 807 bodonis
2223 768 2350 823 quae
2384 751 2445 807 in
2475 752 2628 806 Actis
2657 752 2755 807 SS.
2788 754 2944 810 e‘dita
2972 757 3077 810 est.
3117 756 3263 813 Sunt
3290 759 3547 816 Anselmi

1937 839 2130 913 capita
2161 839 2349 895 30-36.
2386 841 2455 896 de
2485 842 2843 899 Wolbodone
2874 844 3143 918 episcopo
3182 864 3249 903 ex
3292 849 3546 920 genuino

1935 931 2093 984 textu
2126 929 2450 1001 desumpta,
2488 931 2605 1003 qui,
2640 931 2745 986 etsi
2786 934 3079 990 codicibus
3124 938 3173 992 A
3220 942 3269 994 l.
3315 944 3370 996 2.
3409 956 3544 1013 pro-

1934 1017 2204 1089 pinquus,
2256 1019 2594 1076 melioribus
2642 1024 2839 1078 tamen
2893 1025 3234 1085 lectionibus
3283 1046 3402 1087 non
3448 1046 3542 1087 ca-

1940 1110 2028 1162 ret
2049 1106 2177 1180 (227
2184 1121 2223 1180 ).

2001 1196 2055 1249 4.
2088 1196 2240 1252 Alius
2269 1202 2421 1254 notae
2466 1202 2552 1254 est
2588 1202 2766 1256 codex
2809 1203 2969 1275 cujus
3011 1204 3346 1277 fragmenta
3384 1208 3546 1266 dedit

1934 1284 2230 1340 Henschen
2264 1285 2323 1341 in
2351 1288 2504 1343 Actis
2544 1289 2642 1345 SS.
2669 1290 2742 1345 ad
2771 1291 2954 1346 Vitam
2995 1293 3053 1348 S.
3090 1294 3348 1365 Servatii,
3382 1298 3542 1354 Heri-

1932 1372 2054 1443 geri
2100 1390 2266 1446 capp.
2315 1378 2384 1431 20
2431 1382 2521 1445 25,
2572 1380 2889 1435 secundum
2941 1383 3312 1440 collationem
3365 1403 3542 1459 quam

1932 1460 2262 1518 instituerat
2313 1464 2643 1538 Rosweyde,
2696 1469 2919 1541 collega
2960 1470 3111 1526 illius
3169 1474 3345 1546 (228).
3404 1476 3542 1540 Quae

1929 1550 2267 1623 fragmenta
2298 1554 2343 1609 si
2374 1556 2695 1612 accuratius
2722 1559 3157 1630 examinaveris,
3186 1563 3325 1635 quin
3360 1580 3537 1636 gene-

1928 1639 2007 1693 ris
2033 1639 2093 1695 C.
2138 1641 2211 1695 sit
2254 1642 2432 1698 codex
2469 1644 2557 1699 vix
2592 1645 2912 1715 dubitabis;
2948 1666 3085 1705 nam
3126 1669 3243 1707 uno
3288 1654 3541 1709 alterove

1926 1727 2055 1783 loco
2088 1732 2325 1801 excepto
2358 1747 2490 1787 cum
2516 1736 2676 1788 textu
2709 1736 3077 1808 Chapeavillii
3098 1749 3399 1797 consonat.
3430 1745 3539 1799 lta-

1927 1834 2037 1889 que
2065 1817 2340 1873 auxilium
2372 1820 2544 1892 plane
2577 1822 2799 1878 nullum
2830 1825 2964 1880 hinc
2990 1828 3307 1898 petendum
3334 1834 3437 1886 est.

1994 1905 2170 1960 Tertii
2205 1906 2455 1979 denique
2488 1910 2717 1981 generis
2738 1915 2871 1967 sunt
2885 1914 3152 1985 praesidia
3180 1933 3309 1988 quas
3338 1919 3411 1973 ad
3431 1921 3539 1976 He-

1924 1992 2100 2065 rigeri
2134 1996 2362 2049 textum
2393 1997 2720 2052 sanandum
2753 2016 2821 2054 ex
2850 2000 3108 2058 fontibus
3155 2004 3278 2074 ejus
3304 2006 3391 2060 vel
3417 2006 3541 2062 des-

1923 2082 2269 2154 criptoribus
2322 2084 2647 2156 petivimus,
2701 2086 2909 2159 quibus
2955 2106 3117 2162 aeque
3156 2093 3542 2164 corruptionis

1921 2170 2182 2227 remedia
2211 2172 2515 2230 debentur.
2544 2175 2620 2229 Ex
2650 2175 2860 2247 quibus
2881 2178 3168 2251 praecipue
3198 2196 3213 2234 :

1994 2258 2076 2328 (1)
2097 2260 2283 2316 Vitam
2314 2265 2653 2319 sanctorum
2676 2264 2960 2333 Eucharii,
2991 2266 3199 2323 Valerii
3218 2272 3275 2324 et
3296 2269 3538 2328 Materni

1922 2345 1984 2402 in
2034 2347 2292 2420 Herigeri
2339 2350 2619 2421 capitibus
2659 2354 2807 2408 8-14.
2857 2354 3271 2425 consuluimus,
3318 2362 3377 2414 et
3404 2360 3538 2417 hinc

1924 2436 2060 2491 inde
2088 2437 2164 2507 (2)
2196 2437 2253 2493 S.
2291 2438 2607 2494 Landoaldi
2637 2439 2827 2496 Vitam
2861 2440 2983 2514 ipso
3016 2443 3290 2516 Herigero
3304 2450 3538 2505 auctore

1924 2527 1983 2579 et
2015 2525 2248 2597 Notgeri
2274 2525 2463 2581 Vitam
2492 2526 2549 2582 S.
2580 2528 2845 2585 Hadelini
2890 2529 2951 2585 in
2992 2532 3269 2589 auxilium
3315 2537 3540 2594 vocavi-

1924 2631 2055 2670 mus
2078 2615 2247 2686 (229).

1996 2704 2077 2759 De
2109 2703 2456 2760 editionibus
2486 2705 2745 2778 Herigeri
2764 2709 2823 2763 et
2842 2708 3099 2765 Anselmi
3116 2714 3537 2781 paucatantum

1928 2792 2171 2848 dicenda
2196 2798 2361 2862 sunt;
2397 2794 2655 2865 primum
2686 2796 2746 2851 in
2777 2797 2965 2853 lucem
2983 2799 3329 2869 prodierunt
3358 2802 3535 2859 Chro-

1926 2882 2055 2937 nica
2084 2881 2143 2937 in
2173 2882 2410 2937 Joannis
2437 2883 2803 2955 Cbapeaville
2834 2885 3163 2944 Leodiensis
3192 2890 3455 2946 canonici
3480 2894 3539 2947 et

1923 2970 2117 3025 vicarii
2147 2970 2292 3026 libro
2342 2969 2501 3025 Gesta
2538 2974 2851 3043 pontiﬁcum
2884 2974 3305 3046 Tungrenst'um,
3341 2978 3537 3051 Traje-

202 3055 433 3128 polatus
482 3053 686 3126 generi
720 3053 794 3109 A.
856 3053 1327 3109 annumerandus
1365 3057 1470 3122 est,
1521 3054 1619 3109 sed
1682 3046 1894 3110 aliusC
1921 3061 2184 3114 ctensium
2211 3065 2261 3114 et
2314 3058 2704 3129 Leodiensium,
2739 3062 2933 3118 Leodii
2979 3067 3135 3133 1612,
3180 3067 3236 3133 4,
3278 3083 3335 3138 p.
3382 3046 3532 3137 1-68,

202 3143 466 3214 ejusdem
490 3142 719 3213 generis
749 3159 883 3197 eum
915 3158 1036 3198 esse
1061 3142 1297 3198 familias
1346 3159 1501 3198 sanas.
1546 3142 1822 3198 lectiones

201 3230 456 3303 probant
481 3230 550 3285 iis
569 3229 707 3285 locis
728 3230 937 3303 quibus
966 3230 1084 3285 inA
1105 3234 1151 3285 1.
1174 3233 1225 3285 2.
1251 3234 1299 3286 3.
1329 3246 1594 3304 perversa
1607 3230 1822 3285 menda

204 3318 728 3391 deprehenduntur
755 3319 925 3391 (223).

268 3430 324 3482 2.
361 3424 550 3481 Simili
593 3424 856 3481 codicum
889 3424 1090 3498 generi
1121 3424 1492 3482 ascribendus
1521 3429 1607 3482 est
1635 3426 1728 3481 ille
1758 3425 1817 3482 in

200 3531 314 3587 quo
343 3515 467 3570 sola
496 3514 797 3586 legebatur
826 3514 882 3572 S.
934 3514 1187 3570 Remacli
1229 3514 1355 3570 Vita
1402 3531 1533 3570 cum
1578 3514 1819 3588 epistola

201 3603 275 3659 ad
304 3602 745 3671 Werinfridum,
796 3620 1086 3676 quemque
1127 3605 1334 3659 ducem
1376 3603 1579 3659 habuit
1623 3604 1819 3659 Surius

196 3692 252 3747 in
303 3709 408 3747 sua
452 3691 708 3747 editione
751 3692 880 3748 vitae
926 3693 985 3749 S.
1028 3693 1298 3749 Remacli.
1348 3696 1588 3750 Textum
1630 3710 1817 3766 neque

196 3780 447 3836 recisum
501 3782 677 3836 habet
719 3798 907 3855 neque
962 3783 1399 3856 interpolatum,
1448 3782 1615 3855 eique
1663 3782 1819 3838 haud

196 3886 410 3942 paucas
461 3870 737 3925 debemus
785 3871 1243 3926 emendationes.
1288 3872 1402 3927 Sed
1461 3888 1650 3944 neque
1700 3871 1815 3927 scio

196 3975 376 4030 quem
406 3957 667 4014 codicem
712 3957 909 4014 Surius
937 3963 1162 4017 secutus
1190 3960 1281 4030 sit,
1326 3978 1513 4033 neque
1535 3961 1687 4032 ipsos
1717 3959 1815 4032 qui

197 4046 256 4101 in
288 4063 489 4102 meam
516 4046 785 4102 notitiam
810 4054 1094 4104 venerunt
1107 4048 1221 4105 vidi
1244 4049 1484 4106 codices.
1507 4048 1652 4115 Sunt
1678 4064 1814 4103 vero

195 4138 451 4207 quatuor
483 4135 641 4207 quod
680 4135 877 4194 sciam.
922 4136 1156 4192 Videtur
1204 4137 1637 4210 antiquissimus
1680 4137 1814 4192 Ber-

198 4224 395 4281 nensis
428 4224 677 4279 membr.
711 4240 840 4278 saec.
869 4240 901 4277 x
930 4226 1108 4295 (224);
1141 4226 1543 4282 Stabulensem
1562 4225 1811 4281 membr.

1924 3150 2155 3215 99-3l8;
2190 3148 2344 3202 idem
2367 3149 2511 3203 liber
2528 3149 2772 3205 minime
2800 3152 3238 3209 emendatusvel
3256 3158 3531 3225 mutatus,

1921 3252 2039 3291 uno
2071 3236 2272 3308 qui.in
2323 3236 2516 3292 fronte
2548 3241 2634 3293 est
2666 3238 2807 3294 folio
2842 3239 3031 3295 denuo
3067 3242 3215 3314 typis
3244 3259 3533 3316 expresso,

1922 3340 2071 3379 nova
2106 3327 2388 3395 tanquam
2441 3324 2642 3392 editio,
2684 3326 2880 3382 Leodii
2917 3330 3051 3383 1618
3089 3329 3303 3386 iterum
3347 3333 3534 3389 editus

1922 3413 2006 3465 est
2036 3413 2198 3482 (230).
2229 3411 2306 3464 Ex
2328 3409 2395 3465 iis
2412 3428 2538 3482 quae
2559 3428 2732 3482 supra
2747 3413 2817 3468 de
2832 3414 3122 3471 codicibus
3135 3418 3380 3474 diximus
3400 3420 3535 3476 satis

1919 3501 2100 3572 patet,
2132 3502 2191 3554 et
2216 3500 2434 3570 legenti
2469 3500 2556 3553 vel
2578 3504 2784 3570 sponte
2812 3502 3082 3570 occurrit,
3108 3521 3284 3576 quam
3317 3506 3533 3563 infelici

1920 3604 2178 3644 successu
2210 3587 2410 3643 critice
2453 3588 2789 3644 exercenda:
2837 3593 3113 3646 conatum
3154 3592 3357 3648 fecerit
3387 3595 3535 3651 Cha-

1919 3677 2180 3749 pcaville,
2206 3676 2303 3749 qui
2318 3677 2734 3749 interpolatum
2751 3677 3009 3734 codicem
3037 3679 3244 3735 ducem
3262 3680 3368 3737 sibi
3385 3700 3536 3739 sum-

1918 3765 2114 3840 pRrit.
2151 3765 2362 3822 Omnia
2378 3781 2585 3837 susque
2605 3764 2790 3838 deque
2812 3769 2966 3834 sunt,
2987 3770 3045 3821 et
3063 3766 3121 3822 in
3144 3784 3258 3840 quo
3282 3771 3534 3842 acquies-

1918 3871 2011 3909 cas
2033 3854 2177 3910 nihil
2203 3853 2401 3909 habes.
2438 3853 2565 3909 Haec
2599 3870 2713 3908 una
2742 3858 2828 3909 est
2880 3854 3138 3927 Herigeri
3186 3856 3385 3915 editio.
3415 3862 3533 3915 An-

1916 3942 2081 3998 selmi
2110 3942 2430 4015 genuinum
2462 3946 2681 3997 textum
2703 3942 2837 3997 dein
2861 3942 2921 3997 in
2948 3943 3321 4016 amplissimae
3346 3946 3530 4003 Colle-

1916 4032 2121 4088 ctionis
2141 4034 2658 4088 monumentorum
2674 4032 3208 4103 tomoIV,p.843-9l
3226 4040 3242 4087 1
3257 4049 3321 4089 ex
3335 4035 3532 4092 codice

1913 4120 2310 4193 Andaginensi
2325 4119 2890 4176 edideruntMartene
2902 4122 3004 4176 etD
3014 4120 3531 4194 urand.Singulam

1917 4210 1973 4265 S.
2011 4210 2263 4265 Remacli
2283 4209 2469 4263 Vitam
2507 4208 2689 4263 edidit
2717 4208 2914 4264 Surius
2936 4209 2996 4264 in
3030 4209 3190 4265 Actis
3219 4208 3319 4269 SS.
3353 4212 3418 4280 V,
3446 4216 3530 4283 17,

195 4331 329 4370 δεῖξε.
385 4330 464 4379 x1,
532 4314 635 4369 fol.
701 4312 1033 4369 inscribitur
1100 4314 1335 4370 Notkeri
1414 4315 1539 4369 Vita
1584 4314 1647 4370 S.
1706 4313 1814 4369 Re-

1934 4302 1974 4353 3t
2005 4298 2336 4369 fragmenta
2367 4296 2625 4368 ejusdem
2649 4297 2790 4352 Vitta
2806 4298 3334 4355 habentDuchesne
3356 4302 3529 4371 1,642,

194 4384 366 4442 macli'
417 4383 608 4457 (225);
664 4383 1051 4456 Sangallensis
1098 4403 1227 4443 saec.
1288 4404 1361 4453 χι,
1432 4386 1707 4452 membr.,
1758 4387 1814 4448 4,

195 4473 462 4546 itemque
518 4475 667 4529 hanc
696 4489 815 4546 prae
845 4490 905 4529 se
933 4474 1047 4529 fert
1074 4474 1543 4547 inscriptionem:
1586 4473 1820 4529 Not/ceri

267 4636 420 4709 (220)
452 4632 904 4709 Qhapeavillell,
929 4635 1210 4709 272,27}

266 4703 421 4835 S221)
454 4703 735 4777 Chapeav.
769 4707 859 4760 Ill.
893 4706 964 4761 ab
995 4705 1122 4760 init.
1152 4703 1391 4786 Radulhi
1413 4704 1485 4760 de
1515 4704 1651 4760 Rivo
1675 4705 1818 4761 duos

308 4796 445 4835 ices.
493 4778 806 4831 Alnensem
854 4793 1055 4835 unum.
1107 4776 1520 4831 Lovaniensem
1569 4777 1817 4832 alterum

193 4776 445 4845 codices,
493 4776 806 4831 Alnensem
854 4793 1055 4842 unum,
1107 4776 1520 4831 Lovaniensem
1569 4777 1817 4832 alterum

193 4850 420 4908 notavit
448 4848 739 4904 Sanderus
766 4847 908 4903 Bibl.
938 4848 1094 4918 Belg.
1128 4863 1272 4902 msc.
1311 4852 1359 4915 1,
1398 4846 1489 4905 27.

265 4922 414 4992 (222)
443 4920 672 4977 Archiv.
702 4919 792 4987 v1,
818 4922 943 4992 240,

266 4988 419 5067 (225)
456 4993 645 5071 Pauca
698 4988 967 5071 exempli
994 4988 1736 5071 gratianapponereiuvat:
1770 4993 1812 5058 1,

192 5060 282 5135 22,
312 5060 578 5138 perverse
610 5060 987 5138 legiturinA
1006 5060 1065 5138 1,
1092 5065 1149 5138 2,
1179 5064 1210 5138 3
1240 5060 1489 5138 salutem,
1513 5060 1637 5138 Vita
1654 5062 1811 5117 Serv.

190 5132 348 5194 recte
378 5134 556 5189 habet
582 5132 768 5188 saltem
780 5160 796 5198 ,-
828 5136 877 5198 l,
906 5135 994 5198 23,
1023 5134 1070 5185 A
1096 5133 1148 5194 1,
1171 5136 1224 5198 2,
1254 5135 1283 5187 3
1306 5149 1445 5201 genu
1470 5133 1811 5201 inculcantes,

191 5211 300 5265 Vit.
335 5207 494 5263 Serv.
530 5206 902 5271 z'ncurvantes;
937 5207 987 5269 l,
1012 5204 1101 5271 2t,
1134 5204 1179 5255 A
1213 5206 1261 5269 1,
1318 5207 1371 5271 2,
1430 5206 1483 5269 3,
1533 5203 1675 5257 falso
1716 5221 1815 5274 per

192 5297 401 5345 manus,
436 5275 545 5334 Vit.
579 5276 800 5331 Servat.
846 5278 1002 5329 recte
1039 5275 1421 5345 perimmanis;
1474 5277 1519 5339 l,
1563 5275 1654 5345 235,
1684 5276 1731 5328 A
1762 5279 1814 5343 1,

191 5358 243 5421 2,
275 5356 306 5408 3
346 5344 490 5405 falso
524 5346 876 5421 z'rrgut'tLVit.
911 5344 1071 5421 Serv.
1103 5346 1257 5421 bene
1285 5346 1541 5421 z'ijrugiit;
1576 5344 1653 5399 ib.
1679 5347 1728 5421 A
1761 5350 1810 5415 1,

189 5415 243 5491 2,
297 5426 350 5491 3,
406 5415 649 5475 invenire
692 5415 1254 5491 falso,AVit.___Ser_v.
1310 5417 1608 5491 invenires;
1660 5416 1707 5468 A
1761 5421 1810 5491 1,

192 5486 243 5562 2,
272 5486 786 5564 3,’ἰη9εηπὶηαηιὶιι.ς
816 5488 981 5556 falso,
1030 5487 1137 5543 Vit.
1191 5486 1349 5541 Serv.
1402 5490 1556 5541 recte
1588 5488 1813 5558 ingemi-

190 5571 461 5624 nantium.

257 5640 409 5715 (224)
434 5632 667 5692 Archiv.
701 5631 767 5700 v,
798 5631 923 5689 483.

1919 4391 1977 4443 et
1999 4387 2262 4458 Bouquet
2302 4386 2392 4452 Ill,
2428 4386 2685 4440 544-547.
2730 4384 2983 4459 Singula:
3027 4404 3094 4442 ex
3121 4388 3398 4461 Herigero
3430 4390 3529 4446 de-

1920 4477 2167 4547 sumpta:
2197 4475 2470 4545 leguntur
2514 4472 2654 4528 Vitas
2697 4473 2754 4529 S.
2800 4474 3060 4545 Servatii,
3107 4476 3379 4546 Amandi,
3410 4479 3525 4535 Mo-

1990 4634 2047 4708 (2
2060 4631 2153 4708 25,)
2192 4632 2421 4708 Archiv.
2443 4632 2581 4708 vin,
2610 4634 2742 4708 (eos.

1992 4704 2143 4776 (226)
2185 4704 2413 4759 Archiv.
2444 4704 2532 4770 1V,
2562 4706 2695 4776 334.

1989 4773 2243 4849 (227)",
2279 4777 2366 4849 32,
2397 4780 2445 4849 A
2474 4777 2523 4842 l,
2556 4779 2609 4849 2.,
2635 4773 2692 4842 3,
2711 4774 2902 4849 [sfalso
2917 4776 3059 4849 vitae,
3080 4777 3236 4849 elog.
3266 4778 3525 4835 Wolbod.

1916 4845 2089 4904 rectas
2109 4848 2209 4901 viae
2235 4863 2249 4915 ;
2280 4847 2354 4920 ll,
2379 4848 2468 4920 33,
2500 4845 2708 4920 A_g1,2,
2734 4848 2764 4920 3
2800 4845 3360 4920 falgopriorjisfelog.
3386 4851 3532 4906 W01.

1915 4920 2061 4994 bind:
2086 4921 2240 4994 recte
2260 4918 2498 4994 pejoris;
2532 4918 2597 4984 ll,
2624 4919 2713 4985 35,
2730 4918 2775 4970 Α
2794 4919 2846 4984 2,
2882 4914 3006 4984 3,“4
3032 4916 3177 4972 falso
3212 4914 3349 4988 licet,
3375 4923 3526 4994 elog.

1920 4989 2182 5045 Wolbod.
2215 4989 2366 5045 lucis.

1985 5062 2135 5142 (228)
2176 5061 2491 5142 Ermfat.‘c.
2528 5060 2578 5113 3.
2615 5055 2747 5142 015a?
2785 5056 3286 5142 (acta‘Servatii),
3303 5066 3529 5142 praeter-

1916 5127 2092 5186 missis
2119 5127 2361 5198 ’ngzdii
2403 5127 2850 5199 Aureeevallensis
2881 5127 3357 5199 z'nterpolamenttfs,
3390 5132 3529 5189 lubet

1915 5205 1999 5258 hic
2029 5203 2287 5258 verbalim
2304 5217 2618 5273 proponere,
2641 5198 2807 5273 juxta
2854 5202 3229 5273 correctionem
3257 5208 3306 5273 et
3351 5218 3528 5256 emcn-

1913 5274 2182 5329 datz'onem
2212 5271 2482 5327 Roswictli
2508 5271 2679 5324 nostri
2700 5285 2866 5325 manu
2891 5272 3100 5340 factam
3135 5271 3206 5325 ad
3229 5271 3389 5341 ﬁdem
3440 5290 3524 5327 vc-

1915 5348 2040 5400 tert's
2064 5361 2153 5399 ere
2161 5362 2205 5393 »γ’
2203 5344 2296 5414 pla
2307 5345 2400 5414 ris.

1987 5418 2127 5485 (229)
2172 5410 2251 5485 De
2278 5413 2482 5485 quibus
2500 5410 2636 5485 vide
2663 5427 2856 5485 supra.

1991 5483 2140 5557 (230)
2180 5483 2332 5539 Hist.
2361 5484 2469 5538 litt.
2499 5483 2700 5538 Franc.
2735 5483 2849 5551 vn,
2878 5485 2997 5539 198.
