3902 6210
129 390 269 450 1001
1203 340 1531 443 uesicam
1564 377 1784 441 casm
1830 376 2146 442 EPISCOP.
2182 379 2396 447 LEOD.
3322 382 3464 448 1002

133 527 244 567 esse
287 508 577 566 translatos
618 505 791 582 (235),
841 504 941 563 ubi
979 503 1233 578 hodieque
1269 522 1499 561 vacuum
1540 505 1654 577 ejus
1692 507 1750 559 in
1768 508 1824 569 Α
1848 512 2221 577 computantur
2247 512 2315 573 ιτ,
2344 507 2488 563 circa
2517 504 2671 579 cuius
2694 509 2934 579 tempora
2962 504 3049 563 hic
3081 509 3259 564 noster
3285 505 3463 565 Eber-

136 603 381 656 maximo
404 600 600 654 honore
622 599 847 655 habetur
871 596 1224 668 sepulchrum.
1249 594 1331 649 At
1377 594 1517 667 quod
1549 600 1753 650 vestra-
1848 596 1998 665 gisus
2027 594 2354 666 Trajectensi
2382 595 2645 650 [cathedrae
2676 596 3013 667 prasidebat.
3063 595 3252 652 Restat
3299 598 3467 668 igitur

142 696 217 743 tes
253 705 378 742 eum
408 697 452 730 ιο
478 687 827 758 Ebergislum
857 692 1047 740 vocant
1066 701 1130 739 e1:
1148 684 1330 756 aliquo
1347 684 1507 756 hujus
1522 684 1754 739 nominis
1851 689 1914 739 ut
1941 683 2145 751 dicant,
2173 701 2329 738 suum
2358 684 2698 755 Eoergislum
2727 691 2823 740 aut
2834 693 2956 757 post
2985 688 3470 743 transitumsancli

140 780 402 849 episcopo,
433 778 587 848 cujus
608 775 929 830 mausoleum
960 774 1191 843 forsitan
1228 775 1525 843 ignoratur,
1566 772 1628 828 ob
1657 788 1755 827 no-
1852 770 2087 827 Martini
2099 789 2204 844 per
2231 772 2436 828 eosdem
2469 777 2575 829 252
2603 789 2773 830 annos
2802 791 2966 847 usque
3002 774 3074 829 ad
3097 773 3467 847 Dagobertum

141 870 307 923 minis
332 867 735 923 consonantiam
768 864 892 918 huic
934 868 1113 917 nostro
1158 861 1413 931 Ebergiso
1450 862 1547 916 hoc
1588 862 1751 916 attri—
1852 863 2068 929 vacasse,
2094 868 2155 916 ut
2178 863 2250 916 sic
2278 862 2521 917 videatur
2546 862 2814 932 credibile,
2861 864 3086 919 eundem
3132 871 3365 920 vestrum
3417 871 3470 921 et

140 956 332 1013 butum
360 973 466 1011 esse
485 955 838 1022 arbitramur,
867 952 986 1008 licet
1018 950 1264 1007 nonnulli
1289 951 1432 1007 hunc
1461 949 1682 1005 eundem
1709 957 1758 992 ιο
1856 956 2095 1005 nostrum
2142 953 2436 1023 episcopum
2468 967 2578 1008 esse
2610 954 2841 1023 potuisse
2878 969 2986 1008 uno
3029 960 3282 1026 tempore,
3328 951 3470 1028 quod

141 1053 193 1102 et
223 1043 597 1101 Coloniensem
626 1049 677 1098 et
693 1046 933 1096 nostrum
955 1056 1063 1095 uno
1093 1044 1324 1111 tempore
1349 1040 1516 1110 fuisse
1544 1043 1758 1093 conten-
1858 1039 2017 1109 ﬁdem
2041 1040 2272 1107 excedit,-
2312 1046 2409 1094 aut
2445 1040 2717 1098 nobiscum
2773 1040 2996 1096 credant
3033 1059 3115 1098 eos
3170 1042 3471 1099 omnimodo

140 1133 281 1191 dant
309 1141 380 1201 ιι,
410 1131 734 1203 eundemque
762 1145 885 1185 cum
930 1130 1078 1184 beato
1122 1127 1396 1196 Seuerino,
1444 1134 1765 1185 antecessore
1860 1127 2092 1183 diversos
2124 1145 2248 1191 esse,
2296 1134 2412 1185 tum
2448 1131 2580 1201 quia
2632 1148 2666 1184 a
2716 1135 2944 1202 tempore
2984 1129 3178 1188 diluvii
3225 1148 3379 1189 nemo
3424 1139 3475 1176 ³⁸

138 1230 204 1279 ut
232 1222 508 1293 adjiciunt
524 1230 570 1263 ²²
591 1237 706 1288 suo,
728 1235 915 1275 vocum
947 1217 1310 1287 angelicorum
1349 1219 1404 1271 in
1455 1218 1683 1272 transitu
1716 1224 1764 1259 ³³
1864 1219 1969 1273 200
2011 1218 2166 1271 annis
2213 1218 2421 1281 vixisse,
2454 1224 2568 1273 tum
2596 1220 2723 1290 quia
2751 1218 2896 1274 inter
2928 1218 3139 1277 beatum
3163 1219 3475 1277 Servatium

145 1313 294 1367 beati
331 1309 572 1364 Martini
610 1308 954 1381 psallentium
991 1306 1291 1362 auditorem
1331 1314 1567 1361 asserant
1596 1304 1763 1377 (235).
1866 1308 2159 1379 episcopum
2186 1313 2444 1374 nostrum,
2465 1308 2561 1379 qui
2569 1306 2969 1379 contemporalis
2996 1309 3109 1380 fuit
3133 1309 3281 1365 beato
3313 1310 3479 1366 Seve-

144 1399 307 1468 Quod
346 1400 398 1453 si
441 1400 514 1452 ita
574 1404 723 1460 esset,
771 1397 908 1451 idem
957 1397 1052 1468 qui
1086 1393 1485 1450 Coloniensibus
1525 1402 1767 1467 quartus,
1870 1396 2007 1460 rino,
2039 1401 2089 1449 et
2117 1396 2262 1450 inter
2289 1396 2449 1450 istum
2474 1394 2793 1466 Ebergisum
2825 1396 3072 1453 tredecim
3110 1397 3260 1471 (256)
3288 1400 3483 1471 episco-

144 1489 302 1545 nobis
328 1490 607 1544 vicesimus
635 1493 858 1558 quartus
887 1487 1190 1541 exstitisset.
1219 1484 1330 1540 Sed
1358 1485 1455 1539 Itoc
1480 1487 1695 1540 omnino
1724 1494 1771 1526 ²ι
1861 1500 1962 1556 pos
1991 1482 2140 1538 nobis
2182 1484 2415 1555 legamus
2451 1484 2761 1556 prae/uisse.
2812 1483 2883 1539 In
2923 1492 3013 1542 tuo
3061 1488 3246 1557 igitur,
3289 1485 3484 1543 domne

147 1576 480 1648 impossibile
513 1593 639 1643 esse,
676 1574 875 1648 liquido
918 1592 982 1629 ex
1042 1582 1334 1645 temporum
1377 1575 1582 1628 ratione
1623 1572 1776 1629 colli-
1874 1572 2232 1644 archiprtesul,
2270 1572 2503 1644 pendeat
2519 1572 2728 1643 juditio
2763 1582 2811 1616 29
2840 1580 3018 1629 utrum
3032 1574 3144 1631 haec
3165 1592 3286 1649 quas
3301 1580 3485 1632 nostra

140 1668 320 1740 gitur.
347 1663 419 1718 In
437 1666 663 1719 transitu
684 1666 824 1718 enim
847 1664 986 1717 beati
1018 1662 1256 1717 Martini
1280 1661 1540 1718 secundus
1560 1660 1778 1716 Archa-
1874 1667 2020 1728 sunt,
2074 1660 2268 1731 jubeas
2324 1661 2532 1731 ignibus
2573 1662 2700 1717 dari
2741 1679 2930 1729 necne;
2975 1681 3301 1739 quamquam
3346 1664 3487 1720 hanc

142 1755 229 1811 dti
249 1761 300 1809 et
324 1753 569 1810 Hortarii
593 1771 767 1808 annus
794 1759 928 1820 erat,
978 1770 1071 1825 qut
1122 1757 1197 1807 est
1231 1767 1267 1808 a
1293 1751 1563 1811 dominica
1593 1753 1779 1805 incar-
1877 1752 2159 1805 materiam
2188 1757 2470 1822 utcumque
2495 1749 2772 1819 dictatam,
2804 1751 2901 1806 ubi
2927 1751 3050 1809 bene
3075 1753 3290 1812 vivendi
3313 1769 3487 1812 exem-

144 1846 374 1899 natione
400 1844 953 1916 quadringentesimus
991 1850 1039 1885 ιῑ
1073 1844 1304 1915 primus.
1340 1844 1386 1899 Α
1428 1857 1533 1915 quo
1566 1834 1783 1896 ducenti
1870 1838 2025 1912 plum
2053 1855 2157 1894 esse
2169 1840 2356 1911 possit,
2386 1838 2593 1896 salvam
2616 1856 2720 1895 esse
2738 1839 3000 1912 espediat.

148 1934 558 2007 quinquaginta
607 1931 714 1987 duo
758 1940 806 1974 η
850 1947 1009 2004 usque
1052 1931 1123 1986 ad
1174 1930 1548 2002 Dagobertum
1604 1945 1780 1999 regem
1824 1920 1827 1921 ⁷

1220 2051 1567 2107 INCIPIUNT
1608 2048 1950 2106 CAPITULA
1999 2047 2181 2103 LIBRI
2218 2048 2431 2105 PRIMI.

234 2147 285 2199 1.
329 2142 663 2200 Proemium
694 2139 951 2216 opusculi
984 2139 1296 2213 sequentis.
1805 2139 1856 2200 Β
1886 2138 1971 2196 18.
2014 2135 2179 2201 Quod
2208 2136 2282 2192 ab
2318 2136 2618 2192 inmundis
2649 2134 2945 2209 spiritibus
2973 2139 3031 2193 et
3060 2152 3125 2193 ex
3157 2137 3344 2212 magis
3392 2155 3495 2197 mu

227 2235 284 2286 2.
330 2230 498 2296 Quod
524 2232 674 2286 Deus
721 2228 923 2285 omnia
966 2228 1024 2283 in
1059 2243 1303 2283 numero
1352 2230 1410 2283 et
1441 2226 1700 2299 pondere
1725 2227 1784 2280 et
2017 2225 2252 2281 lieribus
2273 2225 2560 2297 procreati
2590 2233 2635 2268 ετ
2675 2225 2961 2282 dicantur.

336 2336 609 2375 mensura
630 2317 946 2385 constituit,
976 2321 1034 2373 et
1074 2317 1144 2372 de
1169 2316 1440 2389 mysterio
1468 2313 1672 2371 crucis.
1887 2316 1972 2370 l9.
2017 2314 2271 2379 Qualiter
2317 2314 2491 2370 ductu
2515 2322 2561 2357 ³⁸
2594 2330 2775 2370 cervas
2814 2314 3000 2371 insula
3037 2315 3271 2388 egressi,
3304 2316 3498 2391 primo

196 2411 256 2464 3.
300 2408 470 2474 Quod
486 2408 764 2464 Dominus
779 2405 1163 2461 occidentales
1175 2408 1367 2478 partes
1388 2403 1781 2475 apostolorum
2019 2403 2250 2471 Gothos,
2276 2402 2488 2460 deinde
2505 2403 2646 2459 alias
2672 2405 2895 2476 gentes,
2928 2404 3235 2462 novissime
3256 2404 3499 2464 Galliam

295 2496 657 2570 principibus
683 2497 852 2551 Petro
889 2498 947 2550 et
974 2496 1151 2550 Paulo
1173 2502 1221 2538 ³ο
1251 2494 1520 2566 dignatus
1542 2494 1629 2548 est
1653 2490 1783 2547 illu—
2018 2491 2348 2547 invaserint.

300 2589 509 2642 strare.
1887 2583 1975 2636 20.
2018 2582 2097 2636 De
2131 2584 2329 2637 sancto
2360 2579 2641 2640 Servatio.

194 2677 257 2732 4.
299 2683 349 2719 ³1
380 2674 623 2739 Quando
655 2677 855 2731 Petrus
876 2674 1124 2729 Romam
1147 2671 1389 2728 venerit.
1885 2672 1973 2726 21.
2020 2670 2185 2736 Quod
2215 2670 2382 2727 multi
2420 2671 2603 2727 sancti
2630 2670 2736 2726 viri
2766 2672 3227 2744 contemporales
3257 2670 3339 2729 illi
3375 2672 3502 2730 fue-

195 2768 253 2820 5.
296 2763 466 2829 Quod
508 2762 875 2829 Eucherium,
913 2760 1201 2817 Valerium
1239 2763 1411 2832 atque
1457 2758 1779 2815 Maternum
2015 2759 2153 2823 rint,
2184 2762 2241 2815 et
2268 2759 2340 2814 de
2362 2760 2678 2815 multarum
2711 2759 2942 2817 urbium
2969 2761 3283 2818 eversione.

301 2851 594 2908 Treverim
624 2861 671 2895 υ
701 2850 944 2906 miserit.
1885 2849 1973 2904 22.
2009 2847 2174 2912 Quod
2199 2851 2427 2903 sanctus
2456 2846 2746 2904 Servatius
2780 2849 3025 2905 Romam
3055 2849 3282 2920 adierit,
3311 2850 3358 2907 si
3387 2867 3503 2924 quo

196 2944 253 2998 6.
297 2940 557 3006 Qualiter
582 2941 781 2995 beatus
799 2940 1084 2995 Maternus
1116 2936 1437 3004 defunctus,
1479 2952 1585 3009 per
1605 2935 1778 2991 bacu-
2013 2936 2191 2991 modo
2228 2936 2586 2992 orationibus
2616 2936 2729 2992 suis
2752 2938 2941 2993 valeat
2964 2938 3205 2995 Galliam
3223 2940 3295 2996 ab
3323 2940 3507 2997 Hunis

302 3032 427 3086 lum
457 3031 580 3101 ejus
601 3029 674 3085 sit
700 3028 1087 3084 resuscitatus.
2017 3024 2288 3079 liberare.

202 3125 259 3176 7.
303 3119 473 3185 Quod
495 3118 554 3174 hi
573 3121 689 3173 tres
707 3116 814 3172 viri
831 3116 1086 3184 Treberi,
1117 3115 1392 3184 Coloniae,
1414 3113 1785 3186 Tungriprte-
1885 3111 1974 3170 23.
2017 3113 2273 3179 Qualiter
2289 3116 2424 3169 ante
2447 3115 2730 3170 tumulum
2753 3115 2910 3171 beati
2930 3115 3084 3172 Petri
3100 3133 3203 3190 per
3224 3117 3407 3174 visum
3432 3118 3506 3177 de

307 3207 644 3274 dicaverint,
677 3210 733 3261 et
764 3206 835 3261 de
856 3205 1063 3277 insigni
1093 3205 1256 3261 fonte
1278 3202 1614 3275 Tungrensi.
2024 3201 2317 3258 eversione
2346 3202 2518 3259 totius
2542 3202 2737 3259 Gallias
2767 3208 2826 3260 et
2856 3203 2928 3260 de
2962 3204 3122 3261 obitu
3153 3221 3255 3263 suo
3279 3207 3354 3263 sit
3374 3206 3485 3264 edo

202 3300 255 3353 8.
300 3296 562 3362 Qualiter
571 3298 799 3351 sanctus
809 3295 1117 3349 Eucharius
1131 3294 1407 3365 populum
1423 3289 1783 3347 resistentem
2026 3294 2168 3347 ctus.

301 3383 571 3440 oratione
595 3382 859 3456 ligaverit
888 3386 946 3437 et
974 3380 1298 3437 absolverit.
1808 3438 1851 3456 η
1888 3380 1975 3435 24.
2019 3379 2267 3434 Rediens
2296 3380 2436 3452 quid
2459 3379 2684 3447 viderit,
2719 3379 3029 3436 commisso
3058 3383 3220 3454 gregi
3245 3384 3502 3456 exponit.

200 3476 255 3530 9.
298 3438 469 3538 Quod
498 3438 683 3527 filium
706 3471 891 3526 vidua).
911 3469 1352 3525 resuscitaverit.
1805 3438 1852 3497 C
1888 3470 1975 3523 25.
2019 3468 2212 3523 Oratio
2243 3438 2365 3538 ejus
2394 3471 2453 3523 et
2481 3438 2817 3523 lamentatio
2835 3438 3254 3525 clericonumuct
3281 3438 3503 3543 pbpuli,

172 3565 256 3617 10.
299 3560 467 3626 Quod
497 3561 813 3615 revelatum
852 3559 974 3613 83sit
1001 3559 1231 3614 cuidam
1273 3556 1546 3624 senatori,
1578 3571 1785 3611 omnes
2021 3559 2079 3611 et
2111 3556 2182 3611 de
2212 3556 2373 3612 obitu
2403 3557 2544 3628 ejus.

299 3651 583 3721 oportere
608 3647 887 3720 baptizari
917 3657 987 3702 ³4.
1886 3646 1974 3700 26.
2019 3644 2183 3708 Quod
2224 3645 2373 3700 Huni
2408 3646 2617 3700 multas
2660 3644 2854 3700 Galliae
2905 3646 3074 3702 urbes
3115 3661 3249 3701 cum
3286 3646 3505 3719 Tungri

166 3742 251 3794 11.
295 3740 379 3794 De
412 3736 574 3792 obitu
605 3736 758 3791 beati
791 3734 1074 3791 Eucherii.
2020 3735 2444 3802 subverterunt,
2498 3750 2644 3807 quos
2680 3733 2823 3789 item
2873 3742 2919 3777 ³9
2968 3733 3171 3790 Franci
3225 3751 3261 3790 a
3313 3735 3503 3792 Galliis

169 3830 255 3883 12.
298 3828 381 3881 De
410 3825 528 3879 vita
556 3828 613 3879 et
639 3824 800 3879 obitu
829 3824 983 3878 beati
1014 3821 1218 3878 Valerii
1260 3820 1598 3877 successoris
1644 3821 1784 3892 ejus.
2018 3824 2381 3894 expulerunt.

168 3918 255 3973 l3.
298 3914 466 3980 Quod
495 3914 697 3969 beatus
720 3912 1007 3967 Maternus
1028 3914 1119 3967 tot‘
1139 3909 1305 3965 annis
1334 3909 1638 3982 episcopus
1668 3909 1788 3963 fue‘
1888 3915 1977 3969 27.
2019 3913 2100 3968 De
2131 3915 2329 3969 sancto
2351 3912 2613 3985 Remigio
2638 3914 2697 3968 et
2717 3928 2927 3969 novem
2940 3912 3368 3986 Tungrensibus
3384 3914 3506 3987 epi-

304 4003 383 4058 rit
411 4010 480 4069 ³³,
504 4003 647 4073 quot
684 4000 883 4055 diebus
912 4000 971 4054 in
1000 3999 1303 4071 sepulchro
1329 3997 1532 4069 jacuit.
2020 4001 2198 4073 copis.

170 4095 259 4151 14.
302 4090 561 4156 Qualiter
581 4105 715 4144 eum
729 4088 1038 4144 Eucherius
1055 4090 1113 4143 et
1127 4086 1377 4143 Valerius
1399 4086 1470 4141 de
1486 4086 1595 4141 hoc
1613 4102 1787 4141 mun-
1888 4090 1976 4145 28.
2017 4090 2100 4145 De
2126 4093 2325 4147 sancto
2350 4090 2703 4161 Domitiano,
2735 4090 2878 4148 item
2910 4092 3194 4166 Perpetuo
3224 4095 3284 4150 et
3324 4093 3500 4150 Ehre-

300 4180 377 4235 do
405 4195 509 4251 per
540 4177 724 4233 visum
753 4176 1103 4232 vocaverint.
2024 4176 2171 4249 giso.

169 4273 255 4325 15.
298 4268 381 4323 De
406 4270 536 4322 octo
577 4265 858 4338 episcopis
890 4264 987 4336 qui
1036 4264 1203 4319 beato
1244 4264 1499 4319 Materno
1546 4263 1605 4319 in
1651 4264 1786 4319 sede
1886 4268 1974 4321 29.
2018 4267 2097 4321 De
2138 4269 2335 4323 sancto
2358 4268 2643 4324 Iohanne.

295 4354 622 4428 Tungrensi
652 4357 1052 4409 successerunt
1082 4361 1149 4406 ³ο.
1885 4356 1975 4412 30.
2017 4352 2183 4418 Quod
2213 4355 2265 4409 ei
2298 4372 2332 4410 a
2358 4356 2748 4413 transmarino
2771 4358 3024 4430 quodam
3044 4360 3388 4431 praedictum
3419 4361 3508 4418 sit

171 4450 258 4503 16.
300 4444 559 4511 Qualiter
584 4444 645 4498 in
676 4442 909 4498 diversis
935 4442 1074 4497 locis
1095 4440 1400 4498 orthodoxi
1422 4440 1525 4496 viri
1539 4441 1784 4498 arrianm
2015 4458 2148 4497 eum
2181 4444 2607 4514 Trajectensem
2638 4445 2974 4517 episcopum
3002 4446 3284 4505 futurum.

298 4534 490 4591 heresi
519 4531 863 4589 restiterint.
1886 4533 1973 4587 31.
2016 4530 2165 4596 Quid
2187 4532 2260 4587 ad
2282 4532 2390 4587 hec
2413 4532 2508 4588 ille
2525 4532 2906 4605 responderit,
2945 4536 3216 4609 quodque
3257 4538 3493 4595 baculus

168 4630 254 4683 17.
295 4625 379 4680 De
404 4621 582 4678 Hunis
609 4637 713 4694 per
737 4622 927 4676 totum
950 4619 1259 4693 imperium
1292 4620 1620 4676 Romanum
1672 4620 1758 4677 dif
1762 4646 1781 4660 -
2019 4621 2140 4692 ejus
2167 4624 2336 4677 terra:
2356 4622 2499 4678 ﬁxus
2525 4622 2814 4691 ﬂoruit,et
2834 4623 2905 4678 de
2935 4623 3287 4698 episcopatu,
3303 4626 3419 4684 vita
3442 4631 3507 4684 et

300 4712 466 4769 fusis.
1802 4702 1856 4762 D
2017 4709 2176 4766 obitu
2202 4709 2325 4783 ejus
2353 4710 2495 4783 ejus.

1516 4880 1746 4936 VARIIE
1779 4879 2069 4936 LECTION
2077 4880 2156 4936 ES

240 4987 287 5054 $9
308 4995 443 5035 cum
477 4982 529 5054 _l.
624 4987 671 5022 ³ο
703 4979 868 5054 deest
894 4981 944 5035 3.
1040 4987 1085 5021 ει
1117 4979 1481 5054 contendunt
1511 4982 1718 5054 1.2.3.
1815 4989 1862 5022 υ
1893 4979 2056 5054 aiunt
2083 4978 2166 5038 C’h
2285 4989 2330 5024 ³³
2363 4971 2746 5040 transitum-1.
2785 4990 2885 5054 MN
2912 4977 3070 5033 deest
3103 4977 3209 5039 0h.
3287 4986 3334 5023 ³⁸
3364 4996 3508 5054 qua-

166 5050 625 5122 drigentesimus
653 5060 701 5105 1.
760 5059 808 5093 εδ
839 5050 1263 5123 ducentesimus
1288 5051 1800 5123 quinquagesimus
1824 5051 2107 5123 secundus
2132 5055 2186 5123 1.
2218 5055 2269 5107 2.
2306 5055 2358 5110 3.
2414 5061 2460 5095 ³⁷
2489 5056 2566 5107 ita
2593 5057 2641 5107 l.
2676 5055 2728 5109 3.
2764 5051 2871 5109 Ch.
2903 5054 3334 5123 computantur,
3360 5050 3504 5111 corr.

166 5121 544 5194 computatur
565 5126 617 5177 2.
718 5129 765 5163 ³8
788 5123 1029 5194 _legatur
1058 5121 1158 5176 Ch.
1192 5121 1351 5194 deest.
1391 5121 1523 5177 1.’2.
1558 5121 1614 5194 3.
1640 5122 1733 5176 sed
1769 5122 1980 5194 videtur
2014 5122 2383 5194 supplendum.
2480 5132 2528 5166 ὀ
2560 5124 2802 5179 arbitrio
2844 5122 2949 5181 C'lt.
2996 5191 3009 5194 Δ
3039 5121 3099 5166 ’⁸ο
3124 5125 3219 5178 IIII
3250 5140 3506 5179 numerus

168 5191 427 5247 inser—itur
454 5210 630 5266 errore
659 5191 887 5266 quodam
909 5196 964 5247 in
996 5197 1068 5266 l._
1123 5200 1167 5234 81
1196 5193 1259 5248 V.
1296 5196 1343 5249 l.
1377 5197 1429 5247 2.
1459 5195 1555 5263 qui
1579 5192 1823 5266 deinceds
1851 5191 2231 5266 numgeros‘uno
2268 5194 2498 5266 majores
2525 5195 2740 5250 habent.
2816 5203 2862 5237 8*
2885 5191 3119 5250 Treberi
3148 5199 3182 5250 2
3279 5203 3326 5237 ³³
3355 5195 3509 5251 rela-

168 5267 295 5319 tum
330 5269 380 5321 1.
458 5273 504 5306 ιι
538 5263 814 5319 babtizari
836 5268 888 5319 2.
919 5273 965 5306 ³³
991 5263 1099 5319 fuit
1129 5266 1179 5318 3.
1258 5272 1304 5306 ³ο
1331 5263 1705 5319 successerint
1734 5268 1792 5321 2.
1875 5272 1920 5306 ³7
1950 5264 2093 5321 deest
2130 5267 2188 5321 3.
2273 5273 2320 5308 88
2347 5263 2504 5321 dictu
2537 5270 2585 5321 1.
2620 5270 2682 5326 2.
2711 5269 2763 5322 3.
2841 5274 2887 5308 ³ο
2916 5267 3014 5325 itth
3045 5270 3098 5323 3.

1728 5402 1949 5460 NOTAE.

249 5504 399 5579 (234)
446 5504 520 5557 At
571 5518 691 5579 non
739 5500 1003 5579 Ebregisi
1045 5502 1145 5579 sed
1190 5500 1506 5579 Evergisili
1544 5500 1803 5579 archiep.
1948 5501 2127 5579 Δ(235)
2154 5499 2389 5579 Gregor.
2414 5500 2564 5579 Tum
2582 5501 2653 5558 de
2683 5501 2973 5579 miraculis
3020 5502 3057 5579 S
3127 5503 3356 5579 Martini
3391 5504 3433 5574 I,
3479 5504 3516 5562 4

176 5570 390 5650 ροῖοηξ
421 5590 631 5650 corpus
659 5570 957 5650 transferri
982 5570 1404 5650 jussit‘Brun‘o,
1455 5575 1517 5629 ut
1559 5570 1808 5630 testatur
1907 5576 1966 5628 et
1986 5570 2374 5650 [de‘Severino
2400 5571 2511 5650 vid.
2533 5572 2602 5650 de
2633 5574 2857 5650 confess
2909 5578 3153 5650 martyr.
3183 5577 3273 5633 45.

180 5647 443 5719 Ruotger
472 5642 541 5702 in'
556 5646 676 5701 vita
702 5642 1129 5718 Brunonis’cap.
1152 5643 1212 5699 31
1230 5685 1243 5699 .
1976 5642 2132 5717 (236)
2160 5642 2442 5700 Undecim
2472 5647 2699 5704 tantum
2730 5645 2774 5704 si
2804 5642 3149 5722 Herigerum
3174 5649 3358 5708 audis.

630 5745 867 5801 ΡΑτιοι..
901 5741 1152 5800 CXXXIX.
3202 5749 3271 5808 32
