3902 6210
395 403 532 464 1003
959 399 1286 462 HERIGERI
1322 398 1406 460 ET
1443 398 1746 460 ANSELMI
1779 397 1998 458 GESTA
2034 398 2252 464 EPISC.
2290 398 2542 461 TUNGR.
2579 403 2768 464 TRAJ.
2810 403 2892 460 ET
2933 403 3139 467 LEOD.
3577 409 3707 468 l004

395 531 484 586 32.
524 527 605 585 De
633 527 830 586 sancto
857 529 1148 586 Amando.
2022 535 2075 592 Α
2237 530 2589 600 successerit,
2624 532 2683 586 et
2705 530 2954 604 qualiter
2986 529 3066 587 ibi
3096 529 3315 589 vixerit.

393 620 482 676 33.
521 618 877 691 Deserpente
890 617 1378 688 orationibusejus
1391 616 1611 688 fugato,
1635 619 1694 670 et
1713 617 1868 688 quod
1887 617 2002 672 cle-
2104 621 2193 676 43.
2237 620 2343 685 Qui
2375 620 2555 675 sancti
2580 620 2685 677 viri
2717 622 2821 676 sub
2843 638 2912 677 eo
2937 621 3259 677 coaluerint

517 706 668 760 ricus
692 707 872 762 factus
894 707 1174 774 Turonos,
1202 706 1337 761 hinc
1368 704 1670 772 Bituricos,
1719 709 1857 760 tunc
1891 705 2002 761 Ro-
2103 710 2193 765 44.
2237 710 2444 765 Sancto
2458 709 2711 765 Trudoni
2724 710 2910 766 adhuc
2926 727 3105 782 puero
3129 711 3267 785 quid
3286 729 3423 768 eum
3451 716 3712 784 oporteat

517 812 699 864 mam,
726 795 978 867 itemque
998 796 1132 851 inde
1162 795 1371 851 Gallias
1391 793 1715 865 repetierit.
2236 799 2426 854 facere
2455 799 2736 870 praedicit.

387 889 477 943 34.
517 885 680 951 Quod
720 885 1018 957 episcopus
1059 885 1358 940 ordinatus
1403 885 1589 939 multa
1622 884 1781 939 bona
1827 899 2007 955 opera
2104 888 2194 942 45.
2237 887 2423 952 Quam
2454 888 2672 943 alienus
2701 888 2875 944 fuerit
2905 905 2939 943 a
2967 887 3298 961 cupiditate.

519 974 740 1030 fecerit.
2104 978 2194 1032 45.
2238 976 2403 1042 Quod
2450 977 2785 1049 Sigebertus
2823 995 2891 1033 ex
2940 977 3177 1034 consilio
3222 979 3344 1050 ejus
3384 980 3713 1038 coenobium

389 1069 475 1121 35.
519 1065 681 1128 Quod
712 1064 1074 1119 Gandensem
1105 1072 1150 1106 ιο
1178 1064 1458 1136 populum
1494 1061 1863 1129 converterit,
1900 1061 2004 1115 Ba-
2238 1065 2489 1138 primum
2521 1082 2692 1139 super
2723 1066 3012 1122 Sesmaria
3040 1075 3086 1109 ﬂ
3126 1066 3366 1124 ﬂuvium
3413 1068 3627 1126 deinde
3654 1070 3712 1126 in

516 1170 725 1209 vouem
757 1153 1073 1219 recluserit,
1094 1156 1392 1207 mortuum
1425 1151 1802 1206 suscitaverit.
2212 1155 2527 1210 Arduenna
2556 1156 2894 1211 construxit.

391 1243 478 1298 36.
512 1242 820 1314 Dagoberti
834 1241 987 1313 regis
1001 1242 1184 1297 ﬁlium
1199 1241 1466 1296 catezizat
1490 1249 1556 1306 ιι,
1578 1240 2006 1310 Trajectensem
2107 1245 2195 1299 47.
2237 1245 2319 1300 De
2342 1245 2742 1300 Malmundarii
2771 1245 3216 1302 constructione.

524 1331 917 1402 episcopatum
952 1333 1082 1402 post
1108 1330 1429 1402 triennium
1463 1328 1791 1400 dereliquit.
2105 1334 2196 1388 48.
2239 1343 2283 1376 43
2309 1334 2388 1388 De
2409 1333 2744 1390 Strabulaus
2768 1335 3216 1391 constructione.

392 1424 481 1477 37.
523 1401 690 1484 Quod
721 1401 1162 1475 contemnentes
1190 1401 1432 1474 verbum
1461 1417 1563 1474 Dei
1589 1434 1654 1472 ex
1677 1433 1775 1472 ore
1791 1415 1908 1486 ejas
1923 1416 2009 1469 ul-
2105 1424 2194 1479 49.
2240 1434 2284 1465 ιι
2308 1422 2467 1487 Quod
2492 1423 2789 1495 designato
2811 1423 2916 1479 sibi
2955 1441 3278 1481 successore
3305 1427 3711 1486 heremiticam

529 1508 610 1563 tio
658 1507 850 1563 divina
881 1508 1178 1580 percussit,
1222 1524 1386 1564 cecus
1431 1524 1498 1563 ex
1540 1522 1691 1578 aqua
1743 1503 2010 1559 manibus
2241 1510 2418 1566 vitam
2449 1510 2768 1585 expetierit,

525 1597 648 1668 ejus
667 1595 856 1652 infusa
881 1597 1066 1653 visum
1096 1597 1339 1669 recepit.
2111 1602 2198 1654 50.
2240 1609 2286 1642 η
2317 1601 2632 1672 Responsio
2675 1600 2947 1668 filiorum,
2977 1618 3050 1657 ne
3087 1602 3197 1657 hoc
3225 1602 3391 1659 ﬁeret
3420 1604 3718 1677 refragan-

400 1689 486 1745 38.
529 1685 896 1741 Insidiatores
936 1703 1067 1742 suos
1107 1685 1344 1741 cecitate
1386 1699 1703 1756 percussos,
1755 1681 2010 1752 itemque
2242 1687 2408 1742 tium,

531 1790 740 1830 caecam
769 1772 1074 1829 mulierem
1103 1771 1784 1839 illuminat,monachum
1808 1769 2009 1823 inobe-
2113 1780 2200 1832 51,
2243 1786 2288 1818 ιο
2318 1779 2464 1833 nem
2494 1779 2779 1834 excusatio
2815 1779 3074 1850 ejusdem
3096 1779 3277 1834 sancti
3300 1780 3425 1836 viri,

533 1864 787 1919 dientem
815 1864 1408 1936 paralisijpercussum
1440 1860 1727 1918 liberavit.
2035 1876 2086 1935 Β
2115 1869 2202 1922 52.
2247 1873 2289 1907 ιτ
2317 1865 2480 1930 Quod
2510 1867 2675 1922 multi
2709 1868 2832 1939 ejus
2865 1867 3142 1940 exemplis
3173 1870 3430 1925 seculum
3471 1871 3725 1945 relique-

533 1951 902 2008 Enumeratio
932 1952 1208 2008 virtutum
1230 1953 1351 2024 ejus
1381 1955 1439 2006 et
1462 1949 1762 2005 dormitio.
2245 1957 2402 2010 runt.

399 2043 489 2097 39.
532 2040 863 2096 Proemium
889 2040 950 2095 in
977 2041 1152 2096 vitam
1180 2040 1334 2096 beati
1356 2037 1638 2093 Remacli.
2117 2047 2204 2101 53.
2249 2045 2414 2110 Quod
2450 2047 2740 2100 crescente
2771 2044 3050 2117 religione
3083 2051 3388 2102 creverunt
3419 2051 3723 2106 resazccle-

398 2133 488 2186 40.
531 2130 610 2184 De
626 2145 807 2201 regno
823 2124 1175 2185 Francorum
1195 2132 1252 2184 et
1268 2125 1598 2201 Aquitania,
1616 2125 1769 2180 unde
1788 2125 2017 2178 sanctus
2253 2135 2368 2189 sim,

529 2220 829 2275 Remaclus
849 2218 1138 2290 originem
1169 2217 1356 2276 duxit.
2119 2226 2206 2280 54.
2249 2218 2538 2279 Exortatio
2577 2222 2760 2278 sancti
2797 2222 3108 2280 sacerdotis
3137 2223 3209 2279 ad
3238 2224 3447 2281 fratres
3477 2225 3728 2284 instante

397 2306 487 2363 4i.
529 2307 694 2372 Quod
719 2307 872 2362 idem
903 2324 936 2362 a
965 2308 1134 2363 beato
1167 2305 1439 2378 Sulpitio,
1461 2303 1676 2360 dehinc
1694 2301 1796 2356 sub
1821 2301 2014 2372 Elegio
2250 2312 2341 2368 die
2363 2311 2693 2368 vocationis,

531 2395 823 2463 educatus,
851 2395 1048 2466 palatii
1077 2393 1435 2466 primoribus
1467 2389 1816 2446 innotuerit.
2115 2403 2206 2462 55.
2249 2403 2445 2460 Obitus
2474 2401 2665 2475 ipsius,

395 2485 486 2541 42.
526 2484 691 2550 Quod
719 2483 888 2539 beato
919 2483 1183 2540 Amando
1228 2482 1289 2537 in
1330 2479 1617 2536 kathedra
1665 2475 2017 2549 Trajectensi

1664 2646 2065 2704 EXPLICIUNT
2105 2646 2464 2702 CAPITULA.

659 2831 964 2942 GESTA
1025 2829 1614 2938 PONTIFICUM
1681 2825 2359 2936 TUNGRENSIUM
2439 2826 2653 2933 SlVE
2718 2825 3448 2935 LEODCIENSIUM.

977 3043 1596 3138 PROEMIUM
1673 3042 2244 3133 OPUSCULI
2326 3042 2958 3144 SEQUENTIS
3032 3046 3125 3125 48.

470 3256 654 3312 Omnis
683 3253 1006 3327 antiquitas,
1031 3256 1094 3308 ut
1119 3251 1199 3307 ait
1235 3251 1536 3306 oratorum
1578 3245 1884 3312 maximus,
1916 3260 2016 3316 quo
2037 3251 2084 3311 C
2114 3244 2402 3312 tudinum,
2436 3243 2808 3318 antiquorum
2830 3263 3156 3324 memorare
3188 3247 3424 3304 inventa
3450 3250 3710 3308 virorum

388 3346 637 3418 proprius
658 3354 702 3387 ιθ
732 3343 912 3399 aberat
939 3343 1006 3397 ab
1033 3347 1154 3397 ortu
1181 3347 1230 3396 et
1259 3340 1442 3394 divina
1462 3338 1740 3408 progenie,
1776 3335 1872 3388 hoc
1909 3351 2017 3387 me-
2335 3334 2531 3388 Vixere
2548 3336 2713 3403 fortes
2740 3343 2863 3390 ante
2890 3337 3299 3406 Agamemnona

393 3436 492 3489 lius
517 3452 576 3489 ea
589 3435 818 3504 fortasse
830 3447 949 3505 quae
961 3438 1116 3487 erant
1136 3447 1261 3485 vera
1278 3427 1522 3484 cernebat
1548 3433 1593 3466 5°
1617 3423 1766 3495 (237)
1781 3441 1796 3490 ;
1813 3438 1934 3476 verr

1617 3423 2012 3495 (237);verum
2323 3421 2512 3485 Multi,
2541 3423 2630 3478 sed
2659 3432 2703 3466 ⁸⁷
2726 3425 3142 3482 inlacrimabiles

399 3525 607 3596 angelo
631 3521 894 3579 Daniheli
948 3522 1222 3576 narrante
1264 3516 1548 3583 novimus,
1580 3513 1715 3585 quia
1740 3517 2014 3583 pertrans-
2323 3510 2606 3583 Ignotique
2627 3520 2884 3582 urgentur
2906 3521 2952 3555 ιε
2983 3515 3138 3584 longa

393 3615 544 3670 ibunt
563 3614 810 3684 plurimi,
841 3618 890 3667 et
909 3610 1182 3682 multiplex
1211 3608 1309 3662 erit
1339 3605 1596 3660 sententia
1625 3611 1669 3642 δι
1707 3601 1872 3672 (Dan.
1912 3616 1934 3652 x

1864 3641 1872 3654 .
1912 3615 2008 3665 xu,
2324 3599 2513 3667 Nocte,
2541 3607 2721 3658 carent
2749 3603 2878 3674 quia
2904 3608 3022 3659 vate
3050 3621 3200 3659 sacro
3240 3605 3405 3676 (240).

392 3705 466 3772 4),
501 3702 558 3756 in
590 3700 839 3774 antiquis
866 3699 1065 3771 utique
1086 3697 1316 3768 vigente
1348 3693 1596 3758 ratione,
1621 3688 1885 3746 veritatis
1912 3687 2002 3741 in-
2112 3689 2239 3742 licet:
2274 3691 2334 3742 ut
2359 3688 2529 3743 credo
2551 3691 2935 3760 perpendens,
2960 3691 3234 3748 abbatum
3254 3696 3729 3752 reverentissime

397 3790 709 3862 dagatrice,
746 3792 804 3844 et
849 3785 1195 3859 perspicatia
1232 3784 1584 3842 futurorum,
1610 3779 1670 3833 in
1715 3775 2010 3833 modernis
2113 3776 2282 3848 (241),
2329 3780 2387 3830 et
2416 3777 2548 3848 quia
2579 3794 2807 3832 necesse
2839 3783 2942 3845 est,
2988 3785 3204 3852 quanto
3231 3782 3523 3853 juniores,
3564 3788 3727 3840 tanto

395 3896 529 3935 vero
562 3879 673 3934 fide
702 3875 1053 3932 credulitatis
1103 3882 1172 3940 δ’,
1223 3887 1402 3943 quam
1451 3869 1702 3940 primum
1755 3867 2008 3938 pollente
2111 3881 2232 3918 esse
2254 3865 2716 3937 perspicatiores:
2750 3866 3004 3922 obtulisti
3035 3868 3293 3925 libellum
3345 3872 3416 3926 de
3464 3873 3586 3928 vita
3613 3879 3730 3929 tam

399 3984 531 4023 cum
577 3966 830 4038 plurima
872 3961 1110 4018 scientia
1146 3957 1594 4032 praeteritorum.
1637 3956 1750 4010 Illis
1789 3955 2012 4009 diutur-
2111 3953 2292 4009 nostri
2320 3970 2495 4026 quam
2531 3955 2698 4009 vestri
2728 3957 2978 4026 Spetialis
2993 3958 3245 4029 patroni,
3271 3959 3477 4016 domni
3507 3980 3571 4018 se
3598 3963 3731 4018 licet

400 4057 551 4112 nitas
581 4056 730 4119 vitae,
761 4050 1056 4107 vetustatis
1073 4049 1365 4105 obducens
1385 4049 1594 4103 callum
1613 4045 1785 4118 (238),
1807 4042 2007 4114 cogni-
2111 4041 2896 4115 Remacli(242),conqnestus
2909 4047 3444 4118 propterincuriam
3464 4055 3670 4108 tamen
3686 4060 3728 4093 ⁵³

402 4145 622 4200 tionem
648 4141 914 4212 praestitit
943 4139 1203 4195 omnium
1234 4153 1462 4206 rerum;
1488 4135 1655 4191 nobis
1677 4135 1934 4197 econtra,
2111 4131 2598 4203 praedecessorum
2623 4136 2944 4189 vestrorum
2965 4143 3012 4176 σο
3031 4138 3187 4205 (243)
3205 4137 3435 4192 brevius
3461 4156 3646 4211 quam
3670 4145 3729 4194 ut

477 4230 617 4303 quod
645 4228 914 4286 callidus”
943 4228 1179 4298 sanguis,
1212 4225 1352 4299 quod
1379 4234 1424 4267 ⁸4
1456 4240 1633 4278 rerum
1665 4221 1938 4274 inscientia
1965 4227 2010 4260 ³³
2111 4236 2202 4274 res
2226 4221 2610 4291 expostularet
2656 4238 2758 4292 pro
2807 4223 3208 4293 magnitudine
3255 4228 3562 4297 gestorum
3607 4229 3728 4300 ejus

1470 4315 1672 4384 [versat
1701 4315 1746 4349 η
1776 4309 1938 4380 (239),
2113 4322 2232 4361 esse
2266 4306 2483 4362 editam
2509 4317 2575 4364 σι.
2608 4309 2906 4382 Simulque
2928 4311 3005 4366 vis

2186 4323 2232 4360 se
2266 4306 2483 4362 editam
2509 4317 2575 4364 σι.
2608 4309 2906 4382 Simulque
2928 4311 3073 4367 visus
3108 4330 3188 4379 es,
3217 4330 3290 4368 ne
3306 4322 3352 4355 σε
3375 4314 3575 4371 dicam
3599 4333 3727 4388 pre-

408 4408 633 4466 utinam
648 4423 764 4463 non
782 4407 968 4463 avolet
987 4406 1060 4463 ob
1075 4406 1312 4463 brevem
1330 4401 1507 4457 vitam
1523 4401 1582 4454 et
1599 4413 1798 4452 curam
1812 4395 2014 4451 sollici-
2112 4394 2251 4462 cari,
2283 4396 2382 4450 sed
2409 4396 2596 4468 potius
2636 4399 2944 4467 exhortari,
2987 4405 3050 4456 ut
3097 4416 3226 4456 eam
3278 4403 3438 4458 nullo
3472 4413 3521 4447 6³
3553 4407 3727 4461 modo

1727 4539 1957 4594 VABIAE
1992 4537 2283 4594 LECTION
2292 4538 2390 4593 ES.

487 4688 532 4720 ιο
553 4677 914 4733 Gaudenscm
944 4679 993 4730 1.
1100 4681 1142 4714 ιι
1175 4667 1422 4726 cateciza
1453 4668 1506 4722 3.
1597 4673 1641 4706 η
1672 4678 1926 4719 sesmara
1947 4665 1998 4717 2.
2020 4664 2078 4733 3.
2115 4731 2122 4733 _
2179 4669 2223 4703 η
2252 4660 2387 4717 deest
2417 4679 2665 4716 numerus
2695 4665 2753 4718 3.
2847 4675 2890 4706 ιι
2914 4665 3134 4719 XLVIII.
3167 4669 3220 4724 3.
3312 4676 3358 4709 ιε
3387 4669 3639 4726 XLVIIII.
3674 4673 3724 4726 3.

414 4761 459 4793 ιο
487 4731 629 4806 deest
648 4731 900 4803 numerus
931 4749 983 4800 3.
1062 4752 1104 4785 ιτ
1139 4745 1198 4797 L.
1226 4745 1276 4796 3.
1317 4748 1366 4795 et
1390 4743 1464 4793 ita
1485 4736 1744 4808 deinceps.
1822 4743 1868 4775 48
1900 4735 1960 4786 P.
1997 4731 2148 4787 libri.
2181 4736 2232 4808 2.
2312 4742 2356 4774 ιο
2378 4733 2644 4808 proprius
2674 4738 2719 4788 1.
2827 4738 2878 4789 3.
2939 4745 3002 4808 κιο
3020 4738 3304 4808 cernebat
3320 4738 3458 4795 Sur.
3489 4741 3588 4798 0h.
3608 4759 3725 4796 cer-

413 4805 650 4878 nebant.
704 4824 753 4876 ι,
787 4824 843 4874 2,
889 4821 942 4872 3,
1019 4824 1063 4857 si
1107 4811 1348 4869 scientia
1387 4810 1576 4866 Surita
1629 4805 1674 4864 εἶ
1734 4821 1872 4878 corr.
1918 4808 1999 4878 2;
2048 4811 2094 4845 ⁸³
2132 4805 2244 4875 qui,
2291 4811 2351 4858 ut
2399 4809 2452 4878 ll
2489 4808 2541 4861 3.
2575 4805 2774 4878 legunt,
2816 4807 3167 4862 crudelitatis
3205 4809 3450 4866 habuisse
3501 4813 3724 4867 videtur.

411 4874 902 4948 liisiiiiillidusicorr.
937 4886 1152 4942 calidus
1191 4889 1250 4942 2.
1293 4899 1436 4955 quos
1469 4884 1548 4935 at.
1598 4876 1890 4955 ιίάμε,βαν
1935 4874 2040 4955 0h:
2133 4883 2178 4955 5.‘
2227 4874 2698 4955 QUOS..SW-..C"-
2777 4885 2837 4955 ⁵⁵-
2869 4878 3168 4955 inSCienua
3209 4896 3349 4955 εθῖῖ·
3395 4882 3724 4955 insanisti

411 4975 457 5008 δυ
484 4945 730 5034 REéEpid
753 4962 900 5016 lectio
931 4966 1004 5013 est
1033 4960 1196 5012 vexat
1222 4974 1236 5024 ;
1264 4945 1734 5034 versatoc'curritn
1746 4948 1945 5034 Yeneta
1979 4945 2040 5000 ed
2068 4945 2321 5034 prin-cuia
2343 4945 2593 5034 {Ioratizl
2657 4950 2903 5034 ξτηογηίυξξ
2928 4964 3171 5034 omnes.
3204 4959 3249 4992 ⁵⁸
3273 4952 3409 5034 ὕες.
3450 4953 3555 5027 ig.,
3585 4953 3726 5034 Har.

409 5046 455 5079 so
485 5018 687 5090 ιάίιίίθ,
722 5037 770 5088 ί,
801 5036 854 5087 2,
887 5030 946 5086 c,
1005 5039 1051 5072 σο
1074 5031 1149 5084 ita
1188 5018 1307 5084 B71,
1348 5029 1402 5084 2.
1431 5023 1491 5078 C.
1523 5021 1655 5078 Sur.
1689 5019 1792 5078 Ch.
1820 5021 2159 5073 nostrorum
2193 5021 2211 5072 1
2240 5060 2253 5074 ,
2291 5021 2417 5073 2.3.
2475 5027 2519 5061 οι
2549 5018 2834 5074 eruditam
2858 5020 2987 5076 Sur.
3041 5030 3088 5062 02
3119 5023 3181 5076 ut
3213 5038 3284 5076 ne
3309 5018 3446 5080 sar.
3473 5018 3550 5068 V687
3575 5026 3725 5080 nullo

408 5125 551 5189 corr.
585 5122 703 5163 non
737 5109 787 5160 2.
815 5103 946 5162 Sur.

1952 5205 1993 5259 Ν
2002 5205 2176 5261 OT/E.

475 5348 628 5423 (237)
657 5344 1102 5423 Cicprg'l‘qscul.
1132 5341 1342 5423 disp-ut:
1386 5341 1428 5407 I,
1475 5329 2016 5423 EademAvcr‘lani
2046 5330 2340 5423 Dg-(241)
2378 5333 2755 5410 Werinfridus
2814 5334 3196 5404 Stabulensis;
3247 5335 3374 5391 vide
3433 5337 3724 5410 praefatio-

405 5401 710 5478 recurrunt
740 5419 799 5473 in
828 5414 1085 5488 Herigeri
1132 5401 1374 5486 epistola
1416 5401 1494 5466 ad
1537 5407 1862 5478 Hugonem,
1889 5401 2012 5474 ‘cfr.
2118 5401 2278 5488 nem.

445 5476 628 5550 ξων...
962 5476 993 5488 υ
1166 5476 1188 5486 ’
1635 5476 1646 5478 ”
2186 5477 2330 5553 (2437.)
2372 5476 2484 5553 gr.
2521 5493 2648 5553 queo
2672 5476 2916 5553 diximus
2940 5478 2997 5531 in
3038 5477 3402 5553 praefatione.

473 5546 626 5630 (238).
657 5561 958 5615 Tusculau.
989 5561 1081 5625 III,
1104 5563 1191 5613 22.
2113 5621 2152 5630 ﬁ
2185 5546 2719 5630 (243)_.S_tabulensis
2766 5551 2852 5630 est
2896 5546 3214 5603 monachus
3259 5551 3357 5622 qui
3400 5551 3624 5624 primus
3661 5551 3716 5608 S.

475 5620 615 5700 {231)}
659 5633 853 5685 Horat.
893 5631 989 5700 Ep.
1025 5620 1077 5696 l,'
1099 5633 1150 5692 3,
1185 5631 1273 5700 33_.
2113 5620 2366 5676 Remacli
2399 5620 2584 5675 Vitam
2617 5620 2855 5691 scripsit.

477 5695 619 5771 (ΜΟ)
663 5702 857 5756 Horat.
889 5695 992 5756 Od.
1017 5695 1077 5760 4⁷.
1115 5704 1167 5766 9,
1203 5695 1288 5752 .25.
