3902 6210
202 383 339 443 1005

1334 385 1658 446 HERIGERI
1687 387 1906 448 GESTA
1933 391 2150 453 EPISC.
2183 391 2388 459 LEOD.

3379 397 3516 464 1006

196 504 519 579 exemplari
549 514 618 574 ⁸⁴ν
643 523 844 564 verum
863 507 1217 581 aliquanto"
1242 508 1485 582 lepidius
1510 513 1810 570 “manda-
1836 519 1893 577 A
1912 521 2031 578 rexi
2065 541 2079 589 ;
2112 521 2284 595 longe
2314 520 2548 596 quidem
2578 537 2711 580 mea
2739 521 3026 582 sententia
3054 521 3128 582 ab
3154 524 3397 583 oratoris
3419 527 3516 583 ob-

193 615 322 652 rem
365 597 559 668 polliii
586 606 664 666 67;
703 600 826 652 tum
863 598 1017 669 quod
1056 601 1351 670 gestorum
1396 601 1544 656 illius
1580 602 1812 660 aliunde

193 690 570 758 sumptorum
614 687 881 760 subpetat
912 686 1099 757 copia,
1133 690 1257 742 tum
1285 688 1440 760 quod
1454 693 1808 762 temporum,

195 792 449 848 quorum
481 775 778 831 diversitas
804 793 956 831 nunc
981 777 1232 832 maxime
1261 778 1402 833 scito
1450 787 1497 822 οδ
1529 796 1672 851 opus
1703 786 1808 850 est,

192 882 262 919 ex
294 863 608 920 cartulario
630 869 816 920 vestro
858 882 976 921 non
999 865 1145 920 desit
1170 866 1403 926 noticia.
1433 868 1545 923 Sed
1576 869 1650 924 ad
1686 870 1809 926 haec

192 955 340 1010 dum
373 957 430 1010 te
459 971 592 1010 cum
627 955 738 1011 tuis
782 955 1048 1011 omnium
1089 954 1307 1012 arcium
1351 960 1658 1030 praesulem
1693 977 1809 1016 esse

192 1046 516 1111 constaret,
550 1045 804 1116 illudque
832 1043 1082 1099 Pierium
1115 1044 1311 1100 animo
1353 1049 1650 1102 occureret
1683 1063 1697 1103 :

543 1150 612 1204 In
635 1151 822 1206 silvam
852 1167 918 1206 ne
947 1150 1090 1219 ligna
1114 1152 1260 1222 feras
1291 1151 1435 1223 (244)
1468 1152 1480 1206 !

197 1264 312 1316 et:

187 1369 262 1422 In
294 1385 444 1422 mare
476 1367 603 1439 quid
617 1368 805 1438 pisces.
842 1365 969 1436 quid
999 1381 1164 1436 aquas
1195 1367 1250 1418 in
1281 1368 1510 1433 [Iumina
1534 1375 1580 1409 ⁸ο
1609 1369 1810 1423 mittis?

184 1458 523 1528 Suspmsmn
553 1464 748 1509 interea
780 1453 972 1508 librare
991 1454 1197 1509 silentia
1228 1462 1274 1495 ⁷ο
1305 1462 1527 1511 mentem
1556 1455 1730 1529 (245).

185 1547 512 1617 coeperant,
541 1560 671 1598 cum
686 1559 815 1598 ecce
835 1543 1178 1598 memoriam
1203 1542 1551 1611 offendebat,
1574 1545 1709 1617 quia
1729 1545 1807 1600 vi-

185 1650 284 1688 res
316 1649 461 1704 quas
487 1632 777 1704 imperitia
820 1631 1089 1701 denegat,
1129 1631 1344 1686 karitas
1391 1631 1702 1699 ministrat,
1741 1639 1800 1689 et

185 1719 330 1793 quia
347 1720 577 1790 incepto
600 1722 827 1774 tantum
853 1735 995 1789 opus
1017 1722 1120 1783 est,
1137 1722 1326 1774 cetera
1348 1721 1714 1792 resexpediet
1732 1731 1800 1777 τί.

185 1809 376 1882 igitur
401 1808 636 1863 adorsus
651 1824 800 1875 sum,
831 1810 886 1862 et
911 1811 970 1861 ut
992 1806 1178 1862 verbis
1205 1807 1502 1879 cuiusdam
1530 1810 1804 1882 sapientis
1840 1824 1891 1882 Β

187 1902 325 1952 utar
358 1900 417 1952 et
447 1914 511 1951 ex
543 1896 637 1951 illo
660 1899 942 1969 quantum
977 1913 1068 1950 res
1095 1896 1276 1968 poscit
1301 1905 1348 1938 ἠ
1386 1898 1608 1965 tollam,
1644 1922 1669 1948 ‹‹
1700 1917 1804 1954 ex-

189 1986 526 2041 hortatione
548 1988 665 2050 tua,
682 2002 808 2057 quas
827 1983 1192 2055 etprzesentis
1206 1984 1504 2040 honestate
1527 1987 1802 2058 propositi

190 2079 251 2129 et
272 2074 485 2128 futura:
510 2075 693 2128 astatis
719 2073 959 2128 utilitate
998 2074 1309 2144 conjuncta
1340 2078 1446 2140 est,
1486 2075 1628 2129 nihil
1659 2076 1803 2130 anti-

187 2163 362 2236 quius
390 2171 438 2204 τι
471 2161 810 2216 existimavi.
846 2184 873 2211 ››
903 2163 970 2216 Et
996 2178 1066 2216 ne
1094 2161 1496 2218 auctoritatem
1525 2163 1803 2237 diffugere

188 2251 442 2312 viderer,
458 2251 508 2304 ei
529 2251 754 2304 muneri
769 2258 813 2291 τι
828 2249 1102 2305 libentius
1120 2249 1404 2323 adquievi.
1426 2253 1804 2308 Prmsumenti

189 2340 352 2396 enim
386 2339 696 2394 auctoritas
721 2338 908 2405 datur,
943 2339 1082 2392 dum
1099 2345 1145 2379 τι
1171 2339 1351 2393 credit
1368 2341 1624 2410 praestari
1639 2358 1804 2413 posse

189 2429 348 2500 quod
379 2427 622 2498 petitur;
640 2430 696 2481 et
718 2443 922 2498 parere
939 2426 1103 2495 scire,
1129 2427 1369 2499 (aqualis
1383 2430 1805 2500 estgloriacum

189 2518 541 2588 imperante.
564 2515 1006 2571 Fecerantidem
1017 2515 1366 2587 jamdudum
1379 2522 1549 2573 aetate
1568 2535 1804 2575 venera-

191 2605 337 2660 biles
368 2603 666 2658 Hilduinus
695 2603 870 2659 abbas
902 2603 960 2658 in
1007 2603 1272 2675 passione
1321 2606 1501 2660 sancti
1553 2607 1805 2679 Dyonisii

203 2695 381 2764 (246),
415 2692 767 2748 Hincmarus
821 2691 1281 2766 archiepiscopus
1338 2694 1395 2748 in
1450 2694 1578 2749 Vita
1628 2696 1809 2751 sancti

197 2781 445 2854 Remigii
460 2781 694 2854 (2-i7),et
714 2781 807 2836 alii
830 2798 1004 2852 quam
1019 2782 1248 2854 plurimi
1278 2782 1336 2836 in
1356 2799 1473 2836 non
1491 2799 1806 2854 paucorum

196 2870 583 2943 compilandis
610 2870 784 2942 gestis
805 2874 1156 2926 sanctorum.
1180 2871 1398 2936 Quibus
1418 2875 1744 2930 auctoribus
1760 2883 1806 2916 το

198 2961 466 3032 optinere
497 2967 543 3000 77
579 2975 879 3030 possumus
910 2959 1142 3031 optimis
1173 2969 1240 3028 τε,
1275 2961 1428 3033 quod
1451 2963 1507 3018 in
1535 2963 1806 3019 omnibus
1841 2984 1889 3042 ρ

194 3048 376 3104 causis
405 3052 464 3102 et
489 3049 635 3103 solet
669 3051 724 3102 et
757 3048 928 3103 debet
957 3050 1144 3104 valere
1183 3049 1520 3120 plurimum.
1553 3053 1694 3108 Nam

195 3137 519 3210 Numquam
550 3138 630 3192 ita
671 3137 958 3210 quisquam
1002 3138 1122 3194 bene
1166 3139 1423 3196 subducta
1473 3144 1679 3197 ratione
1735 3142 1806 3196 ad

1345 3232 1535 3303 [vitam
1565 3234 1694 3303 fuit,

198 3337 346 3404 Quin
397 3352 502 3404 res,
552 3345 704 3404 ἀνίας,
745 3354 868 3392 usus
916 3353 1119 3410 semper
1161 3339 1367 3412 aliquid
1410 3348 1652 3411 apportet
1708 3355 1803 3394 n0-

1424 3431 1499 3501 [vi
1527 3435 1538 3477 ί
1545 3431 1686 3500 218).

269 3536 339 3589 Et
366 3551 441 3589 ne
465 3534 556 3588 hic
587 3534 769 3602 labor,
803 3534 899 3606 qui
925 3538 982 3590 te
1013 3536 1359 3591 adhortante
1390 3541 1680 3608 susceptus
1697 3544 1804 3603 est,

191 3623 470 3680 inferacis
498 3622 687 3694 operis
704 3631 752 3664 το
770 3622 870 3677 fiat
897 3639 910 3678 :
934 3640 1050 3678 non
1083 3625 1206 3696 ejus
1222 3626 1396 3682 modo
1419 3626 1579 3697 cujus
1601 3626 1804 3680 memi-

191 3714 412 3780 nimus,
446 3711 627 3766 sancti
664 3711 878 3766 scilicet
910 3713 1182 3779 Remacli,
1215 3731 1415 3768 verum
1454 3718 1798 3770 casterorum

189 3806 410 3857 nostra:
443 3800 590 3855 sedis
618 3800 958 3871 pontiﬁcum
972 3806 1236 3873 tempora
1257 3805 1315 3857 et
1330 3805 1510 3874 gesta,
1535 3819 1664 3874 quae
1687 3821 1792 3857 un-

189 3891 518 3962 decumque
548 3893 789 3962 potuere
820 3890 1086 3957 Conradi,
1117 3891 1189 3946 ad
1221 3896 1416 3947 nostra
1441 3909 1618 3964 usque
1650 3895 1794 3947 tem-

185 3996 337 4050 pora
360 3979 586 4050 collegi,
623 3983 683 4034 et
701 3979 859 4050 cujus
888 3980 1249 4050 potissimum
1289 3981 1602 4036 anhelabas
1644 3981 1788 4036 desi-

182 4068 368 4134 derio,
405 4067 575 4124 vitam
611 4066 748 4122 inde
799 4072 1095 4140 exceaptm
1126 4068 1291 4137 (249),
1324 4070 1468 4126 votis
1496 4071 1610 4126 tuis
1650 4089 1782 4143 por-

1910 610 2037 665 timi
2068 612 2277 684 80(250)
2301 611 2636 668 excellentia
2667 628 2760 668 me
2791 616 2947 668 ratus
2971 612 3223 681 differre,
3259 616 3357 686 qui
3388 616 3514 688 plu-

1913 699 2064 754 rima
2091 700 2288 774 paucis
2340 701 2656 767 absolvere,
2686 717 2870 772 pauca
2902 701 3166 774 plurimis
3202 705 3513 774 protelare,

1910 788 2001 842 vel
2034 805 2248 861 magna
2277 791 2609 857 extenuare,
2642 789 2897 845 maxima
2927 807 2957 844 e
2988 789 3244 846 minimis
3261 792 3512 861 efﬁcere,

1911 879 2028 932 lata
2052 880 2312 950 anguste,
2339 882 2582 949 angusta
2622 879 2756 947 late,
2789 878 3022 950 vulgata
3055 879 3314 937 dicenter
3341 883 3512 954 (251),

1911 966 2160 1022 dicentia
2212 975 2256 1009 εί
2311 966 2792 1034 intellectualiter,
2834 983 2982 1022 nova
3021 968 3246 1037 usitate,
3301 970 3516 1029 usitata

1913 1071 2078 1120 nove,
2106 1057 2165 1109 et
2195 1055 2253 1110 id
2282 1063 2328 1097 οι
2354 1071 2536 1127 genus
2562 1055 2749 1111 valeat
2771 1055 3023 1127 plurima
3037 1055 3315 1128 delibare,
3342 1059 3434 1116 cui
3451 1063 3511 1117 et

1911 1160 1946 1197 a
1973 1146 2147 1214 poeta
2176 1143 2506 1215 prazcipitur
2536 1159 2549 1198 :

1912 1232 2032 1286 Aut
2055 1233 2263 1301 famam
2286 1248 2516 1304 sequere,
2541 1239 2634 1287 aut
2662 1232 2764 1288 sibi
2789 1235 3154 1290 convenientia
3183 1237 3320 1307 ﬁnge
3334 1235 3511 1311 (252).

1911 1320 2022 1374 Nec
2052 1324 2113 1374 ut
2143 1322 2389 1376 scolares
2415 1322 2601 1393 posito
2642 1323 2924 1391 themate,
2969 1322 3174 1394 quibus
3217 1325 3402 1381 verbis
3432 1327 3516 1382 uti

1912 1408 2121 1480 potuit,
2154 1410 2251 1481 qui
2279 1409 2549 1481 injuriam
2576 1426 2772 1482 passus
2798 1416 2902 1478 est,
2933 1413 3020 1467 vel
3051 1411 3146 1467 ille
3175 1414 3271 1485 qui
3297 1413 3514 1483 intulit,

1914 1497 2130 1569 aliquid
2173 1497 2441 1554 finximus
2492 1499 2780 1569 frivolum,
2834 1500 3018 1556 immo
3052 1519 3158 1556 nec
3211 1520 3515 1577 creperum

1913 1586 2081 1658 (253).
2117 1586 2280 1650 Quod
2311 1587 2414 1642 etsi
2443 1589 2978 1661 eloquentissimum
2998 1591 3291 1664 quendam
3317 1591 3513 1649 dicen-

1914 1677 2032 1729 tem
2063 1676 2203 1747 quod
2241 1682 2290 1729 et
2323 1679 2372 1729 si
2412 1677 2541 1742 haec,
2575 1677 2780 1749 inquit,
2818 1686 3038 1752 aterque
3082 1697 3190 1734 non
3223 1681 3388 1749 dixit,
3427 1689 3512 1736 ta-

1913 1779 2032 1817 men
2063 1765 2114 1817 in
2148 1772 2266 1817 voto
2296 1764 2485 1819 habuit
2513 1770 2564 1820 et
2595 1768 2650 1819 in
2681 1773 2804 1822 actu
2840 1767 3086 1835 ostendit,
3124 1769 3329 1824 sectari
3358 1786 3515 1826 com-

1915 1851 2236 1918 tenderem,
2267 1853 2478 1906 nullius
2512 1856 2706 1924 utique
2727 1855 3007 1925 juditium
3050 1857 3512 1914 extimescerem.

1912 1941 2121 1995 Verum
2152 1941 2274 1995 hinc
2305 1941 2460 1996 alias.
2490 1942 2628 2009 Misi,
2670 1943 2930 2015 inquam,
2975 1945 3207 2001 karitati
3239 1950 3350 2001 tua:
3389 1964 3514 2003 mu-

1915 2047 2042 2096 nus,
2075 2029 2230 2102 quod
2253 2029 2442 2084 minus
2471 2038 2516 2072 ³³
2550 2031 2785 2102 quidem
2817 2032 3134 2088 effitientiae
3182 2035 3511 2102 securitate,

1909 2117 2159 2173 maxime
2187 2121 2382 2172 autem
2413 2123 2740 2190 susceptum
2755 2121 3510 2194 amicitiaaprarsumptione.

1906 2207 2111 2278 Magna
2141 2217 2186 2250 δι
2221 2208 2438 2263 etenim
2462 2207 2518 2262 in
2535 2207 2859 2264 difficillimi
2891 2209 3080 2282 operis
3109 2227 3276 2266 cursu
3298 2220 3344 2254 8⁵
3367 2213 3515 2268 ami-

1907 2297 2055 2352 citiae.
2101 2305 2147 2339 ³ο
2179 2296 2591 2368 contemplatio
2653 2298 2901 2369 supplet,
2959 2301 3019 2352 et
3060 2299 3286 2370 placere
3331 2303 3515 2356 multa

1907 2401 2059 2456 saepe
2105 2401 2302 2440 rerum
2349 2383 2515 2456 copia
2561 2385 2909 2457 suppeditat.
2943 2386 3106 2442 Unde
3152 2387 3284 2443 licet
3311 2405 3514 2446 verear

1912 2474 2125 2528 nedum
2141 2473 2458 2545 imperator
2470 2481 2514 2515 ⁸⁷
2536 2473 2765 2528 muneri
2777 2481 2823 2516 88
2835 2491 2940 2545 par
2956 2491 3243 2548 nequeam
3260 2479 3511 2545 esse,de-

1911 2562 2154 2618 ficientis
2175 2563 2343 2635 culpa
2367 2561 2425 2616 in
2447 2562 2807 2618 adhortantis
2833 2572 2878 2605 ⁸ο
2908 2564 3074 2620 cedat
3099 2563 3372 2634 injuriam
3395 2583 3406 2620 :
3433 2570 3514 2621 ta-

1914 2668 2051 2707 men
2098 2669 2230 2707 cum
2262 2655 2424 2706 tuam
2470 2655 2665 2722 specto
2713 2651 3189 2721 benivolentiam,
3237 2655 3298 2709 flt
3335 2671 3514 2710 omne

1912 2757 2160 2813 pronum
2193 2743 2251 2796 et
2275 2741 2460 2808 facile,
2493 2744 2550 2796 et
2575 2744 2639 2796 ut
2661 2740 2740 2796 ita
2759 2741 2950 2797 dicam
2991 2743 3417 2815 voluptuarium
3444 2754 3514 2812 90,

1911 2829 2066 2901 quod
2099 2829 2155 2884 in
2188 2829 3065 2903 tuaajo'cunditat'simpenditur
3085 2831 3514 2903 prmscriptum.

1909 2918 2023 2972 Hoc
2049 2920 2245 2972 autem
2277 2934 2519 2973 munere
2549 2917 2812 2989 impenso
2834 2918 3140 2974 sollicitum
3176 2923 3233 2975 te
3272 2921 3516 2976 reddere

1911 3006 2118 3079 cupio;
2152 3005 2287 3078 quia
2313 3005 2355 3060 si
2410 3007 2549 3078 quid
2598 3023 2844 3079 operum
2887 3011 3120 3064 tuorum
3164 3009 3515 3082 quandoque

1910 3095 2269 3166 postulavero
2295 3103 2363 3162 οι,
2396 3095 2638 3165 injurius
2657 3095 2801 3150 mihi
2821 3096 3015 3163 fueris,
3043 3096 3089 3151 si
3111 3097 3369 3169 negabis.

1912 3181 2165 3254 Quisquis
2183 3200 2378 3253 magna
2395 3183 2558 3250 dedit,
2585 3184 2752 3238 voluit
2768 3184 2870 3238 sibi
2888 3202 3082 3254 magna
3105 3188 3302 3240 remitti
3333 3186 3512 3258 (254).

1910 3269 2009 3325 Set
2039 3288 2156 3325 non
2184 3273 2532 3341 arrogantur
2561 3280 2606 3313 θ’
2637 3288 2872 3343 magna,
2914 3272 3128 3344 quippe
3155 3273 3265 3328 tuis
3297 3274 3516 3329 meritis

1907 3363 1966 3414 et
2016 3358 2224 3413 nostris
2269 3359 2414 3412 votis
2461 3358 2726 3430 imparia,
2775 3364 3128 3432 quapropter
3174 3362 3517 3417 oblatrantis

1908 3464 2134 3503 morsus
2163 3447 2344 3502 timeo
2364 3446 2613 3513 invidias,
2647 3447 2782 3519 quia
2807 3448 2865 3502 in
2892 3447 3110 3502 difficili
3139 3465 3201 3502 re
3228 3449 3393 3504 facile
3423 3467 3516 3504 so-

1908 3537 1986 3591 let
2008 3536 2150 3591 livor
2180 3534 2576 3608 prmjuditium
2614 3535 2954 3606 importare.

1906 3626 2150 3699 Denique
2176 3642 2282 3680 non
2320 3642 2497 3679 omnes
2523 3625 2704 3680 eadem
2731 3627 3001 3679 mirantur
3029 3631 3318 3696 amantque
3339 3626 3515 3697 (255).

1906 3716 2079 3787 Ergo.

1973 3804 2103 3858 Non
2137 3806 2254 3859 istic
2279 3803 2488 3877 obliquo
2519 3804 2667 3861 oculo
2693 3821 2808 3859 mea
2837 3802 3062 3859 famina
3089 3803 3324 3876 quisquis
3363 3812 3410 3845 οδ

1971 3893 2163 3962 Limet,
2198 3911 2305 3948 non
2347 3894 2466 3948 odio
2507 3893 2724 3949 obscuro
2775 3909 3052 3965 morsuque
3087 3898 3300 3948 venenet
3329 3892 3509 3963 (256).

1901 3981 2013 4038 Sed
2029 3986 2111 4050 tu,
2136 3985 2301 4055 pater
2319 3982 2669 4051 beatissime,
2686 3983 2800 4039 mei
2821 3985 3260 4058 laboristuaque
3282 3980 3496 4050 adhor-

1904 4071 2142 4127 talionis
2167 4075 2416 4128 assertor
2441 4080 2507 4140 οι,
2524 4088 2722 4129 caveas
2741 4089 3008 4133 securum
3040 4086 3087 4122 π
3110 4085 3512 4153 meperactum

1496 4167 1730 4222 VARUE
1784 4168 2072 4225 LECTION
2078 4168 2181 4227 ES.

252 4275 298 4307 ει
335 4264 648 4336 exemplari
682 4281 822 4319 corr.
858 4265 1172 4336 exemplari
1204 4269 1255 4322 2.
1320 4274 1368 4308 οδ
1394 4267 1705 4391 aliquando
1735 4284 1873 4325 corr.
1907 4268 2206 4339 aliquanto
2233 4271 2312 4348 2..
2365 4276 2410 4310 θα
2439 4268 2669 4340 lipidius
2703 4275 2751 4326 1.
2789 4281 2834 4316 ατ
2867 4274 3057 4345 polliri
3078 4294 3216 4334 corr.
3247 4280 3416 4351 poliri
3459 4286 3514 4340 2ο

252 4339 338 4391 ius
366 4339 716 4391 correctiones
745 4337 1005 4391 eiusmodi
1033 4355 1138 4391 non
1166 4354 1342 4391 omnes
1370 4345 1486 4391 altu
1513 4341 1548 4391 i.
1628 4346 1674 4380 σθ
1705 4339 1846 4391 scitu
1868 4338 1997 4391 Sur.
2075 4347 2120 4380 σο
2152 4339 2392 4391 flumine
2421 4343 2470 4391 1.
2504 4345 2558 4391 2.
2591 4345 2642 4391 3.
2702 4351 2749 4385 7o
2781 4344 3002 4391 silentia
3033 4365 3166 4391 mrr,
3206 4351 3438 4391 υτίρηιίς.
3468 4359 3485 4391 ι

179 4339 338 4407 cuius
366 4339 716 4392 correctiones
745 4337 1005 4407 ejusmodi
1033 4355 1138 4392 non
1166 4354 1342 4391 omnes
1370 4345 1486 4391 altu

179 4416 222 4480 τε
275 4408 544 4480 expediat
576 4411 629 4462 3.
687 4477 695 4480 _
726 4415 772 4448 ’τι
802 4424 858 4478 p.
894 4425 1095 4463 acervo
1125 4412 1179 4480 ﬁt.
1212 4408 1346 4466 Sur.
1375 4408 1478 4464 Ch.

178 4477 365 4533 detur:
405 4477 699 4533 numerari
734 4477 818 4533 1.“
860 4487 906 4520 τι
942 4495 1074 4534 cum
1103 4479 1236 4534 Sur.

1513 4341 1548 4392 τ’,
1628 4346 1674 4380 es
1705 4339 1846 4413 scitu
1868 4338 2025 4396 Sur.’
2075 4347 2120 4380 σο
2152 4339 2392 4413 flumine
2421 4338 2558 4396 1.“2.
2591 4345 2642 4396 3.
2702 4351 2749 4385 70
2781 4338 3008 4402 silentia
3033 4365 3170 4404 corr.
3205 4338 3444 4406 séientia
3468 4338 3517 4413 1.

1574 4417 1620 4480 ἰδ
1659 4409 1886 4480 antiqus
1921 4413 1968 4463 1.

1315 4488 1362 4521 το
1395 4479 1830 4535 auctoritatibus
1857 4482 1898 4552 Β
1935 4485 1982 4536 1.
2061 4489 2107 4552 τᾳ
2151 4481 2406 4552 ἱίαᾼοονγξ.
2441 4485 2493 4537 2.
2529 4479 2777 4552 optineri
2820 4491 2867 4540 1.
2904 4491 2954 4542 3.
2989 4491 3029 4543 Β
3079 4495 3128 4550 1.
3163 4491 3224 4546 C.
3254 4493 3299 4546 D
3336 4497 3383 4547 1.
3437 4497 3515 4551 1³.

2072 4417 2118 4450 τι
2149 4410 2225 4484 ita
2258 4427 2302 4466 e.
2336 4427 2472 4464 corr.
2516 4417 2568 4466 2.
2601 4415 2698 4484 qui
2725 4418 2953 4472 numeri
2996 4426 3055 4472 ut
3094 4424 3126 4475 2
3168 4421 3410 4478 habuisse
3442 4410 3519 4478 vi;

181 4559 224 4592 ιδ
257 4550 560 4622 oportunis
591 4549 652 4604 C.
729 4557 774 4591 ’το
802 4552 878 4604 ita
903 4566 1046 4606 corr.
1083 4553 1133 4605 2.
1165 4551 1402 4605 inferaci
1434 4567 1664 4622 semper
1693 4555 1740 4604 1.
1777 4554 1828 4605 3.
1871 4551 2203 4605 inferaciter
2233 4550 2332 4604 fiat
2359 4549 2490 4611 Sur.
2521 4549 2621 4608 Ch.
2700 4563 2746 4596 80
2818 4557 2953 4612 rimi
2989 4549 3124 4616 Sur.
3198 4571 3242 4605 δι
3275 4565 3348 4616 ita
3385 4567 3432 4618 ι,
3459 4549 3511 4621 ρξ

181 4624 232 4676 3.
267 4621 391 4675 dec.
424 4651 493 4660 —
520 4620 645 4675 dec.
681 4619 779 4677 Ch.
860 4630 906 4663 ⁸³
932 4623 994 4674 ut
1025 4621 1268 4679 Drecipit
1292 4630 1405 4679 post
1434 4621 1560 4679 add.
1597 4627 1650 4676 2.
1727 4630 1772 4663 ⁸³
1800 4625 1873 4676 ita
1905 4621 2102 4678 Surius
2127 4649 2140 4679 ς
2162 4621 2302 4675 deest
2330 4624 2385 4675 in
2413 4625 2657 4679 omnibus
2687 4572 2838 4679 codri.
2875 4645 2990 4679 non
3023 4649 3159 4679 mrr-
3195 4638 3247 4679 ί),
3327 4644 3371 4676 ει
3397 4652 3511 4679 mn.

179 4624 232 4676 3.
267 4619 396 4694 d'ec:
424 4651 493 4660 —
520 4620 645 4675 dec.
681 4619 779 4694 Ch.
860 4621 1268 4694 Sfutprecipit
1290 4619 1577 4694 postaddf
1597 4627 1650 4676 2.
1727 4630 1778 4694 837
1800 4625 1873 4676 ita
1905 4621 2102 4678 Surius
2123 4649 2140 4688 ,-
2162 4621 2302 4675 deest
2330 4624 2385 4675 in
2413 4625 2657 4680 omnibus
2687 4644 2746 4680 co

2784 4629 2838 4682 d.
2875 4645 2990 4683 non
3023 4649 3160 4687 corr.
3195 4638 3247 4688 2.
3327 4644 3371 4676 ⁸⁸
3397 4652 3514 4692 ma-

177 4708 327 4762 gnas
355 4690 486 4747 Sur.
513 4762 528 4764 _
564 4699 611 4733 85
641 4692 788 4746 vires
817 4692 966 4746 addit
983 4690 1115 4748 ὅταν.
1188 4690 1238 4734 ξι
1259 4690 1528 4764 amicitias
1563 4698 1612 4750 1.
1690 4701 1733 4735 87
1768 4693 1985 4764 impato
2023 4699 2071 4748 1.
2148 4701 2194 4734 8⁸
2227 4694 2452 4748 numeri
2485 4701 2537 4752 3.
2614 4705 2660 4739 ον
2690 4699 3068 4755 adhortandis
3097 4706 3148 4758 3.
3225 4714 3272 4746 90
3302 4690 3510 4762 volun-

181 4764 393 4841 tarium
417 4766 467 4818 3.
495 4762 628 4818 Sur.
687 4771 749 4841 ὀί
780 4765 1208 4841 expostulavero
1237 4763 1382 4841 Sur._
1449 4769 1799 4841 {arrogant
1831 4762 1887 4830 2,
1920 4765 2162 4841 ᾅδην.-
2209 4773 2256 4806 οδ
2287 4765 2452 4838 quisq
2482 4770 2533 4822 2.
2570 4770 2620 4826 3.
2647 4768 2949 4841 quisquam
2977 4771 3118 4830 Sur.
3200 4784 3246 4818 νι
3275 4777 3508 4834 afferior

179 4838 232 4889 2.
263 4837 320 4890 3.
349 4851 486 4889 corr.
523 4837 772 4888 assertor
804 4834 864 4890 2."
887 4834 1132 4890 asserior
1158 4840 1204 4888 1.
1282 4843 1328 4877 οι
1357 4836 1441 4891 ita
1468 4835 1597 4891 Sur.
1623 4834 1947 4890 insecurum
1975 4840 2021 4903 l,
2055 4841 2107 4891 2.
2139 4837 2192 4892 3.

1731 4933 1954 4990 NOTAE.

249 5022 391 5090 (214)
437 5022 634 5078 Horat.
664 5021 850 5077 Serm.
885 5023 926 5088 Ι,
961 5024 1046 5089 10,
1079 5023 1165 5077 34.

250 5093 403 5161 (245)
444 5093 528 5148 Cf.
566 5091 865 5147 Claudian.
901 5093 971 5147 de
1004 5093 1137 5147 bell.
1167 5093 1290 5148 Get.
1319 5096 1444 5148 457.

249 5163 1022 5236 (246)ίΗὶΙάιξίηἰῄρρίεὶΟΙᾶῐη
1051 5165 1121 5218 ad
1147 5164 1497 5236 Ludovicum
1532 5161 1695 5236 Pium
1729 5163 1786 5220 S.

179 5233 720 5319 PienjéiiApassioni
763 5233 1131 5305 praemissam
1177 5239 1309 5290 ante
1367 5235 1559 5290 oculos
1592 5233 1784 5288 habet.

179 5308 305 5363 Sur.
341 5308 403 5373 V,
434 5308 562 5360 636.

187 5379 392 5468 ,(247)
424 5377 552 5432 Vita
579 5376 639 5432 S.
675 5375 919 5448 Remigii
951 5376 1174 5449 praefat.
1209 5381 1260 5432 7.
1295 5378 1398 5431 Aet
1447 5375 1546 5432 SS.
1582 5375 1706 5431 Oct.
1744 5377 1784 5442 Ι,

182 5453 399 5591 “(2548)
428 5521 669 5576 Terent.
702 5517 943 5591 adelphi
976 5518 1040 5584 v,
1072 5518 1126 5591 4,
1164 5522 1213 5572 1.

202 5589 390 5722 dias)
433 5593 472 5649 i.
531 5608 585 5646 e.
628 5606 658 5643 e
709 5589 965 5644 Vitarum
1016 5589 1164 5644 serie
1202 5589 1494 5657 selectam,
1543 5589 1783 5646 seorsim

169 5681 255 5722 ei
321 5682 402 5722 m.

1819 5025 1906 5104 Ι).
1969 5024 2116 5104 (256)
2148 5024 2440 5104 Ciceronis
2469 5027 2660 5104 locum
2691 5027 2762 5082 de
2791 5027 3028 5083 Oratore
3064 5031 3143 5099 lll,
3189 5034 3254 5087 26
3296 5051 3359 5091 ex
3395 5057 3499 5098 suo

1893 5111 1948 5148 ιη

1998 5095 2128 5150 enio
2156 5095 2592 5152 interpretatur.

1998 5112 2128 5150 emo
2156 5111 2308 5151 inter
2351 5111 2592 5152 reiatur.

1957 5111 2108 5236 €251)
2137 5167 2172 5221 i.
2209 5184 2259 5221 e.
2296 5114 2585 5234 (fecenler,
2615 5167 2898 5226 decentia.

1957 5238 2110 5310 (252)
2140 5237 2334 5310 Horat.
2366 5242 2470 5292 Ars
2496 5239 2703 5310 poetic,
2745 5244 2859 5296 119.

1961 5308 2110 5388 (253).
2139 5309 2174 5362 1.
2209 5325 2260 5362 e.
2287 5308 2566 5388 dubium;
2602 5327 2702 5366 vox
2726 5313 2877 5384 apud
2907 5315 3155 5388 Festum,
3175 5319 3491 5385 Varronem

1889 5375 2218 5432 Lucretium
2251 5379 2434 5434 obvia.

2137 5449 2757 5524 _ltfa1'tial_._epigramm.
2785 5456 2848 5521 V,
2887 5461 2957 5512 60
2981 5461 3053 5514 ad
3084 5464 3342 5524 Stellam.

1957 5521 2106 5592 (255)
2137 5520 2310 5592 tlorat
2359 5520 2548 5592 Eppfl
2567 5524 2602 5590 l,
2629 5530 2681 5591 2,
2709 5529 2800 5581 58.

1955 5591 2104 5674 (ρᾷᾷ)
2133 5590 2744 5674 gommpdu-quisquam
2781 5598 2952 5668 limat,
2993 5606 3100 5660 etc.
3138 5613 3268 5665 sunt
3315 5617 3486 5674 verba

1883 5662 2100 5734 Horati,
2133 5664 2272 5737 Epp.
2314 5665 2353 5734 l,
2384 5662 2488 5735 14,’
2509 5662 2596 5726 37.
