3902 6210
406 394 539 460 1007

399 521 605 578 reddat
633 521 910 592 officium,
943 539 1074 580 cum
1107 525 1207 580 tibi
1237 524 1423 597 pudor
1441 521 1610 578 amici
1631 519 1858 592 dignius
1877 533 2006 590 pos-

398 609 472 665 sit
496 611 824 680 convenire,
857 613 902 668 si
931 613 1194 685 displicet
1225 622 1294 669 ³⁸.

399 703 452 754 2.
479 707 524 743 ³⁷
559 699 716 768 Quod
742 701 887 757 Deus
911 706 1088 756 omnia
1111 706 1169 758 in
1199 718 1417 757 numero
1451 707 1500 756 et
1521 698 1758 771 pondere
1785 705 1835 754 et
1866 713 2010 751 men-

645 807 776 844 sura
801 793 1093 859 constituit,
1121 799 1171 846 et
1191 791 1258 845 de
1286 791 1537 860 mysterio
1567 791 1756 844 crucis.

470 880 618 935 Deus
641 897 865 936 summe
895 882 1098 949 bonus,
1131 882 1290 953 cujus
1322 880 1514 936 divina
1552 895 1617 934 ex
1649 881 1868 932 aeterno
1903 892 2004 930 na-

398 970 530 1023 tura
557 972 766 1040 regnat
787 973 845 1025 et
873 969 934 1024 in
955 973 1240 1025 aeternum
1263 969 1387 1024 sine
1416 968 1608 1040 aliqua
1625 964 2009 1021 mutabilitate

397 1057 692 1128 perdurat,
727 1057 926 1113 omnia
952 1057 1260 1129 providens
1285 1066 1331 1100 οε
1356 1057 1784 1130 prudenterque
1816 1053 2008 1124 dispo-

400 1160 566 1213 nens,
595 1145 859 1201 universa
888 1146 947 1201 in
981 1163 1227 1202 numero
1256 1149 1313 1201 et
1340 1160 1612 1200 mensura
1658 1147 1716 1198 et
1753 1141 2010 1214 pondere

401 1233 755 1290 constituens
783 1235 928 1306 (257i
967 1233 1230 1306 (Sapient.
1278 1251 1353 1301 χι,
1388 1233 1500 1305 21),
1539 1232 1728 1303 ipsum
1779 1243 2009 1301 quoque

399 1322 782 1378 universitatis
796 1323 1077 1378 mundum
1094 1325 1298 1396 sponte
1311 1323 1532 1394 sibique
1545 1323 1772 1375 tantum
1785 1335 1849 1373 co
1857 1317 2010 1372 nscia

398 1413 715 1480 voluntate,
739 1428 870 1466 cum
886 1429 1004 1466 non
1036 1413 1389 1478 subsisteret,
1415 1410 1719 1484 pulchrum
1744 1407 2006 1479 pulcher-

399 1500 582 1556 rimus
607 1501 840 1568 creavit,
865 1503 928 1556 ut
958 1505 1138 1573 esset;
1174 1517 1292 1556 non
1316 1517 1451 1556 eum
1483 1516 1550 1555 ex
1581 1515 1682 1552 sua
1707 1495 2009 1570 proferens

397 1588 736 1657 substantia,
754 1605 826 1645 ne
855 1593 1177 1645 coaeternus
1189 1589 1540 1655 crederetur,
1555 1585 1768 1659 quippe
1790 1601 1856 1640 ex
1873 1599 2006 1656 pro-

397 1678 526 1752 pria
555 1679 800 1734 essentia
831 1687 877 1722 ⁸³
902 1679 1090 1734 solum
1122 1681 1179 1734 et
1203 1679 1307 1732 sibi
1330 1680 1468 1732 nota
1494 1675 1720 1730 ratione
1765 1675 2002 1728 coazter-

395 1783 563 1836 num,
589 1783 692 1839 per
719 1768 876 1840 quod
909 1767 1108 1822 omnia
1137 1767 1550 1831 formarentur,
1574 1780 1641 1818 ex
1667 1762 1840 1817 corde
1873 1778 2002 1816 eru-

971 397 1300 461 HERIGERI
1335 401 1419 460 ΕΤ
1447 398 1745 458 ANSELMI
1781 397 2002 456 GESTA
2039 396 2256 458 EPISC.
2297 398 2549 460 TUNGR.
2586 400 2777 464 TRAJ.
2819 403 2902 461 ET
2939 403 3145 468 LEOD.

3584 409 3602 466 1
3614 405 3722 468 008

2107 520 2410 596 ipsumque
2443 524 2600 596 quod
2626 525 2783 580 idem
2813 541 2918 597 pro
2944 533 3142 583 nostra
3168 531 3571 602 assumpturus
3591 535 3719 588 erat

2107 611 2286 666 salute
2317 611 2638 668 humanum
2659 629 2884 686 corpus,
2903 615 3254 687 quadrifaria
3266 622 3416 674 esset
3426 619 3722 676 soliditate

2107 699 2828 775 perfecturus,insigneque
2848 702 2984 758 inde
3005 703 3240 761 vivificze
3255 707 3458 774 crucis,
3478 709 3546 762 ut
3565 711 3721 764 esset

2108 788 2464 844 obstaculum
2489 789 2756 846 adversus
2770 791 3035 848 omnium
3059 793 3295 850 insidias
3313 795 3714 867 inimicorum,

2107 877 2498 950 quadrilatera
2514 881 2880 952 porrectione
2902 899 3002 938 san
3011 886 3222 940 cturus.
3239 884 3404 950 Quod
3417 887 3478 942 in
3491 887 3710 943 karita-

2107 965 2180 1021 tis
2208 967 2468 1022 omnium
2497 968 2774 1024 virtutum
2796 969 3224 1042 perfectissimae
3243 974 3606 1045 plenitudine
3629 976 3716 1032 vi-

2109 1054 2278 1110 detur
2308 1058 2601 1128 apostolus
2617 1059 3050 1115 commendare.
3071 1059 3140 1114 In
3157 1063 3392 1118 [caritate
3417 1062 3610 1137 inquit
3629 1083 3726 1120 ra-

2107 1143 2274 1198 dieati
2301 1152 2350 1198 et
2369 1144 2608 1215 fundati,
2641 1153 2702 1200 ut
2722 1149 2931 1218 possitis
2941 1151 3380 1222 comprehendere
3396 1169 3522 1208 cum
3541 1157 3721 1210 omni-

2111 1232 2202 1286 bus
2221 1235 2416 1286 sanctis
2434 1249 2554 1305 quae
2575 1235 2643 1288 sit
2669 1235 2913 1304 latitudo,
2930 1237 3222 1310 longitudo,
3249 1240 3548 1297 sublimitas
3571 1249 3642 1285 ίοτ
3673 1250 3722 1298 et

2105 1321 2436 1392 profundum
2476 1322 2622 1395 (259)
2650 1323 2867 1396 (Ephes.
2900 1342 2986 1393 ιη,
3037 1330 3144 1398 17).
3176 1328 3260 1394 [ln
3306 1329 3619 1386 latitudine
3649 1339 3718 1375 ιω

2107 1409 2320 1464 scilicet
2344 1410 2497 1466 bona
2528 1428 2706 1482 opera
2735 1413 3014 1482 karitalis,
3045 1415 3105 1470 in
3135 1416 3502 1489 longitudine
3526 1435 3720 1490 perse-

2107 1498 2428 1554 verantiam
2460 1500 2852 1572 perfectionis,
2883 1503 2940 1557 in
2960 1504 3262 1560 altitudine
3288 1507 3529 1578 praemia
3544 1509 3718 1580 regni

2105 1586 2363 1655 caelestis,
2401 1587 2459 1642 in
2491 1589 2779 1660 profundo
2825 1590 3216 1648 inscrutabilia
3245 1593 3478 1665 signans
3503 1595 3719 1667 juditia

2106 1675 2544 1746 omnipotentis.
2577 1677 2821 1750 huicque
2853 1680 3165 1736 intellectui
3195 1686 3475 1755 coaptans
3499 1689 3719 1757 myste-

2105 1763 2255 1818 rium
2284 1764 2590 1820 salutifera:
2617 1766 2800 1822 crucis
2825 1769 3022 1840 (260).]
3048 1770 3214 1834 Quod
3243 1770 3302 1826 in
3324 1787 3394 1828 eo
3423 1781 3495 1815 ιοο
3517 1777 3722 1830 auctor

397 1857 692 1912 ctuaverat
718 1855 982 1910 verbum.
1015 1855 1210 1928 Neque
1233 1857 1296 1909 ut
1316 1854 1473 1909 idem
1504 1854 1800 1907 crearetur
1829 1866 2000 1904 mun-
2023 1845 2074 1905 Β
2104 1851 2526 1923 redemptionis
2555 1856 2764 1910 nostras
2794 1856 2974 1911 voluit
2995 1861 3201 1928 sponte
3216 1860 3516 1928 subire,ut
3535 1862 3720 1933 passis

395 1944 504 2000 dus
527 1944 760 1999 molitus
780 1946 864 1998 est
884 1943 1138 2010 aliunde,
1172 1959 1244 1997 ne
1265 1943 1394 2014 jam
1415 1942 1510 1996 vel
1541 1941 1601 1995 in
1632 1938 1898 2006 materia,
1915 1939 2003 1993 vel

392 2032 455 2088 in
490 2040 560 2076 10°
580 2031 992 2105 cooperatione
1023 2031 1366 2087 altrinsecus
1395 2034 1544 2085 esset
1563 2029 1718 2102 quod
1736 2028 1858 2098 eius
1876 2043 2000 2083 om-

393 2119 922 2193 nipotentissimam
953 2121 1311 2175 voluntatem
1335 2121 1495 2174 extra
1515 2117 1708 2190 petitis
1725 2133 1816 2171 am
1826 2115 2006 2170 mini-

391 2209 552 2277 culis,
581 2225 690 2265 nec
717 2208 856 2265 satis
899 2209 968 2264 ad
1015 2208 1074 2264 id
1120 2207 1524 2281 peragendum
1564 2204 2000 2272 sufﬁcientibus,

392 2297 708 2371 adjuvaret,
745 2313 812 2354 ac
843 2297 1087 2354 subinde
1107 2299 1221 2352 tale
1247 2296 1526 2370 quiddam
1546 2296 1693 2349 esset
1717 2294 1870 2366 quod
1901 2309 2004 2348 ne-

393 2402 506 2461 que
535 2388 752 2444 factum
780 2387 852 2442 ab
877 2387 1000 2458 ipso
1031 2389 1179 2441 esset
1209 2389 1266 2441 et
1307 2389 1507 2440 tamen
1549 2387 1728 2452 esset;
1762 2399 1880 2438 non
1911 2382 2004 2436 in-

391 2493 590 2550 quam,
621 2476 722 2531 sed
771 2475 946 2530 verbo
997 2476 1166 2529 caelos
1211 2471 1648 2528 convivificante
1703 2479 1769 2513 ιοί
1799 2469 2002 2543 spiritu

388 2564 668 2620 volubiles
697 2561 982 2635 perduxit,
1015 2565 1074 2616 et
1100 2565 1163 2615 ut
1194 2562 1404 2634 pellem
1435 2559 1708 2614 omnibus
1736 2575 2002 2630 superex-

387 2651 578 2709 tendit
599 2651 776 2722 (Psal.
805 2650 1000 2722 cm,2),
1030 2654 1248 2705 terram
1277 2665 1412 2704 vero
1439 2647 2002 2703 circumlibrantibus

392 2741 648 2813 undique
678 2739 981 2796 elementis
1006 2739 1066 2794 in
1088 2739 1281 2794 medio
1304 2737 1570 2792 omnium
1597 2737 2003 2804 eollocavit,1ta

389 2835 456 2886 ut
495 2829 706 2886 caelesti
731 2827 1092 2883 habitatione
1122 2828 1262 2882 caelo
1299 2826 1506 2898 dignas
1537 2829 1773 2881 naturas
1803 2825 2001 2880 efﬁce-

390 2921 503 2984 ret,
527 2917 598 2973 de
619 2920 778 2972 terra
794 2932 929 2970 vero
949 2918 1180 2970 terrena
1199 2913 2000 2986 componeret(258).0uippe

393 3005 656 3063 omnium
682 3002 1134 3078 potentissimus,
1166 3004 1318 3058 solus
1348 3017 1574 3058 summe
1592 3012 1661 3045 ίο²
1686 3003 1891 3066 bonus,
1913 3019 2002 3056 so-

391 3097 480 3151 lus
495 3093 834 3150 naturaliter
851 3108 1016 3160 unus,
1041 3096 1098 3148 et
1121 3092 1276 3164 quod
1307 3092 1400 3162 huj
1413 3091 1636 3146 usmodi
1661 3091 1732 3146 sit
1755 3092 1909 3146 solus
1939 3094 2000 3146 ut
2023 3117 2070 3176 Ο

389 3183 538 3240 nihil
563 3184 720 3239 aliud
743 3182 816 3238 sit
837 3181 944 3236 nisi
960 3182 1164 3248 bonus,
1186 3181 1282 3254 qui
1300 3189 1369 3223 103
1383 3189 1449 3223 ίοι
1475 3181 1676 3236 omnia
1695 3182 1767 3236 de
1788 3180 1998 3235 nichilo

391 3277 451 3328 et
478 3289 547 3327 ex
593 3287 713 3326 non
761 3269 1200 3326 subsistentibus
1254 3285 1467 3340 nempe
1509 3271 1662 3324 solus
1690 3267 2000 3324 subsistens

392 3359 606 3416 creavit
623 3359 786 3414 valde
811 3359 984 3414 bona.
1010 3358 1146 3422 Quae
1171 3359 1446 3431 quoniam
1471 3375 1588 3414 non
1618 3360 1752 3412 sunt
1773 3366 1842 3400 ιοδ
1858 3357 1998 3412 sim-

391 3448 563 3522 plicia
600 3479 669 3489 -—
716 3464 834 3502 non
873 3447 1032 3502 enim
1073 3464 1177 3518 per
1222 3465 1280 3502 se
1333 3447 1697 3518 prodierunt,
1744 3463 1848 3500 nec
1879 3462 2000 3500 esse

393 3554 629 3612 prorsus
656 3539 950 3610 poterant,
983 3535 1089 3590 nisi
1121 3553 1190 3590 ea
1239 3536 1304 3604 is,
1349 3536 1445 3608 qui
1476 3537 1629 3591 solus
1659 3535 2002 3590 naturaliter

394 3628 581 3682 bonus
610 3630 697 3680 est
718 3634 810 3693 ίοο,
843 3641 966 3680 esse
987 3623 1256 3679 voluisset
1276 3655 1340 3664 —
1359 3624 1490 3679 ideo
1508 3624 1644 3695 quia
1664 3623 1882 3677 bonum
1906 3639 2001 3677 eo-

394 3732 526 3770 rum
557 3731 591 3770 a
619 3731 847 3770 summo
897 3714 1052 3768 bono
1091 3712 1325 3784 prodiit,
1379 3729 1580 3767 eorum
1627 3727 1855 3782 quoque
1882 3727 2001 3765 esse

395 3819 629 3860 necesse
650 3807 736 3859 est
764 3805 984 3859 bonum
1009 3801 1096 3856 sit.
1117 3800 1325 3855 Omnia
1342 3799 1654 3871 inquamin
1681 3815 1925 3854 numero
1947 3803 2003 3854 et

396 3907 672 3948 mensura
691 3895 749 3946 et
767 3889 1028 3962 pondere
1056 3888 1170 3942 suis
1196 3905 1438 3959 quasque
1479 3887 1838 3960 temporibus
1867 3903 1999 3958 pro-

397 3981 588 4037 ditura
613 3978 927 4043 constituit,
959 3977 1264 4048 ipsumque
1298 3975 1683 4030 universitatis
1715 3975 2000 4030 mundum

397 4069 770 4142 prmdifﬁnita
811 4065 1184 4138 dispositione
1221 4065 1653 4138 quadripertitis
1697 4065 2000 4120 elementis

395 4156 1036 4226 constantem,quatuor
1055 4169 1283 4225 quoque
1301 4154 1601 4226 plagarum
1615 4154 1845 4208 climate
1862 4169 1999 4224 qua-

395 4243 600 4313 dravit,
616 4241 1048 4314 dispositissima
1068 4240 1518 4312 dispensatione,
1552 4246 1612 4296 ut
1636 4242 1790 4297 credi
1805 4241 1994 4308 datur,

383 4334 512 4406 jam
540 4333 924 4406 praesignans,
955 4332 1110 4404 quod
1132 4331 1456 4399 hominem,
1487 4348 1663 4404 quem
1703 4333 1996 4384 crcalurus

389 4425 516 4479 erat
553 4425 612 4478 et
646 4424 885 4496 propter
938 4436 1112 4494 quem
1143 4425 1347 4478 cuncta
1373 4421 1614 4476 visibilia
1651 4417 1992 4484 fabricabat,

2103 1939 2310 2010 palmis
2336 1940 2396 1996 in
2429 1957 2616 2008 cruce,
2645 1943 2979 2016 reliquoque
3007 1945 3288 2002 distentus
3303 1963 3572 2020 corpore,
3596 1949 3719 2022 ipsa

2103 2029 2501 2084 membrorum
2541 2030 2826 2103 positione
2856 2033 3054 2088 omnia
3083 2035 3157 2090 ad
3187 2051 3246 2089 se
3294 2034 3569 2091 credatur
3602 2041 3718 2092 tra-

2102 2116 2262 2172 xisse.
2301 2119 2379 2183 [1n
2419 2118 2742 2183 latitudine,
2785 2137 2899 2192 quo
2932 2138 3036 2195 per
3072 2127 3466 2179 transversum
3507 2127 3720 2182 exten-

2103 2205 2318 2260 duntur
2334 2221 2561 2272 manus,
2583 2211 2822 2279 propter
2831 2207 3118 2264 bonorum
3135 2225 3375 2282 operum
3393 2213 3718 2270 secundum

2102 2292 2410 2349 karilatem
2424 2295 2860 2351 exhibitionem.
2878 2297 2937 2351 lu
2951 2298 3312 2369 longitudine
3331 2317 3570 2374 quoque
3584 2319 3718 2376 pro-

2104 2386 2232 2454 pter
2255 2384 2434 2439 tocius
2461 2384 2720 2456 corporis
2749 2385 3222 2459 cruciﬁxionem,]
3263 2390 3635 2446 voluntatem
3661 2391 3718 2446 in

2103 2471 2411 2528 exibitione
2441 2473 2704 2528 karitatis
2727 2475 3461 2546 longanimem,borealem
3484 2497 3607 2536 suae
3629 2497 3723 2554 ag-

2104 2561 2307 2614 nitioni
2331 2563 2562 2634 plagam
2596 2561 2781 2616 missis
2811 2564 3120 2618 cultoribus
3146 2565 3365 2620 addixit
3411 2568 3641 2640 pariter
3664 2571 3721 2624 et

2103 2649 2433 2704 australem.
2451 2651 2538 2721 [In
2556 2649 2881 2718 altitudine,
2902 2668 3014 2724 quo
3033 2657 3202 2724 caput
3225 2655 3407 2710 voluit
3428 2657 3718 2727 eminere,

2103 2741 2339 2810 propter
2369 2753 2752 2808 supernorum
2796 2747 2866 2781 ίίο
2909 2741 3324 2812 promissorum
3359 2747 3721 2816 expectatio-

2103 2836 2286 2896 nem,]
2333 2824 2676 2881 orientalem
2727 2828 2922 2883 multis
2960 2829 3212 2885 accensis
3265 2832 3719 2903 praedicantium

2100 2913 2480 2969 luminaribus
2506 2914 2765 2970 irradiari
2800 2917 3238 2988 voluitpartem.
3261 2920 3340 2991 [In
3355 2921 3718 2993 profundum

2102 3011 2168 3045 ίιι
2200 3007 2420 3070 autem,
2451 3021 2565 3076 quo
2601 3005 2706 3059 sub
2737 3005 2977 3078 pedibus
3003 3023 3135 3079 pars
3154 3009 3336 3064 crucis
3365 3009 3428 3066 in
3460 3013 3719 3068 abscon-

2101 3091 2220 3146 dito
2253 3095 2420 3146 terrm
2435 3093 2620 3148 deﬁxa
2637 3087 2822 3163 latuit,
2838 3099 3076 3168 propter
3096 3099 3380 3154 occultam
3400 3099 3718 3158 hominum

2099 3196 2165 3234 ex
2197 3179 2296 3235 Dei
2322 3181 2616 3236 voluntate
2647 3183 3054 3252 vocationem,]
3085 3188 3318 3259 plagam
3347 3205 3466 3244 sua:
3511 3193 3716 3248 volun-

2097 3270 2201 3324 tati
2231 3269 2564 3342 mancipare
2595 3271 2864 3344 dignatus
2889 3277 2976 3328 est
2996 3275 3436 3335 occidentalem.
3455 3279 3573 3334 Nec
3597 3281 3718 3336 fru-

2097 3361 2215 3411 stra
2236 3357 2368 3412 illuc
2397 3359 3000 3416 misericordissimum
3033 3363 3328 3435 spetialius
3357 3366 3601 3423 deﬂexit
3629 3370 3720 3426 in-

2101 3445 2331 3512 tuitum,
2360 3464 2463 3500 non
2488 3449 2626 3501 enim
2641 3453 2734 3521 qui
2746 3451 2868 3504 sani
2883 3456 3010 3506 sunt
3033 3459 3183 3522 egent
3196 3453 3417 3509 medico.
3449 3455 3718 3530 Venitque

2099 3551 2284 3590 vocare
2305 3542 2600 3606 peccatores
2626 3537 2697 3592 ad
2729 3541 3119 3610 paenitentiam,
3146 3559 3249 3596 non
3260 3542 3444 3613 justos
3468 3544 3628 3610 (Luc.
3664 3563 3714 3614 ν,

2103 3627 2211 3689 3|).
2242 3624 2626 3681 Orientalibus
2649 3627 2863 3682 etenim
2898 3629 3242 3700 quibusdam
3266 3639 3336 3673 m
3363 3648 3588 3690 nomen
3612 3636 3719 3690 Do-

2104 3713 2243 3768 mini
2285 3713 2622 3769 timentibus
2663 3717 2747 3770 sol
2787 3717 3029 3787 justiciaa
3062 3719 3504 3790 quodammodo
3553 3724 3712 3779 vide-

2100 3800 2270 3855 batur
2294 3805 2542 3868 exortus,
2575 3819 2708 3857 cnm
2747 3804 3133 3861 occidentales
3172 3808 3434 3863 tenebris
3481 3827 3716 3884 semper

2102 3889 2310 3958 objecti
2346 3889 2712 3962 ignorantiae,
2754 3892 3102 3964 delegissent
3143 3899 3384 3951 eatenus
3429 3903 3713 3956 creaturae

2100 3977 2290 4047 Potius
2315 3995 2490 4050 quam
2526 3980 2772 4034 creatori
2797 3981 3084 4037 deserure
3112 3991 3181 4025 ω

2097 4063 2152 4118 3.
2188 4073 2256 4107 ιιι
2307 4066 2462 4132 Quod
2513 4069 2778 4124 Dominus
2833 4070 3178 4126 occidentales
3219 4080 3402 4144 partes
3462 4078 3712 4148 apostolis

2265 4166 2286 4174 ‘
2309 4153 2472 4210 Petro
2493 4162 2543 4210 et
2565 4156 2742 4211 Paulo
2766 4158 3019 4229 dignatus
3043 4166 3116 4214 est
3143 4161 3437 4218 illustrare.

2169 4243 2293 4298 Non
2321 4243 2558 4315 inquam
2591 4245 2802 4302 frustra
2820 4247 3068 4302 occiduis
3092 4249 3350 4321 partibus
3371 4255 3709 4322 pendensin

2097 4347 2262 4385 cruce
2294 4333 2583 4404 spetialius
2601 4335 3085 4407 benignissimum
3109 4337 3380 4408 dignatus
3421 4345 3510 4396 est
3545 4343 3712 4400 obtu-

2095 4424 2220 4474 tum
2246 4419 2570 4488 intendere,
2593 4438 2735 4495 quas
2763 4424 2942 4479 voluit
2970 4425 3144 4480 tantis
3173 4425 3705 4501 doctoribus,Petro

1709 4516 1796 4570 VA
1805 4515 1944 4570 ΒΙίΕ
1981 4516 2270 4574 LECTION
2276 4517 2376 4574 ES.

459 4628 505 4664 σο
533 4619 668 4675 Vale
690 4618 839 4674 addit
862 4617 993 4675 Sur.
1019 4645 1035 4684 ,-
1061 4624 1352 4688 sequuntur
1373 4615 1517 4688 apud
1535 4614 1755 4688 eundem
1783 4615 1842 4668 Ιιί
1859 4629 2066 4669 versus:

952 4685 1248 4754 Quod—nec
1273 4685 1419 4742 vota’
1434 4687 1550 4759 pati
1573 4702 1678 4759 nec
1710 4685 1932 4759 fingere
1952 4686 2180 4740 somnia
2204 4692 2463 4758 possunt,

949 4759 1212 4836 Gaudeas
1243 4757 1476 4836 semper
1502 4758 1682 4836 habe:
1708 4757 1965 4836 gaudept
1989 4773 2106 4836 pra:
2143 4757 2598 4836 nomiuemolles

948 4831 1231 4885 Auriculze
1257 4847 1270 4883 :
1302 4827 1406 4884 tibi
1433 4845 1528 4883 me
1567 4827 1744 4884 virtus
1771 4831 1868 4882 tua
1896 4827 2031 4881 fecit
2054 4828 2326 4883 amicum.
2348 4833 2561 4886 lterum
2592 4835 2736 4895 vale.

449 4916 495 4950 97
519 4908 658 4961 deest
692 4908 740 4960 1.
767 4909 820 4960 2.
857 4906 908 4958 3.
986 4911 1034 4944 98
1058 4900 1293 4973 provide
1328 4898 1430 4955 Ch.
1507 4908 1553 4942 οο
1585 4899 1906 4973 substantia
1933 4896 2032 4973 Cl}.
2114 4907 2183 4973 19°
2210 4900 2348 4956 deest
2395 4905 2448 4957 3.
2528 4911 2593 4973 ιρι
2621 4919 2752 4958 cum
2781 4904 3100 4962 vivificante
3140 4911 3189 4964 1.
3271 4917 3340 4952 ιω
3382 4927 3450 4964 us
3491 4917 3546 4968 2.
3577 4917 3628 4969 3.
3655 4931 3696 4968 e.

374 4997 515 5035 corr.
550 4982 607 5036 2.
645 4994 698 5032 e.
731 4974 832 5030 Ch.
912 4983 981 5017 ιοι
1009 4969 1077 5016 ίοῖ
1107 4988 1317 5028 erasum
1348 4975 1400 5026 2.
1479 4978 1548 5012 ιοδ
1575 4971 1712 5024 deest
1748 4975 1794 5024 1.
1877 4978 1945 5010 “'6
1973 4969 2113 5024 deest
2134 4972 2186 5027 3.
2267 4981 2333 5015 ίοτ
2363 4973 2502 5028 deest
2525 4972 2624 5028 Ch.

2706 4983 2774 5018 ίοο
2805 4976 3068 5033 Latitudo
3104 4981 3154 5034 1.
3188 4984 3242 5037 2.
3324 4988 3394 5022 ιον
3429 4982 3565 5040 ideo
3599 4982 3696 5040 Ch-

377 5059 448 5095 uo
477 5048 843 5122 superiorum
875 5044 978 5102 (πε,
1055 5052 1122 5086 ui
1149 5060 1286 5098 corr.
1311 5042 1600 5114 profundo
1633 5046 1686 5100 2.
1765 5049 1832 5083 ιιι
1858 5039 2129 5184 (ίθίέἓῗήἑ
2199 5051 2268 5086 ιιι
2294 5045 2604 5100 deservisse
2637 5044 2736 5100 Ch.
2816 5055 2882 5089 ιιι
2913 5047 3144 5106 Numeri
3167 5050 3358 5106 desunt
3382 5053 3440 5108 in
3474 5059 3527 5110 3.

349 5241 358 5246 ·
445 5215 592 5289 (257)
627 5214 790 5289 Haud
821 5213 988 5269 aliter
1015 5209 1366 5289 Augustinus
1409 5207 1469 5262 in
1495 5207 1641 5264 libro
1677 5209 1746 5264 de
1777 5208 1981 5264 Genesi

370 5286 464 5347 ed.
498 5286 700 5343 Venet.
723 5286 812 5352 lll,
844 5289 864 5356 1
904 5301 961 5356 p.
1005 5286 1126 5339 168.

440 5360 593 5430 (2‘58)
626 5355 932 5430 Augustin.
965 5357 1006 5412 1.
1036 5356 1074 5430 l_.
1105 5371 1162 5430 ρ.
1196 5355 1317 5408 138.

444 5422 590 5500 (259)
639 5422 940 5500 Augustin.
987 5427 1061 5482 ad
1105 5422 1474 5480 'Honcratum
1527 5422 1619 5478 ed.
1674 5422 1872 5478 Venet.
1905 5423 1974 5490 11,

365 5491 499 5559 446.

2083 5210 2238 5290 ρρρζ
2280 5213 2368 5280 IV,
2405 5214 2565 5290 1140,
2593 5213 2902 5290 Se_rm._5§,
2937 5214 3054 5290 lfi6.
3106 5217 3252 5290 Opp.
3299 5219 3362 5286 V,
3409 5223 3538 5289 317,
3571 5225 3691 5286 798,

2079 5281 2189 5355 hoc
2222 5283 2349 5339 loco
2377 5301 2441 5338 ex
2477 5285 2721 5355 epistola
2746 5285 2820 5340 ad
2852 5281 3168 5343 Paulinum.
3190 5281 3261 5344 de
3293 5281 3551 5347 videndo
3584 5281 3691 5348 Deo

2080 5352 2223 5424 Opp.
2256 5355 2324 5420 11,
2351 5356 2454 5410 486
2474 5352 2580 5410 sibi
2612 5355 2885 5410 delibavit
2906 5361 3107 5412 auctor
3153 5361 3215 5413 In
3250 5360 3449 5418 libello
3483 5363 3556 5418 de
3573 5363 3689 5416 lau-

2077 5423 2244 5504 dibus
2267 5425 2646 5505 crucis,que_m
2675 5428 2714 5505 11
2725 5429 2970 5505 rabaiius
2993 5429 3214 5505 Maurus
3239 5434 3504 5505 argutius
3518 5450 3685 5505 quam

2076 5495 2258 5549 verius
2288 5495 2643 5576 conscripsit,
2679 5498 2837 5565 talia,
2886 5499 3041 5574 quod
3079 5505 3284 5575 putare
3309 5495 3681 5576 "possis,'nou

437 5570 601 5640 (260),
626 5567 1009 5640 Allegoricam
1034 5565 1777 5640 crucis_interprct_.ati9nc_m
1799 5581 1975 5640 quam
2073 5570 2401 5626 occurrunt.

369 5636 718 5712 Augustinus
748 5636 981 5694 adamat
1010 5654 1065 5696 e.
1095 5655 1154 5710 ε.
1195 5638 1457 5694 Enarrat.
1503 5636 1560 5692 in
1603 5636 1971 5694 PsalmilO3.
