3902 6210
210 494 347 548 1009

1340 483 1665 542 HERlGERI
1693 484 1913 541 GESTA
1944 484 2163 543 EPISC.
2197 483 2399 542 LEOD.

3392 483 3529 541 1010

201 612 477 669 videlicet
516 626 651 666 cum
690 610 868 666 Paulo
912 610 1304 683 apostolorum
1353 607 1728 680 principibus,
1761 610 1823 661 ut
1844 611 1898 669 Α
1921 607 2185 678 passione
2217 605 2510 663 dominica
2536 604 2896 671 undecimus,
2932 619 3066 659 cum
3097 604 3329 668 Petrus,
3358 609 3533 679 caput

206 701 461 775 geminis
488 700 857 772 lampadibus
884 699 1189 754 illustrare.
1226 698 1331 763 Qui
1362 702 1491 770 post
1518 698 1685 769 plura
1708 697 1818 752 vir-

1920 696 2293 750 Antiochiam
2320 713 2423 768 pro
2445 712 2503 750 se
2536 695 2802 751 ordinato
2825 693 3058 761 Evodio,
3081 692 3237 747 venit
3258 693 3529 762 Romam,

206 792 400 844 tutum
446 792 505 843 et
545 788 1031 843 documentorum
1063 787 1310 859 insignia
1348 788 1579 842 diversis
1608 785 1820 858 linguis
1922 783 2017 837 ubi
2042 801 2145 855 per
2166 788 2229 837 25
2253 801 2435 839 annos
2462 784 2748 838 Christum
2772 780 3219 845 annuntians,id
3242 785 3327 836 est
3350 798 3530 853 usque

205 882 267 933 et
299 876 637 933 nationibus
673 876 1016 932 mirabiliter
1046 877 1307 949 prmbita,
1340 877 1546 931 Paulus
1583 876 1818 947 quidem

204 966 306 1039 qui
334 968 463 1039 plus
497 967 770 1023 omnibus
798 967 1078 1021 laboravit
1106 964 1155 1036 (1
1186 964 1430 1023 Corinth.
1468 983 1558 1032 xv,
1606 967 1711 1033 10),
1745 965 1817 1019 ab

201 1057 527 1113 Jerusalem
555 1074 733 1129 usque
762 1056 1033 1112 llliricum
1064 1057 1268 1112 Christi
1296 1057 1615 1131 prmdicans
1646 1073 1816 1111 evan-

200 1146 695 1217 gelium,tandem
714 1147 951 1202 biennio
966 1151 1099 1202 ante
1117 1147 1597 1203 victoriosissimte
1613 1145 1817 1202 mortis

202 1233 576 1307 triumphum
623 1236 898 1291 Romana:
930 1236 1046 1291 arci
1077 1238 1278 1291 contra
1307 1236 1594 1290 Neronem
1625 1238 1682 1289 et
1713 1235 1815 1306 Sy-

203 1339 454 1379 monem
479 1340 714 1395 magum
738 1325 905 1378 Petro
937 1323 1130 1379 intulit
1154 1341 1212 1378 se
1245 1332 1313 1365 m
1343 1325 1582 1378 socium.
1618 1325 1816 1377 Petrus

202 1416 408 1466 autem
435 1416 493 1465 et
522 1411 641 1482 ipse
671 1411 1012 1482 quibusdam
1044 1412 1328 1478 aecclcsiis,
1359 1411 1567 1466 deinde
1608 1410 1813 1465 Antio-

201 1516 356 1554 eena
387 1508 457 1542 ίιο
488 1501 636 1554 bene
664 1500 905 1554 fundata
933 1500 1217 1568 mcclesia,
1246 1500 1502 1569 pluribus
1524 1500 1647 1570 jam
1679 1502 1811 1554 ante

200 1588 378 1643 annis
399 1588 645 1643 eandem
680 1588 904 1655 urbem,
939 1588 1112 1643 totius
1147 1590 1300 1643 orbis
1347 1589 1661 1660 primatum
1707 1587 1815 1642 sibi

199 1676 647 1743 defendentem,
679 1693 781 1731 suo
804 1677 1096 1731 salutifero
1128 1677 1511 1732 illustruverat
1542 1678 1811 1731 adventu.

201 1765 469 1830 Quorum
496 1766 594 1837 qui
620 1764 793 1819 fuerit
817 1766 1001 1821 exitus
1029 1765 1231 1836 agonis
1254 1774 1342 1828 υτ,
1366 1767 1501 1820 satis
1522 1771 1605 1819 est
1636 1769 1817 1820 textus

201 1871 416 1911 eorum
474 1854 999 1925 triumphalissimte
1055 1864 1122 1897 “8
1173 1856 1451 1926 passionis
1494 1858 1653 1921 (261).
1702 1856 1818 1909 Hoc

210 1946 449 1998 tantum
505 1943 790 1998 suffecerit
841 1944 1225 1999 nescientibus
1284 1961 1658 2013 memorasse,
1713 1960 1817 2015 per

202 2032 513 2087 biennium
545 2036 678 2087 ante
699 2032 1260 2088 consummationem
1288 2050 1385 2087 eos
1414 2032 1474 2088 in
1505 2049 1816 2088 commune

203 2138 341 2177 cum
370 2122 626 2193 Symone
644 2137 815 2192 mago
847 2122 1256 2177 conﬂictavisse
1279 2125 1519 2195 postque
1541 2122 1815 2177 detectio-

204 2227 348 2266 nem
381 2213 441 2265 et
469 2210 852 2265 delectionem
887 2210 1064 2283 magi,
1092 2211 1163 2265 ab
1206 2212 1462 2283 Agrippa
1505 2213 1562 2265 et
1591 2211 1816 2265 Nerone

205 2299 458 2354 alterum
487 2299 671 2353 crucis
699 2298 1040 2367 conﬁxione,
1072 2299 1317 2353 alterum
1347 2298 1539 2371 gladio
1571 2308 1660 2367 H9,
1690 2300 1817 2354 neci

202 2387 378 2443 simul
406 2387 666 2443 addictos
684 2387 874 2456 fuisse;
898 2391 956 2443 et
983 2389 1215 2442 Petrum
1237 2396 1307 2430 ηο
1333 2388 1566 2459 quidem
1588 2388 1646 2443 in
1667 2404 1815 2460 prte-

203 2476 357 2532 senti
391 2480 645 2531 mortem
674 2484 740 2518 ιιι
769 2475 1304 2544 occubuisse;Pauli
1325 2493 1458 2532 vero
1481 2478 1813 2549 tropheum,

208 2568 493 2636 occupato
522 2564 582 2619 in
618 2565 742 2620 aliis
769 2565 1017 2633 Nerone,
1050 2582 1084 2620 a
1113 2566 1390 2621 militibus
1410 2567 1614 2638 quibus
1638 2566 1812 2622 tradi-

202 2657 294 2709 tus
316 2653 530 2721 fuerat,
552 2670 807 2725 quosque
837 2654 1108 2709 continuo
1128 2663 1196 2697 m
1218 2658 1598 2723 converterat,
1623 2656 1681 2711 in
1711 2672 1817 2711 an-

204 2758 348 2798 num
383 2741 653 2813 quidem,
685 2742 785 2797 sed
815 2742 873 2796 in
919 2742 1166 2798 eandem
1206 2744 1361 2797 diem
1395 2744 1635 2799 dilatum
1670 2761 1810 2813 esse,

204 2829 362 2902 quod
389 2830 510 2902 ipse
528 2829 752 2885 videtur
768 2830 826 2884 in
845 2830 1087 2901 epistola
1106 2848 1140 2886 a
1159 2832 1342 2887 Roma
1354 2832 1425 2886 ad
1444 2833 1811 2889 Timotheum

207 2919 424 2990 scripta
452 2918 796 2990 significare.
822 2919 900 2973 Et
918 2921 1166 2987 audiant,
1185 2920 1391 2993 inquit,
1414 2939 1590 2977 omnes
1609 2931 1811 2993 gentes,

207 3008 335 3079 quia
363 3007 615 3062 liberatus
640 3024 756 3061 sum
780 3008 843 3064 de
865 3026 954 3063 ore
982 3010 1142 3063 leonis
1167 3009 1253 3081 (11
1276 3010 1418 3065 Tim.
1455 3027 1529 3078 1v,
1566 3011 1677 3084 17),
1703 3013 1810 3067 Ne-

208 3111 417 3151 ronem
449 3095 800 3167 signiﬁcans.
833 3096 998 3162 Quod
1024 3102 1081 3152 et
1107 3098 1243 3153 satis
1270 3101 1557 3155 testantur
1579 3099 1813 3155 diversa}.l

212 3186 530 3240 multorum
562 3188 684 3240 tam
715 3185 1038 3242 Graecorum
1084 3204 1259 3260 quam
1286 3188 1651 3243 orientalium
1698 3188 1817 3262 epi-
1845 3202 1893 3261 α

208 3289 519 3345 scoporum
573 3275 829 3348 epistola:
878 3276 952 3330 ad
994 3276 1245 3332 diversos
1284 3276 1529 3349 scriptas,
1573 3279 1716 3333 sicut
1753 3278 1812 3332 in

209 3362 463 3416 historiis
490 3363 896 3419 ecclesiasticis
927 3363 1168 3435 quilibet
1198 3368 1386 3435 potest
1416 3365 1815 3421 invenire.Sed

209 3454 266 3505 et
292 3452 507 3505 Arator
543 3451 818 3507 Romanae
848 3452 1228 3507 subdiaconus
1271 3453 1538 3509 ascclesiae
1574 3454 1633 3509 in
1664 3453 1811 3509 libro

210 3540 606 3611 apostolorum
628 3543 859 3595 actuum
892 3540 972 3596 ita
999 3541 1307 3597 conﬁrmat
1336 3559 1348 3597 :

275 3626 408 3682 Non
436 3628 621 3684 eadem
654 3635 829 3684 tamen
858 3648 965 3685 una
983 3630 1095 3686 dies
1123 3633 1357 3703 annique
1388 3631 1565 3685 voluto

278 3716 538 3788 Tempore
565 3721 805 3774 sacravit
834 3721 1108 3789 repetitam
1127 3722 1308 3790 passio
1341 3721 1509 3775 lucem
1530 3721 1702 3790 (262).

210 3806 275 3879 Et
303 3805 693 3879 nobilissimus
721 3806 1137 3878 Hyspaniarum
1167 3809 1494 3864 scolasticus
1523 3809 1717 3879 prodit
1744 3818 1813 3853 ιη

212 3876 555 3931 Prudentius
591 3893 603 3931 :

284 3964 440 4020 Unus
470 3972 753 4036 utrumque
776 3966 883 4022 dies
900 3967 1057 4038 pleno
1079 3974 1255 4023 tamen
1287 3971 1569 4024 innovatus
1600 3987 1741 4024 anno

418 4053 598 4119 ,Vidil
621 4055 844 4126 superba
871 4061 1036 4111 morte
1067 4057 1245 4111 laurea
1258 4064 1371 4112 tum
1402 4060 1578 4130 (263).

211 4140 322 4197 Sed
354 4143 416 4195 ut
448 4141 523 4196 ad
554 4143 710 4214 quod
740 4144 1003 4200 animum
1034 4149 1096 4200 ut
1124 4154 1191 4188 m
1218 4145 1482 4202 duximus
1510 4146 1815 4204 articulum

209 4229 595 4299 inﬂectamus,
624 4232 918 4302 paululum
946 4234 1333 4307 praetermissa
1364 4236 1437 4291 ad
1468 4237 1814 4292 memoriam

214 4335 571 4375 revocamus.

491 4409 546 4463 4.
575 4407 802 4476 Quando
829 4410 1027 4467 Petrus
1053 4411 1282 4470 Romam
1309 4415 1527 4469 venerit.

1838 1898 1889 1957 B

1918 872 1991 926 ad
2018 889 2234 926 annum
2263 873 2500 927 Neronis
2534 876 2595 926 13
2616 874 2764 943 (264)
2788 875 2843 927 et
2866 888 2900 926 a
2920 870 3148 927 Domini
3176 870 3440 942 passione
3461 872 3529 927 36

1922 960 2055 1028 (Cfr.
2083 962 2279 1016 Etsi-zu.
2312 960 2538 1027 Chron.;
2565 961 2820 1027 Hieron.,
2845 960 2927 1013 De
2956 962 3089 1014 viris
3109 959 3232 1027 ill.),
3262 957 3528 1014 animad-

1918 1051 2087 1104 vertit
2119 1058 2186 1091 ηδ
2219 1067 2381 1104 suam
2412 1067 2515 1122 per
2541 1067 2599 1104 se
2631 1048 3107 1121 praedicationem
3138 1048 3210 1103 ad
3236 1064 3529 1120 prmoceu-

1918 1138 2172 1208 pandam
2195 1154 2431 1193 omnem
2453 1138 2871 1193 occidentalem
2894 1138 3151 1208 plagam,
3180 1153 3280 1191 suo
3304 1140 3530 1209 aposto-

1917 1225 2055 1279 latui
2087 1226 2404 1296 spctialiter
2434 1226 2803 1293 destinatam,
2832 1242 2946 1280 non
2980 1242 3143 1297 posse
3173 1225 3525 1281 sufficereJn

1918 1330 2133 1383 magna
2170 1314 2328 1369 enim
2376 1316 2515 1370 urbe
2561 1320 2619 1370 et
2668 1316 2844 1370 totius
2886 1313 3040 1368 orbis
3082 1313 3360 1384 principe,
3391 1313 3528 1386 quia
3592 1332 3598 1341 ’

1916 1402 2199 1455 maximus
2227 1403 2480 1474 undique
2515 1402 3043 1457 circumlluentium
3092 1402 3355 1472 gentium
3400 1405 3528 1457 erat

1915 1489 2193 1558 incursus,
2229 1492 2514 1546 maximus
2548 1492 2719 1546 totius
2751 1491 3033 1546 idolatria:
3064 1490 3293 1561 vigebat
3319 1491 3523 1558 cultus,

1916 1581 1972 1631 et
2025 1579 2160 1649 quia
2202 1584 2318 1634 tam
2366 1589 2434 1621 ηο
2479 1580 2747 1652 Symonis
2795 1580 2968 1649 magi,
2999 1596 3172 1650 quam
3210 1579 3523 1633 multorum

1916 1666 2397 1737 philosophorum
2429 1672 2484 1721 et
2508 1669 2756 1723 maxime
2786 1669 3099 1722 Judcorum
3132 1668 3320 1737 legem
3351 1666 3525 1738 Moysi

1916 1771 2146 1825 semper
2168 1754 2603 1811 defendentium
2632 1757 2981 1811 obviandum
3003 1756 3106 1810 sibi
3127 1756 3341 1809 sciebat
3364 1772 3525 1811 erro-

1916 1841 2093 1909 ribus,
2131 1843 2366 1898 delcctis
2405 1845 2573 1898 bonis
2605 1845 2785 1899 vinem
2827 1844 3029 1899 Christi
3067 1844 3382 1898 cultoribus
3431 1851 3520 1912 127,

1918 1931 2074 1985 misit
2122 1932 2218 2003 qui
2264 1933 2519 1988 ofﬁcium
2567 1936 2743 1987 tanta:
2776 1932 3080 2004 legationis
3127 1934 3425 2004 explerent
3461 1932 3522 1987 in

1918 2020 2187 2073 omnibus
2212 2024 2272 2075 et
2296 2021 2471 2076 Italiae
2496 2026 2551 2075 et
2578 2021 2769 2075 Galliae
2797 2021 3026 2075 finibus.
3054 2022 3127 2075 Ex
3159 2020 3361 2091 quibus
3385 2021 3524 2075 Mar-

1917 2125 2047 2163 cum
2066 2110 2316 2165 seeundo
2346 2109 2717 2181 ingressionis
2745 2127 2859 2165 suae
2885 2126 3197 2172 anno,cum
3223 2108 3520 2180 evangelio

1918 2214 2025 2253 ase
2057 2197 2289 2269 quidem
2320 2198 2553 2266 dictato,
2583 2199 2656 2254 ob
2686 2198 2895 2253 eodem
2922 2214 3053 2252 vero
3084 2196 3522 2267 conscripto,ad

1916 2286 2243 2357 Aquileiam
2270 2290 2328 2341 et
2353 2287 2493 2342 alias
2523 2288 2896 2359 quamplures
2927 2285 3100 2340 Italia:
3125 2285 3312 2352 urbes,
3339 2284 3523 2339 novis-

1917 2374 2061 2428 sime
2101 2378 2295 2430 autem
2326 2376 2399 2430 ad
2428 2376 2840 2430 Alexandriam
2871 2377 2929 2428 ct
2958 2375 3245 2446 Egyptum
3290 2372 3517 2428 direxit.

1913 2462 2052 2516 Aliis
2080 2463 2389 2518 Galliarum
2428 2464 2685 2536 partibus
2732 2462 3138 2535 praedicatores
3182 2462 3420 2517 idoneos
3446 2464 3519 2534 .et

1917 2552 2087 2605 testes
2120 2552 2324 2608 Christi
2353 2552 2633 2607 veridicos
2663 2552 2837 2618 misit,
2871 2568 3014 2624 quos
3054 2550 3168 2618 hic,
3206 2550 3342 2622 quia
3378 2550 3518 2605 alias

1915 2638 2186 2694 festinare
2232 2641 2552 2708 contendit,
2595 2639 2925 2712 singillatim
2976 2638 3281 2694 nominare
3322 2640 3521 2694 nostra

1912 2727 2159 2783 intentio
2206 2746 2571 2801 nequaquam
2616 2728 2872 2784 admittit
2912 2726 3044 2799 (Cfr.
3072 2728 3269 2783 RUFIN.
3311 2744 3370 2794 n,
3410 2730 3517 2795 16).

1912 2814 1999 2869 Ad
2029 2825 2096 2858 118
2118 2817 2357 2872 Galliam
2392 2818 2607 2889 itaque,
2641 2834 2767 2889 quas
2795 2819 3025 2872 comata
3050 2815 3276 2883 dicitur,
3309 2815 3521 2872 Medio-

1914 2905 2222 2961 matricum
2254 2907 2382 2961 urbi
2424 2907 2661 2962 beatum
2694 2906 3056 2961 Clementem
3084 2905 3373 2959 direxerat
3400 2905 3524 2979 epi-

1916 3008 2177 3064 scopum,
2211 3013 2329 3050 non
2359 3012 2493 3050 eum
2527 3000 2720 3050 autem
2757 2994 2853 3067 qui
2886 2996 3122 3066 quartus
3146 2994 3217 3049 ab
3259 2993 3382 3066 ipso
3417 2995 3524 3051 Ro-

1916 3098 2106 3138 mana:
2131 3083 2279 3138 sedis
2300 3083 2725 3138 administravit
2742 3082 3162 3155 pontificatum,
3184 3081 3397 3155 quique
3422 3100 3523 3156 po-

1913 3176 2036 3226 stea
2079 3187 2209 3226 cum
2252 3171 2378 3226 aliis
2419 3172 2610 3226 multis
2640 3170 2896 3226 veritatis
2942 3169 3317 3225 assertoribus
3348 3180 3416 3214 ην
3446 3171 3521 3227 ad

1913 3259 2155 3313 Galliam
2186 3259 2521 3314 brachatam
2553 3258 2904 3314 Parisiorum
2946 3258 3192 3313 Lutecias
3229 3258 3357 3315 urbi
3386 3276 3518 3317 san-

1913 3350 2068 3403 ctum
2099 3347 2252 3402 misit
2281 3347 2626 3403 Dionisium.

1986 3439 2037 3492 5.
2071 3434 2225 3502 Quod
2246 3434 2600 3504 Eucherium,
2637 3436 2911 3491 Valerium
2937 3444 3094 3511 atque
3129 3437 3446 3507 Maternum

2458 3524 2727 3579 Treverim
2753 3526 2980 3581 miserit.

1987 3612 2101 3669 Sub
2134 3611 2256 3684 ipso
2285 3611 2441 3667 enim
2466 3615 2731 3683 tempore
2751 3613 2949 3667 beatus
2966 3614 3165 3667 Petrus
3194 3612 3269 3668 ad
3296 3614 3519 3668 metro-

1914 3701 2095 3775 polim
2118 3701 2489 3757 Trebirorum
2526 3709 2595 3742 ίδο
2621 3700 2833 3756 scilicet
2859 3701 3147 3756 civitatem
3178 3704 3375 3757 ternos
3415 3700 3517 3757 de-

1916 3791 2229 3846 stinaverat
2254 3788 2545 3844 Trinitatis
2574 3788 2756 3845 unicae
2780 3789 3196 3861 astipulatores,
3216 3789 3277 3844 in
3297 3788 3520 3845 unitate

1916 3879 2071 3949 ﬁdei,
2105 3880 2277 3936 corde
2309 3882 2366 3934 et
2392 3879 2587 3934 animo
2612 3878 2831 3949 pariter
2859 3881 2916 3934 et
2946 3877 3152 3933 virtute
3181 3878 3519 3945 concordes,

1918 3970 2261 4025 Eucharium
2278 3968 2853 4036 videlicet,Valerium
2872 3968 3524 4039 atquelllaternum(265)

1917 4058 2076 4131 (Vita
2095 4058 2298 4126 Euch.,
2328 4059 2476 4127 Val.,
2498 4058 2666 4127 Mat,
2701 4062 2773 4126 2).
2797 4059 2881 4126 [Et
2914 4058 3258 4113 Eucharium
3285 4056 3522 4130 quidem

1916 4148 2303 4220 pontiﬁcatus,
2343 4148 2630 4203 Valerium
2650 4164 2784 4203 vero
2817 4146 3173 4217 diaconatus,
3202 4147 3523 4203 Maternum

1916 4236 2590 4292 autemsubdiaconatus
2622 4237 2856 4293 donavit
2885 4237 3149 4308 honore,]
3183 4239 3241 4290 et
3279 4235 3415 4291 data
3443 4234 3523 4291 eis

1917 4325 2230 4398 apostolica
2257 4324 2664 4380 benedictione
2697 4342 2711 4380 :
2756 4326 2956 4380 Videtis
2984 4334 3073 4389 131,
3097 4324 3303 4396 inquit,
3320 4325 3526 4394 fratres

1918 4421 1968 4469 et
1990 4413 2390 4476 commilitones,
2421 4420 2623 4485 quanta
2656 4426 2729 4468 est
2770 4416 2948 4468 messis
2976 4414 3257 4470 dominicas
3280 4414 3523 4480 sationis,
3588 4474 3597 4481 κ

276 4497 481 4552 Annus
516 4500 642 4553 erat
672 4498 892 4555 Claudii
922 4501 1130 4557 cesaris
1158 4502 1471 4573 secundus,
1500 4501 1597 4575 qui
1636 4504 1759 4557 erat
1786 4519 1820 4558 a
1838 4488 1893 4548 Ῑ)
1920 4519 2184 4574 quamque
2207 4501 2389 4555 multis
2420 4501 2651 4571 indigeat
2682 4504 2957 4573 operariis.
2995 4502 3136 4570 Quia
3163 4504 3329 4575 iqitur
3357 4501 3527 4556 omni-

1526 4639 1755 4694 VARLE
1818 4638 2108 4695 LECTION
2114 4636 2216 4693 ES.

280 4742 352 4777 ιιι
375 4752 437 4789 se
474 4733 583 4791 int.
616 4738 667 4792 3.
767 4744 836 4780 ίίσ
859 4738 1218 4793 Antiochena
1246 4742 1298 4793 2.
1417 4745 1486 4781 H7
1510 4738 1649 4792 deest
1676 4735 1778 4793 Ch.

767 4744 836 4780 ίίσ
859 4738 1218 4794 Antiochena
1246 4742 1298 4794 2.

209 4876 373 4932 tinuo
403 4876 538 4932 corr‘.
564 4878 837 4935 continuo
866 4883 921 4937 2.

216 4955 284 5021 ξπ
314 4965 455 5021 corr.
489 4949 742 5020 dejectos
778 4951 962 5006 bonos
988 4949 1059 4993 _—
1084 4953 1329 5008 cultores
1360 4956 1411 5007 2.
1447 4950 1685 5021 dejectis
1719 4951 1776 5005 b.
1810 4966 1861 5007 c.
1886 4952 1937 5009 3.

210 5018 581 5076 Trevirorum
611 5023 665 5077 3.
742 5029 810 5064 1³1
831 5023 1029 5079 videns
1060 5026 1110 5080 3.
1130 5040 1265 5079 corr.
1297 5022 1500 5077 videtis
1518 5018 1577 5077 2.

280 4742 352 4777 ιιι
375 4752 437 4789 se
474 4735 583 4791 int.
616 4738 667 4792 3.
767 4744 836 4780 ίία
859 4738 1218 4794 Antiochena
1246 4742 1298 4794 2.
1417 4745 1486 4781 H7
1510 4738 1649 4792 deest
1676 4735 1778 4793 Ch.
1897 4745 1967 4779 11⁸
1998 4735 2373 4808 gloriossimas
2406 4735 2507 4791 Ch.
2631 4745 2700 4779 ίίο

211 4813 280 4882 ξξο
302 4805 436 4872 Quae
462 4813 756 4882 sequuntur
782 4809 940 4863 verba
969 4827 1149 4882 usque.
1182 4809 1295 4865 Sed
1323 4812 1385 4863 ut
1413 4809 1485 4864 ad
1510 4809 1666 4881 quod
1695 4813 1802 4864 etc.
1836 4813 2014 4862 omnia
2037 4807 2408 4882 desiderantur
2434 4808 2577 4882 apud
2606 4807 2707 4865 Ch.

994 4877 1073 4952 pd
1106 4885 1155 4936 1.
1187 4882 1324 4936 deest
1343 4884 1394 4937 2.
1428 4883 1481 4935 3.
1526 4877 1864 4952 imperasum
1892 4884 1947 4935 2.
2024 4886 2093 4921 ιη
2115 4877 2563 4952 adnimadvertit
2586 4897 2613 4935 e
2640 4896 2777 4935 corr.
2801 4884 2863 4933 ut
2893 4878 3100 4952 videtur
3122 4880 3183 4952 3.
3208 4886 3277 4919 ω
3308 4877 3447 4952 deest
3480 4882 3533 4933 1.

2631 4745 2700 4808 ιίο
2730 4736 2929 4808 capitis
2952 4736 3391 4793 detruncatione
3422 4733 3526 4790 Ch.

2787 4817 2852 4850 ιιι
2886 4814 3052 4861 morte
3080 4811 3133 4862 2.
3168 4812 3218 4862 3.
3298 4816 3367 4849 ¹²²
3390 4822 3532 4861 con-

2046 4957 2115 4992 m
2144 4951 2217 5004 At
2245 4966 2381 5008 corr.
2415 4951 2502 5006 Ad
2529 4954 2579 5006 1.
2613 4953 2664 5004 2.
2769 4958 2838 4992 m
2868 4947 3275 5003 assertionibus
3306 4950 3360 5002 3.
3462 4955 3536 4991 ίδο

1763 5144 1985 5201 NOTAE.

287 5240 436 5312 (26H
477 5242 593 5301 Cfr.
616 5242 898 5312 praefatio.

291 5313 443 5382 (262)
486 5313 603 5369 Sun

221 5381 492 5442 Bibliot’h.
522 5402 674 5444 max.
703 5389 939 5443 Patrum
967 5387 1030 5454 X,
1065 5388 1188 5443 141.

294 5456 436 5530 (263)
479 5456 648 5530 Liber
672 5458 1130 5530 Peristephanon
1160 5459 1361 5530 hymn.
1385 5460 1494 5527 ΧΠ,
1528 5462 1580 5527 5,
1605 5461 1659 5515 6.

290 5527 440 5600 (264)
484 5529 570 5600 14.
585 5529 760 5600 apud
780 5527 1116 5585 Eusebium.

292 5597 444 5670 (265)
484 5597 701 5654 Eadem
750 5600 870 5655 fere
915 5603 1115 5655 auctor
1160 5600 1222 5655 in
1264 5601 1391 5656 Vita
1443 5617 1547 5656 sua
1594 5601 1837 5658 metrica

224 5666 282 5722 S.
306 5666 576 5725 ‘Ursinari
606 5670 694 5725 his
716 5672 972 5727 versibus
995 5671 1242 5727 inclusit.
1272 5671 1386 5728 Cfr.
1409 5672 1833 5732 Mabillon.Act.

226 5737 325 5795 SS.
355 5757 486 5798 saec.
519 5741 612 5812 Ill,
646 5744 697 5811 2,
729 5758 787 5816 p.
819 5745 922 5800 608
957 5758 970 5799 :

696 5316 882 5371 ultimi
933 5330 1127 5371 versus
1180 5316 1437 5373 historite
1498 5315 1826 5387 apostolicae

1997 5243 2074 5298 Et
2096 5242 2336 5299 Clemens
2362 5243 2830 5299 Mediomatricum
2853 5245 3042 5299 missus
3071 5240 3143 5297 ad
3171 5237 3357 5295 urbem

1996 5315 2200 5369 Edocet
2228 5317 2284 5369 in
2311 5316 2481 5369 solum
2509 5315 2716 5369 vicinos
2739 5314 2947 5370 credere
2977 5314 3271 5370 Christum.

2004 5386 2319 5441 Treverilms
2350 5387 2490 5439 terni
2506 5387 2791 5439 mittuntur
2819 5387 2971 5441 corde
2998 5385 3162 5456 ﬁdeli,

2005 5456 2239 5527 Trinum
2255 5458 2495 5527 personis
2516 5456 2811 5511 Dominum
2840 5458 3057 5524 deitate,
3083 5456 3171 5512 sed
3195 5471 3366 5510 unum

2006 5526 2232 5599 Credere
2256 5524 2352 5599 qui
2377 5527 2596 5599 doceant
2614 5528 2878 5599 populum
2905 5529 3119 5584 lavacro
3149 5524 3539 5589 renovandum,

2003 5598 2572 5674 Scilicet‘Eucharius,
2604 5598 2910 5670 Maternus,
2952 5598 3328 5674 Valeriusque.

1942 5670 2057 5731 Cfr.
2090 5669 2315 5743 praefat.
