3902 6210
419 433 552 492 {Otii

980 419 1306 490 HERlGERI
1342 430 1428 488 ET
1462 429 1761 489 ANSELMI
1799 416 2019 488 GESTA
2057 427 2282 491 EPISC.
2318 421 2570 495 TUNGR.
2599 432 2796 495 TRAJ.
2824 433 2910 494 ΕΤ
2946 428 3150 498 LEOD.

3597 439 3747 504 1016

413 553 992 623 nuncium,videlicet
1008 553 1242 610 unicum
1260 554 1447 610 ﬁlium
1459 571 1647 622 suum,
1673 570 1846 628 quem
1859 553 2018 610 domi
2043 559 2096 619 Α
2129 554 2332 611 dierat.
2363 555 2486 621 Qua
2514 559 2863 616 revelatione
2879 561 3029 629 freti,
3053 567 3350 635 coeperunt
3378 567 3650 623 certatim
3667 569 3746 624 ad

409 643 725 716 reliquerat
775 643 1094 710 infirmum,
1136 644 1416 698 redeunte
1461 644 1535 698 ad
1574 643 1766 698 vitalia
1819 644 2017 698 dolore

411 749 531 787 esse
559 735 850 788 mortuum
888 741 975 790 1⁷³.
1001 733 1274 796 Quodilla
1302 733 1562 800 audiens,
1583 732 1806 787 misitse
1821 731 2014 787 statim

413 839 546 878 cum
599 822 848 878 lacrimis
894 821 967 876 ad
1011 822 1186 892 pedes
1233 822 1415 877 sancti
1455 822 1714 877 Eucharii
1787 821 2010 877 dicens:

412 909 635 966 Obsecro
682 919 751 953 1⁷³
799 918 866 977 te,
912 917 1190 964 renovator
1219 917 1406 964 nostra:
1432 911 1576 964 urbis
1605 917 1653 964 et
1683 909 2013 964 illuminator

409 1001 572 1056 totius
590 1003 782 1070 gentis,
813 1009 871 1052 ut
900 1001 1006 1054 mei
1054 999 1262 1054 misera:
1292 1000 1414 1068 jam
1449 999 1522 1053 bis
1543 999 1740 1053 orbata:
1768 1001 2013 1055 miserea-

405 1089 502 1154 ris,
530 1094 581 1144 et
609 1089 804 1142 viscera
819 1089 1039 1158 pietatis
1075 1105 1229 1158 super
1260 1103 1342 1143 me
1384 1087 1800 1157 infelicissimam
1825 1089 2015 1142 habere

405 1175 656 1247 digneris.
689 1175 879 1248 Nuper
909 1179 1046 1230 enim
1097 1179 1290 1231 marito
1337 1194 1453 1231 sum
1505 1177 1743 1243 viduata,
1793 1184 1842 1230 et
1879 1178 1978 1230 heu
1994 1179 2016 1231 .’

407 1265 560 1320 hodie
610 1265 990 1320 miserabiliter
1039 1268 1182 1319 uniti
1232 1265 1336 1334 ﬁlii
1379 1273 1548 1320 morte
1581 1282 1696 1318 sum
1740 1265 2010 1321 destituta.

407 1352 562 1420 Quod
589 1355 637 1408 si
663 1370 783 1410 eam
814 1355 1228 1422 resuscitaceris,
1284 1356 1418 1408 scias
1465 1371 1547 1406 me
1586 1355 1874 1410 certissime
1890 1363 2016 1425 post

404 1443 511 1498 hac
543 1443 821 1514 praeceptis
873 1444 977 1496 tuis
1013 1443 1353 1497 libentissime
1391 1441 1596 1496 obedire
1641 1449 1689 1496 et
1738 1460 1858 1496 cum
1905 1447 2015 1514 ipso

402 1545 516 1586 meo
540 1530 652 1598 ﬁlio
684 1546 748 1584 ac
773 1537 882 1585 tota
911 1531 1124 1600 familia
1147 1533 1198 1584 in
1221 1530 1501 1587 Christum
1516 1537 1663 1584 tuum
1689 1531 1895 1586 credere
1922 1539 2012 1602 1⁷⁸,

407 1617 499 1672 His
519 1617 828 1689 gemitibus
843 1621 1036 1674 motus
1055 1619 1254 1673 beatus
1280 1619 1587 1673 Eucharius
1610 1619 1729 1673 ibat
1745 1635 1874 1672 cum
1895 1618 2010 1688 illa,

405 1709 464 1760 et
491 1721 596 1777 pro
623 1706 769 1761 tanti
801 1706 1060 1761 miraculi
1109 1707 1379 1772 novitate,
1426 1722 1556 1766 cum
1593 1723 1662 1760 eo
1716 1707 1886 1762 turba
1923 1724 2014 1762 co-

403 1793 582 1866 piosa.
619 1794 763 1849 Cum
795 1811 929 1849 vero
949 1795 1080 1849 illuc
1102 1795 1472 1866 pervenisset,
1493 1794 1800 1866 assumptis
1818 1811 2011 1850 secum

2123 648 2352 700 sanctos
2379 646 2477 700 Dei
2501 663 2732 703 currere
2755 653 2813 704 et
2837 650 2978 706 sacri
3011 652 3374 724 baptismatis
3415 663 3487 698 180
3517 657 3745 714 undam

2118 733 2392 789 sicienter
2423 739 2692 806 expetere
2716 739 3111 812 181.1‘antaque
3127 741 3232 796 fuit
3261 757 3365 812 per
3385 746 3503 799 tres
3527 745 3652 800 dies
3665 745 3746 800 ad

2113 819 2248 878 illos
2289 824 2611 892 concursio,
2653 829 2716 879 ut
2757 826 2816 880 in
2860 825 3101 882 ﬂumine
3139 831 3294 901 quod
3341 849 3450 904 per
3479 833 3744 889 mediam

2116 911 2404 967 civitatem
2441 915 2618 968 currit
2640 930 2738 968 eos
2767 914 3148 987 baptizarent,
3179 935 3286 973 nec
3331 936 3540 976 eorum
3571 922 3746 978 aliter

2119 1000 2554 1072 obpressionem
2607 1003 2758 1056 ferre
2800 1003 3149 1073 sufﬁcerent,
3201 1007 3354 1062 unde
3383 1012 3445 1063 et
3462 1009 3738 1066 accidisse

2122 1089 2394 1157 creditur,
2419 1093 2482 1144 ut
2514 1107 2578 1146 ex
2611 1107 2679 1146 eo
2715 1095 2978 1164 tempore
3018 1093 3137 1164 ipse
3163 1095 3374 1151 rivulus
3403 1098 3738 1154 obinfusio-

2121 1193 2255 1231 nem
2288 1179 2470 1232 sancti
2497 1179 2608 1233 olei
2643 1179 2948 1234 derivative
2995 1181 3186 1237 Olevia
3233 1192 3302 1226 18!
3347 1190 3738 1258 nuncupetur.

2119 1265 2359 1320 Interim
2395 1266 2592 1321 civitas
2621 1285 2656 1322 a
2693 1269 3013 1338 pollutione
3057 1270 3346 1326 idolorum
3394 1275 3737 1343 mundatur,

2125 1370 2288 1408 error
2302 1356 2724 1425 superstitiosus
2735 1357 3740 1427 abjicitur,destruunturdemonum

2121 1458 2254 1506 arte,
2283 1442 2642 1498 fabricantur
2673 1460 2776 1514 per
2811 1445 2936 1500 loca
2975 1445 3180 1500 Christi
3211 1449 3504 1517 ecclesiae,
3538 1467 3740 1522 perso-

2121 1535 2223 1586 nat
2245 1549 2350 1602 per
2382 1533 2587 1586 urbem
2611 1533 2724 1587 late
2755 1534 2892 1588 tuba
2913 1536 3194 1604 salutaris,
3234 1553 3557 1610 omnesque
3591 1540 3736 1596 invi-

2119 1622 2202 1673 tat
2233 1635 2297 1673 ac
2329 1621 2518 1690 pulsat
2540 1621 2612 1674 ad
2636 1621 2882 1692 gratiam
2897 1623 3267 1693 credulitatis,
3287 1627 3586 1700 armisque
3601 1629 3740 1685 ﬁdei

2117 1710 2324 1762 contra
2373 1708 2757 1779 spiritualium
2797 1711 3049 1766 hostium
3087 1712 3322 1769 insidias
3363 1723 3432 1758 η*
3479 1716 3737 1790 undique

2117 1796 2398 1859 munitur,
2425 1813 2752 1868 ymnusque
2783 1814 2963 1852 novus
2993 1799 3050 1854 in
3085 1817 3152 1854 ea
3179 1802 3406 1872 publice
3425 1804 3740 1873 canitur,et

401 1882 585 1938 beatis
615 1883 836 1939 Valerio
863 1887 920 1938 et
948 1884 1226 1950 Materno,
1245 1883 1483 1938 domum
1504 1883 1780 1950 introivit,
1798 1885 2009 1956 populo
2033 1879 2082 1938 B
2115 1899 2237 1954 quae
2260 1886 2433 1939 antea
2446 1888 2768 1940 creatorem
2787 1903 2950 1941 suum
2975 1904 3090 1942 non
3105 1889 3509 1960 cognoscendo
3531 1899 3600 1934 1“
3614 1898 3742 1949 erat

401 1973 562 2025 extra
591 1971 744 2026 fores
775 1975 1138 2042 exspectante
1178 1975 1450 2027 eventum
1481 1971 1587 2027 rei.
1606 1973 1674 2026 Et
1703 1973 1860 2044 prius
1889 1972 2012 2044 qui-

401 2057 534 2114 dem
559 2060 798 2114 ﬂectens
827 2076 1038 2131 genua,
1055 2059 1114 2114 in
1134 2059 1457 2116 orationem
1474 2077 1533 2115 se
1565 2060 1724 2116 dedit
1748 2065 1808 2115 et
1837 2069 1906 2103 174
1935 2061 2009 2115 ab

400 2147 663 2204 oratione
688 2165 949 2222 surgens,
985 2149 1058 2204 ad
1110 2165 1318 2221 corpus
1348 2149 1614 2204 examine
1639 2148 1890 2216 accessit,
1925 2152 2011 2204 te-

400 2251 660 2308 nensque
690 2253 934 2292 manum
968 2238 1090 2308 ejus
1111 2253 1242 2292 cum
1287 2236 1494 2291 ﬁducia
1524 2236 1692 2291 dixit:
1745 2237 1883 2293 Dico
1913 2237 2017 2291 tibi

392 2323 630 2394 juvenis,
669 2331 732 2378 ut
762 2327 818 2378 in
845 2327 1059 2380 nomine
1085 2324 1214 2379 Jesu
1243 2323 1451 2379 Christi
1477 2327 1570 2396 qui
1597 2326 1814 2380 unicum
1841 2324 2014 2394 ﬁlium

398 2412 572 2468 viduae
605 2430 703 2468 sua
731 2415 926 2468 virtute
953 2415 1338 2479 ressuscitavit,
1371 2418 1428 2468 tu
1458 2429 1662 2484 quoque
1689 2411 1760 2466 ad
1779 2429 2015 2484 praesen-

399 2507 504 2556 tem
529 2500 697 2556 lucem
722 2501 921 2568 redeas,
954 2507 1004 2556 et
1031 2501 1271 2572 deinceps
1297 2501 1476 2554 relicto
1507 2500 1788 2556 demonum
1813 2517 2008 2569 errore,

399 2595 691 2646 creatorem
732 2595 882 2642 tuum
908 2597 1050 2642 recta
1073 2588 1178 2658 ﬁde
1207 2604 1564 2658 recognoscas.
1583 2587 1712 2656 Qui,
1729 2589 2010 2644 redeunte

400 2675 619 2744 anima,
648 2675 846 2732 statim
880 2676 1145 2744 surrexit,
1197 2679 1256 2732 et
1284 2677 1546 2731 nondum
1589 2677 1702 2732 ﬁde
1729 2675 2004 2743 imbutus,

398 2765 519 2820 Deo
549 2763 767 2836 gratias
799 2779 972 2836 agere
997 2764 1188 2836 coepit.
1233 2763 1418 2828 Quem
1463 2781 1762 2820 assumens
1781 2767 2010 2820 sanctus

400 2851 734 2918 Eucherius,
764 2868 960 2908 secum
1008 2855 1169 2907 extra
1208 2851 1448 2908 domum
1487 2853 1666 2921 duxit,
1707 2857 1767 2908 et
1808 2869 2007 2908 coram

397 2938 559 2995 omni
585 2939 800 3012 populo
823 2939 1008 2995 virum
1041 2944 1100 2995 et
1130 2939 1304 2996 totius
1333 2941 1684 2996 inﬁrmitatis
1709 2943 2006 3013 expertem

397 3027 574 3083 matri
601 3026 1048 3100 reconsignavit.
1071 3029 1227 3084 Tunc
1259 3045 1461 3084 omnes
1491 3029 1586 3102 qui
1619 3029 1863 3086 aderant
1881 3045 2009 3084 ma-

397 3115 528 3188 gnis
580 3114 810 3172 vocibus
857 3120 1156 3188 coeperunt
1207 3117 1458 3174 clamare
1516 3117 1802 3173 dicentes:
1872 3118 2010 3173 Vere

2114 1971 2396 2042 adultera,
2438 1973 2563 2044 ipsa
2601 1991 2659 2029 se
2699 1989 2806 2045 per
2835 1975 3010 2030 fidem
3051 1978 3444 2034 convertenda
3469 1979 3625 2035 facta
3647 1985 3739 2036 est

2116 2061 2320 2116 Christi
2377 2063 2763 2117 sacratissima
2818 2079 3048 2135 sponsa.
3101 2065 3338 2121 Interim
3381 2069 3451 2136 (c.
3509 2071 3597 2140 16)
3632 2086 3741 2142 per

2119 2149 2409 2204 universas
2434 2150 2882 2224 circumquaque
2904 2153 3172 2224 regiones
3186 2155 3427 2210 verbum
3447 2156 3582 2211 vitae
3593 2173 3742 2230 prae-

2120 2237 2410 2305 dicabant,
2438 2240 2495 2292 et
2517 2242 2636 2294 tam
2691 2256 2960 2295 sermone
3003 2258 3176 2313 quam
3226 2243 3538 2300 virtutibus
3566 2246 3742 2318 longe

2117 2326 2345 2398 lateque
2364 2327 2682 2399 pollebant,
2707 2345 2842 2382 nam
2869 2345 3032 2384 cecos
3061 2330 3494 2401 illuminabant,
3521 2333 3744 2389 debiles

2117 2416 2540 2484 restaurabant,
2565 2419 2826 2472 mortuos
2857 2419 3228 2488 suscitabant,
3261 2420 3550 2477 demones
3577 2423 3740 2496 fuga-

2117 2503 2258 2559 bant
2290 2507 2349 2559 et
2373 2521 2578 2560 omnes
2597 2506 2904 2576 languores
2925 2508 3222 2564 curabant.

2491 2647 2546 2699 11
2567 2688 2582 2704 .
2628 2645 2712 2701 De
2741 2646 2887 2701 obitu
2922 2647 3061 2702 beati
3078 2646 3349 2706 Eucharii

2185 2765 2446 2838 Cumque
2471 2767 2672 2824 beatus
2704 2769 3013 2825 Eucharius
3050 2788 3152 2843 per
3189 2775 3258 2828 23
3285 2789 3476 2830 annos
3501 2777 3744 2848 pontiﬁ-

2113 2856 2305 2910 catum
2332 2855 2656 2912 Treberica:
2689 2857 3083 2914 urbisteneret
3107 2863 3166 2914 et
3184 2862 3624 2920 mcclesiasticas
3653 2882 3746 2921 res

2111 2943 2259 2998 bene
2289 2942 2549 2999 ﬁrmatas
2579 2947 2752 3017 atque
2782 2945 3052 3002 fundatas
3084 2947 3329 3004 haberet
3355 2958 3458 3018 ηις
3496 2951 3740 3026 ipseque

2101 3027 2228 3099 jam
2261 3033 2546 3100 provectae
2590 3036 2740 3088 esset
2767 3034 2950 3089 aetatis
2995 3035 3059 3105 (c.
3113 3036 3232 3108 16);
3273 3039 3532 3110 quadam
3569 3045 3740 3097 nocte

2111 3118 2363 3174 astititei
2394 3121 2633 3192 angelus
2659 3129 2728 3163 1⁸⁸
2783 3120 3007 3178 dicens:
3073 3122 3336 3192 Euchari,
3385 3127 3624 3195 ﬁdeliter
3676 3131 3739 3185 in

397 3219 628 3276 magnus
677 3211 728 3259 et
754 3205 1159 3276 potentissimus
1204 3203 1350 3260 Deus
1405 3204 1846 3262 Christianorum
1902 3221 2010 3263 esse
2031 3194 2078 3254 C
2113 3207 2378 3262 mandatis
2407 3207 2635 3262 Domini
2661 3208 2939 3277 laborasti,
2995 3213 3229 3268 viriliter
3279 3215 3334 3268 in
3383 3194 3562 3286 agone
3599 3235 3741 3289 pre.

388 3293 677 3365 probatur,
703 3295 830 3366 quia
863 3294 995 3348 talia
1041 3295 1195 3364 signa
1237 3301 1289 3349 et
1325 3293 1604 3350 mirabilia
1634 3311 1736 3365 per
1775 3295 2010 3365 famulos
2110 3297 2272 3350 sentis
2301 3298 2424 3350 vitae
2450 3299 2694 3364 certasti;
2727 3300 2848 3352 veni
2865 3299 2990 3370 jam
3019 3301 3076 3353 in
3104 3302 3340 3372 requiem
3371 3303 3475 3358 tibi
3501 3309 3739 3376 promit-

395 3397 518 3437 ηοξ
545 3387 811 3453 operatur.
844 3383 1060 3438 Eadem
1091 3381 1184 3438 die
1222 3383 1509 3454 baptizata
1549 3385 1636 3438 est
1677 3391 1747 3426 1⁷⁸
1787 3383 2010 3438 Albana
2109 3390 2306 3452 sam,et
2339 3386 2514 3456 accipe
2541 3387 2848 3442 certaminis
2879 3389 2962 3441 tui
2980 3389 3438 3460 incorruptibilem
3455 3409 3735 3450 comam.

396 3485 530 3525 cum
563 3469 686 3526 ﬁlio
723 3486 790 3526 ac
816 3473 941 3526 tota
975 3469 1214 3539 familia,
1254 3471 1413 3526 etde
1451 3473 1664 3543 populo
1693 3471 1864 3527 turba
1889 3488 2006 3526 non
2113 3470 2208 3525 His
2263 3487 2368 3542 per
2419 3471 2701 3528 visionem
2757 3475 3096 3546 compertis,
3139 3481 3370 3533 sanctus
3415 3481 3736 3540 Eucharius

395 3555 646 3614 modica.
681 3559 900 3615 Domus
922 3574 1059 3614 vero
1091 3559 1213 3630 ejus
1243 3575 1362 3614 non
1394 3563 1523 3631 post
1562 3559 1774 3614 multos
1809 3558 1932 3614 dies
1973 3575 2007 3614 a
2110 3559 2277 3614 valde
2308 3560 2619 3630 gaudebat,
2641 3563 2700 3616 et
2737 3565 2964 3632 tempus
2981 3563 3102 3634 ejus
3128 3563 3524 3624 dissolutionis
3551 3569 3732 3626 intre-

396 3646 595 3701 sancto
617 3645 896 3702 Euchario
918 3649 1006 3701 est
1033 3645 1290 3700 aecclesia
1327 3650 1680 3701 consecrata.

472 3751 559 3806 10.
593 3749 748 3818 Quod
773 3751 1064 3808 revelatum
1097 3752 1166 3804 sit
1205 3749 1424 3806 cuidam
1472 3757 1704 3806 senatori
1755 3767 1933 3806 omnes

927 3827 1168 3894 oportere
1199 3819 1474 3892 baptizari.

469 3911 604 3967 Post
625 3910 749 3966 haec
777 3909 1016 3982 quidam
1047 3907 1256 3964 nobilis
1297 3908 1559 3978 ejusdem
1589 3909 1747 3965 urbis
1771 3913 2004 3966 senator

397 3997 540 4055 vidit
563 3997 857 4053 somnium
900 3995 970 4052 ad
1023 3997 1269 4051 salutem
1309 3999 1650 4053 cunctorum
1695 4007 1764 4042 17°
1799 3999 2004 4055 civium

399 4085 769 4160 profuturum
799 4085 868 4153 (c.
887 4083 995 4155 14).
1011 4083 1270 4147 Quadam
1291 4088 1486 4140 autem
1509 4093 1579 4129 ιἰτ
1597 4091 1765 4144 nocte
1787 4089 2009 4161 aspexit

396 4189 506 4246 per
539 4171 831 4227 somnium
869 4172 1054 4228 virum
1089 4172 1402 4244 quemdam
1433 4190 1631 4232 coram
1657 4192 1716 4232 se
1729 4179 2002 4252 stantem,

398 4261 559 4316 vultu
585 4261 912 4331 elegantem
925 4267 1016 4328 178,
1036 4259 1512 4332 splendidissimis
1538 4263 1788 4320 vestibus
1808 4279 2004 4318 corru-

399 4351 682 4417 scantem,
707 4364 1055 4422 crucemque
1085 4349 1248 4404 mirm
1269 4358 1338 4393 17°
1351 4351 1730 4408 estimationis
1746 4351 1804 4406 in
1827 4367 2008 4407 manu

2110 3647 2277 3720 pidus
2307 3650 2664 3722 expectabat.
2722 3649 2864 3706 Cum
2911 3667 3047 3706 vero
3089 3652 3244 3709 diem
3291 3655 3479 3710 exitus
3511 3658 3600 3713 sui
3628 3658 3738 3714 sibi

2107 3735 2324 3791 instare
2353 3741 2740 3810 praenosceret
2769 3747 2839 3781 ηδ
2861 3741 3188 3796 convocatis
3229 3741 3303 3797 ad
3331 3759 3394 3798 se
3436 3744 3739 3820 discipulis

2106 3825 2218 3879 ait:
2259 3823 2408 3892 Scio,
2435 3826 2635 3896 fratres
2669 3827 2959 3896 karissimi,
2999 3846 3085 3884 me
3133 3829 3198 3886 de
3223 3830 3321 3886 hoc
3343 3833 3546 3889 saeculo
3583 3837 3738 3892 citius

2109 3916 2473 3984 migraturum
2495 3923 2652 3988 atque
2666 3915 2900 3970 debitum
2935 3918 3189 3974 humane
3217 3919 3545 3977 conditionis
3559 3923 3737 3995 exple-

2111 4009 2320 4070 turum,
2343 4009 2394 4058 et
2419 4003 2536 4057 ideo
2557 4021 2645 4058 vos
2674 4021 2799 4075 rogo
2824 4010 2886 4060 ut
2911 4006 3068 4075 ﬁdem
3097 4007 3333 4076 ﬁrmam,
3365 4026 3523 4080 spem
3545 4011 3738 4067 incon-

2109 4106 2326 4147 cussam
2355 4099 2448 4158 1⁸⁷,
2479 4091 2764 4147 [raritatem
2798 4109 2982 4149 veram
3003 4096 3141 4150 inter
3169 4112 3258 4151 vos
3288 4105 3360 4139 18⁸
3397 4099 3668 4169 habeatis,
3685 4107 3737 4155 et

2109 4195 2453 4252 nequaquam
2499 4179 2737 4252 deinceps
2787 4181 3065 4238 diabolicis
3108 4184 3377 4240 erroribus
3427 4191 3737 4244 consentia-

2107 4269 2197 4325 tis.
2233 4267 2391 4336 Quod
2419 4268 2483 4324 de
2505 4285 2590 4324 me
2629 4275 2894 4324 terrenum
2928 4279 3023 4340 est,
3063 4279 3218 4328 terrae
3258 4277 3657 4346 commendate,
3687 4284 3736 4334 et

2109 4357 2252 4428 quod
2291 4357 2588 4429 spirituale,
2620 4358 3004 4428 ispiritualibus
3047 4377 3253 4434 quoque
3297 4366 3572 4436 exsequiis
3599 4382 3740 4438 pro-

399 4436 920 4542 ferentemacnsibi
949 4437 1270 4542 dicentem:
1315 4437 1418 4494 Isti
1445 4442 1568 4508 viri,
1601 4442 1697 4514 qui
1729 4441 1832 4495 huc
1861 4458 2082 4542 vene-D
2109 4451 2295 4542 (iurata
2349 4449 2418 4518 (c.
2469 4446 2576 4514 17(.
2621 4445 2710 4500 Λᾶ
2738 4446 2975 4502 beatum
3023 4465 3159 4504 vero
3201 4451 3498 4508 Valerium
3552 4436 3732 4510 dixit:

399 4532 547 4594 runt,
568 4527 712 4581 servi
758 4525 866 4582 Dei
887 4533 1013 4582 sunt
1039 4527 1244 4596 excelsi,
1295 4535 1344 4584 et
1361 4536 1580 4601 propter
1608 4535 1836 4584 vestram
1863 4531 2006 4586 salu-

401 4622 506 4672 tem
529 4615 632 4670 huc
667 4614 936 4672 destinati.
962 4616 1041 4672 Et
1087 4617 1201 4672 ideo
1255 4621 1304 4673 si
1325 4624 1572 4682 ,mortem
1619 4617 1838 4674 evadere
1859 4624 1910 4674 et
1936 4618 2009 4674 ad

397 4705 567 4760 vitam
589 4709 845 4762 aeternam
860 4705 1022 4762 vultis
1027 4707 1330 4777 pervenire,
1353 4707 1534 4760 omnia
1562 4723 1682 4778 quae
1704 4705 1852 4762 vobis
1863 4707 2008 4762 dixe-

397 4794 509 4850 rint
541 4792 732 4864 facite,
763 4799 814 4848 et
830 4796 1112 4866 praeceptis
1155 4793 1378 4849 illorum
1407 4811 1530 4848 cum
1554 4811 1700 4850 omni
1733 4794 2008 4852 devotione

393 4881 614 4938 obedite.
641 4882 712 4937 Et
747 4883 872 4938 hac
901 4880 1118 4950 dicens,
1149 4882 1220 4938 ab
1248 4881 1456 4938 occulis
1480 4882 1603 4954 ejus
1619 4883 1872 4940 sublatus
1898 4887 2004 4942 est.

395 4969 564 5027 Facto
593 4973 788 5027 autem
816 4985 991 5026 mane
1011 4969 1338 5026 convocatis
1365 4969 1580 5026 civibus
1609 4973 1865 5028 narravit
1903 4991 2010 5048 per

391 5058 660 5116 ordinem
676 5065 889 5133 quasi“
907 5075 1010 5132 per
1037 5057 1332 5115 somnium
1355 5057 1596 5130 viderat,
1631 5078 1873 5136 quaeque
1899 5079 1999 5118 au-

2113 4530 2439 4589 Commendo
2484 4533 2603 4601 tibi,
2639 4534 2818 4604 frater
2863 4535 3154 4607 karissime,
3197 4555 3448 4610 sponsam
3497 4540 3736 4616 Christi,

2109 4621 2407 4678 acclesiam
2485 4621 2734 4678 videlicet
2799 4631 2890 4692 1⁸⁸,
2967 4632 3030 4680 ut
3083 4625 3233 4681 illam
3280 4633 3426 4684 caste
3465 4632 3737 4694 custodias

2109 4717 2160 4765 et
2197 4709 2362 4764 nullis
2410 4724 2528 4767 eam
2573 4727 2820 4765 errorum
2859 4711 3246 4784 deceptionibus
3296 4717 3353 4770 in
3391 4716 3584 4774 diebus
3630 4723 3732 4776 tuis

2099 4796 2284 4870 pollui
2328 4799 2492 4852 sinas.
2549 4795 2867 4854 Mensarum
2920 4801 3236 4872 evangelicae
3259 4803 3495 4874 familiae
3524 4815 3600 4850 190
3624 4808 3733 4863 lar-

2107 4889 2246 4957 giter
2304 4902 2486 4956 eroga,
2539 4888 2814 4943 commissa
2855 4887 2958 4945 tibi
3011 4890 3213 4945 talenta
3265 4893 3322 4946 in
3371 4895 3448 4948 eis
3497 4893 3734 4967 ﬁdeliter

2113 4975 2492 5047 multiplicata,
2519 4981 2581 5030 ut
2607 4991 2729 5030 cum
2778 4984 2846 5020 ίοι
2893 4976 3063 5048 iudex
3098 4979 3357 5034 rationem
3375 4997 3586 5052 ponere
3613 5001 3729 5042 cum

2111 5065 2279 5123 servis
2315 5067 2427 5122 suis
2463 5063 2760 5134 advenerit,
2815 5082 2921 5121 non
2965 5073 3028 5122 ut
3075 5083 3256 5124 servus
3289 5085 3527 5144 nequam
3565 5081 3618 5130 et
3640 5073 3730 5132 de.

1712 5200 1947 5258 VARIJE
1982 5201 2380 5261 LECTIONES.

457 5321 527 5360 ¹⁷³
553 5317 744 5395 subita
766 5319 957 5373 morte
985 5316 1322 5395 defunctum
1355 5316 1458 5374 Ch.
1516 5328 1607 5395 _m
1633 5319 1880 5377 Obsecro
1911 5352 1975 5364 —
1999 5323 2238 5395 credere
2258 5322 2642 5395 desiderantur
2663 5323 2812 5395 apud
2843 5322 2946 5380 Ch.
3025 5332 3094 5368 ιἰι
3117 5323 3255 5380 deest
3289 5329 3338 5383 1.
3418 5336 3494 5372 1⁸η
3512 5329 3722 5395 deestl.

383 5385 450 5468 ab
479 5387 664 5468 eadem
689 5403 858 5468 signa
884 5404 1148 5468 superscr.
1166 5393 1252 5468 ‘2.
1315 5398 1386 5434 ιτα
1411 5392 1727 5468 multorum
1755 5395 1809 5460 3,
1834 5395 1912 5450 ita
1937 5397 2014 5448 vit
2041 5393 2115 5448 E.
2153 5395 2220 5450 V.
2241 5393 2328 5450 Μ.
2409 5401 2480 5438 ιἰτ
2501 5410 2641 5452 corr.
2661 5385 2818 5468 enim
2844 5398 2899 5452 2.
2978 5402 3048 5438 1⁷⁸
3073 5397 3390 5468 eligentem
3425 5403 3477 5456 1.
3508 5385 3570 5457 2ξ
3587 5385 3725 5458 corr:

383 5457 717 5545 εέρεξὲιξξοιιι
745 5463 835 5545 ²-..
881 5457 958 5545 ¹Ξ⁶
979 5459 1119 5545 deat
1158 5464 1208 5545 1·
1247 5470 1378 5545 εοεέ
1402 5461 1556 5545 ad};
1635 5471 1704 5506 ¹⁸⁰
1745 5457 1890 5545 suae
1925 5495 2022 5545 ,τ-
2080 5469 2348 5545 expetere
2385 5467 2604 5545 eam?!
2657 5465 2870 5545 deant,
2909 5469 3116 5538 eam
3149 5457 3394 5545 ῖτιιιέαιρ,
3419 5473 3574 5544 apud
3619 5457 3724 5545 61h;

389 5529 868 5605 ‘{I_baptysmatis
897 5533 953 5605 2.
978 5600 991 5605 _
1031 5539 1100 5573 18!
1148 5529 1394 5605 deest}.
1471 5541 1541 5576 1³⁸
1585 5529 1866 5605 nequitias
1914 5535 2018 5593 011'

415 5595 472 5674 ξι
487 5595 681 5674 pauci—is
709 5603 931 5669 exceptis
953 5600 1143 5674 desunt
1174 5620 1247 5674 ap
1292 5602 1394 5662 σὴ.
1462 5673 1473 5674 7
1502 5611 1572 5646 ⁸87
1603 5595 1890 5660 incussam
1924 5610 1973 5661 1.

389 5663 578 5722 desunt
606 5665 706 5727 Ch.
781 5663 854 5714 “'0
876 5669 1074 5744 pabuli
1101 5663 1410 5748 spiritantia
1439 5673 1546 5747 σὴ,
1621 5683 1689 5720 m
1715 5675 1854 5738 dum
1874 5678 1953 5737 vit
1979 5675 2054 5737 E.
2094 5677 2163 5739 V.
2193 5663 2282 5738 Μ.

2098 5535 2169 5579 isi
2217 5535 2495 5608 fugiendo
2527 5535 2625 5594 Ch.
2703 5543 2774 5578 m
2810 5535 3084 5593 strénnue
3126 5535 3594 5598 administrisset
3623 5543 3722 5602 σὺ.

2086 5615 2157 5692 1's:
2185 5607 2349 5692 ἀέξει.
2385 5611 2439 5667 1.
2479 5623 2740 5683 superscr.
2772 5610 2827 5667 2.
2932 5616 3002 5653 m
3039 5608 3304 5667 videlicet
3330 5639 3406 5654 -
3442 5613 3725 5692 adquisivi
