3902 6210
176 486 327 544 1017

1312 484 1635 545 HERIGERI
1673 484 1890 544 GESTA
1928 484 2144 545 EPISC.
2187 478 2388 543 LEOD.

3371 486 3506 543 1018

165 606 416 663 sidiosus
431 622 533 679 pro
549 607 983 677 in]ossisia.entis
997 608 1261 678 puniaris,
1293 609 1381 663 sed
1394 612 1567 680 potius
1582 627 1676 681 pro
1694 610 1789 664 du-
1821 613 1876 671 Α
1907 609 2200 663 visionem
2237 608 2432 662 dicens
2461 615 2530 649 ιοι
2556 622 2569 660 :
2596 605 2822 677 Tempus
2833 607 2955 677 jam
2986 607 3169 673 instat,
3195 607 3367 676 frater
3398 607 3513 662 Va-

161 696 440 765 plia’tatis
463 695 721 749 thesauris
737 695 808 748 ad
824 696 1083 764 gaudium
1101 696 1326 751 Domini
1353 700 1436 753 tui
1448 700 1679 766 feliciter
1708 701 1789 752 in-

163 784 503 842 troducaris.
563 784 689 838 Haec
729 784 953 839 dicente
1002 789 1197 839 sancto
1246 786 1543 851 Euchario,
1606 788 1790 841 subito

168 874 404 927 uinctis
454 873 556 945 qui
608 872 852 927 aderant
902 873 1290 937 cernentibus,
1320 876 1410 927 lux
1440 877 1593 929 clara
1622 876 1789 929 velud

168 960 377 1033 fulgur
405 960 664 1027 emicuit,
695 977 762 1015 ac
792 977 938 1030 pene
981 978 1082 1032 per
1112 961 1277 1016 unius
1323 964 1480 1017 horse
1534 965 1791 1034 spacium

172 1052 369 1104 totam
391 1050 662 1104 cellulam
692 1050 814 1120 ejus
845 1049 1234 1104 circumfulsit.
1267 1053 1338 1104 At
1359 1053 1452 1105 ille
1475 1052 1797 1106 valedicens

172 1138 483 1204 fratribus,
532 1137 917 1208 repressisque
960 1142 1293 1193 reverenter
1335 1140 1530 1203 oculis,
1564 1139 1795 1210 reliquit

174 1227 292 1281 hoc
322 1227 490 1281 triste
518 1227 797 1291 secutum,
832 1230 888 1279 et
917 1242 1046 1279 cum
1071 1227 1192 1297 ipsa
1222 1228 1343 1280 luce
1377 1231 1405 1280 5
1432 1236 1499 1268 192
1531 1228 1657 1281 ldus
1687 1228 1800 1281 De-

173 1315 438 1369 cembris
466 1316 619 1368 letus
667 1314 939 1383 migravit
968 1315 1038 1368 ad
1066 1315 1352 1369 Christum
1389 1317 1450 1385 (c.
1494 1322 1596 1381 l7).
1642 1316 1799 1369 Tunc

175 1402 451 1473 discipuli
485 1419 589 1473 pro
612 1402 734 1472 ejus
764 1402 916 1455 exitu
949 1419 1137 1456 sacras
1172 1404 1437 1473 exequias
1475 1404 1796 1458 celebrave-

174 1495 344 1557 runt,
406 1493 466 1545 et
501 1507 707 1562 corpus
765 1491 885 1560 ejus
938 1491 994 1543 in
1028 1492 1302 1555 mcclesia,
1339 1509 1467 1563 quin
1523 1496 1605 1545 est
1638 1495 1798 1545 extra

174 1580 408 1634 muenia
454 1579 696 1633 civitatis
722 1579 795 1633 ad
823 1580 1207 1635 meridianam
1239 1584 1471 1651 plagam
1505 1581 1631 1647 sita,
1666 1598 1797 1635 cum

170 1668 382 1739 ymnis
411 1671 470 1721 et
496 1668 603 1738 piis
632 1668 880 1721 lacrimis
906 1670 1209 1739 sepulturas
1244 1669 1626 1723 tradiderunt.

179 1760 273 1813 l2.
325 1756 414 1810 De
451 1758 563 1810 vita
592 1763 641 1809 et
669 1756 813 1809 obitu
841 1757 981 1809 beati
1034 1756 1238 1810 Valerii
1265 1759 1618 1810 successoriris
1658 1759 1795 1827 ejus.

252 1846 396 1900 Post
425 1845 586 1914 cujus
614 1844 1004 1899 venerabilem
1055 1845 1275 1898 obitum
1310 1846 1511 1898 beatus
1542 1844 1799 1899 Valerius

1911 698 2031 763 teri,
2068 698 2402 751 resolutionis
2440 703 2562 761 tuae,
2617 703 2666 749 et
2704 704 2902 765 parata
2933 703 3057 750 sunt
3084 696 3182 748 tibi
3198 695 3401 763 gaudia
3428 713 3514 751 re-

1905 787 2207 839 tributionis
2238 792 2465 839 wternaz.
2494 784 2654 837 Patet
2674 786 2811 837 enim
2830 785 2925 837 tibi
2949 800 3127 854 Janua
3158 785 3373 838 cmleslis
3394 801 3513 853 reg-

1904 878 1978 941 ni,
2015 892 2177 945 quam
2202 882 2324 944 post
2371 875 2506 927 hanc
2536 874 2720 928 horam
2762 876 2945 943 quinto
2977 874 3060 927 die
3086 874 3513 941 gratulabundus

1908 964 2237 1031 ingrediens,
2291 971 2340 1015 et
2372 963 2435 1015 (le
2482 965 2731 1015 concessis
2759 962 2982 1017 Domini
3009 969 3086 1015 tui
3119 963 3374 1031 beneﬁciis
3402 965 3514 1016 sine

1900 1051 2007 1122 ﬁne
2055 1052 2312 1105 lwtabcris
2353 1068 2367 1117 ;
2436 1058 2753 1122 quapropter
2781 1050 3089 1106 Maternum
3121 1054 3305 1121 agonis
3342 1052 3517 1107 nostri

1902 1148 2289 1211 coeperatorem
2322 1149 2398 1181 905
2434 1143 2513 1193 tui
2548 1142 2723 1209 officii
2744 1158 3084 1194 successorem
3130 1144 3410 1208 constitue,
3443 1141 3515 1196 il-

1903 1229 2116 1300 lumque
2147 1230 2208 1282 de
2235 1230 2539 1284 visitatione
2563 1237 2741 1283 nostra
2778 1235 2899 1283 ante
2931 1230 3069 1283 diem
3095 1232 3186 1285 sui
3214 1234 3382 1286 exitus
3404 1247 3512 1285 cer-

1901 1319 2165 1370 tissimum
2210 1317 2382 1372 redde.
2442 1320 2509 1370 Et
2558 1318 2678 1371 haec
2708 1318 2901 1371 dicens
2929 1319 3178 1371 recessit.
3220 1319 3507 1391 Evigilans

1899 1410 2092 1461 autem
2127 1411 2355 1460 sanctus
2386 1407 2671 1472 Valerius,
2692 1424 2821 1461 mox
2853 1407 3028 1461 visum
3062 1408 3351 1461 somnium
3370 1409 3507 1463 bea-

1902 1498 1959 1549 to
1988 1495 2241 1549 Materno
2274 1495 2607 1565 cretei-isque
2641 1496 2916 1549 fratribus
2968 1496 3063 1566 qui
3105 1499 3312 1565 praesto
3346 1498 3511 1550 erant

1903 1583 2174 1649 narravit,
2205 1587 2262 1637 et
2292 1584 2371 1637 eis
2404 1583 2557 1637 diem
2590 1585 2777 1636 obitus
2804 1584 2889 1637 sui
2921 1583 3213 1640 laetissimo
3244 1587 3399 1639 vultu
3426 1584 3513 1640 in-

1899 1673 2049 1723 stare
2082 1672 2347 1741 praedixit
2374 1681 2464 1728 20‘.
2521 1671 2800 1743 Sequenti
2834 1690 2967 1727 vero
2994 1682 3064 1714 906
3091 1672 3181 1727 die
3210 1672 3510 1727 venerabi-

1900 1760 2015 1811 lem
2051 1760 2369 1812 Maternum
2398 1760 2467 1813 ad
2503 1761 2917 1814 sacerdotalem
2946 1762 3190 1831 gradum
3232 1760 3508 1833 provexit,

1903 1850 1961 1900 et
2000 1863 2131 1899 eum
2187 1847 2256 1899 de
2309 1848 2494 1900 studio
2550 1849 2837 1901 commissi
2871 1849 3173 1903 ministerii
3206 1850 3513 1919 diligenter

172 1934 238 1988 in
302 1933 697 1988 ministerium
746 1933 1096 1987 sacerdotale
1146 1942 1213 1975 W3
1266 1937 1532 1987 successit
1593 1940 1657 1999 (c.
1694 1938 1796 2001 18),
1825 1920 1874 1979 Β
1908 1934 2179 1987 instruxit
2232 1937 2296 2003 (c.
2329 1939 2438 1997 2t).
2469 1935 2725 2006 Cumque
2757 1936 3230 2006 per‘praedictum
3256 1938 3514 2008 spacium

177 2021 447 2094 illudque
472 2030 542 2063 ιοι
568 2036 672 2092 per
701 2021 1031 2092 quindecim
1061 2038 1245 2075 annos
1266 2025 1460 2075 sancte
1485 2020 1727 2075 vivendo
1746 2025 1803 2075 et

176 2111 432 2165 verbum
461 2109 588 2164 vitae
610 2110 977 2180 praedicando
998 2110 1404 2180 probatissime
1430 2110 1661 2169 rexit,in
1688 2125 1801 2181 quo

182 2200 463 2256 videlicet
488 2199 767 2271 temporis
795 2199 985 2269 spacio
1014 2207 1084 2240 1η
1111 2202 1323 2254 multos
1370 2200 1443 2253 ad
1486 2199 1801 2253 Dominum

180 2290 460 2362 populos,
509 2288 673 2358 signa
698 2304 913 2359 magna
936 2290 994 2340 et
1021 2289 1305 2358 stupenda
1336 2287 1604 2359 prodigia
1634 2305 1802 2343 exer-

180 2378 376 2433 cendo
399 2376 704 2443 convertit,
734 2378 792 2430 et
820 2384 891 2418 ίοο
917 2374 989 2430 ad
1020 2376 1376 2446 agnitionem
1409 2376 1705 2430 catholicae
1734 2376 1800 2430 ﬁ-

181 2466 280 2521 dei
310 2464 1078 2534 saluberrimainstigatione
1101 2463 1367 2535 perduxit
1388 2472 1476 2516 190.
1497 2463 1601 2527 Qui
1625 2464 1800 2518 etiam

182 2553 609 2609 studiosissime
639 2552 813 2607 verbo
838 2551 1264 2623 praedicationis
1293 2552 1564 2617 instabat,
1602 2555 1661 2605 ut
1672 2552 1799 2621 jam

182 2646 326 2698 tunc
357 2658 510 2713 pene
558 2657 665 2713 per
697 2641 938 2695 Galliam
988 2657 1053 2695 ac
1099 2641 1471 2695 Germaniam
1504 2640 1802 2695 christiani

184 2739 259 2774 ιοτ
317 2745 583 2803 paganos
631 2732 688 2784 et
744 2745 989 2785 numero
1020 2732 1360 2801 superarent
1412 2730 1468 2783 et
1495 2728 1797 2799 religione.

180 2821 325 2875 Erat
350 2835 608 2891 namque
641 2818 903 2874 doctrina
933 2819 1055 2889 ejus
1084 2817 1322 2889 singulis
1349 2834 1624 2889 congrua,
1660 2834 1798 2873 cun-

180 2907 411 2980 ctisque
438 2907 804 2962 audientibus
835 2906 1015 2961 dulcis
1070 2911 1127 2960 et
1180 2904 1529 2977 gratissima,
1558 2906 1711 2960 unde
1746 2909 1804 2961 et

186 2997 265 3052 ob
297 2996 643 3051 melliﬂuam
670 3003 741 3037 m
766 3011 1103 3050 sermonum
1160 2995 1284 3063 ejus
1327 2993 1659 3048 facundiam
1702 3011 1804 3048 uu-

186 3084 368 3156 dique
418 3084 493 3139 ad
538 3100 671 3139 eum
702 3083 897 3157 populi
944 3082 1335 3149 conﬂuebant,
1368 3085 1425 3135 et
1453 3083 1658 3136 saltem
1693 3082 1799 3137 ali-

187 3173 350 3246 quod
369 3182 440 3215 19°
454 3173 693 3228 verbum
711 3190 775 3227 ex
791 3189 889 3227 ore
913 3172 1033 3242 ejus
1049 3171 1246 3225 audire
1278 3170 1673 3241 cupiebant(c.
1692 3170 1795 3237 19),

1906 2022 1981 2075 ob
2042 2022 2264 2076 famam
2302 2023 2679 2093 depositionis
2731 2024 2853 2093 ejus
2907 2025 3275 2077 advenientes
3321 2024 3519 2079 fideles

1905 2110 2084 2163 verbo
2109 2110 2415 2164 salutifcrzn
2447 2110 2883 2165 ammonitionis
2913 2111 2981 2165 de
3019 2111 3287 2166 exercitio
3301 2120 3518 2166 Msen-

1906 2201 2013 2251 ctae
2048 2198 2499 2252 conversationis
2538 2197 2818 2252 instanter
2873 2199 3200 2265 instrueret,
3232 2202 3288 2252 et
3313 2197 3515 2255 eosad

1906 2286 2158 2339 salutem
2190 2286 2519 2341 animarum
2551 2303 2783 2341 suarum
2813 2287 3081 2341 dulcitlua
3116 2288 3515 2344 exhortatione

1910 2374 2286 2445 paternisque
2320 2375 2625 2429 visceribus
2659 2375 2944 2442 incitaret,
2988 2376 3349 2431 illucescente
3386 2376 3515 2447 jam

1908 2461 2112 2532 quinto
2145 2463 2236 2517 die
2265 2464 2587 2519 oratorium
2614 2464 2922 2535 ingressus,
2952 2464 3221 2519 viaticum
3250 2466 3406 2537 quod
3425 2465 3515 2537 ip-

1907 2567 1965 2604 se
1997 2555 2435 2606 consecraverat
2466 2553 2704 2623 accepit,
2738 2557 2795 2607 et
2828 2555 2957 2623 post
2998 2554 3120 2607 hinc
3178 2555 3426 2608 extensis
3446 2562 3518 2597 ὀε

1906 2638 2061 2694 inter
2086 2640 2503 2710 discipulorum
2550 2658 2757 2696 manus
2781 2641 2952 2696 sacris
2979 2642 3257 2697 membris
3311 2644 3345 2696 4
3387 2640 3515 2697 Kal.

1906 2727 2202 2782 Februarii
2240 2729 2507 2800 spiritum
2565 2731 2706 2785 creto
2765 2731 3040 2785 reddidit.
3101 2731 3271 2802 Cujus
3308 2745 3516 2802 corpus

1905 2816 2246 2887 colligentes
2315 2817 2595 2889 discipuli,
2654 2820 3035 2875 sacratissimo
3065 2820 3291 2891 corpori
3334 2817 3518 2874 sancti

1905 2904 2170 2959 Eucharii
2200 2909 2644 2977 coaptaverunt,
2678 2910 2733 2961 et
2764 2907 2821 2961 in
2853 2908 3059 2962 eodem
3092 2908 3388 2979 sarcofago
3428 2905 3517 2961 di-

1904 2992 2049 3047 vinis
2100 2994 2363 3049 laudibus
2415 2995 2825 3061 condiderunt,
2868 2997 3021 3067 quod
3053 3005 3124 3038 '09
3152 3010 3402 3066 superna
3426 2994 3517 3050 di-

1906 3080 2222 3151 spositione
2254 3086 2445 3136 actum
2492 3098 2612 3138 esse
2660 3084 2967 3151 credimus,
3020 3087 3081 3138 ut
3121 3099 3368 3155 quorum
3399 3098 3518 3139 una

1909 3184 2140 3238 semper
2173 3186 2339 3223 mens
2370 3178 2441 3211 ἰο
2473 3171 2531 3224 in
2559 3172 2807 3227 Domino
2834 3177 2979 3238 erat,
3030 3189 3231 3228 eorum
3285 3186 3515 3245 quoque

186 3262 489 3327 Quantum
505 3276 638 3316 vero
666 3260 738 3315 ad
761 3260 1226 3332 propriosmores
1248 3257 1547 3331 pertinuit,
1580 3262 1642 3311 ut
1670 3258 1798 3312 bre-
1831 3268 1880 3328 ο
1910 3272 2156 3327 corpora
2187 3273 2290 3311 nec
2323 3258 2692 3327 sepulchrum
2728 3260 2799 3314 ab
2825 3260 3067 3315 invicem
3093 3263 3406 3333 separaret.

184 3349 340 3403 viter
368 3363 625 3415 narrem,
655 3348 769 3403 fuit
787 3346 1137 3420 cogitatione
1167 3344 1599 3412 mundissimus,
1627 3344 1800 3398 verbo

184 3436 345 3492 utilis
391 3440 450 3491 et
483 3436 777 3505 discretus,
829 3435 1169 3508 Operatione
1209 3431 1620 3488 uichilominus
1652 3431 1803 3487 inre-

184 3524 594 3598 prehensibilis
635 3541 701 3580 ac
748 3524 1067 3597 praecipuus
1100 3531 1191 3590 200,
1218 3539 1282 3577 ac
1313 3520 1391 3575 sic
1422 3537 1526 3593 per
1555 3519 1799 3575 activam

183 3614 371 3669 vitam
431 3612 673 3686 singulis
723 3612 1120 3683 compassione
1176 3610 1361 3666 extitit
1390 3609 1800 3681 proximus,ut

181 3707 392 3759 tamen
423 3719 543 3775 pra:
573 3701 794 3758 caeteris
823 3700 1315 3772 contemplatione
1369 3701 1518 3753 esset
1558 3713 1797 3767 suspen-

184 3800 384 3847 susm.
415 3792 679 3847 Etinhac
697 3790 1190 3861 contemplatione
1218 3788 1454 3859 positus,
1484 3804 1602 3842 non
1635 3786 1797 3841 dese-

184 3881 356 3936 rebat
384 3880 705 3935 fraternam
752 3877 1301 3934 condescensionem
1349 3876 1478 3930 vita:
1539 3874 1797 3943 actualis,

186 3986 296 4025 nec
312 3969 493 4025 etiam
510 3969 569 4024 in
587 3968 813 4024 actione
825 3965 1156 4033 submissus,
1175 3965 1481 4020 recedebat
1496 3982 1530 4018 a
1544 3964 1800 4019 sublimi-

185 4060 309 4113 tate
332 4067 405 4100 ’θ’
437 4056 962 4128 contemplationis,
996 4054 1206 4127 quique
1263 4052 1534 4108 salutaria
1576 4051 1803 4107 monita

189 4146 277 4200 sui
327 4146 593 4216 magistri
622 4147 779 4199 recto
816 4144 1049 4198 tramite
1077 4158 1345 4214 sequens,
1402 4140 1800 4210 evangelicum

188 4234 453 4289 triticum
508 4232 812 4289 dominicae
864 4231 1098 4287 familiae
1154 4229 1400 4284 fideliter
1430 4229 1800 4300 dispensavit,

192 4327 249 4378 et
317 4321 538 4378 credita
597 4321 705 4378 sibi
776 4322 997 4377 talenta
1060 4317 1448 4391 spiritualibus
1522 4331 1803 4388 augmen-

191 4411 263 4466 tis
302 4410 723 4482 multiplicavit.
766 4410 906 4465 Cum
949 4425 1080 4464 vero
1127 4406 1491 4480 perfectuum
1517 4413 1588 4446 =03
1618 4403 1806 4474 gradi-

191 4500 296 4555 bus
325 4516 506 4572 usque
539 4500 612 4554 ad
641 4498 998 4553 venerabiles
1023 4513 1197 4552 canos
1232 4494 1581 4567 pervenisset
1604 4496 1661 4547 et
1678 4493 1800 4563 jam

1908 3364 1994 3416 13.
2030 3360 2191 3427 Quod
2218 3362 2398 3417 beatus
2418 3362 2710 3437 ⁵Μᾳτενηιιε
2747 3369 2822 3419 tot
2840 3369 3001 3437 annis
3032 3366 3296 3437 episcopus
3327 3366 3514 3435 fuerit,

2239 3439 2367 3505 quot
2392 3434 2575 3487 diebus
2614 3437 2669 3487 in
2705 3435 2973 3505 sepulchro
2995 3434 3191 3507 iacuit.

1977 3519 2112 3591 (An.
2148 3521 2296 3586 314.)
2322 3521 2540 3576 Deinde
2573 3521 2774 3576 beatus
2802 3524 3089 3577 Maternus
3120 3523 3514 3595 pontificalem

1901 3607 2216 3679 suscipiens
2242 3608 2466 3681 apicem
2491 3611 2636 3678 (274)
2667 3609 2735 3680 (c.
2762 3610 2876 3679 22),
2902 3610 3073 3681 ccepit
3097 3627 3202 3681 per
3235 3609 3513 3674 civitates,

1903 3699 1961 3751 et
1990 3696 2258 3767 regiones
2289 3712 2485 3751 veram
2514 3696 2690 3751 ﬁdem
2724 3714 2852 3769 quae
2880 3701 2964 3752 est
3010 3714 3070 3753 1n
3122 3697 3342 3753 Christo
3375 3714 3516 3753 con-

1902 3788 2122 3840 stanter
2150 3785 2488 3856 prazdicare,
2523 3789 2759 3841 cunctos
2791 3787 2865 3841 ad
2895 3786 3047 3842 viam
3069 3786 3268 3842 salutis
3287 3786 3518 3843 assidua

1903 3873 2326 3930 ammonitione
2344 3876 2919 3946 provocare,magnis
2936 3876 3237 3930 virtutibus
3259 3890 3517 3931 crescere

1901 3962 2078 4033 signis
2099 3965 2157 4017 et
2186 3963 2472 4018 miraculis
2493 3965 2665 4036 longe
2694 3966 2921 4037 lateque
2937 3966 3268 4032 clarescere,
3295 3966 3515 4036 quanto

1904 4050 2207 4105 cotidianis
2238 4051 2616 4108 incrementis
2640 4053 2901 4109 ﬁdelium
2926 4053 3363 4109 multitudinem
3389 4054 3519 4125 plus

1904 4139 2101 4210 augeri
2135 4143 2537 4211 conspexerat,
2598 4144 2762 4197 tanto
2821 4142 3158 4214 diligentius
3187 4141 3520 4213 injunctum

1905 4227 2293 4284 ministerium
2318 4229 2665 4301 regulariter
2686 4232 2957 4288 ordinare
2997 4231 3282 4287 studebat.
3318 4231 3418 4286 Hic
3444 4238 3516 4275 Nl

1915 4316 2129 4371 etenim
2171 4320 2432 4388 quamvis
2461 4323 2611 4374 esset
2654 4320 2740 4374 vir
2794 4338 3026 4393 magnae
3080 4320 3437 4378 auctoritatis
3460 4321 3521 4376 et

1916 4405 2266 4476 prudentiae,
2337 4407 2514 4461 nichil
2588 4410 2788 4464 tamen
2852 4426 2917 4464 ex
2978 4411 3213 4483 proprio
3266 4408 3517 4481 imperio

1913 4494 2139 4565 quamsi
2181 4502 2251 4536 ³11
2283 4495 2465 4550 libera
2491 4498 2656 4551 utens
2674 4501 2958 4569 potestate
2975 4500 3245 4567 exercuit,
3267 4498 3367 4554 sed
3396 4512 3521 4552 om-

193 4588 616 4645 consommatio
673 4587 758 4642 sui
818 4603 1012 4641 cursus
1059 4585 1555 4659 appropinquaret
1587 4583 1655 4653 (c.
1690 4572 1876 4653 20),D
1912 4581 2011 4636 nia
2041 4581 2338 4637 humiliter
2394 4587 2567 4656 atque
2608 4585 2922 4657 simpiciter
2949 4587 3088 4657 egit,
3120 4602 3520 4644 communem-

194 4677 446 4751 quadam
486 4679 656 4733 nocte
707 4676 975 4749 apparuit
1028 4675 1081 4731 ei
1122 4675 1327 4731 beatus
1356 4671 1670 4728 Eucharius
1698 4687 1805 4744 per

1909 4687 2023 4743 que
2055 4686 2115 4725 se
2144 4670 2385 4727 subditis
2415 4673 2600 4730 studio
2628 4688 2839 4732 sanctae
2866 4675 3184 4731 dilectionis
3212 4676 3469 4735 exhibuit
3497 4690 3516 4746 ;

1508 4817 1740 4874 VARLE
1799 4813 2197 4872 LECTIONES.

263 4957 334 4992 ω
364 4951 397 5003 6
428 4951 508 5005 ait
530 4948 607 5005 E.
640 4947 710 5003 V.
727 4945 814 5002 Μ.
890 4954 960 4990 ηδ
986 4943 1406 5001 sacerdotalem
1433 4943 1488 4996 3.
1518 4956 1657 4994 corr.
1682 4937 2040 4994 sacerdotale
2070 4942 2122 4994 2.

2204 4946 2270 5014 ψ
2296 4940 2536 5014 illutque
2564 4960 2702 5011 corr,
2727 4942 2981 5014 illudque
3001 4946 3054 4998 2.
3132 4949 3200 4983 19‘
3230 4958 3368 5014 corr.
3400 4949 3516 5003 Le.

200 5037 281 5092 sp.
305 5024 488 5093 temp.
567 5028 638 5062 m
669 5019 856 5093 desunt
886 5017 988 5073 Ch.
1067 5025 1136 5093 197
1166 5015 1343 5093 xpigl.
1371 5008 1890 5093 3Lcorr.}p’i5ni
1920 5081 1931 5093 I
1972 5018 2040 5051 198
2071 5010 2413 5093 molliﬂuam
2440 5008 2585 5067 Eorr.
2618 5008 2956 5093 melliﬂuam
2986 5018 3038 5067 2.
3114 5021 3186 5093 399
3215 5013 3435 5093 aliquot
3466 5020 3518 5093 1.

202 5081 271 5135 ’δο
299 5081 448 5162 τοτνῖ
474 5095 527 5160 1,
549 5108 578 5146 e
604 5089 930 5162 prmcipius.
1008 5097 1075 5131 ²ο¹
1108 5081 1362 5142 intentus
1396 5084 1499 5162 Oti.
1577 5081 1732 5162 me;
1753 5098 1798 5135 s.
1829 5081 2063 5162 3.7lrange
2091 5082 2246 5162 atiter
2275 5081 2374 5162 Ch.
2455 5094 2524 5125 ποθ
2549 5102 2686 5162 corr.
2711 5084 3080 5162 profectuum
3109 5088 3166 5162 2.
3239 5081 3522 5162 itit—desunt

206 5179 272 5237 ap
300 5161 402 5237 Cb.
513 5154 1103 5237 393-cooperationem
1136 5162 1187 5215 2.
1318 5163 1390 5199 ὀε
1421 5154 1512 5208 die
1543 5167 1676 5206 vero
1704 5154 1758 5237 2_.

529 5160 1103 5233 uis—cooperationem
1136 5162 1187 5215 2.

203 5230 269 5279 sic
301 5235 511 5308 reliqua
542 5230 871 5289 desunt—Ch.

1892 5159 1961 5193 107
1990 5153 2257 5209 exerticio
2294 5158 2341 5209 1.

980 5240 1052 5274 ιίο
1096 5244 1324 5301 semper
1353 5241 1521 5283 mens
1550 5239 1686 5277 corr.
1726 5226 1747 5275 1
1789 5238 1893 5292 pro
1923 5239 2005 5279 m.
2039 5240 2125 5293 5.;
2165 5240 2333 5281 mens
2358 5242 2612 5297 superscr.
2647 5230 2700 5281 2.
2740 5225 2896 5284 deest.
2932 5229 2983 5282 3.

2459 5162 2530 5196 208
2561 5158 2636 5209 ita
2665 5153 2773 5210 vita
2797 5153 2871 5208 Ε.
2912 5155 2980 5210 V.
3012 5154 3097 5210 Μ.
3130 5154 3265 5209 deest
3294 5158 3343 5210 1.
3376 5159 3426 5210 2.
3462 5158 3518 5209 3.

3100 5234 3168 5268 ω
3199 5225 3386 5280 desunt
3415 5223 3517 5280 Ch.

1735 5370 1958 5427 NOTAE.

246 5518 758 5600 [274)_Maternum
783 5513 1097 5600 quemdam
1132 5527 1334 5600 revera
1351 5584 1365 5600 ι
1378 5525 1426 5600 a
1436 5504 1625 5600 Η
1635 5501 1801 5600 9213-

171 5576 657 5658 liensiiicclesize
677 5576 969 5658 praefuisse
996 5584 1206 5658 docent
1260 5581 1499 5658 thatus
1537 5576 1804 5658 Milevita:

162 5647 410 5733 E13711
459 5660 619 5717 libro
637 5647 727 5733 de
757 5656 1070 5733 schismate
1090 5647 1519 5733 [leuatis-tarum
1536 5651 1589 5733 _l,
1608 5650 1720 5733 ‘23,.
1745 5647 1803 5733 et

158 5722 604 5813 δδίιειξιιιὶηιιε
634 5725 694 5784 in
721 5726 888 5800 epist.
919 5725 1077 5801 apud
1097 5723 1302 5782 Euseb.
1348 5724 1426 5795 X,
1453 5727 1505 5785 5.
1535 5722 1802 5792 Interfuit

1904 5499 2144 5579 concilio
2170 5502 2508 5579 Arelatensi.
2531 5504 2786 5579 Mansill,
2801 5505 2927 5563 4'76.
2946 5504 3379 5579 Cfr._Pe;ieridis
3392 5504 3517 5579 qui-

1902 5572 2030 5651 sitio
2040 5573 2120 5651 de
2138 5573 2460 5651 praedicata
2474 5576 2727 5646 primum
2746 5572 3053 5651 Evangelio
3067 5576 3127 5632 in
3140 5578 3367 5651 Belgica
3381 5572 3511 5649 _A'.ct.

1904 5644 2007 5704 SS.
2039 5643 2095 5699 S.
2124 5643 2205 5719 pt.
2238 5644 2331 5719 IV,
2366 5643 2621 5724 554‘sqq.
