  <div class='ocr_page' id='page_1' title='image "/cluster/home/n/w/nwhite01/storage/ocr_20150623/139/uva.x000829787/517.png"; bbox 0 0 3902 6210; ppageno 0'>
   <div class='ocr_carea' id='block_1_1' title="bbox 455 469 596 524">
    <p class='ocr_par' dir='ltr' id='par_1_1' title="bbox 455 469 596 524">
     <span class='ocr_line' id='line_1_1' title="bbox 455 469 596 524; baseline -0.021 0"><span class='ocrx_word' id='word_1_1' title='bbox 455 469 596 524; x_wconf 68' lang='grc'><strong>1019</strong></span> 
     </span>
    </p>
   </div>
   <div class='ocr_carea' id='block_1_2' title="bbox 1025 465 3202 527">
    <p class='ocr_par' dir='ltr' id='par_1_2' title="bbox 1025 465 3202 527">
     <span class='ocr_line' id='line_1_2' title="bbox 1025 465 3202 527; baseline 0 -7"><span class='ocrx_word' id='word_1_2' title='bbox 1025 465 1348 522; x_wconf 83' lang='lat' dir='ltr'>HERIGERI</span> <span class='ocrx_word' id='word_1_3' title='bbox 1389 468 1472 522; x_wconf 85' lang='lat' dir='ltr'>ET</span> <span class='ocrx_word' id='word_1_4' title='bbox 1507 467 1807 525; x_wconf 80' lang='lat' dir='ltr'>ANSELMI</span> <span class='ocrx_word' id='word_1_5' title='bbox 1849 468 2067 525; x_wconf 78' lang='lat' dir='ltr'>GESTA</span> <span class='ocrx_word' id='word_1_6' title='bbox 2105 467 2320 527; x_wconf 82' lang='lat' dir='ltr'>EPISC.</span> <span class='ocrx_word' id='word_1_7' title='bbox 2360 466 2610 524; x_wconf 82' lang='lat' dir='ltr'>TANGR.</span> <span class='ocrx_word' id='word_1_8' title='bbox 2647 467 2835 524; x_wconf 81' lang='lat' dir='ltr'>TRAJ.</span> <span class='ocrx_word' id='word_1_9' title='bbox 2877 466 2961 522; x_wconf 87' lang='lat' dir='ltr'>ET</span> <span class='ocrx_word' id='word_1_10' title='bbox 3000 465 3202 524; x_wconf 81' lang='lat' dir='ltr'>LEOD&#39;.</span> 
     </span>
    </p>
   </div>
   <div class='ocr_carea' id='block_1_3' title="bbox 3653 474 3795 528">
    <p class='ocr_par' dir='ltr' id='par_1_3' title="bbox 3653 474 3795 528">
     <span class='ocr_line' id='line_1_3' title="bbox 3653 474 3795 528; baseline -0.007 -1"><span class='ocrx_word' id='word_1_11' title='bbox 3653 474 3795 528; x_wconf 59' lang='lat'>£020</span> 
     </span>
    </p>
   </div>
   <div class='ocr_carea' id='block_1_4' title="bbox 467 586 3793 663">
    <p class='ocr_par' dir='ltr' id='par_1_4' title="bbox 467 586 3793 663">
     <span class='ocr_line' id='line_1_4' title="bbox 467 586 3793 663; baseline 0.001 -19"><span class='ocrx_word' id='word_1_12' title='bbox 467 589 527 644; x_wconf 91' lang='lat' dir='ltr'>in</span> <span class='ocrx_word' id='word_1_13' title='bbox 569 587 842 643; x_wconf 86' lang='lat' dir='ltr'>omnibus</span> <span class='ocrx_word' id='word_1_14' title='bbox 899 588 1074 644; x_wconf 90' lang='lat' dir='ltr'>etiam</span> <span class='ocrx_word' id='word_1_15' title='bbox 1119 605 1245 661; x_wconf 68' lang='lat' dir='ltr'>quae</span> <span class='ocrx_word' id='word_1_16' title='bbox 1275 589 1655 662; x_wconf 78' lang='lat' dir='ltr'>probabiliter</span> <span class='ocrx_word' id='word_1_17' title='bbox 1685 591 1937 660; x_wconf 81' lang='lat' dir='ltr'>gesserat</span> <span class='ocrx_word' id='word_1_18' title='bbox 1961 605 2079 643; x_wconf 89' lang='lat' dir='ltr'>non</span> <span class='ocrx_word' id='word_1_19' title='bbox 2106 593 2161 652; x_wconf 77' lang='grc' dir='ltr'><strong>Α</strong></span> <span class='ocrx_word' id='word_1_20' title='bbox 2184 590 2378 644; x_wconf 89' lang='lat' dir='ltr'>autem</span> <span class='ocrx_word' id='word_1_21' title='bbox 2412 605 2447 644; x_wconf 91' lang='lat' dir='ltr'>a</span> <span class='ocrx_word' id='word_1_22' title='bbox 2472 587 2806 644; x_wconf 88' lang='lat' dir='ltr'>tenuissimo</span> <span class='ocrx_word' id='word_1_23' title='bbox 2823 603 3030 644; x_wconf 85' lang='lat' dir='ltr'><strong>somno</strong></span> <span class='ocrx_word' id='word_1_24' title='bbox 3047 586 3793 663; x_wconf 23' lang='lat' dir='ltr'>evigilansnalde‘quidem</span> 
     </span>
    </p>
   </div>
   <div class='ocr_carea' id='block_1_5' title="bbox 449 675 2080 749">
    <p class='ocr_par' dir='ltr' id='par_1_5' title="bbox 449 675 2080 749">
     <span class='ocr_line' id='line_1_5' title="bbox 449 675 2080 749; baseline -0.002 -14"><span class='ocrx_word' id='word_1_25' title='bbox 449 692 618 735; x_wconf 92' lang='lat' dir='ltr'>suam</span> <span class='ocrx_word' id='word_1_26' title='bbox 641 675 740 732; x_wconf 92' lang='lat' dir='ltr'>sed</span> <span class='ocrx_word' id='word_1_27' title='bbox 767 675 975 732; x_wconf 78' lang='lat' dir='ltr'>Christi</span> <span class='ocrx_word' id='word_1_28' title='bbox 997 677 1249 749; x_wconf 79' lang='lat' dir='ltr'>gloriam</span> <span class='ocrx_word' id='word_1_29' title='bbox 1287 676 1567 748; x_wconf 64' lang='lat' dir='ltr'>qumsivit.</span> <span class='ocrx_word' id='word_1_30' title='bbox 1602 677 1826 749; x_wconf 84' lang='lat' dir='ltr'>Quique</span> <span class='ocrx_word' id='word_1_31' title='bbox 1840 685 1910 720; x_wconf 73' lang='grc'>³1³</span> <span class='ocrx_word' id='word_1_32' title='bbox 1929 675 2080 732; x_wconf 63' lang='lat' dir='ltr'>inter</span> 
     </span>
    </p>
   </div>
   <div class='ocr_carea' id='block_1_6' title="bbox 447 765 2078 822">
    <p class='ocr_par' dir='ltr' id='par_1_6' title="bbox 447 765 2078 822">
     <span class='ocr_line' id='line_1_6' title="bbox 447 765 2078 822; baseline 0.002 -3"><span class='ocrx_word' id='word_1_33' title='bbox 447 767 658 819; x_wconf 76' lang='lat' dir='ltr'>caetera</span> <span class='ocrx_word' id='word_1_34' title='bbox 685 767 1029 820; x_wconf 88' lang='lat' dir='ltr'>sanctarum</span> <span class='ocrx_word' id='word_1_35' title='bbox 1052 765 1334 820; x_wconf 90' lang='lat' dir='ltr'>virtutum</span> <span class='ocrx_word' id='word_1_36' title='bbox 1357 765 1627 821; x_wconf 85' lang='lat' dir='ltr'>exercitia</span> <span class='ocrx_word' id='word_1_37' title='bbox 1649 775 1718 808; x_wconf 73' lang='grc' dir='ltr'>ω</span> <span class='ocrx_word' id='word_1_38' title='bbox 1745 765 2078 822; x_wconf 89' lang='lat' dir='ltr'>mitissimus</span> 
     </span>
    </p>
   </div>
   <div class='ocr_carea' id='block_1_7' title="bbox 443 851 2076 926">
    <p class='ocr_par' dir='ltr' id='par_1_7' title="bbox 443 851 2076 926">
     <span class='ocr_line' id='line_1_7' title="bbox 443 851 2076 926; baseline 0.001 -19"><span class='ocrx_word' id='word_1_39' title='bbox 443 851 714 908; x_wconf 89' lang='lat' dir='ltr'>insistens</span> <span class='ocrx_word' id='word_1_40' title='bbox 734 861 802 895; x_wconf 67' lang='grc' dir='ltr'><strong>ἰδ</strong></span> <span class='ocrx_word' id='word_1_41' title='bbox 825 870 964 908; x_wconf 91' lang='lat' dir='ltr'>cons</span> <span class='ocrx_word' id='word_1_42' title='bbox 979 855 1254 909; x_wconf 88' lang='lat' dir='ltr'>olabatur</span> <span class='ocrx_word' id='word_1_43' title='bbox 1271 854 1538 922; x_wconf 76' lang='lat' dir='ltr'>afflictos,</span> <span class='ocrx_word' id='word_1_44' title='bbox 1557 855 1715 924; x_wconf 82' lang='lat' dir='ltr'>pavit</span> <span class='ocrx_word' id='word_1_45' title='bbox 1745 872 1813 910; x_wconf 82' lang='lat' dir='ltr'>ex</span> <span class='ocrx_word' id='word_1_46' title='bbox 1841 855 1932 910; x_wconf 89' lang='lat' dir='ltr'>his</span> <span class='ocrx_word' id='word_1_47' title='bbox 1950 872 2076 926; x_wconf 75' lang='lat' dir='ltr'>quae</span> 
     </span>
    </p>
   </div>
   <div class='ocr_carea' id='block_1_8' title="bbox 450 940 2078 1017">
    <p class='ocr_par' dir='ltr' id='par_1_8' title="bbox 450 940 2078 1017">
     <span class='ocr_line' id='line_1_8' title="bbox 450 940 2078 1017; baseline 0.002 -23"><span class='ocrx_word' id='word_1_48' title='bbox 450 940 818 996; x_wconf 87' lang='lat' dir='ltr'>habebantur</span> <span class='ocrx_word' id='word_1_49' title='bbox 835 959 1074 1013; x_wconf 89' lang='lat' dir='ltr'>egenos,</span> <span class='ocrx_word' id='word_1_50' title='bbox 1099 943 1325 998; x_wconf 85' lang='lat' dir='ltr'>vestivit</span> <span class='ocrx_word' id='word_1_51' title='bbox 1341 943 1544 1012; x_wconf 90' lang='lat' dir='ltr'>nudos,</span> <span class='ocrx_word' id='word_1_52' title='bbox 1566 943 1814 999; x_wconf 86' lang='lat' dir='ltr'>redemit</span> <span class='ocrx_word' id='word_1_53' title='bbox 1826 945 2078 1017; x_wconf 89' lang='lat' dir='ltr'>captivos</span> 
     </span>
    </p>
   </div>
   <div class='ocr_carea' id='block_1_9' title="bbox 453 1029 2079 1102">
    <p class='ocr_par' dir='ltr' id='par_1_9' title="bbox 453 1029 2079 1102">
     <span class='ocr_line' id='line_1_9' title="bbox 453 1029 2079 1102; baseline 0.003 -20"><span class='ocrx_word' id='word_1_54' title='bbox 453 1029 702 1100; x_wconf 84' lang='lat' dir='ltr'>suscepit</span> <span class='ocrx_word' id='word_1_55' title='bbox 733 1030 1093 1102; x_wconf 89' lang='lat' dir='ltr'>peregrinos,</span> <span class='ocrx_word' id='word_1_56' title='bbox 1124 1032 1464 1088; x_wconf 83' lang='lat' dir='ltr'>errantibus</span> <span class='ocrx_word' id='word_1_57' title='bbox 1495 1033 1646 1087; x_wconf 89' lang='lat' dir='ltr'>viam</span> <span class='ocrx_word' id='word_1_58' title='bbox 1677 1031 1874 1088; x_wconf 88' lang='lat' dir='ltr'>salutis</span> <span class='ocrx_word' id='word_1_59' title='bbox 1907 1031 2079 1087; x_wconf 87' lang='lat' dir='ltr'>mise-</span> 
     </span>
    </p>
   </div>
   <div class='ocr_carea' id='block_1_10' title="bbox 453 1116 2075 1192">
    <p class='ocr_par' dir='ltr' id='par_1_10' title="bbox 453 1116 2075 1192">
     <span class='ocr_line' id='line_1_10' title="bbox 453 1116 2075 1192; baseline 0.003 -21"><span class='ocrx_word' id='word_1_60' title='bbox 453 1116 757 1173; x_wconf 85' lang='lat' dir='ltr'>ricorditer</span> <span class='ocrx_word' id='word_1_61' title='bbox 819 1120 1090 1187; x_wconf 86' lang='lat' dir='ltr'>ostendit,</span> <span class='ocrx_word' id='word_1_62' title='bbox 1123 1119 1440 1192; x_wconf 85' lang='lat' dir='ltr'>desperatis</span> <span class='ocrx_word' id='word_1_63' title='bbox 1470 1137 1636 1192; x_wconf 88' lang='lat' dir='ltr'>spem</span> <span class='ocrx_word' id='word_1_64' title='bbox 1663 1121 1848 1177; x_wconf 64' lang='lat' dir='ltr'>veniae</span> <span class='ocrx_word' id='word_1_65' title='bbox 1876 1137 2075 1176; x_wconf 89' lang='lat' dir='ltr'>conse-</span> 
     </span>
    </p>
   </div>
   <div class='ocr_carea' id='block_1_11' title="bbox 455 1206 2078 1280">
    <p class='ocr_par' dir='ltr' id='par_1_11' title="bbox 455 1206 2078 1280">
     <span class='ocr_line' id='line_1_11' title="bbox 455 1206 2078 1280; baseline 0.003 -20"><span class='ocrx_word' id='word_1_66' title='bbox 455 1206 700 1278; x_wconf 67' lang='lat' dir='ltr'>quendm</span> <span class='ocrx_word' id='word_1_67' title='bbox 728 1207 1050 1263; x_wconf 88' lang='lat' dir='ltr'>clementer</span> <span class='ocrx_word' id='word_1_68' title='bbox 1076 1209 1367 1280; x_wconf 88' lang='lat' dir='ltr'>promisit,</span> <span class='ocrx_word' id='word_1_69' title='bbox 1402 1213 1700 1266; x_wconf 89' lang='lat' dir='ltr'>currentes</span> <span class='ocrx_word' id='word_1_70' title='bbox 1734 1209 1886 1266; x_wconf 88' lang='lat' dir='ltr'>viam</span> <span class='ocrx_word' id='word_1_71' title='bbox 1911 1227 2078 1265; x_wconf 88' lang='lat' dir='ltr'>man-</span> 
     </span>
    </p>
   </div>
   <div class='ocr_carea' id='block_1_12' title="bbox 461 1293 2078 1370">
    <p class='ocr_par' dir='ltr' id='par_1_12' title="bbox 461 1293 2078 1370">
     <span class='ocr_line' id='line_1_12' title="bbox 461 1293 2078 1370; baseline 0.004 -22"><span class='ocrx_word' id='word_1_72' title='bbox 461 1293 738 1351; x_wconf 84' lang='lat' dir='ltr'>datorum</span> <span class='ocrx_word' id='word_1_73' title='bbox 795 1297 897 1352; x_wconf 88' lang='lat' dir='ltr'>Dei</span> <span class='ocrx_word' id='word_1_74' title='bbox 928 1315 1162 1370; x_wconf 88' lang='lat' dir='ltr'>semper</span> <span class='ocrx_word' id='word_1_75' title='bbox 1215 1299 1287 1354; x_wconf 89' lang='lat' dir='ltr'>ad</span> <span class='ocrx_word' id='word_1_76' title='bbox 1345 1299 1638 1355; x_wconf 90' lang='lat' dir='ltr'>anteriora</span> <span class='ocrx_word' id='word_1_77' title='bbox 1665 1308 1736 1342; x_wconf 71' lang='grc' dir='ltr'>ἰι</span> <span class='ocrx_word' id='word_1_78' title='bbox 1765 1297 1992 1370; x_wconf 91' lang='lat' dir='ltr'>inpulit,</span> <span class='ocrx_word' id='word_1_79' title='bbox 2021 1299 2078 1354; x_wconf 91' lang='lat' dir='ltr'>in</span> 
     </span>
    </p>
   </div>
   <div class='ocr_carea' id='block_1_13' title="bbox 459 1385 2080 1459">
    <p class='ocr_par' dir='ltr' id='par_1_13' title="bbox 459 1385 2080 1459">
     <span class='ocr_line' id='line_1_13' title="bbox 459 1385 2080 1459; baseline 0.002 -20"><span class='ocrx_word' id='word_1_80' title='bbox 459 1390 532 1424; x_wconf 74' lang='grc'>³1⁸</span> <span class='ocrx_word' id='word_1_81' title='bbox 557 1385 767 1440; x_wconf 89' lang='lat' dir='ltr'>eadem</span> <span class='ocrx_word' id='word_1_82' title='bbox 797 1389 1168 1441; x_wconf 90' lang='lat' dir='ltr'>romorantes</span> <span class='ocrx_word' id='word_1_83' title='bbox 1193 1387 1367 1443; x_wconf 88' lang='lat' dir='ltr'>verbo</span> <span class='ocrx_word' id='word_1_84' title='bbox 1399 1387 1814 1444; x_wconf 84' lang='lat' dir='ltr'>exhortationis</span> <span class='ocrx_word' id='word_1_85' title='bbox 1844 1387 2080 1459; x_wconf 81' lang='lat' dir='ltr'>instiga—</span> 
     </span>
    </p>
   </div>
   <div class='ocr_carea' id='block_1_14' title="bbox 461 1471 2080 1544">
    <p class='ocr_par' dir='ltr' id='par_1_14' title="bbox 461 1471 2080 1544">
     <span class='ocr_line' id='line_1_14' title="bbox 461 1471 2080 1544; baseline 0.004 -18"><span class='ocrx_word' id='word_1_86' title='bbox 461 1471 547 1526; x_wconf 90' lang='lat' dir='ltr'>vit</span> <span class='ocrx_word' id='word_1_87' title='bbox 585 1481 678 1538; x_wconf 69' lang='grc' dir='ltr'>ω,</span> <span class='ocrx_word' id='word_1_88' title='bbox 711 1476 973 1532; x_wconf 90' lang='lat' dir='ltr'>etmodo</span> <span class='ocrx_word' id='word_1_89' title='bbox 1013 1476 1296 1544; x_wconf 89' lang='lat' dir='ltr'>docendo,</span> <span class='ocrx_word' id='word_1_90' title='bbox 1331 1478 1507 1534; x_wconf 91' lang='lat' dir='ltr'>modo</span> <span class='ocrx_word' id='word_1_91' title='bbox 1540 1477 1917 1544; x_wconf 85' lang='lat' dir='ltr'>exhortando,</span> <span class='ocrx_word' id='word_1_92' title='bbox 1952 1495 2080 1533; x_wconf 85' lang='lat' dir='ltr'>mo-</span> 
     </span>
    </p>
   </div>
   <div class='ocr_carea' id='block_1_15' title="bbox 469 1561 2072 1641">
    <p class='ocr_par' dir='ltr' id='par_1_15' title="bbox 469 1561 2072 1641">
     <span class='ocr_line' id='line_1_15' title="bbox 469 1561 2072 1641; baseline 0.002 -25"><span class='ocrx_word' id='word_1_93' title='bbox 469 1561 543 1616; x_wconf 93' lang='lat' dir='ltr'>do</span> <span class='ocrx_word' id='word_1_94' title='bbox 576 1565 950 1634; x_wconf 90' lang='lat' dir='ltr'>sustinendo,</span> <span class='ocrx_word' id='word_1_95' title='bbox 980 1567 1156 1623; x_wconf 89' lang='lat' dir='ltr'>modo</span> <span class='ocrx_word' id='word_1_96' title='bbox 1189 1567 1248 1621; x_wconf 91' lang='lat' dir='ltr'>in</span> <span class='ocrx_word' id='word_1_97' title='bbox 1267 1576 1335 1610; x_wconf 64' lang='grc' dir='ltr'>ἰθ</span> <span class='ocrx_word' id='word_1_98' title='bbox 1349 1567 1611 1639; x_wconf 84' lang='lat' dir='ltr'>periculis</span> <span class='ocrx_word' id='word_1_99' title='bbox 1636 1583 1694 1620; x_wconf 91' lang='lat' dir='ltr'>se</span> <span class='ocrx_word' id='word_1_100' title='bbox 1725 1565 2072 1641; x_wconf 69' lang='lat' dir='ltr'>objiciendo,</span> 
     </span>
    </p>
   </div>
   <div class='ocr_carea' id='block_1_16' title="bbox 2178 675 3794 744">
    <p class='ocr_par' dir='ltr' id='par_1_16' title="bbox 2178 675 3794 744">
     <span class='ocr_line' id='line_1_16' title="bbox 2178 675 3794 744; baseline 0.002 -13"><span class='ocrx_word' id='word_1_101' title='bbox 2178 677 2342 732; x_wconf 57' lang='lat' dir='ltr'>laetus</span> <span class='ocrx_word' id='word_1_102' title='bbox 2361 677 2432 732; x_wconf 92' lang='lat' dir='ltr'>de</span> <span class='ocrx_word' id='word_1_103' title='bbox 2445 680 2672 734; x_wconf 88' lang='lat' dir='ltr'>ostensa</span> <span class='ocrx_word' id='word_1_104' title='bbox 2687 675 2795 732; x_wconf 89' lang='lat' dir='ltr'>sibi</span> <span class='ocrx_word' id='word_1_105' title='bbox 2806 675 3024 732; x_wconf 83' lang='lat' dir='ltr'>visione</span> <span class='ocrx_word' id='word_1_106' title='bbox 3034 675 3241 744; x_wconf 84' lang='lat' dir='ltr'>extitit,</span> <span class='ocrx_word' id='word_1_107' title='bbox 3257 675 3361 733; x_wconf 88' lang='lat' dir='ltr'>sed</span> <span class='ocrx_word' id='word_1_108' title='bbox 3369 677 3578 733; x_wconf 84' lang='lat' dir='ltr'>statim</span> <span class='ocrx_word' id='word_1_109' title='bbox 3593 681 3794 736; x_wconf 87' lang='lat' dir='ltr'>tamen</span> 
     </span>
    </p>
   </div>
   <div class='ocr_carea' id='block_1_17' title="bbox 2181 764 3792 840">
    <p class='ocr_par' dir='ltr' id='par_1_17' title="bbox 2181 764 3792 840">
     <span class='ocr_line' id='line_1_17' title="bbox 2181 764 3792 840; baseline 0.001 -20"><span class='ocrx_word' id='word_1_110' title='bbox 2181 766 2380 822; x_wconf 89' lang='lat' dir='ltr'>adesse</span> <span class='ocrx_word' id='word_1_111' title='bbox 2412 774 2483 808; x_wconf 76' lang='lat' dir='ltr'>m</span> <span class='ocrx_word' id='word_1_112' title='bbox 2507 765 2766 837; x_wconf 91' lang='lat' dir='ltr'>corporis</span> <span class='ocrx_word' id='word_1_113' title='bbox 2787 764 3116 821; x_wconf 84' lang='lat' dir='ltr'>molestiam</span> <span class='ocrx_word' id='word_1_114' title='bbox 3147 764 3346 834; x_wconf 83' lang='lat' dir='ltr'>sensit,</span> <span class='ocrx_word' id='word_1_115' title='bbox 3388 765 3792 840; x_wconf 87' lang='lat' dir='ltr'>accereitoque</span> 
     </span>
    </p>
   </div>
   <div class='ocr_carea' id='block_1_18' title="bbox 2180 853 3794 926">
    <p class='ocr_par' dir='ltr' id='par_1_18' title="bbox 2180 853 3794 926">
     <span class='ocr_line' id='line_1_18' title="bbox 2180 853 3794 926; baseline -0.001 -16"><span class='ocrx_word' id='word_1_116' title='bbox 2180 854 2444 910; x_wconf 89' lang='lat' dir='ltr'>ministro</span> <span class='ocrx_word' id='word_1_117' title='bbox 2470 871 2601 910; x_wconf 91' lang='lat' dir='ltr'>cum</span> <span class='ocrx_word' id='word_1_118' title='bbox 2621 853 2744 926; x_wconf 88' lang='lat' dir='ltr'>ejus</span> <span class='ocrx_word' id='word_1_119' title='bbox 2755 853 3124 926; x_wconf 86' lang='lat' dir='ltr'>adjuvamine</span> <span class='ocrx_word' id='word_1_120' title='bbox 3143 862 3214 898; x_wconf 70' lang='grc' dir='ltr'>υτ</span> <span class='ocrx_word' id='word_1_121' title='bbox 3231 854 3306 910; x_wconf 87' lang='lat' dir='ltr'>ad</span> <span class='ocrx_word' id='word_1_122' title='bbox 3325 855 3601 912; x_wconf 88' lang='lat' dir='ltr'>cellulam</span> <span class='ocrx_word' id='word_1_123' title='bbox 3620 854 3794 910; x_wconf 83' lang='lat' dir='ltr'>rediit</span> 
     </span>
    </p>
   </div>
   <div class='ocr_carea' id='block_1_19' title="bbox 2179 941 3790 1017">
    <p class='ocr_par' dir='ltr' id='par_1_19' title="bbox 2179 941 3790 1017">
     <span class='ocr_line' id='line_1_19' title="bbox 2179 941 3790 1017; baseline -0.001 -19"><span class='ocrx_word' id='word_1_124' title='bbox 2179 946 2237 998; x_wconf 90' lang='lat' dir='ltr'>et</span> <span class='ocrx_word' id='word_1_125' title='bbox 2261 960 2523 999; x_wconf 87' lang='lat' dir='ltr'>seorsum</span> <span class='ocrx_word' id='word_1_126' title='bbox 2582 942 2964 1000; x_wconf 85' lang='lat' dir='ltr'>familiaribus</span> <span class='ocrx_word' id='word_1_127' title='bbox 3003 941 3296 1015; x_wconf 84' lang='lat' dir='ltr'>discipulis</span> <span class='ocrx_word' id='word_1_128' title='bbox 3341 943 3456 1000; x_wconf 89' lang='lat' dir='ltr'>hoc</span> <span class='ocrx_word' id='word_1_129' title='bbox 3483 943 3650 1017; x_wconf 86' lang='lat' dir='ltr'>quod</span> <span class='ocrx_word' id='word_1_130' title='bbox 3679 941 3790 998; x_wconf 89' lang='lat' dir='ltr'>sibi</span> 
     </span>
    </p>
   </div>
   <div class='ocr_carea' id='block_1_20' title="bbox 2181 1032 3791 1106">
    <p class='ocr_par' dir='ltr' id='par_1_20' title="bbox 2181 1032 3791 1106">
     <span class='ocr_line' id='line_1_20' title="bbox 2181 1032 3791 1106; baseline 0 -18"><span class='ocrx_word' id='word_1_131' title='bbox 2181 1036 2478 1088; x_wconf 90' lang='lat' dir='ltr'>ostensum</span> <span class='ocrx_word' id='word_1_132' title='bbox 2507 1032 2698 1090; x_wconf 84' lang='lat' dir='ltr'>fuerat</span> <span class='ocrx_word' id='word_1_133' title='bbox 2716 1032 2913 1088; x_wconf 87' lang='lat' dir='ltr'>retulit</span> <span class='ocrx_word' id='word_1_134' title='bbox 2936 1032 3008 1106; x_wconf 89' lang='lat' dir='ltr'>(c.</span> <span class='ocrx_word' id='word_1_135' title='bbox 3039 1032 3153 1104; x_wconf 78' lang='lat'>24).</span> <span class='ocrx_word' id='word_1_136' title='bbox 3181 1033 3284 1090; x_wconf 84' lang='lat' dir='ltr'>Die</span> <span class='ocrx_word' id='word_1_137' title='bbox 3311 1036 3510 1089; x_wconf 88' lang='lat' dir='ltr'>autem</span> <span class='ocrx_word' id='word_1_138' title='bbox 3540 1032 3791 1090; x_wconf 79' lang='lat' dir='ltr'>crastina</span> 
     </span>
    </p>
   </div>
   <div class='ocr_carea' id='block_1_21' title="bbox 2181 1121 3791 1194">
    <p class='ocr_par' dir='ltr' id='par_1_21' title="bbox 2181 1121 3791 1194">
     <span class='ocr_line' id='line_1_21' title="bbox 2181 1121 3791 1194; baseline 0.001 -16"><span class='ocrx_word' id='word_1_139' title='bbox 2181 1126 2496 1178; x_wconf 88' lang='lat' dir='ltr'>convocata</span> <span class='ocrx_word' id='word_1_140' title='bbox 2509 1122 2584 1178; x_wconf 92' lang='lat' dir='ltr'>ad</span> <span class='ocrx_word' id='word_1_141' title='bbox 2601 1139 2660 1178; x_wconf 91' lang='lat' dir='ltr'>se</span> <span class='ocrx_word' id='word_1_142' title='bbox 2677 1123 2926 1178; x_wconf 86' lang='lat' dir='ltr'>fratrum</span> <span class='ocrx_word' id='word_1_143' title='bbox 2947 1123 3197 1191; x_wconf 84' lang='lat' dir='ltr'>caterva,</span> <span class='ocrx_word' id='word_1_144' title='bbox 3215 1121 3390 1194; x_wconf 64' lang='lat' dir='ltr'>cepit</span> <span class='ocrx_word' id='word_1_145' title='bbox 3409 1139 3514 1179; x_wconf 90' lang='lat' dir='ltr'>eos</span> <span class='ocrx_word' id='word_1_146' title='bbox 3535 1122 3791 1179; x_wconf 82' lang='lat' dir='ltr'>studiose</span> 
     </span>
    </p>
   </div>
   <div class='ocr_carea' id='block_1_22' title="bbox 2181 1209 3791 1283">
    <p class='ocr_par' dir='ltr' id='par_1_22' title="bbox 2181 1209 3791 1283">
     <span class='ocr_line' id='line_1_22' title="bbox 2181 1209 3791 1283; baseline -0.001 -18"><span class='ocrx_word' id='word_1_147' title='bbox 2181 1209 2253 1265; x_wconf 90' lang='lat' dir='ltr'>de</span> <span class='ocrx_word' id='word_1_148' title='bbox 2285 1210 2420 1266; x_wconf 77' lang='lat' dir='ltr'>fidei</span> <span class='ocrx_word' id='word_1_149' title='bbox 2450 1209 2784 1283; x_wconf 73' lang='lat' dir='ltr'>integritate</span> <span class='ocrx_word' id='word_1_150' title='bbox 2809 1209 3130 1266; x_wconf 87' lang='lat' dir='ltr'>admonere</span> <span class='ocrx_word' id='word_1_151' title='bbox 3156 1213 3217 1265; x_wconf 90' lang='lat' dir='ltr'>et</span> <span class='ocrx_word' id='word_1_152' title='bbox 3235 1209 3466 1266; x_wconf 86' lang='lat' dir='ltr'>animos</span> <span class='ocrx_word' id='word_1_153' title='bbox 3488 1225 3702 1266; x_wconf 80' lang='lat' dir='ltr'>eorum</span> <span class='ocrx_word' id='word_1_154' title='bbox 3716 1209 3791 1265; x_wconf 84' lang='lat' dir='ltr'>ad</span> 
     </span>
    </p>
   </div>
   <div class='ocr_carea' id='block_1_23' title="bbox 2181 1298 3792 1368">
    <p class='ocr_par' dir='ltr' id='par_1_23' title="bbox 2181 1298 3792 1368">
     <span class='ocr_line' id='line_1_23' title="bbox 2181 1298 3792 1368; baseline 0.001 -13"><span class='ocrx_word' id='word_1_155' title='bbox 2181 1301 2415 1356; x_wconf 66' lang='lat' dir='ltr'>caeleste</span> <span class='ocrx_word' id='word_1_156' title='bbox 2436 1298 2786 1355; x_wconf 89' lang='lat' dir='ltr'>desiderium</span> <span class='ocrx_word' id='word_1_157' title='bbox 2809 1298 3240 1356; x_wconf 85' lang='lat' dir='ltr'>delectabilibus</span> <span class='ocrx_word' id='word_1_158' title='bbox 3251 1299 3438 1356; x_wconf 83' lang='lat' dir='ltr'>verbis</span> <span class='ocrx_word' id='word_1_159' title='bbox 3447 1299 3792 1368; x_wconf 80' lang='lat' dir='ltr'>accendere,</span> 
     </span>
    </p>
   </div>
   <div class='ocr_carea' id='block_1_24' title="bbox 2190 1385 3795 1461">
    <p class='ocr_par' dir='ltr' id='par_1_24' title="bbox 2190 1385 3795 1461">
     <span class='ocr_line' id='line_1_24' title="bbox 2190 1385 3795 1461; baseline 0.001 -19"><span class='ocrx_word' id='word_1_160' title='bbox 2190 1403 2256 1443; x_wconf 91' lang='lat' dir='ltr'>ac</span> <span class='ocrx_word' id='word_1_161' title='bbox 2277 1404 2380 1461; x_wconf 88' lang='lat' dir='ltr'>per</span> <span class='ocrx_word' id='word_1_162' title='bbox 2411 1391 2598 1444; x_wconf 90' lang='lat' dir='ltr'>totum</span> <span class='ocrx_word' id='word_1_163' title='bbox 2647 1386 2804 1443; x_wconf 90' lang='lat' dir='ltr'>diem</span> <span class='ocrx_word' id='word_1_164' title='bbox 2832 1385 3105 1443; x_wconf 79' lang='lat' dir='ltr'>salutaria</span> <span class='ocrx_word' id='word_1_165' title='bbox 3133 1387 3360 1444; x_wconf 90' lang='lat' dir='ltr'>monita</span> <span class='ocrx_word' id='word_1_166' title='bbox 3387 1387 3470 1446; x_wconf 87' lang='lat' dir='ltr'>eis</span> <span class='ocrx_word' id='word_1_167' title='bbox 3499 1388 3644 1444; x_wconf 81' lang='lat' dir='ltr'>dare</span> <span class='ocrx_word' id='word_1_168' title='bbox 3673 1404 3795 1444; x_wconf 88' lang='lat' dir='ltr'>non</span> 
     </span>
    </p>
   </div>
   <div class='ocr_carea' id='block_1_25' title="bbox 2187 1475 3798 1550">
    <p class='ocr_par' dir='ltr' id='par_1_25' title="bbox 2187 1475 3798 1550">
     <span class='ocr_line' id='line_1_25' title="bbox 2187 1475 3798 1550; baseline 0 -20"><span class='ocrx_word' id='word_1_169' title='bbox 2187 1493 2434 1544; x_wconf 81' lang='lat' dir='ltr'>cessans,</span> <span class='ocrx_word' id='word_1_170' title='bbox 2457 1492 2635 1548; x_wconf 90' lang='lat' dir='ltr'>usque</span> <span class='ocrx_word' id='word_1_171' title='bbox 2654 1484 2726 1519; x_wconf 74' lang='lat' dir='ltr'>m</span> <span class='ocrx_word' id='word_1_172' title='bbox 2756 1475 2828 1531; x_wconf 90' lang='lat' dir='ltr'>ad</span> <span class='ocrx_word' id='word_1_173' title='bbox 2859 1479 3123 1532; x_wconf 85' lang='lat' dir='ltr'>octavam</span> <span class='ocrx_word' id='word_1_174' title='bbox 3151 1477 3360 1533; x_wconf 90' lang='lat' dir='ltr'>horam</span> <span class='ocrx_word' id='word_1_175' title='bbox 3388 1475 3798 1550; x_wconf 83' lang='lat' dir='ltr'>subsequentis</span> 
     </span>
    </p>
   </div>
   <div class='ocr_carea' id='block_1_26' title="bbox 2191 1563 3796 1637">
    <p class='ocr_par' dir='ltr' id='par_1_26' title="bbox 2191 1563 3796 1637">
     <span class='ocr_line' id='line_1_26' title="bbox 2191 1563 3796 1637; baseline 0.001 -19"><span class='ocrx_word' id='word_1_176' title='bbox 2191 1564 2376 1620; x_wconf 90' lang='lat' dir='ltr'>noctis</span> <span class='ocrx_word' id='word_1_177' title='bbox 2405 1581 2736 1620; x_wconf 89' lang='lat' dir='ltr'>sermonem</span> <span class='ocrx_word' id='word_1_178' title='bbox 2765 1563 3218 1620; x_wconf 80' lang='lat' dir='ltr'>exhortatoriam</span> <span class='ocrx_word' id='word_1_179' title='bbox 3237 1565 3543 1637; x_wconf 80' lang='lat' dir='ltr'>protraxit,</span> <span class='ocrx_word' id='word_1_180' title='bbox 3561 1569 3622 1620; x_wconf 91' lang='lat' dir='ltr'>et</span> <span class='ocrx_word' id='word_1_181' title='bbox 3636 1564 3796 1637; x_wconf 89' lang='lat' dir='ltr'>quod</span> 
     </span>
    </p>
   </div>
   <div class='ocr_carea' id='block_1_27' title="bbox 463 1639 3797 1727">
    <p class='ocr_par' dir='ltr' id='par_1_27' title="bbox 463 1639 3797 1727">
     <span class='ocr_line' id='line_1_27' title="bbox 463 1639 3797 1727; baseline 0.001 -23"><span class='ocrx_word' id='word_1_182' title='bbox 463 1653 738 1708; x_wconf 89' lang='lat' dir='ltr'>omnibus</span> <span class='ocrx_word' id='word_1_183' title='bbox 759 1655 1156 1711; x_wconf 88' lang='lat' dir='ltr'>indesinenter</span> <span class='ocrx_word' id='word_1_184' title='bbox 1179 1655 1275 1727; x_wconf 90' lang='lat' dir='ltr'>pio</span> <span class='ocrx_word' id='word_1_185' title='bbox 1300 1655 1580 1710; x_wconf 86' lang='lat' dir='ltr'>solamine</span> <span class='ocrx_word' id='word_1_186' title='bbox 1607 1654 1854 1710; x_wconf 89' lang='lat' dir='ltr'>occurrit</span> <span class='ocrx_word' id='word_1_187' title='bbox 1877 1656 1936 1725; x_wconf 80' lang='lat' dir='ltr'>(c.</span> <span class='ocrx_word' id='word_1_188' title='bbox 1957 1639 2068 1726; x_wconf 40' lang='lat'>23);</span> <span class='ocrx_word' id='word_1_189' title='bbox 2100 1639 2146 1698; x_wconf 81' lang='grc' dir='ltr'>Β</span> <span class='ocrx_word' id='word_1_190' title='bbox 2173 1653 2492 1726; x_wconf 89' lang='lat' dir='ltr'>creliquum</span> <span class='ocrx_word' id='word_1_191' title='bbox 2516 1653 2697 1709; x_wconf 89' lang='lat' dir='ltr'>noctis</span> <span class='ocrx_word' id='word_1_192' title='bbox 2723 1656 3037 1725; x_wconf 82' lang='lat' dir='ltr'>supererat,</span> <span class='ocrx_word' id='word_1_193' title='bbox 3067 1653 3128 1710; x_wconf 91' lang='lat' dir='ltr'>in</span> <span class='ocrx_word' id='word_1_194' title='bbox 3151 1652 3385 1725; x_wconf 85' lang='lat' dir='ltr'>psalmis</span> <span class='ocrx_word' id='word_1_195' title='bbox 3413 1655 3474 1708; x_wconf 92' lang='lat' dir='ltr'>et</span> <span class='ocrx_word' id='word_1_196' title='bbox 3501 1652 3702 1726; x_wconf 82' lang='lat' dir='ltr'>ymnis</span> <span class='ocrx_word' id='word_1_197' title='bbox 3723 1661 3797 1696; x_wconf 67' lang='grc' dir='ltr'>ω</span> 
     </span>
    </p>
   </div>
   <div class='ocr_carea' id='block_1_28' title="bbox 470 1740 2072 1816">
    <p class='ocr_par' dir='ltr' id='par_1_28' title="bbox 470 1740 2072 1816">
     <span class='ocr_line' id='line_1_28' title="bbox 470 1740 2072 1816; baseline 0.003 -23"><span class='ocrx_word' id='word_1_198' title='bbox 470 1740 568 1794; x_wconf 85' lang='lat' dir='ltr'>His</span> <span class='ocrx_word' id='word_1_199' title='bbox 609 1758 747 1813; x_wconf 88' lang='lat' dir='ltr'>ergo</span> <span class='ocrx_word' id='word_1_200' title='bbox 775 1746 946 1816; x_wconf 87' lang='lat' dir='ltr'>atque</span> <span class='ocrx_word' id='word_1_201' title='bbox 975 1744 1100 1799; x_wconf 91' lang='lat' dir='ltr'>aliis</span> <span class='ocrx_word' id='word_1_202' title='bbox 1128 1744 1460 1815; x_wconf 85' lang='lat' dir='ltr'>hujusmodi</span> <span class='ocrx_word' id='word_1_203' title='bbox 1492 1744 1781 1799; x_wconf 86' lang='lat' dir='ltr'>bonorum</span> <span class='ocrx_word' id='word_1_204' title='bbox 1829 1760 2072 1816; x_wconf 88' lang='lat' dir='ltr'>operum</span> 
     </span>
    </p>
   </div>
   <div class='ocr_carea' id='block_1_29' title="bbox 471 1830 2073 1899">
    <p class='ocr_par' dir='ltr' id='par_1_29' title="bbox 471 1830 2073 1899">
     <span class='ocr_line' id='line_1_29' title="bbox 471 1830 2073 1899; baseline 0.002 -15"><span class='ocrx_word' id='word_1_205' title='bbox 471 1830 671 1885; x_wconf 89' lang='lat' dir='ltr'>studiis</span> <span class='ocrx_word' id='word_1_206' title='bbox 696 1832 888 1899; x_wconf 86' lang='lat' dir='ltr'>fultus,</span> <span class='ocrx_word' id='word_1_207' title='bbox 923 1833 994 1887; x_wconf 91' lang='lat' dir='ltr'>ad</span> <span class='ocrx_word' id='word_1_208' title='bbox 1027 1836 1284 1888; x_wconf 89' lang='lat' dir='ltr'>sanctam</span> <span class='ocrx_word' id='word_1_209' title='bbox 1339 1836 1396 1886; x_wconf 91' lang='lat' dir='ltr'>et</span> <span class='ocrx_word' id='word_1_210' title='bbox 1439 1832 1787 1888; x_wconf 89' lang='lat' dir='ltr'>laudabilem</span> <span class='ocrx_word' id='word_1_211' title='bbox 1818 1836 2073 1888; x_wconf 89' lang='lat' dir='ltr'>senectu-</span> 
     </span>
    </p>
   </div>
   <div class='ocr_carea' id='block_1_30' title="bbox 471 1921 2070 1994">
    <p class='ocr_par' dir='ltr' id='par_1_30' title="bbox 471 1921 2070 1994">
     <span class='ocr_line' id='line_1_30' title="bbox 471 1921 2070 1994; baseline 0.003 -20"><span class='ocrx_word' id='word_1_212' title='bbox 471 1921 591 1974; x_wconf 87' lang='lat' dir='ltr'>tem</span> <span class='ocrx_word' id='word_1_213' title='bbox 622 1921 884 1992; x_wconf 87' lang='lat' dir='ltr'>pervenit</span> <span class='ocrx_word' id='word_1_214' title='bbox 935 1925 992 1976; x_wconf 92' lang='lat' dir='ltr'>et</span> <span class='ocrx_word' id='word_1_215' title='bbox 1033 1921 1176 1976; x_wconf 90' lang='lat' dir='ltr'>sicut</span> <span class='ocrx_word' id='word_1_216' title='bbox 1223 1923 1607 1993; x_wconf 86' lang='lat' dir='ltr'>quadraginta</span> <span class='ocrx_word' id='word_1_217' title='bbox 1651 1922 1773 1978; x_wconf 89' lang='lat' dir='ltr'>dies</span> <span class='ocrx_word' id='word_1_218' title='bbox 1796 1922 1976 1994; x_wconf 90' lang='lat' dir='ltr'>jacuit</span> <span class='ocrx_word' id='word_1_219' title='bbox 2011 1924 2070 1978; x_wconf 92' lang='lat' dir='ltr'>in</span> 
     </span>
    </p>
   </div>
   <div class='ocr_carea' id='block_1_31' title="bbox 471 2009 2069 2080">
    <p class='ocr_par' dir='ltr' id='par_1_31' title="bbox 471 2009 2069 2080">
     <span class='ocr_line' id='line_1_31' title="bbox 471 2009 2069 2080; baseline 0.002 -16"><span class='ocrx_word' id='word_1_220' title='bbox 471 2009 796 2080; x_wconf 87' lang='lat' dir='ltr'>sepulchro,</span> <span class='ocrx_word' id='word_1_221' title='bbox 829 2009 908 2065; x_wconf 90' lang='lat' dir='ltr'>ita</span> <span class='ocrx_word' id='word_1_222' title='bbox 929 2011 1104 2066; x_wconf 90' lang='lat' dir='ltr'>etiam</span> <span class='ocrx_word' id='word_1_223' title='bbox 1132 2011 1376 2066; x_wconf 89' lang='lat' dir='ltr'>totidem</span> <span class='ocrx_word' id='word_1_224' title='bbox 1423 2028 1608 2067; x_wconf 90' lang='lat' dir='ltr'>annos</span> <span class='ocrx_word' id='word_1_225' title='bbox 1635 2011 1847 2068; x_wconf 89' lang='lat' dir='ltr'>mansit</span> <span class='ocrx_word' id='word_1_226' title='bbox 1885 2013 1946 2068; x_wconf 91' lang='lat' dir='ltr'>in</span> <span class='ocrx_word' id='word_1_227' title='bbox 1981 2029 2069 2067; x_wconf 92' lang='lat' dir='ltr'>sa-</span> 
     </span>
    </p>
   </div>
   <div class='ocr_carea' id='block_1_32' title="bbox 469 2097 1115 2156">
    <p class='ocr_par' dir='ltr' id='par_1_32' title="bbox 469 2097 1115 2156">
     <span class='ocr_line' id='line_1_32' title="bbox 469 2097 1115 2156; baseline 0.003 -4"><span class='ocrx_word' id='word_1_228' title='bbox 469 2097 744 2153; x_wconf 88' lang='lat' dir='ltr'>cerdotali</span> <span class='ocrx_word' id='word_1_229' title='bbox 775 2098 1115 2156; x_wconf 89' lang='lat' dir='ltr'>ministerio.</span> 
     </span>
    </p>
   </div>
   <div class='ocr_carea' id='block_1_33' title="bbox 478 2201 2076 2270">
    <p class='ocr_par' dir='ltr' id='par_1_33' title="bbox 478 2201 2076 2270">
     <span class='ocr_line' id='line_1_33' title="bbox 478 2201 2076 2270; baseline 0.005 -14"><span class='ocrx_word' id='word_1_230' title='bbox 478 2203 563 2258; x_wconf 79' lang='lat' dir='ltr'>l4.</span> <span class='ocrx_word' id='word_1_231' title='bbox 599 2201 839 2270; x_wconf 78' lang='lat' dir='ltr'>Qualiter</span> <span class='ocrx_word' id='word_1_232' title='bbox 860 2223 977 2259; x_wconf 87' lang='lat' dir='ltr'>eum</span> <span class='ocrx_word' id='word_1_233' title='bbox 1007 2205 1315 2262; x_wconf 83' lang='lat' dir='ltr'>Eucharius</span> <span class='ocrx_word' id='word_1_234' title='bbox 1338 2213 1387 2262; x_wconf 90' lang='lat' dir='ltr'>et</span> <span class='ocrx_word' id='word_1_235' title='bbox 1405 2207 1652 2264; x_wconf 85' lang='lat' dir='ltr'>Valerius</span> <span class='ocrx_word' id='word_1_236' title='bbox 1670 2207 1733 2262; x_wconf 89' lang='lat' dir='ltr'>de</span> <span class='ocrx_word' id='word_1_237' title='bbox 1756 2208 1852 2262; x_wconf 88' lang='lat' dir='ltr'>hoc</span> <span class='ocrx_word' id='word_1_238' title='bbox 1879 2209 2076 2264; x_wconf 87' lang='lat' dir='ltr'>mundo</span> 
     </span>
    </p>
   </div>
   <div class='ocr_carea' id='block_1_34' title="bbox 957 2281 1601 2348">
    <p class='ocr_par' dir='ltr' id='par_1_34' title="bbox 957 2281 1601 2348">
     <span class='ocr_line' id='line_1_34' title="bbox 957 2281 1601 2348; baseline 0 -16"><span class='ocrx_word' id='word_1_239' title='bbox 957 2295 1051 2348; x_wconf 85' lang='lat' dir='ltr'>per</span> <span class='ocrx_word' id='word_1_240' title='bbox 1077 2281 1250 2333; x_wconf 83' lang='lat' dir='ltr'>visum</span> <span class='ocrx_word' id='word_1_241' title='bbox 1277 2281 1601 2334; x_wconf 86' lang='lat' dir='ltr'>vocaverint.</span> 
     </span>
    </p>
   </div>
   <div class='ocr_carea' id='block_1_35' title="bbox 548 2363 2081 2440">
    <p class='ocr_par' dir='ltr' id='par_1_35' title="bbox 548 2363 2081 2440">
     <span class='ocr_line' id='line_1_35' title="bbox 548 2363 2081 2440; baseline 0.005 -23"><span class='ocrx_word' id='word_1_242' title='bbox 548 2365 598 2418; x_wconf 91' lang='lat' dir='ltr'>Is</span> <span class='ocrx_word' id='word_1_243' title='bbox 629 2363 820 2436; x_wconf 86' lang='lat' dir='ltr'>itaque</span> <span class='ocrx_word' id='word_1_244' title='bbox 850 2365 1048 2420; x_wconf 91' lang='lat' dir='ltr'>solitus</span> <span class='ocrx_word' id='word_1_245' title='bbox 1072 2369 1196 2422; x_wconf 87' lang='lat' dir='ltr'>erat</span> <span class='ocrx_word' id='word_1_246' title='bbox 1225 2383 1329 2438; x_wconf 90' lang='lat' dir='ltr'>per</span> <span class='ocrx_word' id='word_1_247' title='bbox 1350 2370 1694 2422; x_wconf 88' lang='lat' dir='ltr'>nocturnam</span> <span class='ocrx_word' id='word_1_248' title='bbox 1711 2367 1965 2440; x_wconf 87' lang='lat' dir='ltr'>quietem</span> <span class='ocrx_word' id='word_1_249' title='bbox 1994 2370 2081 2424; x_wconf 88' lang='lat' dir='ltr'>lo-</span> 
     </span>
    </p>
   </div>
   <div class='ocr_carea' id='block_1_36' title="bbox 476 2453 2080 2526">
    <p class='ocr_par' dir='ltr' id='par_1_36' title="bbox 476 2453 2080 2526">
     <span class='ocr_line' id='line_1_36' title="bbox 476 2453 2080 2526; baseline 0.002 -20"><span class='ocrx_word' id='word_1_250' title='bbox 476 2467 610 2507; x_wconf 90' lang='lat' dir='ltr'>cum</span> <span class='ocrx_word' id='word_1_251' title='bbox 638 2453 733 2508; x_wconf 89' lang='lat' dir='ltr'>ubi</span> <span class='ocrx_word' id='word_1_252' title='bbox 765 2469 1010 2526; x_wconf 90' lang='lat' dir='ltr'>corpora</span> <span class='ocrx_word' id='word_1_253' title='bbox 1037 2457 1370 2509; x_wconf 91' lang='lat' dir='ltr'>sanctorum</span> <span class='ocrx_word' id='word_1_254' title='bbox 1425 2455 1793 2526; x_wconf 90' lang='lat' dir='ltr'>requiescunt</span> <span class='ocrx_word' id='word_1_255' title='bbox 1845 2455 2080 2512; x_wconf 88' lang='lat' dir='ltr'>silenter</span> 
     </span>
    </p>
   </div>
   <div class='ocr_carea' id='block_1_37' title="bbox 479 2541 2079 2619">
    <p class='ocr_par' dir='ltr' id='par_1_37' title="bbox 479 2541 2079 2619">
     <span class='ocr_line' id='line_1_37' title="bbox 479 2541 2079 2619; baseline 0.003 -23"><span class='ocrx_word' id='word_1_256' title='bbox 479 2541 854 2613; x_wconf 80' lang='lat' dir='ltr'>frequentare</span> <span class='ocrx_word' id='word_1_257' title='bbox 871 2546 928 2598; x_wconf 91' lang='lat' dir='ltr'>et</span> <span class='ocrx_word' id='word_1_258' title='bbox 944 2542 1158 2598; x_wconf 90' lang='lat' dir='ltr'>ibidem</span> <span class='ocrx_word' id='word_1_259' title='bbox 1183 2543 1394 2598; x_wconf 90' lang='lat' dir='ltr'>diutius</span> <span class='ocrx_word' id='word_1_260' title='bbox 1409 2543 1470 2598; x_wconf 91' lang='lat' dir='ltr'>in</span> <span class='ocrx_word' id='word_1_261' title='bbox 1501 2545 1762 2600; x_wconf 90' lang='lat' dir='ltr'>oratione</span> <span class='ocrx_word' id='word_1_262' title='bbox 1781 2546 1934 2601; x_wconf 89' lang='lat' dir='ltr'>solus</span> <span class='ocrx_word' id='word_1_263' title='bbox 1948 2562 2079 2619; x_wconf 88' lang='lat' dir='ltr'>per-</span> 
     </span>
    </p>
   </div>
   <div class='ocr_carea' id='block_1_38' title="bbox 477 2631 2080 2706">
    <p class='ocr_par' dir='ltr' id='par_1_38' title="bbox 477 2631 2080 2706">
     <span class='ocr_line' id='line_1_38' title="bbox 477 2631 2080 2706; baseline 0.003 -21"><span class='ocrx_word' id='word_1_264' title='bbox 477 2631 678 2686; x_wconf 89' lang='lat' dir='ltr'>sistere</span> <span class='ocrx_word' id='word_1_265' title='bbox 701 2639 793 2688; x_wconf 70' lang='lat'>“7.</span> <span class='ocrx_word' id='word_1_266' title='bbox 815 2632 977 2686; x_wconf 91' lang='lat' dir='ltr'>Unde</span> <span class='ocrx_word' id='word_1_267' title='bbox 1016 2631 1156 2686; x_wconf 91' lang='lat' dir='ltr'>dum</span> <span class='ocrx_word' id='word_1_268' title='bbox 1204 2631 1456 2704; x_wconf 89' lang='lat' dir='ltr'>quadam</span> <span class='ocrx_word' id='word_1_269' title='bbox 1486 2637 1656 2688; x_wconf 91' lang='lat' dir='ltr'>nocte</span> <span class='ocrx_word' id='word_1_270' title='bbox 1669 2635 1834 2706; x_wconf 87' lang='lat' dir='ltr'>juxta</span> <span class='ocrx_word' id='word_1_271' title='bbox 1854 2651 2080 2690; x_wconf 91' lang='lat' dir='ltr'>morem</span> 
     </span>
    </p>
   </div>
   <div class='ocr_carea' id='block_1_39' title="bbox 481 2717 2080 2796">
    <p class='ocr_par' dir='ltr' id='par_1_39' title="bbox 481 2717 2080 2796">
     <span class='ocr_line' id='line_1_39' title="bbox 481 2717 2080 2796; baseline 0.003 -24"><span class='ocrx_word' id='word_1_272' title='bbox 481 2717 733 2773; x_wconf 87' lang='lat' dir='ltr'>eandem</span> <span class='ocrx_word' id='word_1_273' title='bbox 759 2719 1074 2775; x_wconf 64' lang='lat' dir='ltr'>mcclesiam</span> <span class='ocrx_word' id='word_1_274' title='bbox 1102 2719 1366 2784; x_wconf 87' lang='lat' dir='ltr'>intraret,</span> <span class='ocrx_word' id='word_1_275' title='bbox 1409 2721 1604 2794; x_wconf 89' lang='lat' dir='ltr'>ibique</span> <span class='ocrx_word' id='word_1_276' title='bbox 1641 2722 1912 2796; x_wconf 87' lang='lat' dir='ltr'>prolixius</span> <span class='ocrx_word' id='word_1_277' title='bbox 1941 2724 2080 2779; x_wconf 88' lang='lat' dir='ltr'>divi-</span> 
     </span>
    </p>
   </div>
   <div class='ocr_carea' id='block_1_40' title="bbox 478 2808 2085 2885">
    <p class='ocr_par' dir='ltr' id='par_1_40' title="bbox 478 2808 2085 2885">
     <span class='ocr_line' id='line_1_40' title="bbox 478 2808 2085 2885; baseline 0.004 -23"><span class='ocrx_word' id='word_1_278' title='bbox 478 2822 586 2862; x_wconf 87' lang='lat' dir='ltr'>nas</span> <span class='ocrx_word' id='word_1_279' title='bbox 616 2808 814 2862; x_wconf 90' lang='lat' dir='ltr'>laudes</span> <span class='ocrx_word' id='word_1_280' title='bbox 841 2809 1177 2878; x_wconf 90' lang='lat' dir='ltr'>celebraret,</span> <span class='ocrx_word' id='word_1_281' title='bbox 1208 2811 1360 2866; x_wconf 88' lang='lat' dir='ltr'>circa</span> <span class='ocrx_word' id='word_1_282' title='bbox 1384 2811 1640 2867; x_wconf 89' lang='lat' dir='ltr'>mediam</span> <span class='ocrx_word' id='word_1_283' title='bbox 1659 2815 1890 2868; x_wconf 90' lang='lat' dir='ltr'>noctem</span> <span class='ocrx_word' id='word_1_284' title='bbox 1914 2814 2085 2885; x_wconf 69' lang='lat' dir='ltr'>caapit</span> 
     </span>
    </p>
   </div>
   <div class='ocr_carea' id='block_1_41' title="bbox 483 2897 2086 2972">
    <p class='ocr_par' dir='ltr' id='par_1_41' title="bbox 483 2897 2086 2972">
     <span class='ocr_line' id='line_1_41' title="bbox 483 2897 2086 2972; baseline 0.006 -23"><span class='ocrx_word' id='word_1_285' title='bbox 483 2911 689 2951; x_wconf 87' lang='lat' dir='ltr'>somno</span> <span class='ocrx_word' id='word_1_286' title='bbox 719 2897 966 2968; x_wconf 85' lang='lat' dir='ltr'>gravari,</span> <span class='ocrx_word' id='word_1_287' title='bbox 998 2900 1056 2954; x_wconf 90' lang='lat' dir='ltr'>et</span> <span class='ocrx_word' id='word_1_288' title='bbox 1078 2899 1150 2954; x_wconf 88' lang='lat' dir='ltr'>ab</span> <span class='ocrx_word' id='word_1_289' title='bbox 1189 2899 1462 2956; x_wconf 86' lang='lat' dir='ltr'>instantia</span> <span class='ocrx_word' id='word_1_290' title='bbox 1488 2916 1725 2972; x_wconf 91' lang='lat' dir='ltr'>precum</span> <span class='ocrx_word' id='word_1_291' title='bbox 1755 2901 2086 2958; x_wconf 77' lang='lat' dir='ltr'>offendente</span> 
     </span>
    </p>
   </div>
   <div class='ocr_carea' id='block_1_42' title="bbox 491 2983 2087 3063">
    <p class='ocr_par' dir='ltr' id='par_1_42' title="bbox 491 2983 2087 3063">
     <span class='ocr_line' id='line_1_42' title="bbox 491 2983 2087 3063; baseline 0.006 -26"><span class='ocrx_word' id='word_1_292' title='bbox 491 2983 688 3054; x_wconf 89' lang='lat' dir='ltr'>sepius</span> <span class='ocrx_word' id='word_1_293' title='bbox 705 2985 902 3056; x_wconf 81' lang='lat' dir='ltr'>lingua</span> <span class='ocrx_word' id='word_1_294' title='bbox 917 2986 1220 3042; x_wconf 89' lang='lat' dir='ltr'>retardari.</span> <span class='ocrx_word' id='word_1_295' title='bbox 1255 2990 1326 3043; x_wconf 82' lang='lat' dir='ltr'>At</span> <span class='ocrx_word' id='word_1_296' title='bbox 1345 2996 1418 3032; x_wconf 64' lang='grc' dir='ltr'>ἰδ</span> <span class='ocrx_word' id='word_1_297' title='bbox 1445 2989 1538 3044; x_wconf 75' lang='lat' dir='ltr'>ille</span> <span class='ocrx_word' id='word_1_298' title='bbox 1560 2989 1618 3044; x_wconf 92' lang='lat' dir='ltr'>in</span> <span class='ocrx_word' id='word_1_299' title='bbox 1633 2990 1900 3046; x_wconf 90' lang='lat' dir='ltr'>subsellio</span> <span class='ocrx_word' id='word_1_300' title='bbox 1931 2991 2087 3063; x_wconf 90' lang='lat' dir='ltr'>quod</span> 
     </span>
    </p>
   </div>
   <div class='ocr_carea' id='block_1_43' title="bbox 485 3071 2092 3150">
    <p class='ocr_par' dir='ltr' id='par_1_43' title="bbox 485 3071 2092 3150">
     <span class='ocr_line' id='line_1_43' title="bbox 485 3071 2092 3150; baseline 0.003 -20"><span class='ocrx_word' id='word_1_301' title='bbox 485 3071 569 3130; x_wconf 89' lang='lat' dir='ltr'>ibi</span> <span class='ocrx_word' id='word_1_302' title='bbox 596 3077 722 3130; x_wconf 90' lang='lat' dir='ltr'>erat</span> <span class='ocrx_word' id='word_1_303' title='bbox 747 3075 1070 3143; x_wconf 89' lang='lat' dir='ltr'>considens,</span> <span class='ocrx_word' id='word_1_304' title='bbox 1102 3075 1290 3132; x_wconf 83' lang='lat' dir='ltr'>inﬁxis</span> <span class='ocrx_word' id='word_1_305' title='bbox 1329 3077 1403 3133; x_wconf 92' lang='lat' dir='ltr'>ad</span> <span class='ocrx_word' id='word_1_306' title='bbox 1427 3094 1617 3150; x_wconf 90' lang='lat' dir='ltr'>genua</span> <span class='ocrx_word' id='word_1_307' title='bbox 1632 3087 1702 3122; x_wconf 75' lang='lat' dir='ltr'>m</span> <span class='ocrx_word' id='word_1_308' title='bbox 1733 3079 1957 3146; x_wconf 88' lang='lat' dir='ltr'>cubitis,</span> <span class='ocrx_word' id='word_1_309' title='bbox 1995 3079 2092 3134; x_wconf 84' lang='lat' dir='ltr'>in-</span> 
     </span>
    </p>
   </div>
   <div class='ocr_carea' id='block_1_44' title="bbox 491 3164 2097 3239">
    <p class='ocr_par' dir='ltr' id='par_1_44' title="bbox 491 3164 2097 3239">
     <span class='ocr_line' id='line_1_44' title="bbox 491 3164 2097 3239; baseline 0.004 -22"><span class='ocrx_word' id='word_1_310' title='bbox 491 3164 583 3218; x_wconf 88' lang='lat' dir='ltr'>ter</span> <span class='ocrx_word' id='word_1_311' title='bbox 614 3166 884 3236; x_wconf 88' lang='lat' dir='ltr'>utrasque</span> <span class='ocrx_word' id='word_1_312' title='bbox 914 3181 1120 3220; x_wconf 89' lang='lat' dir='ltr'>manus</span> <span class='ocrx_word' id='word_1_313' title='bbox 1165 3169 1427 3222; x_wconf 88' lang='lat' dir='ltr'>sanctum</span> <span class='ocrx_word' id='word_1_314' title='bbox 1473 3171 1644 3239; x_wconf 90' lang='lat' dir='ltr'>caput</span> <span class='ocrx_word' id='word_1_315' title='bbox 1691 3167 1989 3224; x_wconf 87' lang='lat' dir='ltr'>reclinavit</span> <span class='ocrx_word' id='word_1_316' title='bbox 2038 3171 2097 3223; x_wconf 89' lang='lat' dir='ltr'>et</span> 
     </span>
    </p>
   </div>
   <div class='ocr_carea' id='block_1_45' title="bbox 492 3253 2094 3324">
    <p class='ocr_par' dir='ltr' id='par_1_45' title="bbox 492 3253 2094 3324">
     <span class='ocr_line' id='line_1_45' title="bbox 492 3253 2094 3324; baseline 0.003 -18"><span class='ocrx_word' id='word_1_317' title='bbox 492 3253 793 3324; x_wconf 92' lang='lat' dir='ltr'>paululum</span> <span class='ocrx_word' id='word_1_318' title='bbox 845 3269 1051 3310; x_wconf 89' lang='lat' dir='ltr'>somno</span> <span class='ocrx_word' id='word_1_319' title='bbox 1125 3254 1334 3310; x_wconf 89' lang='lat' dir='ltr'>cedens</span> <span class='ocrx_word' id='word_1_320' title='bbox 1393 3255 1658 3311; x_wconf 88' lang='lat' dir='ltr'>celeriter</span> <span class='ocrx_word' id='word_1_321' title='bbox 1722 3255 2094 3322; x_wconf 86' lang='lat' dir='ltr'>obdormivit,</span> 
     </span>
    </p>
   </div>
   <div class='ocr_carea' id='block_1_46' title="bbox 497 3340 2100 3416">
    <p class='ocr_par' dir='ltr' id='par_1_46' title="bbox 497 3340 2100 3416">
     <span class='ocr_line' id='line_1_46' title="bbox 497 3340 2100 3416; baseline 0.002 -22"><span class='ocrx_word' id='word_1_322' title='bbox 497 3340 811 3414; x_wconf 89' lang='lat' dir='ltr'>statimque</span> <span class='ocrx_word' id='word_1_323' title='bbox 843 3346 1235 3415; x_wconf 88' lang='lat' dir='ltr'>apparuerunt</span> <span class='ocrx_word' id='word_1_324' title='bbox 1265 3344 1317 3399; x_wconf 92' lang='lat' dir='ltr'>ei</span> <span class='ocrx_word' id='word_1_325' title='bbox 1362 3360 1468 3416; x_wconf 89' lang='lat' dir='ltr'>per</span> <span class='ocrx_word' id='word_1_326' title='bbox 1529 3345 1810 3400; x_wconf 89' lang='lat' dir='ltr'>visionem</span> <span class='ocrx_word' id='word_1_327' title='bbox 1869 3349 2100 3400; x_wconf 89' lang='lat' dir='ltr'>sanctus</span> 
     </span>
    </p>
   </div>
   <div class='ocr_carea' id='block_1_47' title="bbox 514 3428 2102 3490">
    <p class='ocr_par' dir='ltr' id='par_1_47' title="bbox 514 3428 2102 3490">
     <span class='ocr_line' id='line_1_47' title="bbox 514 3428 2102 3490; baseline 0.004 -8"><span class='ocrx_word' id='word_1_328' title='bbox 514 3428 827 3486; x_wconf 78' lang='lat' dir='ltr'>Eucherius</span> <span class='ocrx_word' id='word_1_329' title='bbox 841 3431 1113 3487; x_wconf 89' lang='lat' dir='ltr'>etbeatus</span> <span class='ocrx_word' id='word_1_330' title='bbox 1136 3431 1391 3488; x_wconf 88' lang='lat' dir='ltr'>Valerius</span> <span class='ocrx_word' id='word_1_331' title='bbox 1414 3431 1740 3488; x_wconf 82' lang='lat' dir='ltr'>clarissimis</span> <span class='ocrx_word' id='word_1_332' title='bbox 1763 3443 1834 3476; x_wconf 81' lang='grc' dir='ltr'>²²ο</span> <span class='ocrx_word' id='word_1_333' title='bbox 1855 3433 2102 3490; x_wconf 88' lang='lat' dir='ltr'>vultibus</span> 
     </span>
    </p>
   </div>
   <div class='ocr_carea' id='block_1_48' title="bbox 495 3518 2099 3590">
    <p class='ocr_par' dir='ltr' id='par_1_48' title="bbox 495 3518 2099 3590">
     <span class='ocr_line' id='line_1_48' title="bbox 495 3518 2099 3590; baseline 0.003 -18"><span class='ocrx_word' id='word_1_334' title='bbox 495 3518 890 3590; x_wconf 87' lang='lat' dir='ltr'>splendentes,</span> <span class='ocrx_word' id='word_1_335' title='bbox 909 3521 1356 3577; x_wconf 84' lang='lat' dir='ltr'>sacerdotalibus</span> <span class='ocrx_word' id='word_1_336' title='bbox 1375 3521 1568 3576; x_wconf 82' lang='lat' dir='ltr'>infulis</span> <span class='ocrx_word' id='word_1_337' title='bbox 1591 3525 1976 3590; x_wconf 89' lang='lat' dir='ltr'>coruscantes,</span> <span class='ocrx_word' id='word_1_338' title='bbox 2004 3539 2099 3577; x_wconf 88' lang='lat' dir='ltr'>co-</span> 
     </span>
    </p>
   </div>
   <div class='ocr_carea' id='block_1_49' title="bbox 487 3608 2100 3681">
    <p class='ocr_par' dir='ltr' id='par_1_49' title="bbox 487 3608 2100 3681">
     <span class='ocr_line' id='line_1_49' title="bbox 487 3608 2100 3681; baseline 0.004 -21"><span class='ocrx_word' id='word_1_339' title='bbox 487 3619 665 3663; x_wconf 89' lang='lat' dir='ltr'>ronas</span> <span class='ocrx_word' id='word_1_340' title='bbox 693 3608 950 3681; x_wconf 87' lang='lat' dir='ltr'>singulas</span> <span class='ocrx_word' id='word_1_341' title='bbox 977 3609 1122 3665; x_wconf 90' lang='lat' dir='ltr'>rosis</span> <span class='ocrx_word' id='word_1_342' title='bbox 1157 3615 1216 3664; x_wconf 90' lang='lat' dir='ltr'>et</span> <span class='ocrx_word' id='word_1_343' title='bbox 1245 3619 1314 3653; x_wconf 67' lang='lat' dir='ltr'>ﬁt</span> <span class='ocrx_word' id='word_1_344' title='bbox 1338 3610 1470 3665; x_wconf 88' lang='lat' dir='ltr'>liliis</span> <span class='ocrx_word' id='word_1_345' title='bbox 1483 3627 1549 3666; x_wconf 89' lang='lat' dir='ltr'>ae</span> <span class='ocrx_word' id='word_1_346' title='bbox 1577 3619 1650 3653; x_wconf 71' lang='grc' dir='ltr'>ω</span> <span class='ocrx_word' id='word_1_347' title='bbox 1671 3611 1890 3666; x_wconf 86' lang='lat' dir='ltr'>caeteris</span> <span class='ocrx_word' id='word_1_348' title='bbox 1908 3610 2100 3666; x_wconf 90' lang='lat' dir='ltr'>odori-</span> 
     </span>
    </p>
   </div>
   <div class='ocr_carea' id='block_1_50' title="bbox 487 3693 2102 3772">
    <p class='ocr_par' dir='ltr' id='par_1_50' title="bbox 487 3693 2102 3772">
     <span class='ocr_line' id='line_1_50' title="bbox 487 3693 2102 3772; baseline 0.002 -21"><span class='ocrx_word' id='word_1_349' title='bbox 487 3693 636 3751; x_wconf 80' lang='lat' dir='ltr'>feris</span> <span class='ocrx_word' id='word_1_350' title='bbox 667 3697 908 3752; x_wconf 84' lang='lat' dir='ltr'>ﬂoribus</span> <span class='ocrx_word' id='word_1_351' title='bbox 937 3707 1008 3741; x_wconf 71' lang='grc' dir='ltr'>ω</span> <span class='ocrx_word' id='word_1_352' title='bbox 1032 3698 1283 3753; x_wconf 90' lang='lat' dir='ltr'>mirabili</span> <span class='ocrx_word' id='word_1_353' title='bbox 1313 3701 1436 3753; x_wconf 90' lang='lat' dir='ltr'>arte</span> <span class='ocrx_word' id='word_1_354' title='bbox 1469 3698 1690 3754; x_wconf 90' lang='lat' dir='ltr'>intexas</span> <span class='ocrx_word' id='word_1_355' title='bbox 1723 3698 1782 3754; x_wconf 90' lang='lat' dir='ltr'>in</span> <span class='ocrx_word' id='word_1_356' title='bbox 1821 3698 2102 3772; x_wconf 89' lang='lat' dir='ltr'>capitibus</span> 
     </span>
    </p>
   </div>
   <div class='ocr_carea' id='block_1_51' title="bbox 471 3787 2098 3856">
    <p class='ocr_par' dir='ltr' id='par_1_51' title="bbox 471 3787 2098 3856">
     <span class='ocr_line' id='line_1_51' title="bbox 471 3787 2098 3856; baseline 0.004 -16"><span class='ocrx_word' id='word_1_357' title='bbox 471 3787 811 3856; x_wconf 80' lang='lat' dir='ltr'>gestantes,</span> <span class='ocrx_word' id='word_1_358' title='bbox 845 3787 1148 3842; x_wconf 88' lang='lat' dir='ltr'>consimile</span> <span class='ocrx_word' id='word_1_359' title='bbox 1176 3790 1393 3842; x_wconf 87' lang='lat' dir='ltr'>sertum</span> <span class='ocrx_word' id='word_1_360' title='bbox 1429 3788 1894 3844; x_wconf 88' lang='lat' dir='ltr'>demonstrantes</span> <span class='ocrx_word' id='word_1_361' title='bbox 1922 3791 1981 3843; x_wconf 90' lang='lat' dir='ltr'>et</span> <span class='ocrx_word' id='word_1_362' title='bbox 2014 3789 2098 3848; x_wconf 90' lang='lat' dir='ltr'>di-</span> 
     </span>
    </p>
   </div>
   <div class='ocr_carea' id='block_1_52' title="bbox 483 3875 2100 3950">
    <p class='ocr_par' dir='ltr' id='par_1_52' title="bbox 483 3875 2100 3950">
     <span class='ocr_line' id='line_1_52' title="bbox 483 3875 2100 3950; baseline 0.004 -21"><span class='ocrx_word' id='word_1_363' title='bbox 483 3878 687 3930; x_wconf 88' lang='lat' dir='ltr'>centes</span> <span class='ocrx_word' id='word_1_364' title='bbox 719 3892 732 3930; x_wconf 91' lang='lat'><strong>:</strong></span> <span class='ocrx_word' id='word_1_365' title='bbox 766 3875 929 3944; x_wconf 82' lang='lat' dir='ltr'>Ecce,</span> <span class='ocrx_word' id='word_1_366' title='bbox 970 3875 1238 3942; x_wconf 80' lang='lat' dir='ltr'>Materne,</span> <span class='ocrx_word' id='word_1_367' title='bbox 1264 3877 1400 3931; x_wconf 88' lang='lat' dir='ltr'>sicut</span> <span class='ocrx_word' id='word_1_368' title='bbox 1453 3875 1583 3933; x_wconf 89' lang='lat' dir='ltr'>olim</span> <span class='ocrx_word' id='word_1_369' title='bbox 1615 3878 1712 3932; x_wconf 84' lang='lat' dir='ltr'>tibi</span> <span class='ocrx_word' id='word_1_370' title='bbox 1735 3879 2100 3950; x_wconf 80' lang='lat' dir='ltr'>promisimus.</span> 
     </span>
    </p>
   </div>
   <div class='ocr_carea' id='block_1_53' title="bbox 484 3963 2103 4037">
    <p class='ocr_par' dir='ltr' id='par_1_53' title="bbox 484 3963 2103 4037">
     <span class='ocr_line' id='line_1_53' title="bbox 484 3963 2103 4037; baseline 0 -17"><span class='ocrx_word' id='word_1_371' title='bbox 484 3963 570 4020; x_wconf 71' lang='lat' dir='ltr'>ita</span> <span class='ocrx_word' id='word_1_372' title='bbox 617 3970 742 4019; x_wconf 85' lang='lat' dir='ltr'>ante</span> <span class='ocrx_word' id='word_1_373' title='bbox 760 3964 904 4020; x_wconf 90' lang='lat' dir='ltr'>diem</span> <span class='ocrx_word' id='word_1_374' title='bbox 931 3963 1282 4021; x_wconf 86' lang='lat' dir='ltr'>dormicionis</span> <span class='ocrx_word' id='word_1_375' title='bbox 1328 3981 1434 4021; x_wconf 63' lang='lat' dir='ltr'>tua:</span> <span class='ocrx_word' id='word_1_376' title='bbox 1475 3967 1731 4022; x_wconf 90' lang='lat' dir='ltr'>visitandi</span> <span class='ocrx_word' id='word_1_377' title='bbox 1750 3968 1927 4037; x_wconf 79' lang='lat' dir='ltr'>gratia</span> <span class='ocrx_word' id='word_1_378' title='bbox 1955 3966 2026 4020; x_wconf 89' lang='lat' dir='ltr'>ad</span> <span class='ocrx_word' id='word_1_379' title='bbox 2055 3973 2103 4020; x_wconf 89' lang='lat' dir='ltr'>te</span> 
     </span>
    </p>
   </div>
   <div class='ocr_carea' id='block_1_54' title="bbox 487 4051 2097 4128">
    <p class='ocr_par' dir='ltr' id='par_1_54' title="bbox 487 4051 2097 4128">
     <span class='ocr_line' id='line_1_54' title="bbox 487 4051 2097 4128; baseline 0.002 -23"><span class='ocrx_word' id='word_1_380' title='bbox 487 4053 752 4108; x_wconf 79' lang='lat' dir='ltr'>venimus.</span> <span class='ocrx_word' id='word_1_381' title='bbox 781 4051 948 4110; x_wconf 84' lang='lat' dir='ltr'>Nunc</span> <span class='ocrx_word' id='word_1_382' title='bbox 975 4069 1098 4124; x_wconf 85' lang='lat' dir='ltr'>ergo</span> <span class='ocrx_word' id='word_1_383' title='bbox 1127 4054 1299 4125; x_wconf 85' lang='lat' dir='ltr'>qaude</span> <span class='ocrx_word' id='word_1_384' title='bbox 1326 4061 1377 4110; x_wconf 89' lang='lat' dir='ltr'>et</span> <span class='ocrx_word' id='word_1_385' title='bbox 1406 4056 1603 4122; x_wconf 76' lang='lat' dir='ltr'>laetare,</span> <span class='ocrx_word' id='word_1_386' title='bbox 1637 4056 1769 4128; x_wconf 86' lang='lat' dir='ltr'>quia</span> <span class='ocrx_word' id='word_1_387' title='bbox 1805 4055 1892 4112; x_wconf 85' lang='lat' dir='ltr'>die</span> <span class='ocrx_word' id='word_1_388' title='bbox 1931 4057 2097 4110; x_wconf 88' lang='lat' dir='ltr'>tercia</span> 
     </span>
    </p>
   </div>
   <div class='ocr_carea' id='block_1_55' title="bbox 489 4140 2104 4214">
    <p class='ocr_par' dir='ltr' id='par_1_55' title="bbox 489 4140 2104 4214">
     <span class='ocr_line' id='line_1_55' title="bbox 489 4140 2104 4214; baseline 0.002 -20"><span class='ocrx_word' id='word_1_389' title='bbox 489 4154 554 4194; x_wconf 75' lang='lat' dir='ltr'>ex</span> <span class='ocrx_word' id='word_1_390' title='bbox 579 4140 676 4194; x_wconf 89' lang='lat' dir='ltr'>hac</span> <span class='ocrx_word' id='word_1_391' title='bbox 700 4141 874 4196; x_wconf 88' lang='lat' dir='ltr'>seculo</span> <span class='ocrx_word' id='word_1_392' title='bbox 905 4143 1165 4214; x_wconf 80' lang='lat' dir='ltr'>migrabis</span> <span class='ocrx_word' id='word_1_393' title='bbox 1193 4151 1244 4198; x_wconf 89' lang='lat' dir='ltr'>et</span> <span class='ocrx_word' id='word_1_394' title='bbox 1271 4143 1342 4199; x_wconf 88' lang='lat' dir='ltr'>ad</span> <span class='ocrx_word' id='word_1_395' title='bbox 1373 4144 1762 4200; x_wconf 84' lang='lat' dir='ltr'>menarrabilia</span> <span class='ocrx_word' id='word_1_396' title='bbox 1786 4143 2012 4198; x_wconf 87' lang='lat' dir='ltr'>Domini</span> <span class='ocrx_word' id='word_1_397' title='bbox 2019 4144 2104 4198; x_wconf 85' lang='lat' dir='ltr'>tui</span> 
     </span>
    </p>
   </div>
   <div class='ocr_carea' id='block_1_56' title="bbox 487 4227 2100 4306">
    <p class='ocr_par' dir='ltr' id='par_1_56' title="bbox 487 4227 2100 4306">
     <span class='ocr_line' id='line_1_56' title="bbox 487 4227 2100 4306; baseline 0.004 -26"><span class='ocrx_word' id='word_1_398' title='bbox 487 4227 692 4298; x_wconf 81' lang='lat' dir='ltr'>gaudia</span> <span class='ocrx_word' id='word_1_399' title='bbox 716 4230 986 4288; x_wconf 81' lang='lat' dir='ltr'>introibis.</span> <span class='ocrx_word' id='word_1_400' title='bbox 1015 4231 1110 4288; x_wconf 86' lang='lat' dir='ltr'>En</span> <span class='ocrx_word' id='word_1_401' title='bbox 1139 4248 1293 4290; x_wconf 84' lang='lat' dir='ltr'>cerne</span> <span class='ocrx_word' id='word_1_402' title='bbox 1333 4244 1406 4278; x_wconf 70' lang='grc' dir='ltr'>ω</span> <span class='ocrx_word' id='word_1_403' title='bbox 1445 4235 1688 4306; x_wconf 71' lang='lat' dir='ltr'>pra-viiii</span> <span class='ocrx_word' id='word_1_404' title='bbox 1713 4233 1800 4288; x_wconf 83' lang='lat' dir='ltr'>tui</span> <span class='ocrx_word' id='word_1_405' title='bbox 1826 4233 2100 4304; x_wconf 76' lang='lat' dir='ltr'>incorrup-</span> 
     </span>
    </p>
   </div>
   <div class='ocr_carea' id='block_1_57' title="bbox 489 4315 2096 4396">
    <p class='ocr_par' dir='ltr' id='par_1_57' title="bbox 489 4315 2096 4396">
     <span class='ocr_line' id='line_1_57' title="bbox 489 4315 2096 4396; baseline 0.003 -24"><span class='ocrx_word' id='word_1_406' title='bbox 489 4315 692 4372; x_wconf 80' lang='lat' dir='ltr'>tibilem</span> <span class='ocrx_word' id='word_1_407' title='bbox 717 4332 995 4391; x_wconf 81' lang='lat' dir='ltr'>coronam,</span> <span class='ocrx_word' id='word_1_408' title='bbox 1033 4339 1152 4396; x_wconf 77' lang='lat' dir='ltr'>qua:</span> <span class='ocrx_word' id='word_1_409' title='bbox 1179 4341 1212 4377; x_wconf 92' lang='lat' dir='ltr'>a</span> <span class='ocrx_word' id='word_1_410' title='bbox 1231 4325 1490 4396; x_wconf 82' lang='lat' dir='ltr'>paradiso</span> <span class='ocrx_word' id='word_1_411' title='bbox 1526 4327 1794 4395; x_wconf 69' lang='lat' dir='ltr'>perpetuas</span> <span class='ocrx_word' id='word_1_412' title='bbox 1830 4322 2096 4378; x_wconf 84' lang='lat' dir='ltr'>amenita-</span> 
     </span>
    </p>
   </div>
   <div class='ocr_carea' id='block_1_58' title="bbox 487 4407 2100 4483">
    <p class='ocr_par' dir='ltr' id='par_1_58' title="bbox 487 4407 2100 4483">
     <span class='ocr_line' id='line_1_58' title="bbox 487 4407 2100 4483; baseline 0.003 -23"><span class='ocrx_word' id='word_1_413' title='bbox 487 4407 558 4461; x_wconf 84' lang='lat' dir='ltr'>tis</span> <span class='ocrx_word' id='word_1_414' title='bbox 587 4414 659 4449; x_wconf 73' lang='lat' dir='ltr'>m</span> <span class='ocrx_word' id='word_1_415' title='bbox 679 4414 754 4462; x_wconf 86' lang='lat' dir='ltr'>est</span> <span class='ocrx_word' id='word_1_416' title='bbox 776 4417 1014 4482; x_wconf 80' lang='lat' dir='ltr'>sumpta,</span> <span class='ocrx_word' id='word_1_417' title='bbox 1049 4419 1100 4470; x_wconf 89' lang='lat' dir='ltr'>et</span> <span class='ocrx_word' id='word_1_418' title='bbox 1133 4413 1232 4468; x_wconf 87' lang='lat' dir='ltr'>tibi</span> <span class='ocrx_word' id='word_1_419' title='bbox 1255 4431 1288 4468; x_wconf 91' lang='lat' dir='ltr'>a</span> <span class='ocrx_word' id='word_1_420' title='bbox 1319 4412 1532 4468; x_wconf 87' lang='lat' dir='ltr'>Christo</span> <span class='ocrx_word' id='word_1_421' title='bbox 1543 4429 1640 4483; x_wconf 84' lang='lat' dir='ltr'>per</span> <span class='ocrx_word' id='word_1_422' title='bbox 1652 4426 1746 4466; x_wconf 88' lang='lat' dir='ltr'>nos</span> <span class='ocrx_word' id='word_1_423' title='bbox 1755 4410 1990 4482; x_wconf 78' lang='lat' dir='ltr'>[amulos</span> <span class='ocrx_word' id='word_1_424' title='bbox 2005 4409 2100 4465; x_wconf 83' lang='lat' dir='ltr'>de-</span> 
     </span>
    </p>
   </div>
   <div class='ocr_carea' id='block_1_59' title="bbox 487 4496 2098 4574">
    <p class='ocr_par' dir='ltr' id='par_1_59' title="bbox 487 4496 2098 4574">
     <span class='ocr_line' id='line_1_59' title="bbox 487 4496 2098 4574; baseline 0.003 -26"><span class='ocrx_word' id='word_1_425' title='bbox 487 4496 726 4566; x_wconf 86' lang='lat' dir='ltr'>stinata;</span> <span class='ocrx_word' id='word_1_426' title='bbox 753 4499 910 4571; x_wconf 84' lang='lat' dir='ltr'>cujus</span> <span class='ocrx_word' id='word_1_427' title='bbox 959 4502 1059 4571; x_wconf 82' lang='lat' dir='ltr'>ﬂos</span> <span class='ocrx_word' id='word_1_428' title='bbox 1096 4517 1395 4574; x_wconf 80' lang='lat' dir='ltr'>numquam</span> <span class='ocrx_word' id='word_1_429' title='bbox 1439 4506 1738 4568; x_wconf 87' lang='lat' dir='ltr'>marcescet,</span> <span class='ocrx_word' id='word_1_430' title='bbox 1794 4499 1946 4571; x_wconf 86' lang='lat' dir='ltr'>cujus</span> <span class='ocrx_word' id='word_1_431' title='bbox 1969 4499 2098 4554; x_wconf 85' lang='lat' dir='ltr'>odor</span> 
     </span>
    </p>
   </div>
   <div class='ocr_carea' id='block_1_60' title="bbox 490 4589 2097 4664">
    <p class='ocr_par' dir='ltr' id='par_1_60' title="bbox 490 4589 2097 4664">
     <span class='ocr_line' id='line_1_60' title="bbox 490 4589 2097 4664; baseline -0.001 -18"><span class='ocrx_word' id='word_1_432' title='bbox 490 4607 784 4664; x_wconf 81' lang='lat' dir='ltr'>numquam</span> <span class='ocrx_word' id='word_1_433' title='bbox 833 4608 866 4646; x_wconf 90' lang='lat' dir='ltr'>a</span> <span class='ocrx_word' id='word_1_434' title='bbox 890 4593 1156 4648; x_wconf 85' lang='lat' dir='ltr'>suavitate</span> <span class='ocrx_word' id='word_1_435' title='bbox 1193 4590 1390 4659; x_wconf 80' lang='lat' dir='ltr'>deﬁcit,</span> <span class='ocrx_word' id='word_1_436' title='bbox 1441 4589 1592 4660; x_wconf 68' lang='lat' dir='ltr'>cujus</span> <span class='ocrx_word' id='word_1_437' title='bbox 1617 4590 2014 4661; x_wconf 74' lang='lat' dir='ltr'>perseverantia</span> <span class='ocrx_word' id='word_1_438' title='bbox 2034 4589 2097 4658; x_wconf 77' lang='lat' dir='ltr'>ﬁ-</span> 
     </span>
    </p>
   </div>
   <div class='ocr_carea' id='block_1_61' title="bbox 491 4677 2096 4752">
    <p class='ocr_par' dir='ltr' id='par_1_61' title="bbox 491 4677 2096 4752">
     <span class='ocr_line' id='line_1_61' title="bbox 491 4677 2096 4752; baseline -0.002 -16"><span class='ocrx_word' id='word_1_439' title='bbox 491 4697 615 4736; x_wconf 86' lang='lat' dir='ltr'>nem</span> <span class='ocrx_word' id='word_1_440' title='bbox 652 4697 760 4736; x_wconf 89' lang='lat' dir='ltr'>non</span> <span class='ocrx_word' id='word_1_441' title='bbox 787 4682 960 4749; x_wconf 86' lang='lat' dir='ltr'>navit,</span> <span class='ocrx_word' id='word_1_442' title='bbox 1005 4697 1171 4752; x_wconf 87' lang='lat' dir='ltr'>quam</span> <span class='ocrx_word' id='word_1_443' title='bbox 1213 4685 1338 4750; x_wconf 85' lang='lat' dir='ltr'>post</span> <span class='ocrx_word' id='word_1_444' title='bbox 1391 4677 1787 4750; x_wconf 80' lang='lat' dir='ltr'>corruptibilem</span> <span class='ocrx_word' id='word_1_445' title='bbox 1816 4679 2096 4750; x_wconf 68' lang='lat' dir='ltr'>praesentis</span> 
     </span>
    </p>
   </div>
   <div class='ocr_carea' id='block_1_62' title="bbox 489 4765 2096 4842">
    <p class='ocr_par' dir='ltr' id='par_1_62' title="bbox 489 4765 2096 4842">
     <span class='ocr_line' id='line_1_62' title="bbox 489 4765 2096 4842; baseline -0.004 -16"><span class='ocrx_word' id='word_1_446' title='bbox 489 4773 616 4826; x_wconf 69' lang='lat' dir='ltr'>vitae</span> <span class='ocrx_word' id='word_1_447' title='bbox 647 4769 1121 4842; x_wconf 81' lang='lat' dir='ltr'>incorruptibiliter</span> <span class='ocrx_word' id='word_1_448' title='bbox 1147 4765 1453 4838; x_wconf 77' lang='lat' dir='ltr'>possidebis,</span> <span class='ocrx_word' id='word_1_449' title='bbox 1491 4773 1540 4823; x_wconf 89' lang='lat' dir='ltr'>et</span> <span class='ocrx_word' id='word_1_450' title='bbox 1569 4769 1626 4821; x_wconf 87' lang='lat' dir='ltr'>in</span> <span class='ocrx_word' id='word_1_451' title='bbox 1660 4772 1938 4839; x_wconf 81' lang='lat' dir='ltr'>conspectu</span> <span class='ocrx_word' id='word_1_452' title='bbox 1965 4767 2096 4821; x_wconf 85' lang='lat' dir='ltr'>recis</span> 
     </span>
    </p>
   </div>
   <div class='ocr_carea' id='block_1_63' title="bbox 488 4855 2101 4932">
    <p class='ocr_par' dir='ltr' id='par_1_63' title="bbox 488 4855 2101 4932">
     <span class='ocr_line' id='line_1_63' title="bbox 488 4855 2101 4932; baseline -0.005 -16"><span class='ocrx_word' id='word_1_453' title='bbox 488 4875 677 4932; x_wconf 85' lang='lat' dir='ltr'>regum</span> <span class='ocrx_word' id='word_1_454' title='bbox 750 4875 875 4916; x_wconf 80' lang='lat' dir='ltr'>cum</span> <span class='ocrx_word' id='word_1_455' title='bbox 948 4873 1011 4912; x_wconf 85' lang='lat' dir='ltr'>ea</span> <span class='ocrx_word' id='word_1_456' title='bbox 1076 4857 1400 4912; x_wconf 68' lang='lat' dir='ltr'>aeternaliter</span> <span class='ocrx_word' id='word_1_457' title='bbox 1470 4855 1740 4915; x_wconf 78' lang='lat' dir='ltr'>laureatas</span> <span class='ocrx_word' id='word_1_458' title='bbox 1797 4871 2101 4927; x_wconf 82' lang='lat' dir='ltr'>persevera-</span> 
     </span>
    </p>
   </div>
   <div class='ocr_carea' id='block_1_64' title="bbox 493 4942 2099 5018">
    <p class='ocr_par' dir='ltr' id='par_1_64' title="bbox 493 4942 2099 5018">
     <span class='ocr_line' id='line_1_64' title="bbox 493 4942 2099 5018; baseline -0.007 -10"><span class='ocrx_word' id='word_1_459' title='bbox 493 4949 594 5010; x_wconf 80' lang='lat' dir='ltr'>bis.</span> <span class='ocrx_word' id='word_1_460' title='bbox 659 4948 756 5004; x_wconf 85' lang='lat' dir='ltr'>His</span> <span class='ocrx_word' id='word_1_461' title='bbox 819 4944 984 5002; x_wconf 90' lang='lat' dir='ltr'>dictis</span> <span class='ocrx_word' id='word_1_462' title='bbox 1041 4961 1178 5002; x_wconf 82' lang='lat' dir='ltr'>mox</span> <span class='ocrx_word' id='word_1_463' title='bbox 1243 4943 1648 5018; x_wconf 88' lang='lat' dir='ltr'>disparuerunt</span> <span class='ocrx_word' id='word_1_464' title='bbox 1711 4943 1781 5016; x_wconf 93' lang='lat' dir='ltr'>(c.</span> <span class='ocrx_word' id='word_1_465' title='bbox 1822 4944 1934 5016; x_wconf 79' lang='grc'><strong>24).</strong></span> <span class='ocrx_word' id='word_1_466' title='bbox 2000 4942 2099 4999; x_wconf 88' lang='lat' dir='ltr'>Ille</span> 
     </span>
    </p>
   </div>
   <div class='ocr_carea' id='block_1_65' title="bbox 2185 1742 3796 1816">
    <p class='ocr_par' dir='ltr' id='par_1_65' title="bbox 2185 1742 3796 1816">
     <span class='ocr_line' id='line_1_65' title="bbox 2185 1742 3796 1816; baseline -0.001 -16"><span class='ocrx_word' id='word_1_467' title='bbox 2185 1763 2222 1800; x_wconf 84' lang='grc' dir='ltr'>ιι</span> <span class='ocrx_word' id='word_1_468' title='bbox 2245 1761 2304 1798; x_wconf 90' lang='lat' dir='ltr'>m</span> <span class='ocrx_word' id='word_1_469' title='bbox 2345 1743 2618 1799; x_wconf 82' lang='lat' dir='ltr'>fratribus</span> <span class='ocrx_word' id='word_1_470' title='bbox 2646 1742 2949 1813; x_wconf 84' lang='lat' dir='ltr'>transegit.</span> <span class='ocrx_word' id='word_1_471' title='bbox 2972 1744 3108 1799; x_wconf 89' lang='lat' dir='ltr'>Post</span> <span class='ocrx_word' id='word_1_472' title='bbox 3146 1743 3441 1816; x_wconf 88' lang='lat' dir='ltr'>pullorum</span> <span class='ocrx_word' id='word_1_473' title='bbox 3473 1757 3618 1799; x_wconf 86' lang='lat' dir='ltr'>vero</span> <span class='ocrx_word' id='word_1_474' title='bbox 3660 1759 3796 1798; x_wconf 82' lang='lat' dir='ltr'>can-</span> 
     </span>
    </p>
   </div>
   <div class='ocr_carea' id='block_1_66' title="bbox 2184 1831 3802 1904">
    <p class='ocr_par' dir='ltr' id='par_1_66' title="bbox 2184 1831 3802 1904">
     <span class='ocr_line' id='line_1_66' title="bbox 2184 1831 3802 1904; baseline -0.002 -14"><span class='ocrx_word' id='word_1_475' title='bbox 2184 1837 2338 1901; x_wconf 89' lang='lat' dir='ltr'>tum,</span> <span class='ocrx_word' id='word_1_476' title='bbox 2370 1832 2622 1888; x_wconf 88' lang='lat' dir='ltr'>instante</span> <span class='ocrx_word' id='word_1_477' title='bbox 2643 1832 2768 1903; x_wconf 89' lang='lat' dir='ltr'>jam</span> <span class='ocrx_word' id='word_1_478' title='bbox 2795 1831 2909 1895; x_wconf 90' lang='lat' dir='ltr'>die,</span> <span class='ocrx_word' id='word_1_479' title='bbox 2953 1831 3111 1888; x_wconf 86' lang='lat' dir='ltr'>venit</span> <span class='ocrx_word' id='word_1_480' title='bbox 3163 1832 3411 1904; x_wconf 88' lang='lat' dir='ltr'>desuper</span> <span class='ocrx_word' id='word_1_481' title='bbox 3459 1832 3622 1888; x_wconf 86' lang='lat' dir='ltr'>clara</span> <span class='ocrx_word' id='word_1_482' title='bbox 3674 1847 3802 1894; x_wconf 85' lang='lat' dir='ltr'>vox,</span> 
     </span>
    </p>
   </div>
   <div class='ocr_carea' id='block_1_67' title="bbox 2186 1919 3809 1992">
    <p class='ocr_par' dir='ltr' id='par_1_67' title="bbox 2186 1919 3809 1992">
     <span class='ocr_line' id='line_1_67' title="bbox 2186 1919 3809 1992; baseline -0.002 -15"><span class='ocrx_word' id='word_1_483' title='bbox 2186 1921 2407 1977; x_wconf 77' lang='lat' dir='ltr'>cunctis</span> <span class='ocrx_word' id='word_1_484' title='bbox 2437 1922 2533 1992; x_wconf 90' lang='lat' dir='ltr'>qui</span> <span class='ocrx_word' id='word_1_485' title='bbox 2568 1919 2625 1974; x_wconf 90' lang='lat' dir='ltr'>in</span> <span class='ocrx_word' id='word_1_486' title='bbox 2666 1920 2764 1974; x_wconf 89' lang='lat' dir='ltr'>illa</span> <span class='ocrx_word' id='word_1_487' title='bbox 2793 1920 3002 1976; x_wconf 90' lang='lat' dir='ltr'>cellula</span> <span class='ocrx_word' id='word_1_488' title='bbox 3051 1923 3221 1976; x_wconf 89' lang='lat' dir='ltr'>erant</span> <span class='ocrx_word' id='word_1_489' title='bbox 3269 1919 3669 1987; x_wconf 88' lang='lat' dir='ltr'>audientibus,</span> <span class='ocrx_word' id='word_1_490' title='bbox 3725 1920 3809 1974; x_wconf 91' lang='lat' dir='ltr'>di-</span> 
     </span>
    </p>
   </div>
   <div class='ocr_carea' id='block_1_68' title="bbox 2191 2007 3806 2080">
    <p class='ocr_par' dir='ltr' id='par_1_68' title="bbox 2191 2007 3806 2080">
     <span class='ocr_line' id='line_1_68' title="bbox 2191 2007 3806 2080; baseline -0.002 -15"><span class='ocrx_word' id='word_1_491' title='bbox 2191 2027 2328 2065; x_wconf 91' lang='lat' dir='ltr'>cens</span> <span class='ocrx_word' id='word_1_492' title='bbox 2353 2027 2368 2064; x_wconf 88' lang='lat'>:</span> <span class='ocrx_word' id='word_1_493' title='bbox 2400 2007 2665 2076; x_wconf 79' lang='lat' dir='ltr'>Materne,</span> <span class='ocrx_word' id='word_1_494' title='bbox 2698 2007 2880 2064; x_wconf 79' lang='lat' dir='ltr'>dilecte</span> <span class='ocrx_word' id='word_1_495' title='bbox 2907 2008 3031 2078; x_wconf 87' lang='lat' dir='ltr'>Dei,</span> <span class='ocrx_word' id='word_1_496' title='bbox 3061 2011 3202 2066; x_wconf 78' lang='lat' dir='ltr'>veni.</span> <span class='ocrx_word' id='word_1_497' title='bbox 3235 2009 3344 2074; x_wconf 90' lang='lat' dir='ltr'>Qui</span> <span class='ocrx_word' id='word_1_498' title='bbox 3371 2018 3445 2053; x_wconf 68' lang='grc' dir='ltr'>ιω</span> <span class='ocrx_word' id='word_1_499' title='bbox 3474 2025 3616 2066; x_wconf 87' lang='lat' dir='ltr'>mox</span> <span class='ocrx_word' id='word_1_500' title='bbox 3641 2008 3806 2080; x_wconf 84' lang='lat' dir='ltr'>quasi</span> 
     </span>
    </p>
   </div>
   <div class='ocr_carea' id='block_1_69' title="bbox 2182 2096 3808 2166">
    <p class='ocr_par' dir='ltr' id='par_1_69' title="bbox 2182 2096 3808 2166">
     <span class='ocr_line' id='line_1_69' title="bbox 2182 2096 3808 2166; baseline -0.002 -12"><span class='ocrx_word' id='word_1_501' title='bbox 2182 2100 2473 2154; x_wconf 90' lang='lat' dir='ltr'>assuetam</span> <span class='ocrx_word' id='word_1_502' title='bbox 2499 2113 2699 2154; x_wconf 91' lang='lat' dir='ltr'>vocem</span> <span class='ocrx_word' id='word_1_503' title='bbox 2729 2096 3308 2166; x_wconf 90' lang='lat' dir='ltr'>audiens,conversus</span> <span class='ocrx_word' id='word_1_504' title='bbox 3331 2098 3406 2154; x_wconf 84' lang='lat' dir='ltr'>ad</span> <span class='ocrx_word' id='word_1_505' title='bbox 3425 2097 3808 2154; x_wconf 80' lang='lat' dir='ltr'>circumstan-</span> 
     </span>
    </p>
   </div>
   <div class='ocr_carea' id='block_1_70' title="bbox 2178 2174 3806 2255">
    <p class='ocr_par' dir='ltr' id='par_1_70' title="bbox 2178 2174 3806 2255">
     <span class='ocr_line' id='line_1_70' title="bbox 2178 2174 3806 2255; baseline -0.001 -13"><span class='ocrx_word' id='word_1_506' title='bbox 2178 2174 2268 2242; x_wconf 79' lang='lat' dir='ltr'>tes</span> <span class='ocrx_word' id='word_1_507' title='bbox 2297 2188 2504 2242; x_wconf 83' lang='lat' dir='ltr'>fratres</span> <span class='ocrx_word' id='word_1_508' title='bbox 2533 2185 2613 2242; x_wconf 91' lang='lat' dir='ltr'>ait</span> <span class='ocrx_word' id='word_1_509' title='bbox 2641 2203 2657 2242; x_wconf 89' lang='lat'><strong>:</strong></span> <span class='ocrx_word' id='word_1_510' title='bbox 2697 2185 2900 2254; x_wconf 88' lang='lat' dir='ltr'>Valete,</span> <span class='ocrx_word' id='word_1_511' title='bbox 2926 2185 3084 2255; x_wconf 82' lang='lat' dir='ltr'>ﬁlioli</span> <span class='ocrx_word' id='word_1_512' title='bbox 3109 2195 3178 2230; x_wconf 70' lang='grc' dir='ltr'><strong><em>ιιι</em></strong></span> <span class='ocrx_word' id='word_1_513' title='bbox 3209 2189 3319 2244; x_wconf 91' lang='lat' dir='ltr'>mei</span> <span class='ocrx_word' id='word_1_514' title='bbox 3353 2193 3403 2242; x_wconf 87' lang='lat' dir='ltr'>et</span> <span class='ocrx_word' id='word_1_515' title='bbox 3431 2187 3640 2244; x_wconf 68' lang='lat' dir='ltr'>viscera</span> <span class='ocrx_word' id='word_1_516' title='bbox 3663 2201 3806 2241; x_wconf 68' lang='lat' dir='ltr'>nica.</span> 
     </span>
    </p>
   </div>
   <div class='ocr_carea' id='block_1_71' title="bbox 2188 2273 3811 2348">
    <p class='ocr_par' dir='ltr' id='par_1_71' title="bbox 2188 2273 3811 2348">
     <span class='ocr_line' id='line_1_71' title="bbox 2188 2273 3811 2348; baseline -0.002 -16"><span class='ocrx_word' id='word_1_517' title='bbox 2188 2276 2306 2348; x_wconf 84' lang='lat' dir='ltr'>Ego</span> <span class='ocrx_word' id='word_1_518' title='bbox 2329 2278 2468 2331; x_wconf 88' lang='lat' dir='ltr'>enim</span> <span class='ocrx_word' id='word_1_519' title='bbox 2487 2277 2606 2348; x_wconf 83' lang='lat' dir='ltr'>jam</span> <span class='ocrx_word' id='word_1_520' title='bbox 2627 2275 2890 2346; x_wconf 79' lang='lat' dir='ltr'>migrabo,</span> <span class='ocrx_word' id='word_1_521' title='bbox 2916 2281 2965 2330; x_wconf 89' lang='lat' dir='ltr'>et</span> <span class='ocrx_word' id='word_1_522' title='bbox 2984 2275 3048 2330; x_wconf 84' lang='lat' dir='ltr'>in</span> <span class='ocrx_word' id='word_1_523' title='bbox 3068 2278 3322 2347; x_wconf 65' lang='lat' dir='ltr'>presenti</span> <span class='ocrx_word' id='word_1_524' title='bbox 3360 2274 3538 2332; x_wconf 81' lang='lat' dir='ltr'>seculo</span> <span class='ocrx_word' id='word_1_525' title='bbox 3577 2273 3811 2348; x_wconf 81' lang='lat' dir='ltr'>amplius</span> 
     </span>
    </p>
   </div>
   <div class='ocr_carea' id='block_1_72' title="bbox 2187 2364 3800 2432">
    <p class='ocr_par' dir='ltr' id='par_1_72' title="bbox 2187 2364 3800 2432">
     <span class='ocr_line' id='line_1_72' title="bbox 2187 2364 3800 2432; baseline 0 -12"><span class='ocrx_word' id='word_1_526' title='bbox 2187 2366 2453 2420; x_wconf 87' lang='lat' dir='ltr'>vobiscum</span> <span class='ocrx_word' id='word_1_527' title='bbox 2473 2374 2543 2408; x_wconf 68' lang='grc' dir='ltr'>εει</span> <span class='ocrx_word' id='word_1_528' title='bbox 2563 2381 2671 2420; x_wconf 90' lang='lat' dir='ltr'>non</span> <span class='ocrx_word' id='word_1_529' title='bbox 2698 2381 2806 2420; x_wconf 87' lang='lat' dir='ltr'>ero.</span> <span class='ocrx_word' id='word_1_530' title='bbox 2831 2364 2900 2418; x_wconf 89' lang='lat' dir='ltr'>Et</span> <span class='ocrx_word' id='word_1_531' title='bbox 2925 2365 3050 2420; x_wconf 66' lang='lat' dir='ltr'>haec</span> <span class='ocrx_word' id='word_1_532' title='bbox 3079 2364 3275 2420; x_wconf 89' lang='lat' dir='ltr'>dicens</span> <span class='ocrx_word' id='word_1_533' title='bbox 3299 2373 3397 2432; x_wconf 70' lang='grc'>³³³,</span> <span class='ocrx_word' id='word_1_534' title='bbox 3423 2365 3800 2420; x_wconf 88' lang='lat' dir='ltr'>communio-</span> 
     </span>
    </p>
   </div>
   <div class='ocr_carea' id='block_1_73' title="bbox 2190 2452 3796 2526">
    <p class='ocr_par' dir='ltr' id='par_1_73' title="bbox 2190 2452 3796 2526">
     <span class='ocr_line' id='line_1_73' title="bbox 2190 2452 3796 2526; baseline 0 -18"><span class='ocrx_word' id='word_1_535' title='bbox 2190 2470 2328 2510; x_wconf 91' lang='lat' dir='ltr'>nem</span> <span class='ocrx_word' id='word_1_536' title='bbox 2355 2452 2630 2510; x_wconf 90' lang='lat' dir='ltr'>dominici</span> <span class='ocrx_word' id='word_1_537' title='bbox 2659 2453 3006 2510; x_wconf 87' lang='lat' dir='ltr'>sacramenti</span> <span class='ocrx_word' id='word_1_538' title='bbox 3047 2453 3286 2526; x_wconf 82' lang='lat' dir='ltr'>aceepit,</span> <span class='ocrx_word' id='word_1_539' title='bbox 3313 2453 3634 2526; x_wconf 86' lang='lat' dir='ltr'>statimque</span> <span class='ocrx_word' id='word_1_540' title='bbox 3667 2469 3796 2509; x_wconf 81' lang='lat' dir='ltr'>san-</span> 
     </span>
    </p>
   </div>
   <div class='ocr_carea' id='block_1_74' title="bbox 2181 2541 3811 2615">
    <p class='ocr_par' dir='ltr' id='par_1_74' title="bbox 2181 2541 3811 2615">
     <span class='ocr_line' id='line_1_74' title="bbox 2181 2541 3811 2615; baseline -0.002 -17"><span class='ocrx_word' id='word_1_541' title='bbox 2181 2546 2336 2598; x_wconf 91' lang='lat' dir='ltr'>ctam</span> <span class='ocrx_word' id='word_1_542' title='bbox 2374 2542 2638 2598; x_wconf 86' lang='lat' dir='ltr'>animam</span> <span class='ocrx_word' id='word_1_543' title='bbox 2678 2541 2926 2598; x_wconf 90' lang='lat' dir='ltr'>exalavit</span> <span class='ocrx_word' id='word_1_544' title='bbox 2947 2559 2960 2597; x_wconf 88' lang='lat'><strong>:</strong></span> <span class='ocrx_word' id='word_1_545' title='bbox 2983 2543 3092 2601; x_wconf 91' lang='lat' dir='ltr'>Pro</span> <span class='ocrx_word' id='word_1_546' title='bbox 3109 2541 3262 2613; x_wconf 86' lang='lat' dir='ltr'>cujus</span> <span class='ocrx_word' id='word_1_547' title='bbox 3282 2541 3694 2598; x_wconf 70' lang='lat' dir='ltr'>absolutionem</span> <span class='ocrx_word' id='word_1_548' title='bbox 3711 2541 3811 2615; x_wconf 88' lang='lat' dir='ltr'>qui</span> 
     </span>
    </p>
   </div>
   <div class='ocr_carea' id='block_1_75' title="bbox 2183 2630 3814 2704">
    <p class='ocr_par' dir='ltr' id='par_1_75' title="bbox 2183 2630 3814 2704">
     <span class='ocr_line' id='line_1_75' title="bbox 2183 2630 3814 2704; baseline -0.001 -18"><span class='ocrx_word' id='word_1_549' title='bbox 2183 2635 2506 2704; x_wconf 67' lang='lat' dir='ltr'>praesentes</span> <span class='ocrx_word' id='word_1_550' title='bbox 2535 2632 2784 2687; x_wconf 89' lang='lat' dir='ltr'>aderant</span> <span class='ocrx_word' id='word_1_551' title='bbox 2817 2630 3018 2686; x_wconf 84' lang='lat' dir='ltr'>ﬁdeles</span> <span class='ocrx_word' id='word_1_552' title='bbox 3041 2631 3362 2704; x_wconf 85' lang='lat' dir='ltr'>condignas</span> <span class='ocrx_word' id='word_1_553' title='bbox 3383 2631 3664 2704; x_wconf 83' lang='lat' dir='ltr'>exequias</span> <span class='ocrx_word' id='word_1_554' title='bbox 3675 2646 3814 2686; x_wconf 83' lang='lat' dir='ltr'>eon-</span> 
     </span>
    </p>
   </div>
   <div class='ocr_carea' id='block_1_76' title="bbox 2183 2718 3818 2792">
    <p class='ocr_par' dir='ltr' id='par_1_76' title="bbox 2183 2718 3818 2792">
     <span class='ocr_line' id='line_1_76' title="bbox 2183 2718 3818 2792; baseline -0.002 -17"><span class='ocrx_word' id='word_1_555' title='bbox 2183 2722 2497 2792; x_wconf 89' lang='lat' dir='ltr'>pleverunt</span> <span class='ocrx_word' id='word_1_556' title='bbox 2521 2729 2596 2762; x_wconf 66' lang='grc' dir='ltr'>’δι</span> <span class='ocrx_word' id='word_1_557' title='bbox 2615 2723 2676 2776; x_wconf 85' lang='lat' dir='ltr'>et</span> <span class='ocrx_word' id='word_1_558' title='bbox 2699 2720 2822 2792; x_wconf 90' lang='lat' dir='ltr'>ejus</span> <span class='ocrx_word' id='word_1_559' title='bbox 2849 2735 3056 2792; x_wconf 89' lang='lat' dir='ltr'>corpus</span> <span class='ocrx_word' id='word_1_560' title='bbox 3107 2735 3228 2776; x_wconf 90' lang='lat' dir='ltr'>non</span> <span class='ocrx_word' id='word_1_561' title='bbox 3281 2720 3460 2792; x_wconf 87' lang='lat' dir='ltr'>longe</span> <span class='ocrx_word' id='word_1_562' title='bbox 3491 2735 3528 2775; x_wconf 91' lang='lat' dir='ltr'>a</span> <span class='ocrx_word' id='word_1_563' title='bbox 3554 2718 3818 2792; x_wconf 88' lang='lat' dir='ltr'>reliquiis</span> 
     </span>
    </p>
   </div>
   <div class='ocr_carea' id='block_1_77' title="bbox 2188 2807 3814 2882">
    <p class='ocr_par' dir='ltr' id='par_1_77' title="bbox 2188 2807 3814 2882">
     <span class='ocr_line' id='line_1_77' title="bbox 2188 2807 3814 2882; baseline -0.001 -18"><span class='ocrx_word' id='word_1_564' title='bbox 2188 2812 2528 2865; x_wconf 89' lang='lat' dir='ltr'>sanctorum</span> <span class='ocrx_word' id='word_1_565' title='bbox 2581 2807 2851 2865; x_wconf 77' lang='lat' dir='ltr'>Eucherii</span> <span class='ocrx_word' id='word_1_566' title='bbox 2886 2823 2952 2864; x_wconf 91' lang='lat' dir='ltr'>ac</span> <span class='ocrx_word' id='word_1_567' title='bbox 2999 2807 3216 2864; x_wconf 84' lang='lat' dir='ltr'>Valerii</span> <span class='ocrx_word' id='word_1_568' title='bbox 3243 2807 3680 2865; x_wconf 82' lang='lat' dir='ltr'>honorabiliter</span> <span class='ocrx_word' id='word_1_569' title='bbox 3709 2825 3814 2882; x_wconf 88' lang='lat' dir='ltr'>po-</span> 
     </span>
    </p>
   </div>
   <div class='ocr_carea' id='block_1_78' title="bbox 2197 2897 2478 2958">
    <p class='ocr_par' dir='ltr' id='par_1_78' title="bbox 2197 2897 2478 2958">
     <span class='ocr_line' id='line_1_78' title="bbox 2197 2897 2478 2958; baseline 0.004 -5"><span class='ocrx_word' id='word_1_570' title='bbox 2197 2897 2478 2958; x_wconf 85' lang='lat' dir='ltr'>suerunt].</span> 
     </span>
    </p>
   </div>
   <div class='ocr_carea' id='block_1_79' title="bbox 2193 3020 3820 3097">
    <p class='ocr_par' dir='ltr' id='par_1_79' title="bbox 2193 3020 3820 3097">
     <span class='ocr_line' id='line_1_79' title="bbox 2193 3020 3820 3097; baseline -0.002 -18"><span class='ocrx_word' id='word_1_571' title='bbox 2193 3026 2281 3080; x_wconf 76' lang='lat' dir='ltr'>l5.</span> <span class='ocrx_word' id='word_1_572' title='bbox 2336 3022 2421 3078; x_wconf 87' lang='lat' dir='ltr'>De</span> <span class='ocrx_word' id='word_1_573' title='bbox 2471 3029 2584 3080; x_wconf 90' lang='lat' dir='ltr'>octo</span> <span class='ocrx_word' id='word_1_574' title='bbox 2628 3032 2701 3067; x_wconf 66' lang='grc' dir='ltr'>πο</span> <span class='ocrx_word' id='word_1_575' title='bbox 2733 3024 2985 3096; x_wconf 85' lang='lat' dir='ltr'>episcopis</span> <span class='ocrx_word' id='word_1_576' title='bbox 3029 3023 3128 3097; x_wconf 88' lang='lat' dir='ltr'>qui</span> <span class='ocrx_word' id='word_1_577' title='bbox 3152 3021 3302 3079; x_wconf 82' lang='lat' dir='ltr'>beato</span> <span class='ocrx_word' id='word_1_578' title='bbox 3323 3020 3586 3079; x_wconf 75' lang='lat' dir='ltr'>Materno</span> <span class='ocrx_word' id='word_1_579' title='bbox 3618 3025 3678 3077; x_wconf 83' lang='lat' dir='ltr'>in</span> <span class='ocrx_word' id='word_1_580' title='bbox 3707 3023 3820 3080; x_wconf 82' lang='lat' dir='ltr'>sedc</span> 
     </span>
    </p>
   </div>
   <div class='ocr_carea' id='block_1_80' title="bbox 2659 3112 3342 3184">
    <p class='ocr_par' dir='ltr' id='par_1_80' title="bbox 2659 3112 3342 3184">
     <span class='ocr_line' id='line_1_80' title="bbox 2659 3112 3342 3184; baseline 0.003 -18"><span class='ocrx_word' id='word_1_581' title='bbox 2659 3112 2812 3184; x_wconf 81' lang='lat' dir='ltr'>Tang</span> <span class='ocrx_word' id='word_1_582' title='bbox 2819 3114 2961 3168; x_wconf 88' lang='lat' dir='ltr'>rensi</span> <span class='ocrx_word' id='word_1_583' title='bbox 2970 3117 3342 3170; x_wconf 74' lang='lat' dir='ltr'>successerunt.</span> 
     </span>
    </p>
   </div>
   <div class='ocr_carea' id='block_1_81' title="bbox 2121 3213 3818 3292">
    <p class='ocr_par' dir='ltr' id='par_1_81' title="bbox 2121 3213 3818 3292">
     <span class='ocr_line' id='line_1_81' title="bbox 2121 3213 3818 3292; baseline 0 -18"><span class='ocrx_word' id='word_1_584' title='bbox 2121 3213 2170 3274; x_wconf 87' lang='lat' dir='ltr'>C</span> <span class='ocrx_word' id='word_1_585' title='bbox 2268 3219 2490 3292; x_wconf 90' lang='lat' dir='ltr'>Illoque</span> <span class='ocrx_word' id='word_1_586' title='bbox 2519 3219 2790 3274; x_wconf 90' lang='lat' dir='ltr'>humanis</span> <span class='ocrx_word' id='word_1_587' title='bbox 2816 3223 3106 3292; x_wconf 90' lang='lat' dir='ltr'>exempto,</span> <span class='ocrx_word' id='word_1_588' title='bbox 3131 3219 3415 3276; x_wconf 88' lang='lat' dir='ltr'>secundus</span> <span class='ocrx_word' id='word_1_589' title='bbox 3445 3218 3499 3275; x_wconf 91' lang='lat' dir='ltr'>ei</span> <span class='ocrx_word' id='word_1_590' title='bbox 3519 3217 3818 3275; x_wconf 73' lang='lat' dir='ltr'>cathedras</span> 
     </span>
    </p>
   </div>
   <div class='ocr_carea' id='block_1_82' title="bbox 2200 3307 3820 3380">
    <p class='ocr_par' dir='ltr' id='par_1_82' title="bbox 2200 3307 3820 3380">
     <span class='ocr_line' id='line_1_82' title="bbox 2200 3307 3820 3380; baseline 0 -18"><span class='ocrx_word' id='word_1_591' title='bbox 2200 3307 2470 3379; x_wconf 65' lang='lat' dir='ltr'>praesedit</span> <span class='ocrx_word' id='word_1_592' title='bbox 2499 3307 2751 3377; x_wconf 85' lang='lat' dir='ltr'>Navitus,</span> <span class='ocrx_word' id='word_1_593' title='bbox 2779 3307 2989 3364; x_wconf 89' lang='lat' dir='ltr'>tercius</span> <span class='ocrx_word' id='word_1_594' title='bbox 3008 3309 3329 3377; x_wconf 84' lang='lat' dir='ltr'>Marcellus,</span> <span class='ocrx_word' id='word_1_595' title='bbox 3349 3310 3596 3380; x_wconf 86' lang='lat' dir='ltr'>quartus</span> <span class='ocrx_word' id='word_1_596' title='bbox 3606 3307 3820 3363; x_wconf 77' lang='lat' dir='ltr'>Metro-</span> 
     </span>
    </p>
   </div>
   <div class='ocr_carea' id='block_1_83' title="bbox 2201 3393 3825 3469">
    <p class='ocr_par' dir='ltr' id='par_1_83' title="bbox 2201 3393 3825 3469">
     <span class='ocr_line' id='line_1_83' title="bbox 2201 3393 3825 3469; baseline -0.002 -18"><span class='ocrx_word' id='word_1_597' title='bbox 2201 3397 2390 3468; x_wconf 89' lang='lat' dir='ltr'>polus,</span> <span class='ocrx_word' id='word_1_598' title='bbox 2417 3395 2650 3469; x_wconf 90' lang='lat' dir='ltr'>quintus</span> <span class='ocrx_word' id='word_1_599' title='bbox 2671 3396 3001 3467; x_wconf 90' lang='lat' dir='ltr'>Severinus,</span> <span class='ocrx_word' id='word_1_600' title='bbox 3031 3399 3218 3452; x_wconf 85' lang='lat' dir='ltr'>sextus</span> <span class='ocrx_word' id='word_1_601' title='bbox 3229 3395 3622 3464; x_wconf 89' lang='lat' dir='ltr'>Florentinus,</span> <span class='ocrx_word' id='word_1_602' title='bbox 3651 3393 3825 3466; x_wconf 86' lang='lat' dir='ltr'>septi-</span> 
     </span>
    </p>
   </div>
   <div class='ocr_carea' id='block_1_84' title="bbox 2201 3481 3826 3554">
    <p class='ocr_par' dir='ltr' id='par_1_84' title="bbox 2201 3481 3826 3554">
     <span class='ocr_line' id='line_1_84' title="bbox 2201 3481 3826 3554; baseline -0.002 -14"><span class='ocrx_word' id='word_1_603' title='bbox 2201 3501 2330 3540; x_wconf 91' lang='lat' dir='ltr'>mus</span> <span class='ocrx_word' id='word_1_604' title='bbox 2348 3485 2626 3540; x_wconf 88' lang='lat' dir='ltr'>Martinus</span> <span class='ocrx_word' id='word_1_605' title='bbox 2655 3493 2750 3554; x_wconf 62' lang='lat'>38&#39;,</span> <span class='ocrx_word' id='word_1_606' title='bbox 2773 3484 3324 3552; x_wconf 73' lang='lat' dir='ltr'>octavushtaximus,</span> <span class='ocrx_word' id='word_1_607' title='bbox 3351 3501 3544 3540; x_wconf 87' lang='lat' dir='ltr'>nonus</span> <span class='ocrx_word' id='word_1_608' title='bbox 3570 3481 3826 3538; x_wconf 83' lang='lat' dir='ltr'>Valenti-</span> 
     </span>
    </p>
   </div>
   <div class='ocr_carea' id='block_1_85' title="bbox 2201 3572 3821 3647">
    <p class='ocr_par' dir='ltr' id='par_1_85' title="bbox 2201 3572 3821 3647">
     <span class='ocr_line' id='line_1_85' title="bbox 2201 3572 3821 3647; baseline -0.002 -18"><span class='ocrx_word' id='word_1_609' title='bbox 2201 3590 2328 3630; x_wconf 90' lang='lat' dir='ltr'>nus.</span> <span class='ocrx_word' id='word_1_610' title='bbox 2360 3572 2469 3638; x_wconf 88' lang='lat' dir='ltr'>Qui</span> <span class='ocrx_word' id='word_1_611' title='bbox 2497 3590 2748 3647; x_wconf 88' lang='lat' dir='ltr'>quorum</span> <span class='ocrx_word' id='word_1_612' title='bbox 2778 3574 2866 3629; x_wconf 87' lang='lat' dir='ltr'>vel</span> <span class='ocrx_word' id='word_1_613' title='bbox 2897 3573 3320 3647; x_wconf 90' lang='lat' dir='ltr'>imperatorum</span> <span class='ocrx_word' id='word_1_614' title='bbox 3375 3573 3462 3628; x_wconf 90' lang='lat' dir='ltr'>vel</span> <span class='ocrx_word' id='word_1_615' title='bbox 3515 3573 3821 3629; x_wconf 86' lang='lat' dir='ltr'>consulum</span> 
     </span>
    </p>
   </div>
   <div class='ocr_carea' id='block_1_86' title="bbox 2201 3661 3816 3736">
    <p class='ocr_par' dir='ltr' id='par_1_86' title="bbox 2201 3661 3816 3736">
     <span class='ocr_line' id='line_1_86' title="bbox 2201 3661 3816 3736; baseline -0.001 -19"><span class='ocrx_word' id='word_1_616' title='bbox 2201 3661 2514 3718; x_wconf 87' lang='lat' dir='ltr'>claruerint</span> <span class='ocrx_word' id='word_1_617' title='bbox 2570 3663 2956 3736; x_wconf 89' lang='lat' dir='ltr'>temporibus,</span> <span class='ocrx_word' id='word_1_618' title='bbox 3015 3678 3272 3735; x_wconf 88' lang='lat' dir='ltr'>quosque</span> <span class='ocrx_word' id='word_1_619' title='bbox 3296 3661 3414 3716; x_wconf 88' lang='lat' dir='ltr'>vita</span> <span class='ocrx_word' id='word_1_620' title='bbox 3445 3661 3816 3734; x_wconf 80' lang='lat' dir='ltr'>singulorum</span> 
     </span>
    </p>
   </div>
   <div class='ocr_carea' id='block_1_87' title="bbox 2200 3747 3818 3824">
    <p class='ocr_par' dir='ltr' id='par_1_87' title="bbox 2200 3747 3818 3824">
     <span class='ocr_line' id='line_1_87' title="bbox 2200 3747 3818 3824; baseline -0.002 -18"><span class='ocrx_word' id='word_1_621' title='bbox 2200 3750 2468 3806; x_wconf 87' lang='lat' dir='ltr'>habuerit</span> <span class='ocrx_word' id='word_1_622' title='bbox 2513 3750 2718 3819; x_wconf 85' lang='lat' dir='ltr'>exitus,</span> <span class='ocrx_word' id='word_1_623' title='bbox 2769 3754 3022 3824; x_wconf 91' lang='lat' dir='ltr'>quotque</span> <span class='ocrx_word' id='word_1_624' title='bbox 3072 3749 3280 3822; x_wconf 84' lang='lat' dir='ltr'>singuli</span> <span class='ocrx_word' id='word_1_625' title='bbox 3327 3748 3500 3806; x_wconf 89' lang='lat' dir='ltr'>annis</span> <span class='ocrx_word' id='word_1_626' title='bbox 3544 3747 3818 3805; x_wconf 62' lang='lat' dir='ltr'>amminio</span> 
     </span>
    </p>
   </div>
   <div class='ocr_carea' id='block_1_88' title="bbox 2199 3837 3822 3910">
    <p class='ocr_par' dir='ltr' id='par_1_88' title="bbox 2199 3837 3822 3910">
     <span class='ocr_line' id='line_1_88' title="bbox 2199 3837 3822 3910; baseline -0.001 -16"><span class='ocrx_word' id='word_1_627' title='bbox 2199 3838 2505 3894; x_wconf 89' lang='lat' dir='ltr'>straverint</span> <span class='ocrx_word' id='word_1_628' title='bbox 2535 3839 2794 3895; x_wconf 83' lang='lat' dir='ltr'>officium</span> <span class='ocrx_word' id='word_1_629' title='bbox 2824 3838 3214 3910; x_wconf 84' lang='lat' dir='ltr'>pontiﬁcatus,</span> <span class='ocrx_word' id='word_1_630' title='bbox 3268 3839 3356 3893; x_wconf 90' lang='lat' dir='ltr'>vel</span> <span class='ocrx_word' id='word_1_631' title='bbox 3405 3837 3508 3894; x_wconf 90' lang='lat' dir='ltr'>ubi</span> <span class='ocrx_word' id='word_1_632' title='bbox 3537 3839 3822 3910; x_wconf 82' lang='lat' dir='ltr'>quorum-</span> 
     </span>
    </p>
   </div>
   <div class='ocr_carea' id='block_1_89' title="bbox 2200 3925 3822 4000">
    <p class='ocr_par' dir='ltr' id='par_1_89' title="bbox 2200 3925 3822 4000">
     <span class='ocr_line' id='line_1_89' title="bbox 2200 3925 3822 4000; baseline -0.003 -18"><span class='ocrx_word' id='word_1_633' title='bbox 2200 3943 2312 3998; x_wconf 90' lang='lat' dir='ltr'>que</span> <span class='ocrx_word' id='word_1_634' title='bbox 2346 3927 2420 3982; x_wconf 88' lang='lat' dir='ltr'>sit</span> <span class='ocrx_word' id='word_1_635' title='bbox 2442 3927 2724 3998; x_wconf 89' lang='lat' dir='ltr'>tumulus,</span> <span class='ocrx_word' id='word_1_636' title='bbox 2755 3943 2855 3982; x_wconf 90' lang='lat' dir='ltr'>seu</span> <span class='ocrx_word' id='word_1_637' title='bbox 2889 3931 3174 4000; x_wconf 88' lang='lat' dir='ltr'>quantum</span> <span class='ocrx_word' id='word_1_638' title='bbox 3200 3925 3444 4000; x_wconf 89' lang='lat' dir='ltr'>quisque</span> <span class='ocrx_word' id='word_1_639' title='bbox 3457 3925 3822 3998; x_wconf 74' lang='lat' dir='ltr'>ampliaverit</span> 
     </span>
    </p>
   </div>
   <div class='ocr_carea' id='block_1_90' title="bbox 2199 4013 3823 4088">
    <p class='ocr_par' dir='ltr' id='par_1_90' title="bbox 2199 4013 3823 4088">
     <span class='ocr_line' id='line_1_90' title="bbox 2199 4013 3823 4088; baseline -0.002 -18"><span class='ocrx_word' id='word_1_640' title='bbox 2199 4015 2476 4071; x_wconf 68' lang='lat' dir='ltr'>aacclesia:</span> <span class='ocrx_word' id='word_1_641' title='bbox 2501 4033 2618 4072; x_wconf 69' lang='lat' dir='ltr'>sua:</span> <span class='ocrx_word' id='word_1_642' title='bbox 2647 4015 2888 4084; x_wconf 89' lang='lat' dir='ltr'>reditus,</span> <span class='ocrx_word' id='word_1_643' title='bbox 2917 4015 3051 4088; x_wconf 88' lang='lat' dir='ltr'>quia</span> <span class='ocrx_word' id='word_1_644' title='bbox 3079 4014 3256 4071; x_wconf 89' lang='lat' dir='ltr'>totius</span> <span class='ocrx_word' id='word_1_645' title='bbox 3283 4014 3486 4071; x_wconf 73' lang='lat' dir='ltr'>Gallias</span> <span class='ocrx_word' id='word_1_646' title='bbox 3534 4014 3610 4070; x_wconf 90' lang='lat' dir='ltr'>ab</span> <span class='ocrx_word' id='word_1_647' title='bbox 3644 4013 3823 4069; x_wconf 83' lang='lat' dir='ltr'>Hunis</span> 
     </span>
    </p>
   </div>
   <div class='ocr_carea' id='block_1_91' title="bbox 2197 4101 3819 4160">
    <p class='ocr_par' dir='ltr' id='par_1_91' title="bbox 2197 4101 3819 4160">
     <span class='ocr_line' id='line_1_91' title="bbox 2197 4101 3819 4160; baseline -0.003 0"><span class='ocrx_word' id='word_1_648' title='bbox 2197 4103 2352 4160; x_wconf 82' lang='lat' dir='ltr'>facta</span> <span class='ocrx_word' id='word_1_649' title='bbox 2385 4120 2506 4160; x_wconf 89' lang='lat' dir='ltr'>non</span> <span class='ocrx_word' id='word_1_650' title='bbox 2549 4105 2738 4160; x_wconf 90' lang='lat' dir='ltr'>solum</span> <span class='ocrx_word' id='word_1_651' title='bbox 2775 4105 2989 4160; x_wconf 81' lang='lat' dir='ltr'>nostrae</span> <span class='ocrx_word' id='word_1_652' title='bbox 3018 4104 3119 4159; x_wconf 91' lang='lat' dir='ltr'>sed</span> <span class='ocrx_word' id='word_1_653' title='bbox 3150 4103 3396 4158; x_wconf 90' lang='lat' dir='ltr'>aliarum</span> <span class='ocrx_word' id='word_1_654' title='bbox 3424 4101 3819 4159; x_wconf 67' lang='lat' dir='ltr'>ecclesiarum</span> 
     </span>
    </p>
   </div>
   <div class='ocr_carea' id='block_1_92' title="bbox 2198 4189 3822 4262">
    <p class='ocr_par' dir='ltr' id='par_1_92' title="bbox 2198 4189 3822 4262">
     <span class='ocr_line' id='line_1_92' title="bbox 2198 4189 3822 4262; baseline -0.002 -14"><span class='ocrx_word' id='word_1_655' title='bbox 2198 4192 2452 4248; x_wconf 88' lang='lat' dir='ltr'>abolevit</span> <span class='ocrx_word' id='word_1_656' title='bbox 2482 4193 2724 4262; x_wconf 90' lang='lat' dir='ltr'>eversio,</span> <span class='ocrx_word' id='word_1_657' title='bbox 2753 4208 2859 4248; x_wconf 90' lang='lat' dir='ltr'>nec</span> <span class='ocrx_word' id='word_1_658' title='bbox 2910 4209 2945 4248; x_wconf 91' lang='lat' dir='ltr'>a</span> <span class='ocrx_word' id='word_1_659' title='bbox 2996 4191 3164 4248; x_wconf 88' lang='lat' dir='ltr'>nobis</span> <span class='ocrx_word' id='word_1_660' title='bbox 3191 4190 3424 4247; x_wconf 88' lang='lat' dir='ltr'>lectoris</span> <span class='ocrx_word' id='word_1_661' title='bbox 3456 4189 3704 4262; x_wconf 88' lang='lat' dir='ltr'>alicujus</span> <span class='ocrx_word' id='word_1_662' title='bbox 3730 4206 3822 4244; x_wconf 82' lang='lat' dir='ltr'>re-</span> 
     </span>
    </p>
   </div>
   <div class='ocr_carea' id='block_1_93' title="bbox 2204 4277 3818 4354">
    <p class='ocr_par' dir='ltr' id='par_1_93' title="bbox 2204 4277 3818 4354">
     <span class='ocr_line' id='line_1_93' title="bbox 2204 4277 3818 4354; baseline -0.002 -18"><span class='ocrx_word' id='word_1_663' title='bbox 2204 4281 2399 4354; x_wconf 90' lang='lat' dir='ltr'>quirat</span> <span class='ocrx_word' id='word_1_664' title='bbox 2421 4289 2494 4324; x_wconf 73' lang='lat' dir='ltr'>m</span> <span class='ocrx_word' id='word_1_665' title='bbox 2527 4280 2768 4338; x_wconf 87' lang='lat' dir='ltr'>exactio.</span> <span class='ocrx_word' id='word_1_666' title='bbox 2817 4280 2948 4337; x_wconf 87' lang='lat' dir='ltr'>Hoc</span> <span class='ocrx_word' id='word_1_667' title='bbox 2980 4282 3205 4335; x_wconf 89' lang='lat' dir='ltr'>eertum</span> <span class='ocrx_word' id='word_1_668' title='bbox 3234 4283 3510 4335; x_wconf 86' lang='lat' dir='ltr'>tenemus</span> <span class='ocrx_word' id='word_1_669' title='bbox 3551 4277 3818 4335; x_wconf 90' lang='lat' dir='ltr'>omnium</span> 
     </span>
    </p>
   </div>
   <div class='ocr_carea' id='block_1_94' title="bbox 2200 4367 3820 4442">
    <p class='ocr_par' dir='ltr' id='par_1_94' title="bbox 2200 4367 3820 4442">
     <span class='ocr_line' id='line_1_94' title="bbox 2200 4367 3820 4442; baseline -0.004 -17"><span class='ocrx_word' id='word_1_670' title='bbox 2200 4369 2593 4426; x_wconf 73' lang='lat' dir='ltr'>aecclesiarum</span> <span class='ocrx_word' id='word_1_671' title='bbox 2638 4369 2837 4442; x_wconf 91' lang='lat' dir='ltr'>copias</span> <span class='ocrx_word' id='word_1_672' title='bbox 2863 4369 3224 4435; x_wconf 88' lang='lat' dir='ltr'>exuberasse,</span> <span class='ocrx_word' id='word_1_673' title='bbox 3277 4367 3431 4424; x_wconf 90' lang='lat' dir='ltr'>circa</span> <span class='ocrx_word' id='word_1_674' title='bbox 3480 4383 3554 4424; x_wconf 90' lang='lat' dir='ltr'>ea</span> <span class='ocrx_word' id='word_1_675' title='bbox 3607 4367 3820 4424; x_wconf 88' lang='lat' dir='ltr'>scilicet</span> 
     </span>
    </p>
   </div>
   <div class='ocr_carea' id='block_1_95' title="bbox 2115 4454 3819 4533">
    <p class='ocr_par' dir='ltr' id='par_1_95' title="bbox 2115 4454 3819 4533">
     <span class='ocr_line' id='line_1_95' title="bbox 2115 4454 3819 4533; baseline -0.004 -17"><span class='ocrx_word' id='word_1_676' title='bbox 2115 4471 2170 4530; x_wconf 84' lang='lat'>1)</span> <span class='ocrx_word' id='word_1_677' title='bbox 2197 4461 2469 4533; x_wconf 91' lang='lat' dir='ltr'>tempora</span> <span class='ocrx_word' id='word_1_678' title='bbox 2504 4475 2618 4532; x_wconf 93' lang='lat' dir='ltr'>quo</span> <span class='ocrx_word' id='word_1_679' title='bbox 2685 4467 2757 4502; x_wconf 63' lang='grc' dir='ltr'>ἐτ</span> <span class='ocrx_word' id='word_1_680' title='bbox 2816 4458 2960 4515; x_wconf 72' lang='lat' dir='ltr'>divae</span> <span class='ocrx_word' id='word_1_681' title='bbox 3007 4457 3310 4514; x_wconf 66' lang='lat' dir='ltr'>memoriae</span> <span class='ocrx_word' id='word_1_682' title='bbox 3366 4457 3638 4512; x_wconf 82' lang='lat' dir='ltr'>Romano</span> <span class='ocrx_word' id='word_1_683' title='bbox 3699 4454 3819 4512; x_wconf 88' lang='lat' dir='ltr'>orbi</span> 
     </span>
    </p>
   </div>
   <div class='ocr_carea' id='block_1_96' title="bbox 2201 4543 3816 4620">
    <p class='ocr_par' dir='ltr' id='par_1_96' title="bbox 2201 4543 3816 4620">
     <span class='ocr_line' id='line_1_96' title="bbox 2201 4543 3816 4620; baseline -0.004 -18"><span class='ocrx_word' id='word_1_684' title='bbox 2201 4551 2450 4620; x_wconf 63' lang='lat' dir='ltr'>praeerat</span> <span class='ocrx_word' id='word_1_685' title='bbox 2481 4547 2894 4604; x_wconf 88' lang='lat' dir='ltr'>Constantinus</span> <span class='ocrx_word' id='word_1_686' title='bbox 2921 4549 3217 4619; x_wconf 88' lang='lat' dir='ltr'>augustus,</span> <span class='ocrx_word' id='word_1_687' title='bbox 3271 4543 3489 4602; x_wconf 89' lang='lat' dir='ltr'>deinde</span> <span class='ocrx_word' id='word_1_688' title='bbox 3521 4545 3626 4602; x_wconf 78' lang='lat' dir='ltr'>filii</span> <span class='ocrx_word' id='word_1_689' title='bbox 3649 4543 3816 4618; x_wconf 86' lang='lat' dir='ltr'>ipsius</span> 
     </span>
    </p>
   </div>
   <div class='ocr_carea' id='block_1_97' title="bbox 2201 4635 2978 4694">
    <p class='ocr_par' dir='ltr' id='par_1_97' title="bbox 2201 4635 2978 4694">
     <span class='ocr_line' id='line_1_97' title="bbox 2201 4635 2978 4694; baseline 0 -2"><span class='ocrx_word' id='word_1_690' title='bbox 2201 4636 2485 4693; x_wconf 89' lang='lat' dir='ltr'>Constans</span> <span class='ocrx_word' id='word_1_691' title='bbox 2506 4640 2566 4694; x_wconf 91' lang='lat' dir='ltr'>et</span> <span class='ocrx_word' id='word_1_692' title='bbox 2589 4635 2978 4693; x_wconf 89' lang='lat' dir='ltr'>Constantius.</span> 
     </span>
    </p>
   </div>
   <div class='ocr_carea' id='block_1_98' title="bbox 2202 4757 3817 4830">
    <p class='ocr_par' dir='ltr' id='par_1_98' title="bbox 2202 4757 3817 4830">
     <span class='ocr_line' id='line_1_98' title="bbox 2202 4757 3817 4830; baseline -0.003 -12"><span class='ocrx_word' id='word_1_693' title='bbox 2202 4764 2290 4819; x_wconf 82' lang='grc'><strong>16.</strong></span> <span class='ocrx_word' id='word_1_694' title='bbox 2327 4761 2573 4830; x_wconf 85' lang='lat' dir='ltr'>Qualiter</span> <span class='ocrx_word' id='word_1_695' title='bbox 2603 4764 2658 4817; x_wconf 88' lang='lat' dir='ltr'>in</span> <span class='ocrx_word' id='word_1_696' title='bbox 2687 4760 2909 4816; x_wconf 86' lang='lat' dir='ltr'>diversis</span> <span class='ocrx_word' id='word_1_697' title='bbox 2942 4759 3066 4814; x_wconf 87' lang='lat' dir='ltr'>locis</span> <span class='ocrx_word' id='word_1_698' title='bbox 3089 4757 3373 4814; x_wconf 70' lang='lat' dir='ltr'>orthodoxi</span> <span class='ocrx_word' id='word_1_699' title='bbox 3415 4759 3532 4816; x_wconf 87' lang='lat' dir='ltr'>viri</span> <span class='ocrx_word' id='word_1_700' title='bbox 3563 4758 3817 4816; x_wconf 73' lang='lat' dir='ltr'>Arriana:</span> 
     </span>
    </p>
   </div>
   <div class='ocr_carea' id='block_1_99' title="bbox 2767 4831 3270 4888">
    <p class='ocr_par' dir='ltr' id='par_1_99' title="bbox 2767 4831 3270 4888">
     <span class='ocr_line' id='line_1_99' title="bbox 2767 4831 3270 4888; baseline -0.006 0"><span class='ocrx_word' id='word_1_701' title='bbox 2767 4832 2937 4888; x_wconf 80' lang='lat' dir='ltr'>heresi</span> <span class='ocrx_word' id='word_1_702' title='bbox 2961 4831 3270 4886; x_wconf 85' lang='lat' dir='ltr'>restiterint.</span> 
     </span>
    </p>
   </div>
   <div class='ocr_carea' id='block_1_100' title="bbox 2271 4932 3814 5011">
    <p class='ocr_par' dir='ltr' id='par_1_100' title="bbox 2271 4932 3814 5011">
     <span class='ocr_line' id='line_1_100' title="bbox 2271 4932 3814 5011; baseline -0.006 -14"><span class='ocrx_word' id='word_1_703' title='bbox 2271 4939 2396 5004; x_wconf 87' lang='lat' dir='ltr'>Quo</span> <span class='ocrx_word' id='word_1_704' title='bbox 2414 4947 2486 4986; x_wconf 71' lang='grc'>³⁸³</span> <span class='ocrx_word' id='word_1_705' title='bbox 2503 4939 2682 4998; x_wconf 90' lang='lat' dir='ltr'>etiam</span> <span class='ocrx_word' id='word_1_706' title='bbox 2701 4941 2967 5011; x_wconf 88' lang='lat' dir='ltr'>tempore</span> <span class='ocrx_word' id='word_1_707' title='bbox 2979 4933 3552 5008; x_wconf 82' lang='lat' dir='ltr'>inclinatisreligioni</span> <span class='ocrx_word' id='word_1_708' title='bbox 3565 4932 3814 4993; x_wconf 81' lang='lat' dir='ltr'>christia-</span> 
     </span>
    </p>
   </div>
   <div class='ocr_carea' id='block_1_101' title="bbox 1811 5131 2487 5192">
    <p class='ocr_par' dir='ltr' id='par_1_101' title="bbox 1811 5131 2487 5192">
     <span class='ocr_line' id='line_1_101' title="bbox 1811 5131 2487 5192; baseline -0.003 -2"><span class='ocrx_word' id='word_1_709' title='bbox 1811 5133 2042 5190; x_wconf 75' lang='lat' dir='ltr'>VARLE</span> <span class='ocrx_word' id='word_1_710' title='bbox 2083 5131 2487 5192; x_wconf 87' lang='lat' dir='ltr'>LECTIONES.</span> 
     </span>
    </p>
   </div>
   <div class='ocr_carea' id='block_1_102' title="bbox 561 5275 3816 5389">
    <p class='ocr_par' dir='ltr' id='par_1_102' title="bbox 561 5275 3816 5389">
     <span class='ocr_line' id='line_1_102' title="bbox 561 5275 3816 5389; baseline 0.006 -18"><span class='ocrx_word' id='word_1_711' title='bbox 561 5323 635 5389; x_wconf 63' lang='lat' dir='ltr'>Si}</span> <span class='ocrx_word' id='word_1_712' title='bbox 659 5314 847 5372; x_wconf 85' lang='lat' dir='ltr'>desunt</span> <span class='ocrx_word' id='word_1_713' title='bbox 867 5313 973 5389; x_wconf 72' lang='lat' dir='ltr'>Ch.</span> <span class='ocrx_word' id='word_1_714' title='bbox 1039 5321 1146 5389; x_wconf 45' lang='grc' dir='ltr'>λιι</span> <span class='ocrx_word' id='word_1_715' title='bbox 1176 5275 1443 5389; x_wconf 82' lang='lat' dir='ltr'>insistens</span> <span class='ocrx_word' id='word_1_716' title='bbox 1471 5327 1609 5389; x_wconf 79' lang='lat' dir='ltr'>corr.</span> <span class='ocrx_word' id='word_1_717' title='bbox 1638 5307 1892 5389; x_wconf 73' lang='lat' dir='ltr'>existens</span> <span class='ocrx_word' id='word_1_718' title='bbox 1920 5312 1975 5367; x_wconf 91' lang='lat'>2.</span> <span class='ocrx_word' id='word_1_719' title='bbox 2069 5317 2140 5389; x_wconf 68' lang='grc' dir='ltr'>ξίι</span> <span class='ocrx_word' id='word_1_720' title='bbox 2171 5306 2452 5389; x_wconf 44' lang='lat' dir='ltr'>inﬂatio“</span> <span class='ocrx_word' id='word_1_721' title='bbox 2563 5303 2794 5389; x_wconf 53' lang='lat' dir='ltr'>potiora</span> <span class='ocrx_word' id='word_1_722' title='bbox 3022 5309 3094 5346; x_wconf 74' lang='grc'>²¹⁸</span> <span class='ocrx_word' id='word_1_723' title='bbox 3118 5297 3442 5389; x_wconf 60' lang='grc' dir='ltr'>ἀ⁸³²⁸ηί.ολ⁶</span> 
     </span>
    </p>
   </div>
   <div class='ocr_carea' id='block_1_103' title="bbox 489 5381 1854 5466">
    <p class='ocr_par' dir='ltr' id='par_1_103' title="bbox 489 5381 1854 5466">
     <span class='ocr_line' id='line_1_103' title="bbox 489 5381 1854 5466; baseline -0.002 -25"><span class='ocrx_word' id='word_1_724' title='bbox 489 5395 566 5432; x_wconf 73' lang='grc' dir='ltr'>ω</span> <span class='ocrx_word' id='word_1_725' title='bbox 590 5387 822 5466; x_wconf 87' lang='lat' dir='ltr'>I_nitium_</span> <span class='ocrx_word' id='word_1_726' title='bbox 845 5386 983 5466; x_wconf 75' lang='lat' dir='ltr'>deest</span> <span class='ocrx_word' id='word_1_727' title='bbox 1025 5383 1464 5466; x_wconf 74' lang='lat' dir='ltr'>Ch.,_sequentia</span> <span class='ocrx_word' id='word_1_728' title='bbox 1491 5381 1854 5466; x_wconf 30' lang='lat' dir='ltr'>longae-liter.</span> 
     </span>
    </p>
   </div>
   <div class='ocr_carea' id='block_1_104' title="bbox 493 5456 1923 5518">
    <p class='ocr_par' dir='ltr' id='par_1_104' title="bbox 493 5456 1923 5518">
     <span class='ocr_line' id='line_1_104' title="bbox 493 5456 1923 5518; baseline -0.007 1"><span class='ocrx_word' id='word_1_729' title='bbox 493 5469 566 5504; x_wconf 78' lang='grc' dir='ltr'>²²ο</span> <span class='ocrx_word' id='word_1_730' title='bbox 590 5458 939 5518; x_wconf 88' lang='lat' dir='ltr'>clarussimis</span> <span class='ocrx_word' id='word_1_731' title='bbox 967 5474 1107 5513; x_wconf 86' lang='lat' dir='ltr'>corr.</span> <span class='ocrx_word' id='word_1_732' title='bbox 1139 5456 1466 5512; x_wconf 88' lang='lat' dir='ltr'>clarissimis</span> <span class='ocrx_word' id='word_1_733' title='bbox 1493 5459 1547 5511; x_wconf 94' lang='lat'>2.</span> <span class='ocrx_word' id='word_1_734' title='bbox 1650 5462 1719 5496; x_wconf 67' lang='grc' dir='ltr'>ἰι</span> <span class='ocrx_word' id='word_1_735' title='bbox 1751 5469 1835 5509; x_wconf 87' lang='lat' dir='ltr'>ac.</span> <span class='ocrx_word' id='word_1_736' title='bbox 1870 5456 1923 5510; x_wconf 87' lang='lat'>3.</span> 
     </span>
    </p>
   </div>
   <div class='ocr_carea' id='block_1_105' title="bbox 1951 5377 2366 5438">
    <p class='ocr_par' dir='ltr' id='par_1_105' title="bbox 1951 5377 2366 5438">
     <span class='ocr_line' id='line_1_105' title="bbox 1951 5377 2366 5438; baseline 0.002 -4"><span class='ocrx_word' id='word_1_737' title='bbox 1951 5389 2024 5424; x_wconf 70' lang='grc' dir='ltr'>ιιι</span> <span class='ocrx_word' id='word_1_738' title='bbox 2050 5379 2239 5435; x_wconf 84' lang='lat' dir='ltr'>desunt</span> <span class='ocrx_word' id='word_1_739' title='bbox 2264 5377 2366 5438; x_wconf 83' lang='lat' dir='ltr'>Ch.</span> 
     </span>
    </p>
   </div>
   <div class='ocr_carea' id='block_1_106' title="bbox 2026 5453 2266 5509">
    <p class='ocr_par' dir='ltr' id='par_1_106' title="bbox 2026 5453 2266 5509">
     <span class='ocr_line' id='line_1_106' title="bbox 2026 5453 2266 5509; baseline 0.013 -3"><span class='ocrx_word' id='word_1_740' title='bbox 2026 5461 2098 5494; x_wconf 74' lang='grc' dir='ltr'>ω</span> <span class='ocrx_word' id='word_1_741' title='bbox 2128 5455 2186 5506; x_wconf 91' lang='lat' dir='ltr'>et</span> <span class='ocrx_word' id='word_1_742' title='bbox 2212 5453 2266 5509; x_wconf 87' lang='lat'>3.</span> 
     </span>
    </p>
   </div>
   <div class='ocr_carea' id='block_1_107' title="bbox 2471 5370 3814 5448">
    <p class='ocr_par' dir='ltr' id='par_1_107' title="bbox 2471 5370 3814 5448">
     <span class='ocr_line' id='line_1_107' title="bbox 2471 5370 3814 5448; baseline -0.007 -15"><span class='ocrx_word' id='word_1_743' title='bbox 2471 5386 2546 5420; x_wconf 75' lang='grc' dir='ltr'>ω</span> <span class='ocrx_word' id='word_1_744' title='bbox 2563 5370 2794 5448; x_wconf 23' lang='lat' dir='ltr'>infixis.</span> <span class='ocrx_word' id='word_1_745' title='bbox 2807 5375 2882 5432; x_wconf 91' lang='lat' dir='ltr'>ad</span> <span class='ocrx_word' id='word_1_746' title='bbox 2921 5374 3098 5448; x_wconf 86' lang='lat' dir='ltr'>jenua</span> <span class='ocrx_word' id='word_1_747' title='bbox 3133 5389 3272 5448; x_wconf 68' lang='lat' dir='ltr'>cqrr.</span> <span class='ocrx_word' id='word_1_748' title='bbox 3306 5376 3365 5448; x_wconf 49' lang='grc'><strong>1..</strong></span> <span class='ocrx_word' id='word_1_749' title='bbox 3402 5370 3814 5448; x_wconf 54' lang='lat' dir='ltr'>e_ad_je_n._i_nf:</span> 
     </span>
    </p>
   </div>
   <div class='ocr_carea' id='block_1_108' title="bbox 2368 5439 3814 5522">
    <p class='ocr_par' dir='ltr' id='par_1_108' title="bbox 2368 5439 3814 5522">
     <span class='ocr_line' id='line_1_108' title="bbox 2368 5439 3814 5522; baseline -0.007 -18"><span class='ocrx_word' id='word_1_750' title='bbox 2368 5459 2440 5494; x_wconf 68' lang='grc'>³³³</span> <span class='ocrx_word' id='word_1_751' title='bbox 2471 5447 2720 5522; x_wconf 82' lang='lat' dir='ltr'>gemmis</span> <span class='ocrx_word' id='word_1_752' title='bbox 2747 5445 2877 5522; x_wconf 87' lang='lat' dir='ltr'>Ch._</span> <span class='ocrx_word' id='word_1_753' title='bbox 2921 5439 3016 5488; x_wconf 66' lang='grc' dir='ltr'>ἰη</span> <span class='ocrx_word' id='word_1_754' title='bbox 3043 5447 3121 5501; x_wconf 83' lang='lat' dir='ltr'>ita</span> <span class='ocrx_word' id='word_1_755' title='bbox 3147 5443 3284 5522; x_wconf 89' lang='lat' dir='ltr'>_Vita</span> <span class='ocrx_word' id='word_1_756' title='bbox 3308 5441 3490 5522; x_wconf 53' lang='lat' dir='ltr'>Each:</span> <span class='ocrx_word' id='word_1_757' title='bbox 3527 5439 3654 5500; x_wconf 86' lang='lat' dir='ltr'>Val.</span> <span class='ocrx_word' id='word_1_758' title='bbox 3676 5439 3814 5498; x_wconf 70' lang='grc' dir='ltr'>Μαί</span> 
     </span>
    </p>
   </div>
   <div class='ocr_carea' id='block_1_109' title="bbox 495 5514 3814 5592">
    <p class='ocr_par' dir='ltr' id='par_1_109' title="bbox 495 5514 3814 5592">
     <span class='ocr_line' id='line_1_109' title="bbox 495 5514 3814 5592; baseline -0.006 -6"><span class='ocrx_word' id='word_1_759' title='bbox 495 5514 816 5587; x_wconf 61' lang='grc' dir='ltr'>οθνὶᾆῖ</span> <span class='ocrx_word' id='word_1_760' title='bbox 835 5514 899 5586; x_wconf 11' lang='lat'>’3.</span> <span class='ocrx_word' id='word_1_761' title='bbox 925 5514 930 5515; x_wconf 18' lang='grc' dir='ltr'>ί</span> <span class='ocrx_word' id='word_1_762' title='bbox 975 5537 1049 5572; x_wconf 71' lang='grc' dir='ltr'><strong>ἰδ</strong></span> <span class='ocrx_word' id='word_1_763' title='bbox 1075 5527 1472 5583; x_wconf 88' lang='lat' dir='ltr'>ammenitatis</span> <span class='ocrx_word' id='word_1_764' title='bbox 1499 5542 1639 5584; x_wconf 87' lang='lat' dir='ltr'>corr.</span> <span class='ocrx_word' id='word_1_765' title='bbox 1671 5541 1867 5581; x_wconf 89' lang='lat' dir='ltr'>amen.</span> <span class='ocrx_word' id='word_1_766' title='bbox 1901 5528 1954 5581; x_wconf 85' lang='lat'>2:</span> <span class='ocrx_word' id='word_1_767' title='bbox 2029 5531 2101 5566; x_wconf 71' lang='lat' dir='ltr'>m</span> <span class='ocrx_word' id='word_1_768' title='bbox 2123 5522 2198 5580; x_wconf 92' lang='lat' dir='ltr'>ad</span> <span class='ocrx_word' id='word_1_769' title='bbox 2219 5521 2341 5592; x_wconf 90' lang='lat' dir='ltr'>ejus</span> <span class='ocrx_word' id='word_1_770' title='bbox 2365 5525 2416 5578; x_wconf 88' lang='lat' dir='ltr'>l.</span> <span class='ocrx_word' id='word_1_771' title='bbox 2473 5514 2562 5564; x_wconf 48' lang='lat' dir='ltr'>Vm</span> <span class='ocrx_word' id='word_1_772' title='bbox 2590 5517 2958 5592; x_wconf 83' lang='lat' dir='ltr'>adjuvamine</span> <span class='ocrx_word' id='word_1_773' title='bbox 2981 5514 3434 5592; x_wconf 71' lang='lat' dir='ltr'>corr.juvamine</span> <span class='ocrx_word' id='word_1_774' title='bbox 3458 5519 3515 5572; x_wconf 86' lang='lat'>2.</span> <span class='ocrx_word' id='word_1_775' title='bbox 3593 5522 3666 5592; x_wconf 61' lang='grc' dir='ltr'>ίξ·</span> <span class='ocrx_word' id='word_1_776' title='bbox 3681 5529 3814 5592; x_wconf 65' lang='lat' dir='ltr'>corr.</span> 
     </span>
    </p>
   </div>
   <div class='ocr_carea' id='block_1_110' title="bbox 499 5593 2040 5672">
    <p class='ocr_par' dir='ltr' id='par_1_110' title="bbox 499 5593 2040 5672">
     <span class='ocr_line' id='line_1_110' title="bbox 499 5593 2040 5672; baseline -0.002 -18"><span class='ocrx_word' id='word_1_777' title='bbox 499 5604 552 5656; x_wconf 91' lang='grc'>1.</span> <span class='ocrx_word' id='word_1_778' title='bbox 583 5619 612 5656; x_wconf 91' lang='lat' dir='ltr'>c</span> <span class='ocrx_word' id='word_1_779' title='bbox 640 5607 853 5672; x_wconf 85' lang='lat' dir='ltr'>ausque</span> <span class='ocrx_word' id='word_1_780' title='bbox 886 5604 936 5656; x_wconf 90' lang='grc'>1.</span> <span class='ocrx_word' id='word_1_781' title='bbox 982 5670 994 5672; x_wconf 28' lang='grc' dir='ltr'><strong>λ</strong></span> <span class='ocrx_word' id='word_1_782' title='bbox 1029 5607 1103 5672; x_wconf 64' lang='grc' dir='ltr'>Ψ</span> <span class='ocrx_word' id='word_1_783' title='bbox 1126 5599 1356 5672; x_wconf 87' lang='lat' dir='ltr'>hymnis</span> <span class='ocrx_word' id='word_1_784' title='bbox 1375 5603 1430 5657; x_wconf 87' lang='lat'>2.</span> <span class='ocrx_word' id='word_1_785' title='bbox 1463 5601 1516 5654; x_wconf 88' lang='lat'>3.</span> <span class='ocrx_word' id='word_1_786' title='bbox 1548 5669 1557 5672; x_wconf 20' lang='grc' dir='ltr'><strong>Α</strong></span> <span class='ocrx_word' id='word_1_787' title='bbox 1616 5605 1694 5672; x_wconf 59' lang='lat'>330</span> <span class='ocrx_word' id='word_1_788' title='bbox 1721 5597 1906 5672; x_wconf 85' lang='lat' dir='ltr'>desunt</span> <span class='ocrx_word' id='word_1_789' title='bbox 1937 5593 2040 5652; x_wconf 90' lang='lat' dir='ltr'>Ch.</span> 
     </span>
    </p>
   </div>
   <div class='ocr_carea' id='block_1_111' title="bbox 495 5594 2506 5744">
    <p class='ocr_par' dir='ltr' id='par_1_111' title="bbox 495 5594 2506 5744">
     <span class='ocr_line' id='line_1_111' title="bbox 499 5594 2506 5672; baseline -0.003 -18"><span class='ocrx_word' id='word_1_790' title='bbox 499 5604 552 5656; x_wconf 91' lang='grc'>1.</span> <span class='ocrx_word' id='word_1_791' title='bbox 583 5619 612 5656; x_wconf 91' lang='lat' dir='ltr'>c</span> <span class='ocrx_word' id='word_1_792' title='bbox 640 5607 853 5672; x_wconf 85' lang='lat' dir='ltr'>ausque</span> <span class='ocrx_word' id='word_1_793' title='bbox 886 5604 936 5656; x_wconf 90' lang='grc'>1.</span> <span class='ocrx_word' id='word_1_794' title='bbox 1029 5607 1103 5642; x_wconf 71' lang='grc' dir='ltr'>ιη</span> <span class='ocrx_word' id='word_1_795' title='bbox 1126 5599 1356 5672; x_wconf 90' lang='lat' dir='ltr'>hymnis</span> <span class='ocrx_word' id='word_1_796' title='bbox 1375 5603 1430 5657; x_wconf 87' lang='lat'>2.</span> <span class='ocrx_word' id='word_1_797' title='bbox 1463 5601 1516 5654; x_wconf 88' lang='lat'>3.</span> <span class='ocrx_word' id='word_1_798' title='bbox 1621 5605 1694 5640; x_wconf 68' lang='lat' dir='ltr'>I30</span> <span class='ocrx_word' id='word_1_799' title='bbox 1721 5597 1906 5652; x_wconf 87' lang='lat' dir='ltr'>desunt</span> <span class='ocrx_word' id='word_1_800' title='bbox 1937 5594 2040 5652; x_wconf 90' lang='lat' dir='ltr'>Ch.</span> <span class='ocrx_word' id='word_1_801' title='bbox 2137 5602 2208 5636; x_wconf 78' lang='grc' dir='ltr'>²³ί</span> <span class='ocrx_word' id='word_1_802' title='bbox 2234 5594 2335 5649; x_wconf 81' lang='lat' dir='ltr'>filii</span> <span class='ocrx_word' id='word_1_803' title='bbox 2366 5597 2418 5650; x_wconf 92' lang='lat'>2.</span> <span class='ocrx_word' id='word_1_804' title='bbox 2453 5595 2506 5648; x_wconf 88' lang='lat'>3.</span> 
     </span>
     <span class='ocr_line' id='line_1_112' title="bbox 495 5663 2506 5744; baseline -0.003 -18"><span class='ocrx_word' id='word_1_805' title='bbox 495 5678 571 5713; x_wconf 68' lang='grc'>’⁸⁸</span> <span class='ocrx_word' id='word_1_806' title='bbox 601 5675 869 5744; x_wconf 79' lang='lat' dir='ltr'>septeml</span> <span class='ocrx_word' id='word_1_807' title='bbox 906 5670 996 5726; x_wconf 86' lang='lat' dir='ltr'>sed</span> <span class='ocrx_word' id='word_1_808' title='bbox 1025 5669 1244 5744; x_wconf 86' lang='lat' dir='ltr'>idem_in</span> <span class='ocrx_word' id='word_1_809' title='bbox 1272 5672 1508 5744; x_wconf 56' lang='lat' dir='ltr'>capitum</span> <span class='ocrx_word' id='word_1_810' title='bbox 1535 5668 1706 5724; x_wconf 89' lang='lat' dir='ltr'>indice</span> <span class='ocrx_word' id='word_1_811' title='bbox 1736 5670 1895 5744; x_wconf 83' lang='lat' dir='ltr'>octo_._</span> <span class='ocrx_word' id='word_1_812' title='bbox 1977 5674 2048 5708; x_wconf 70' lang='lat' dir='ltr'>m</span> <span class='ocrx_word' id='word_1_813' title='bbox 2074 5665 2213 5720; x_wconf 87' lang='lat' dir='ltr'>deest</span> <span class='ocrx_word' id='word_1_814' title='bbox 2239 5663 2368 5726; x_wconf 82' lang='lat' dir='ltr'>0h..</span> <span class='ocrx_word' id='word_1_815' title='bbox 2457 5672 2506 5708; x_wconf 67' lang='grc' dir='ltr'><strong><em>η</em></strong></span> 
     </span>
    </p>
   </div>
   <div class='ocr_carea' id='block_1_112' title="bbox 3181 5583 3813 5659">
    <p class='ocr_par' dir='ltr' id='par_1_112' title="bbox 3181 5583 3813 5659">
     <span class='ocr_line' id='line_1_113' title="bbox 3181 5583 3813 5659; baseline -0.005 -20"><span class='ocrx_word' id='word_1_816' title='bbox 3181 5595 3253 5630; x_wconf 69' lang='grc'>³³³</span> <span class='ocrx_word' id='word_1_817' title='bbox 3273 5587 3652 5659; x_wconf 80' lang='lat' dir='ltr'>expleverunt</span> <span class='ocrx_word' id='word_1_818' title='bbox 3678 5587 3732 5640; x_wconf 87' lang='lat'>2.</span> <span class='ocrx_word' id='word_1_819' title='bbox 3763 5583 3813 5637; x_wconf 85' lang='lat'>3.</span> 
     </span>
    </p>
   </div>
   <div class='ocr_carea' id='block_1_113' title="bbox 3605 5663 3817 5730">
    <p class='ocr_par' dir='ltr' id='par_1_113' title="bbox 3605 5663 3817 5730">
     <span class='ocr_line' id='line_1_114' title="bbox 3605 5663 3817 5730; baseline 0 -23"><span class='ocrx_word' id='word_1_820' title='bbox 3605 5663 3677 5700; x_wconf 68' lang='grc' dir='ltr'><strong>απ</strong></span> <span class='ocrx_word' id='word_1_821' title='bbox 3705 5667 3817 5730; x_wconf 88' lang='lat' dir='ltr'>quo</span> 
     </span>
    </p>
   </div>
   <div class='ocr_carea' id='block_1_114' title="bbox 2609 5589 3081 5646">
    <p class='ocr_par' dir='ltr' id='par_1_114' title="bbox 2609 5589 3081 5646">
     <span class='ocr_line' id='line_1_115' title="bbox 2609 5589 3081 5646; baseline -0.004 -2"><span class='ocrx_word' id='word_1_822' title='bbox 2609 5589 2682 5634; x_wconf 67' lang='grc' dir='ltr'><strong>υἱ</strong></span> <span class='ocrx_word' id='word_1_823' title='bbox 2714 5607 2833 5646; x_wconf 93' lang='lat' dir='ltr'>non</span> <span class='ocrx_word' id='word_1_824' title='bbox 2863 5606 2916 5645; x_wconf 90' lang='lat' dir='ltr'>e.</span> <span class='ocrx_word' id='word_1_825' title='bbox 2943 5605 2995 5645; x_wconf 93' lang='lat' dir='ltr'>v.</span> <span class='ocrx_word' id='word_1_826' title='bbox 3029 5589 3081 5642; x_wconf 90' lang='lat'>3.</span> 
     </span>
    </p>
   </div>
   <div class='ocr_carea' id='block_1_115' title="bbox 2457 5657 3502 5736">
    <p class='ocr_par' dir='ltr' id='par_1_115' title="bbox 2457 5657 3502 5736">
     <span class='ocr_line' id='line_1_116' title="bbox 2457 5657 3502 5736; baseline -0.005 -16"><span class='ocrx_word' id='word_1_827' title='bbox 2457 5671 2530 5708; x_wconf 60' lang='grc' dir='ltr'><strong><em>ἰο</em></strong></span> <span class='ocrx_word' id='word_1_828' title='bbox 2558 5661 2803 5736; x_wconf 87' lang='lat' dir='ltr'>requirit</span> <span class='ocrx_word' id='word_1_829' title='bbox 2831 5664 2882 5718; x_wconf 91' lang='grc'>1.</span> <span class='ocrx_word' id='word_1_830' title='bbox 2911 5663 2966 5722; x_wconf 84' lang='lat'>3.</span> <span class='ocrx_word' id='word_1_831' title='bbox 2998 5675 3134 5716; x_wconf 86' lang='lat' dir='ltr'>corr.</span> <span class='ocrx_word' id='word_1_832' title='bbox 3167 5657 3426 5732; x_wconf 77' lang='lat' dir='ltr'>requirat</span> <span class='ocrx_word' id='word_1_833' title='bbox 3444 5660 3502 5717; x_wconf 84' lang='lat'>2.</span> 
     </span>
    </p>
   </div>
   <div class='ocr_carea' id='block_1_116' title="bbox 500 5737 2254 5832">
    <p class='ocr_par' dir='ltr' id='par_1_116' title="bbox 500 5737 2254 5832">
     <span class='ocr_line' id='line_1_117' title="bbox 500 5737 2254 5832; baseline 0 -34"><span class='ocrx_word' id='word_1_834' title='bbox 500 5755 640 5798; x_wconf 81' lang='lat' dir='ltr'>corr.</span> <span class='ocrx_word' id='word_1_835' title='bbox 665 5737 877 5814; x_wconf 74' lang='lat' dir='ltr'>quibus</span> <span class='ocrx_word' id='word_1_836' title='bbox 905 5745 963 5797; x_wconf 90' lang='lat'>2.</span> <span class='ocrx_word' id='word_1_837' title='bbox 1037 5746 1111 5783; x_wconf 69' lang='lat'>&quot;8</span> <span class='ocrx_word' id='word_1_838' title='bbox 1142 5737 1489 5810; x_wconf 44' lang='lat' dir='ltr'>desunt—Clu,</span> <span class='ocrx_word' id='word_1_839' title='bbox 1520 5740 1790 5814; x_wconf 83' lang='lat' dir='ltr'>sequentia</span> <span class='ocrx_word' id='word_1_840' title='bbox 1818 5737 1972 5832; x_wconf 77' lang='lat' dir='ltr'>aliter</span> <span class='ocrx_word' id='word_1_841' title='bbox 1992 5751 2254 5812; x_wconf 78' lang='lat' dir='ltr'>expressa.</span> 
     </span>
    </p>
   </div>
  </div>
