3902 6210
182 471 320 528 1021

1338 470 1659 528 HERICERI
1689 471 1905 528 GESTA
1935 470 2150 527 EPISC.
2176 471 2378 529 LEOD.

3379 477 3512 529 1022

178 611 276 651 nua
309 592 673 666 principibus
717 594 872 652 orbis
901 593 1074 668 (2'75),
1126 611 1192 651 ac
1238 610 1342 668 per
1394 597 1504 651 hoc
1553 599 1811 652 cessante
1839 601 1893 660 Α
1914 597 2026 651 suis
2051 596 2225 652 effera
2258 614 2400 669 gens
2429 596 2750 666 Hunorum,
2784 613 2910 669 quae
2959 613 3062 669 per
3093 598 3278 651 totum
3307 596 3513 651 diffusa

179 683 426 739 turbine
459 683 879 756 persecutionis
900 693 995 750 κο,
1026 685 1476 741 exuberantibus
1526 686 1814 740 facultati-

176 771 292 827 bus
311 773 748 840 ascclesiasticis,
772 776 988 844 quanto
1012 773 1311 828 afﬂuentia
1327 774 1648 845 augebatur
1671 773 1810 827 divi-

183 861 600 927 tiarum,tanto
618 863 779 916 luxus
793 870 864 904 ἰο
888 862 1145 917 fomenta
1186 863 1663 917 subministrabat
1687 861 1811 917 libi-

180 948 398 1004 dinum
418 958 513 1017 Μ,
535 951 1027 1021 ὴωοροῐίεείωιιω
1046 952 1199 1006 mala
1218 955 1526 1023 superante
1546 951 1808 1005 Arriana:

184 1037 442 1109 perﬁdia
467 1039 758 1106 hereseos,
791 1055 921 1110 quin
954 1049 1025 1081 ω
1057 1039 1225 1112 pullis
1253 1039 1338 1094 sui
1369 1039 1580 1094 erroris
1625 1042 1811 1094 totum

184 1130 553 1198 resperserat
584 1128 788 1183 orbem
815 1129 1236 1187 Romanorum.
1265 1127 1366 1183 Cui
1406 1127 1551 1199 pesti
1600 1126 1810 1198 ubique

184 1216 454 1286 serpenti
482 1215 825 1271 resistebant
853 1215 1218 1287 potissimum
1255 1233 1288 1271 a
1344 1217 1490 1271 collo
1545 1216 1810 1271 mcclesize

185 1308 249 1358 et
270 1307 437 1359 turre
458 1303 766 1359 veriDavid
791 1321 918 1376 qua:
943 1303 1208 1360 edificata
1226 1309 1312 1360 est
1334 1321 1464 1359 cum
1481 1321 1809 1377 propugna-

187 1391 361 1459 culis,
417 1392 814 1462 dependentes
859 1391 1017 1447 mille
1064 1393 1254 1464 clipei,
1290 1393 1480 1448 omnis
1518 1396 1813 1447 armatura

186 1481 439 1536 fortium
465 1480 659 1551 (Cant.
687 1497 764 1549 1v,
796 1481 874 1551 4),
909 1481 1178 1536 Silvester
1205 1482 1811 1548 Homanorum,Atha-

1913 689 1999 740 est
2024 686 2225 740 orbem
2270 686 2595 740 Romanum
2617 695 2706 739 ηε.
2757 685 2929 756 Cujus
2963 687 3098 739 ante
3138 702 3204 739 ea
3258 694 3328 726 ἰο
3368 688 3514 739 tem-

1914 791 2054 844 pora
2086 774 2278 829 invisa:
2315 774 2502 844 gentis
2529 779 2778 836 exortus,
2806 777 2869 828 ut
2912 791 3033 829 sese
3067 773 3178 827 fert
3206 773 3517 845 antiquitas

1913 863 2225 928 relationis,
2261 879 2364 917 nos
2395 879 2624 934 quoque
2656 863 3016 917 absolvamus
3045 861 3518 934 perpaucis.Fer-

1911 954 2006 1006 tur
2032 967 2283 1022 namque
2316 968 2348 1005 a
2378 950 2741 1022 quibusdam,
2774 950 2929 1022 quod
2961 955 3222 1021 tempore
3255 949 3424 1004 famis
3446 959 3518 992 I50

1913 1059 2040 1114 qua:
2072 1042 2222 1094 facta
2253 1042 2337 1093 est
2361 1048 2429 1081 ιιι
2463 1056 2614 1093 anno
2647 1038 2872 1092 decimo
2898 1038 3116 1093 Claudii
3149 1039 3294 1109 (Act.
3322 1056 3396 1105 x1,
3423 1039 3511 1108 28)

1914 1128 2167 1192 Caesaris,
2195 1128 2354 1198 cujus
2379 1131 2434 1182 et
2457 1125 2633 1181 Lucas
2655 1126 2714 1180 in
2739 1127 2955 1181 actibus
2985 1129 3381 1197 apostolorum
3399 1143 3519 1181 me-

1912 1216 2084 1272 minit
2111 1216 2280 1288 (379),
2313 1232 2445 1270 cum
2470 1225 2540 1257 ηε
2580 1218 2638 1269 et
2687 1217 2885 1270 Petrus
2935 1216 3176 1270 Romam
3226 1216 3515 1288 ingressus

1912 1321 2133 1360 nonum
2161 1321 2379 1360 annum
2411 1308 2630 1374 ageret,
2664 1306 2722 1359 et
2754 1306 2959 1358 Paulus
2987 1321 3190 1359 omnes
3234 1305 3516 1360 aicclesias

1913 1394 1986 1449 ad
2003 1393 2379 1448 elemosinam
2402 1392 2750 1464 pauperibus
2777 1395 3107 1448 sanctorum
3129 1392 3515 1448 Iherosolimis

1912 1481 2259 1538 mittendam
2294 1483 2561 1536 moneret
2592 1512 2657 1519 —
2687 1481 2917 1535 modius
2947 1481 3103 1534 enim
3140 1497 3391 1535 annonae
3421 1496 3514 1534 sex

189 1570 1813 1634 nasiusAlexandrinorum,AmbrosiusMediolanensium
1915 1571 2169 1642 dragmis
2197 1571 2384 1626 aureis
2415 1575 2553 1643 aput
2579 1571 2836 1625 Greciam
2884 1569 3240 1624 vendebatur
3276 1600 3327 1609 —
3365 1585 3517 1633 cum,

190 1659 483 1714 Maximus
509 1659 901 1725 Trevirorum,
947 1658 1189 1713 Hilarius
1225 1660 1607 1725 Pictavorum,
1635 1660 1818 1713 Marti-
1916 1659 2176 1732 inquam,
2196 1677 2262 1714 co
2284 1664 2566 1730 tempore,
2584 1663 2644 1713 ut
2665 1661 2838 1714 Lucas
2861 1659 2997 1712 dicit
3021 1667 3110 1724 852,
3129 1658 3394 1712 Claudius
3413 1674 3515 1727 pro

191 1764 306 1802 nus
327 1747 980 1814 Turonorum,Anianus
998 1748 1494 1813 Aurelianenium,
1515 1747 1817 1802 Severinus
1916 1748 2112 1818 inopia
2135 1752 2322 1802 totum
2342 1749 2544 1802 orbem
2567 1748 2945 1818 proﬂigatura
2964 1764 3078 1802 non
3104 1749 3287 1801 solum
3309 1745 3518 1799 Judeos

195 1835 662 1903 Coloniensium,
690 1835 963 1890 Eusebius
994 1837 1442 1891 Vercellensium
1478 1841 1535 1890 et
1556 1852 1700 1906 eque
1723 1834 1818 1888 alii
1917 1836 2396 1908 expellijussissct
2421 1837 2492 1890 ab
2527 1837 2697 1902 Urbe,
2725 1836 2824 1889 sed
2851 1838 2908 1888 et
2933 1852 3134 1890 omnes
3179 1833 3516 1889 imbecillio-

193 1923 474 1979 catholici
507 1940 572 1978 ac
602 1923 862 1996 praeclari
900 1924 1022 1995 ejus
1052 1924 1329 1996 temporis
1357 1924 1606 1996 episcopi
1647 1924 1814 1995 (276).
1840 1918 1890 1975 B
1919 1933 2092 1980 res?”
2119 1941 2248 1980 cum
2272 1924 2407 1996 ipsis
2426 1924 2638 1991 Judeis,
2667 1928 2728 1978 ut
2748 1926 2952 1978 saltem
2975 1923 3278 1976 validiores
3302 1925 3522 1976 susten-

195 2014 275 2067 Ex
317 2011 530 2083 quibus
576 2012 926 2067 Athanasius
970 2016 1092 2068 toto
1153 2013 1292 2068 orbe
1334 2013 1587 2084 fugatur,
1639 2012 1738 2067 sed
1788 2029 1821 2066 a
1918 2017 2182 2068 tarentur
2210 2013 2436 2086 reliquo
2463 2030 2632 2084 pane,
2673 2012 2858 2067 claudi
2899 2012 3119 2066 fecisset
3156 2011 3214 2065 in
3265 2010 3519 2082 quodam

191 2099 508 2157 Maximino
521 2100 886 2155 Trevirorum
901 2100 1329 2174 archiepiscopo
1357 2101 1641 2172 intrepide
1656 2100 1824 2158 susci-

192 2191 358 2260 pitur
381 2187 558 2260 (277).
592 2189 864 2244 Paulinus
890 2192 1020 2261 post
1047 2205 1181 2243 eum
1214 2189 1514 2262 episcopus
1544 2206 1675 2244 cum
1705 2189 1819 2243 Ro-

191 2278 376 2332 diano
404 2277 558 2349 (278)
591 2279 648 2330 et
679 2276 892 2332 Hilario
922 2293 1069 2349 eque
1099 2277 1413 2332 Galliarum
1446 2277 1724 2350 episcopis
1759 2277 1816 2332 in

199 2366 399 2437 Frigia
420 2365 588 2421 exilio
616 2365 991 2434 damnantur,
1020 2367 1115 2422 ubi
1139 2369 1197 2422 et
1228 2367 1496 2422 Paulinus
1523 2367 1819 2423 Treviren-

193 2455 269 2510 sis
301 2455 544 2510 exulans
575 2459 828 2511 mortem
859 2455 1001 2511 obiit
1031 2456 1166 2528 (An.
1203 2457 1352 2528 364).
1387 2457 1499 2511 Hac
1525 2465 1597 2498 ω
1624 2457 1816 2528 itaque

191 2543 321 2598 fece
355 2543 462 2598 sub
493 2542 692 2598 multis
720 2543 930 2600 deinde
952 2543 1402 2618 imperatoribus
1427 2562 1530 2616 per
1555 2545 1818 2600 christia-

193 2647 346 2687 num
384 2630 700 2702 imperium
726 2648 904 2704 usque
925 2633 999 2688 ad
1021 2635 1289 2705 tempora
1316 2633 1565 2688 Valentis
1587 2633 1812 2704 augusti

200 2720 549 2790 pullulante,
568 2720 748 2775 videns
768 2719 1084 2777 Altissimus
1103 2721 1244 2792 quod
1271 2722 1440 2778 multa
1459 2722 1666 2776 malitia
1684 2729 1809 2777 esset

194 2809 479 2862 hominum
525 2815 575 2863 et
623 2815 816 2865 cuncta
859 2811 1107 2880 cogitatio
1146 2811 1320 2866 cordis
1357 2811 1584 2865 humani
1639 2828 1814 2881 prona

197 2904 338 2953 esset
362 2896 433 2950 ad
473 2896 680 2953 malum
709 2899 857 2954 omni
885 2905 1114 2969 tmpore
1145 2897 1306 2968 (Gen.
1341 2916 1415 2966 v1,
1449 2900 1526 2970 5),
1567 2899 1664 2971 qui
1697 2899 1813 2970 pri-

198 3001 369 3040 mum
387 3001 492 3058 per
522 3001 804 3057 aquarum
826 2986 1103 3042 diluvium
1117 2996 1188 3029 ἰδ
1209 3003 1447 3042 omnem
1468 2991 1817 3059 purgaverat

198 3077 447 3142 terram,
475 3091 548 3129 ne
572 3084 642 3117 ιιι
664 3074 1077 3130 commixtione
1107 3075 1360 3130 ﬁliorum
1394 3076 1516 3140 Dei,
1561 3076 1630 3131 de
1679 3076 1815 3132 Seth

199 3163 470 3218 videlicet
491 3167 949 3234 procreatarum,
977 3181 1109 3220 cum
1150 3165 1373 3220 ﬁliabus
1417 3164 1720 3220 hominum
1750 3181 1814 3219 ex

1920 2101 2117 2157 abdito
2145 2105 2335 2167 terrai,
2370 2102 2644 2157 coaluisse
2675 2119 2853 2174 usque
2885 2102 2959 2155 ad
3001 2099 3326 2171 supradicta
3373 2101 3519 2151 tem-

1917 2207 2061 2262 pora
2089 2191 2147 2246 in
2180 2195 2415 2263 gentem
2446 2208 2721 2263 magnam
2753 2192 3012 2262 ;Ungros
3039 2189 3286 2260 denique
3317 2190 3520 2241 notum

1919 2283 2003 2334 est
2029 2281 2160 2335 huic
2192 2280 2362 2336 famae
2391 2281 2665 2335 assentari
2691 2282 2855 2345 velle,
2883 2280 2979 2351 qui
3012 2283 3069 2333 et
3114 2279 3338 2350 jactant
3387 2292 3445 2329 se
3485 2291 3519 2327 a

1914 2369 2108 2424 Judcis
2129 2369 2417 2440 originem
2433 2369 2658 2424 ducere.
2684 2370 2760 2423 De
2781 2368 2958 2422 Hunis
2984 2369 3177 2421 autem
3197 2382 3328 2419 cum
3350 2362 3518 2418 multi

1915 2456 2362 2528 historiographi
2394 2457 2590 2526 assint,
2617 2455 2775 2511 testis
2803 2455 3128 2509 verissimus
3150 2470 3269 2526 prie
3297 2450 3517 2507 caeteris

1915 2547 2080 2602 adest
2107 2545 2370 2601 Jordanis
2396 2546 2714 2617 episcopus,
2747 2543 2872 2616 quis
2898 2560 3100 2599 eorum
3129 2541 3304 2596 fuerit
3333 2544 3512 2607 ortus,

1914 2635 1974 2690 in
2005 2635 2243 2690 historia
2266 2635 2338 2689 de
2364 2635 2540 2706 gestis
2577 2635 2896 2689 Gothorum
2938 2633 3024 2688 vel
3050 2633 3319 2687 Getarum
3362 2631 3519 2684 lucu-

1914 2723 2229 2779 lentissime
2255 2724 2410 2779 edita
2441 2724 2498 2779 in
2522 2723 2643 2778 haec
2672 2723 2850 2777 verba
2879 2739 2891 2778 :

2047 2833 2130 2884 18.
2166 2830 2320 2896 Quod
2348 2831 2414 2884 ab
2437 2829 2723 2884 immundis
2745 2829 3019 2901 spiritibus
3044 2837 3092 2883 et
3118 2845 3180 2882 e1:
3209 2828 3380 2897 magis

2267 2903 2573 2956 mulieribus
2585 2905 2861 2974 procreati
2887 2901 3160 2956 dicantur.

1983 2991 2284 3060 [Posteam
2303 2995 2497 3045 autem
2512 3007 2628 3045 non
2643 2991 2799 3062 longi
2824 2988 3099 3061 temporis
3119 2987 3510 3054 intervallum,

1914 3081 1978 3132 ut
2005 3078 2185 3132 refert
2216 3079 2500 3145 Horosius,
2526 3080 2820 3135 Hunorum
2843 3096 2986 3149 gens
3012 3096 3143 3134 cum
3175 3077 3336 3133 omni
3364 3077 3518 3130 fero-

1915 3171 2086 3225 citate
2118 3170 2367 3225 atrocior
2387 3169 2595 3224 exarsit
2629 3169 2685 3224 in
2717 3169 2929 3223 Gothos
2959 3179 3049 3224 ιιι.
3098 3169 3238 3222 Nam
3284 3167 3409 3231 hos,
3455 3167 3516 3218 ut

202 3251 347 3308 Cain
381 3253 672 3324 generatis
687 3261 757 3295 ω
779 3253 1250 3326 coinquinaretur
1271 3254 1597 3326 progenies,
1621 3255 1690 3308 de
1706 3271 1817 3325 qua
1839 3267 1884 3326 ρ
1916 3259 2092 3314 refert
2121 3258 2452 3330 antiquitas,
2484 3258 2564 3312 ita
2594 3257 2910 3312 constitisse
2941 3256 3334 3328 comperimus
3366 3253 3513 3322 (Jor-

202 3356 312 3412 pro
341 3345 545 3398 nostra
569 3343 751 3398 salute
777 3359 1014 3398 carnem
1041 3343 1374 3398 decreverat
1391 3360 1620 3398 sumere
1653 3360 1665 3398 :
1697 3343 1817 3415 ipse

199 3431 296 3486 his
329 3431 690 3503 temporibus
733 3433 858 3488 orbi
897 3434 1160 3488 Romano
1201 3436 1626 3506 praeparaverat
1667 3434 1816 3488 exci-

201 3519 389 3588 dium,
414 3537 487 3575 ne
515 3521 772 3576 mcclesia
792 3539 908 3576 non
933 3522 1153 3576 habens
1181 3524 1467 3576 maculam
1496 3525 1595 3576 aut
1611 3538 1816 3594 rugam

200 3625 305 3664 suo
360 3609 645 3679 sanguine
693 3610 996 3682 redempta
1051 3614 1108 3665 et
1146 3627 1298 3682 aqua
1340 3609 1612 3681 baptismi
1647 3626 1818 3680 super

201 3697 399 3752 nivem
432 3697 951 3753 dealbataArriana
972 3697 1182 3752 diutius
1201 3699 1520 3753 fuscaretur
1551 3699 1814 3768 perﬁdia.

299 3788 390 3846 17,
417 3784 500 3841 De
522 3785 706 3840 Hunis
719 3803 820 3858 per
847 3791 1017 3842 totum
1043 3789 1322 3860 imperium
1350 3786 1721 3842 Romanorum

900 3874 1127 3946 diffusis.

276 3963 530 4019 Valentis
551 3962 728 4035 igitur
757 3963 1123 4035 imperatoris
1147 3967 1410 4037 tempore
1427 3965 1526 4037 qui
1550 3981 1817 4038 persecu-

205 4052 431 4108 tionem
446 4052 784 4109 novissimus
795 4062 866 4095 2‘6
889 4053 1156 4108 aecclesiis
1176 4053 1470 4116 catholicis
1485 4072 1601 4109 non
1627 4055 1820 4110 timuit

209 4141 524 4211 intentare,
547 4144 606 4198 et
633 4143 705 4198 ab
732 4143 986 4198 Eudoxio
1016 4143 1376 4198 hercsiarche
1400 4152 1468 4186 24⁷
1501 4145 1818 4216 rebaptiza-

202 4232 294 4286 tus
323 4233 410 4287 est
433 4231 680 4287 Arriano
716 4231 1013 4304 dogmate,
1043 4231 1286 4288 excitata
1328 4237 1413 4287 est
1453 4232 1523 4288 de
1569 4232 1817 4288 latibulis

1914 3348 2068 3414 dum,
2102 3350 2185 3408 24)
2217 3363 2229 3400 :
2265 3345 2493 3400 Fimiler
2541 3354 2612 3387 ³⁵⁵
2659 3362 2755 3399 rex
2793 3346 3110 3399 Gothorum
3137 3353 3208 3386 εδδ
3255 3341 3515 3397 Gadarici

1917 3435 2117 3506 magni
2148 3435 2315 3501 illius,
2339 3433 2435 3505 qui
2459 3435 2587 3503 post
2613 3448 2908 3503 egressum
2927 3433 3170 3487 Scantiae
3187 3431 3519 3500 insulazjam

1917 3525 2117 3597 quinto
2151 3525 2275 3578 loco
2310 3525 2515 3576 tenens
2536 3529 2604 3562 ³⁵⁷
2634 3521 3021 3591 principatum
3053 3520 3388 3583 Getharum,
3420 3519 3515 3589 qui

1917 3617 1974 3668 et
2005 3616 2185 3668 terras
2237 3611 2510 3667 Scithicas
2562 3625 2693 3664 cum
2741 3626 2842 3663 sua
2881 3613 3054 3680 gente
3104 3606 3417 3671 introisset,
3466 3605 3513 3659 si

1917 3704 2013 3756 cut
2040 3710 2110 3743 ’³8
2137 3717 2170 3755 a
2201 3699 2365 3755 nobis
2381 3699 2599 3753 dictum
2635 3700 2736 3764 est,
2771 3697 3027 3769 repperit
3070 3695 3130 3748 in
3163 3694 3374 3766 populo
3416 3709 3518 3748 suo

1917 3791 2195 3862 quasdam
2231 3804 2429 3859 magas
2470 3785 2763 3853 mulieres,
2817 3802 2958 3858 quas
3014 3783 3199 3856 patrio
3249 3797 3518 3836 sermone

1918 3878 2297 3933 Haliorunnas
2338 3878 2383 3932 is
2432 3876 2551 3947 ipse
2599 3874 2992 3946 cognominat,
3043 3887 3252 3944 easque
3299 3869 3521 3924 habens

1917 3971 2224 4038 suspectas,
2260 3966 2329 4020 de
2379 3965 2570 4020 medio
2611 3963 2694 4018 sui
2738 3963 3066 4035 proturbat,
3093 3963 3398 4032 longeque
3447 3958 3518 4013 ab

1919 4056 2172 4110 exercitu
2192 4072 2293 4110 suo
2333 4055 2578 4125 fugatas,
2627 4052 2686 4106 in
2725 4051 3032 4106 solitudine
3071 4049 3260 4122 coegit
3297 4063 3515 4103 errare.

1919 4143 2068 4208 Quas
2081 4143 2311 4215 spiritus
2332 4142 2620 4197 immundi
2641 4157 2744 4212 per
2759 4141 3062 4196 heremum
3081 4140 3352 4210 vagantes
3373 4136 3513 4191 dum
3562 4128 3566 4131 ’

1916 4231 2191 4288 vidissent
2212 4235 2270 4286 et
2291 4249 2349 4288 se
2376 4248 2576 4288 earum
2598 4229 2988 4302 complexibus
3009 4228 3068 4284 in
3092 4228 3243 4284 coitu
3262 4225 3520 4283 miscuis-

1531 4403 1760 4458 VARIIE
1800 4403 2089 4460 LECTION
2097 4401 2198 4457 ES.

275 4536 346 4569 m
372 4526 862 4598 persecutionibus
896 4531 945 4589 1.
1050 4536 1120 4570 ἰο
1150 4526 1292 4582 luxis
1321 4530 1374 4587 3.

204 4607 276 4640 ω
309 4614 427 4652 non
460 4603 512 4652 2.
548 4601 599 4653 3.
705 4606 776 4640 ἰδ
807 4616 874 4652 ex
905 4615 975 4653 ea
1005 4598 1358 4670 ingeneratis
1391 4602 1440 4654 1.
1476 4601 1528 4656 3.

1487 4536 1554 4570 ²⁴ι
1585 4545 1843 4598 superscr.
1877 4532 1930 4582 2.

1628 4608 1699 4641 N6
1731 4598 2050 4654 novissimis
2084 4602 2132 4652 1.

2792 4534 2862 4567 24³
2907 4542 3045 4579 corr.
3090 4527 3138 4580 1.
3175 4541 3219 4578 e.
3255 4521 3518 4579 diluium.

2035 4535 2104 4568 ω
2131 4525 2329 4596 reliqua
2360 4525 2551 4578 desunt
2591 4523 2691 4580 Ch.

2238 4605 2306 4638 ξιτ
2339 4596 2700 4651 heresiarche
2730 4613 2866 4650 corr.
2909 4596 3017 4648 cha
3055 4600 3107 4650 2.
3214 4603 3286 4637 ³4³
3319 4597 3524 4649 Roma-

204 4686 344 4723 num
396 4686 535 4725 corr.
589 4673 636 4728 1.
681 4687 708 4722 e
751 4667 1185 4736 Romanorum;
1236 4673 1422 4725 totum
1469 4671 1758 4726 mundum
1809 4669 2013 4725 diffusa
2056 4672 2141 4722 est
2192 4671 2242 4722 3.
2319 4677 2390 4708 ἰο
2425 4670 2595 4721 antea
2657 4671 2705 4722 1.
2782 4675 2854 4709 ’⁸ο
2902 4667 3085 4719 fames
3142 4669 3189 4721 1.
3267 4675 3334 4708 ³³1
3381 4669 3523 4720 teste

202 4741 355 4794 Beda
380 4738 483 4795 Ch.

560 4748 632 4782 ’τε
658 4741 846 4794 desunt
875 4739 978 4796 Ch.
1054 4749 1126 4783 m
1153 4741 1562 4797 imbecilliores
1591 4759 1726 4796 corr.
1760 4745 1809 4795 1.
1840 4741 2049 4796 imbec.

2127 4747 2196 4781 35‘
2221 4739 2407 4794 desunt
2439 4737 2539 4794 Ch.
2616 4746 2686 4780 "5
2716 4738 2890 4794 filime
2922 4739 2970 4791 1.
3006 4738 3056 4790 3.
3091 4736 3129 4789 Β
3165 4741 3212 4792 1.
3242 4755 3380 4798 corr.
3413 4738 3525 4792 fili-

201 4827 329 4866 mer
358 4815 410 4867 2.
438 4811 688 4867 filimeth
719 4813 757 4866 Β
781 4815 835 4868 2.
913 4821 986 4854 m
1016 4830 1222 4869 erasum
1252 4816 1306 4869 2.
1384 4821 1454 4856 1"
1479 4815 1688 4870 tenens
1716 4829 1853 4869 corr.
1885 4812 2124 4869 tenebat
2147 4815 2203 4871 2.
2279 4819 2350 4852 “8
2378 4812 2454 4867 sic
2485 4813 2533 4864 1.
2570 4812 2623 4869 3.

1755 4987 1980 5047 NOTAE.

274 5105 427 5179 (275)
460 5105 676 5181 Eadem
705 5106 842 5181 fere
886 5106 1016 5163 vide
1051 5108 1204 5180 apud
1245 5107 1405 5181 Sulp.
1449 5108 1723 5164 Severum
1758 5108 1815 5166 in
1846 5108 2133 5169 Dexitium
2151 5106 2600 5181 apudTreverim
2628 5106 2784 5177 jussu
2831 5101 3199 5181 Constantini,
3224 5117 3330 5154 non
3373 5102 3518 5181 (Zen-

198 5177 334 5234 Hist.
361 5177 565 5232 cecles.
602 5179 668 5244 ll,
699 5180 785 5232 35.

269 5249 425 5320 (276)
469 5249 646 5320 Conf.
674 5249 832 5320 Sulp.
863 5249 1058 5307 Sever.
1091 5251 1158 5316 Il,
1195 5250 1284 5318 36,
1319 5251 1528 5306 37—45

1913 5181 2100 5234 stantii
2119 5174 2372 5250 pertulit,
2405 5174 2639 5250 quando—
2659 5193 2780 5231 cum
2817 5174 3088 5250 Maxima
3113 5175 3348 5250 ϐρίδος)ρο
3365 5174 3517 5250 "Tre-

1910 5242 2163 5308 verorum
2186 5257 2235 5306 et
2263 5242 2509 5307 Servitia
2540 5249 2888 5317 Tungrorum
2911 5253 2960 5300 et
2989 5244 3110 5300 aliis
3133 5242 3513 5317 multisCoto-

462 5319 724 5402 Cumnhis
771 5315 927 5401 conf.
983 5315 1231 5402 septima
1272 5315 1712 5402 'quam_aucto_r
1755 5321 1813 5374 in
1911 5323 2086 5402 niensi
2119 5322 2318 5402 synqu
2353 5315 3266 5402 inter/uinhubrinEphrataejusdem
3293 5316 3522 5402 civitatis

200 5390 442 5464 epistola
471 5407 576 5444 sua
606 5390 832 5462 Hugoni
863 5390 1160 5464 proposuit
1191 5390 1430 5462 quae—stic
1457 5393 1521 5447 de
1558 5393 1816 5464 probroso

196 5462 328 5518 Arii
356 5463 580 5535 interitu
606 5465 762 5535 quasi
791 5470 1019 5532 tempore
1051 5462 1379 5535 Constantii,
1409 5466 1515 5535 ﬁlii
1549 5462 1818 5519 Constan-

201 5537 316 5602 tini,
361 5532 655 5605 secundum
697 5533 976 5588 historiam
1021 5532 1426 5590 ecclesiasticam
1475 5538 1674 5605 extitit,
1725 5535 1818 5590 sub

195 5603 518 5664 Alexandro
545 5605 780 5675 episCOpo
810 5620 905 5661 suo
951 5622 1064 5675 esse,
1088 5621 1196 5660 non
1215 5609 1413 5675 potuit.
1451 5608 1634 5663 Obitus
1662 5603 1817 5662 enim

198 5675 492 5738 Alexandri
515 5674 720 5731 obitum
739 5678 1007 5747 praecessit
1033 5674 1378 5731 Constantini
1396 5682 1552 5735 annis
1571 5683 1622 5735 8.
1642 5679 1819 5735 Atha-

199 5753 379 5806 nasius
449 5763 682 5819 namque
739 5750 836 5820 qui
885 5747 1201 5804 Alexandro
1262 5753 1524 5820 successit,
1573 5753 1817 5824 primum

1913 5385 2179 5463 episcopus
2218 5385 2502 5448 damnatus
2539 5392 2667 5461 fuit.
2709 5385 2833 5446 Cfr:
2873 5385 3102 5462 quoque
3146 5385 3335 5443 Ruﬁni
3378 5385 3515 5443 Hist.

1914 5464 2114 5518 eccles.
2149 5464 2208 5528 X,
2248 5466 2332 5530 13,
2373 5465 2435 5516 18
2463 5479 2589 5534 sqq.

1985 5535 2140 5604 (278)
2168 5535 2470 5588 Tolosano.

1985 5601 2139 5679 (279)
2178 5606 2306 5679 Hmc
2337 5621 2402 5679 ex
2437 5607 2598 5679 parte
2631 5605 2888 5679 Bedaeiu
2921 5603 3068 5658 libro
3101 5605 3179 5679 De
3212 5620 3307 5659 sex
3338 5601 3524 5658 aetati-

1913 5675 2020 5760 bus
2028 5675 2246 5805 1petendi
2271 5675 2463 5747 debet,
2491 5677 2589 5750 qui
2616 5677 2838 5735 Claudii
2856 5691 3076 5734 annum
3099 5675 3272 5733 fuisse
3301 5691 3523 5732 nonum

1915 5767 2022 5805 scri
2068 5767 2083 5804 1
2119 5792 2131 5805 .
3093 5781 3098 5784 -

1915 5750 2131 5808 scribit.
3093 5781 3098 5784 -
