3902 6210
157 385 291 448 1029
1262 385 1588 448 HERIGERI
1622 385 1841 445 casu
1878 387 2094 449 EPISC.
2139 389 2340 452 LEOD.
3318 413 3455 476 .030

156 529 301 570 mum
329 511 390 568 in
416 509 630 570 civitate
658 514 769 570 tua.
804 508 1039 586 Tungris
1066 512 1212 607 enim
1235 513 1404 607 secuti
1425 513 1655 607 nomine,
1678 514 1754 569 ita
1773 515 1829 577 Α
1857 512 2162 607 ad‘caelurn
2181 518 2449 576 surrectis
2469 526 2541 564 ηο
2564 536 2695 578 cum
2726 524 2993 584 manibus
3027 529 3142 587 :Et
3161 539 3229 577 ιιι
3251 534 3457 607 has,iu.

150 609 197 691 et
221 618 371 673 opere
395 609 553 658 tunsa
581 610 633 660 et
668 618 787 661 cesa
815 604 1155 676 permanebit
1192 619 1357 677 usque
1382 603 1438 654 in
1464 601 1627 670 ﬁnem
1660 612 1751 659 m.
1855 603 1998 673 quit,
2022 621 2157 672 oves,
2200 625 2351 679 quas,
2385 609 2633 674 Domine,
2650 616 2905 683 praecioso
2948 628 3208 691 sanguine
3232 601 3456 684 redemi-

159 690 511 759 Quamobrem
542 695 898 750 reversionem
932 695 1191 763 festinato
1228 695 1489 764 accelera,
1510 697 1754 754 domum-
1850 692 1939 758 sti,
1971 692 2110 747 hunc
2139 696 2355 766 inquam
2376 702 2740 772 gregemquia
2784 710 2904 758 tuus
2934 714 3027 776 est,
3050 690 3158 763 tibi
3179 712 3331 771 hodie
3358 717 3451 771 de-

153 796 246 852 que
266 787 415 835 tuam
448 780 668 849 ordino,
688 782 863 883 nitida
893 782 1207 883 linteamina
1235 800 1395 883 quere
1423 793 1491 828 ³³⁷
1518 786 1758 883 sepultu-
1853 788 1939 883 do,
1963 806 2144 883 meque
2168 798 2336 847 totum
2353 794 2461 883 tibi
2486 799 2789 854 commendo
2819 809 2910 856 ³⁸1.
2946 803 3213 876 Deprecor
3249 818 3315 877 te,
3352 813 3454 883 ju-

156 884 377 941 rarique
404 886 656 941 compone
684 879 793 938 “5,-
825 888 917 927 nec
944 872 1155 926 habebis
1184 875 1241 927 in
1267 874 1397 928 urbe
1423 874 1676 929 scelerata
1705 882 1756 930 et
1852 876 1952 929 des:
1994 882 2305 951 aequissime,
2342 882 2533 938 humili
2555 892 2603 939 et
2650 887 2816 958 flebili
2832 872 3081 961 prece,ne
3109 897 3243 951 ovile
3299 872 3451 956 tuum

154 962 264 1051 ideo
290 963 545 1033 peritura
581 962 937 1032 sepulchrum,
977 964 1104 1034 quia
1124 962 1333 1035 placuit
1362 963 1637 1020 Altissimo
1663 981 1754 1035 op-
1855 964 1966 1036 lupi
1992 984 2204 1039 rapaces
2245 973 2398 1041 gregi
2424 990 2529 1027 non
2568 984 2847 1045 parcentes
2898 981 3177 1051 subruant,
3225 1004 3353 1045 neve
3381 998 3452 1033 an

144 1050 325 1123 pidum
354 1066 622 1105 νεερνυανο
661 1058 734 1093 sse
779 1051 1111 1121 Trajectum,
1130 1059 1349 1124 propter
1386 1054 1756 1125 corpusculum
1852 1069 2035 1109 carnes
2074 1059 2249 1112 ovium
2309 1066 2530 1115 tuarum
2559 1062 2903 1135 deglutientes
2947 1050 3277 1130 consumant.
3343 1078 3450 1147 Tu,

152 1147 293 1193 (tum
318 1140 375 1193 in
403 1154 464 1193 εο
489 1138 1021 1196 νεσοηάσηάωη,ῃοο
1046 1141 1277 1195 oraculo
1306 1149 1378 1183 διο
1406 1140 1754 1196 venerabilis
1848 1141 2076 1199 Domine
2109 1146 2259 1214 Jesu,
2300 1151 2394 1219 qui
2417 1152 2655 1206 animam
2683 1159 2832 1209 tuam
2877 1174 2981 1227 pro
3019 1162 3089 1214 eis
3122 1166 3353 1233 posuisti
3396 1138 3455 1225 in

154 1226 408 1299 pontifex
440 1226 735 1283 Servatius
769 1230 1059 1302 suscepto,
1090 1230 1481 1287 reversionem
1532 1232 1750 1286 accele—
1846 1239 2031 1300 morte,
2062 1235 2277 1290 animas
2300 1252 2483 1292 eorum
2520 1258 2551 1294 a
2579 1241 2823 1312 luporum
2870 1226 3157 1304 voracitate
3178 1260 3249 1295 ³⁵³
3307 1257 3453 1328 eripe

151 1318 253 1411 rat,
280 1315 810 1411 Galliasquequam
847 1317 1120 1411 citissime
1146 1327 1217 1361 διο
1236 1320 1510 1411 repedat,
1544 1320 1748 1375 transi-
1844 1326 1893 1373 et
1930 1338 1960 1373 a
1992 1323 2230 1392 rugiente
2260 1324 2421 1393 leone,
2453 1336 2513 1381 ut
2556 1333 2756 1399 possim
2785 1340 2856 1375 ³³ι
2887 1334 2960 1390 ad
2986 1342 3033 1390 te
3054 1337 3256 1411 aliquos
3284 1315 3459 1401 ῃιαῆί.

147 1407 378 1505 tumque
388 1420 506 1505 per
534 1405 739 1505 urbem
764 1406 1125 1505 Mettensium
1158 1407 1397 1479 habens,
1431 1409 1601 1464 beato
1628 1410 1741 1464 Au-
1837 1409 1990 1480 pulos
2015 1417 2302 1481 reportare.
2337 1415 2429 1469 His
2460 1433 2598 1488 ergo
2625 1427 2696 1461 ³⁸³
2728 1438 2761 1475 a
2787 1421 2955 1478 beato
2983 1405 3242 1484 Servatio
3265 1440 3336 1474 ιιι
3357 1451 3455 1505 pe-

151 1497 279 1555 οιοιιί
308 1495 535 1552 indicat
561 1512 690 1568 qua:
720 1495 782 1551 in
808 1496 1097 1567 responsis
1126 1501 1444 1569 acceperat.
1845 1500 2073 1568 roratis,
2099 1518 2229 1557 mox
2263 1504 2554 1562 universus
2584 1512 3311 1584 astanspopulus,clamore
3334 1495 3452 1578 ma-

152 1588 248 1684 24;
276 1584 511 1684 Rediens
567 1584 698 1658 quid
751 1585 945 1684 viderit
990 1588 1261 1684 cqmmisso
1309 1589 1466 1684 gregi
1513 1588 1744 1684 apponit.
1847 1588 2337 1684 gnoirrugiitrﬂr'l,
2370 1593 2551 1650 luctus
2580 1602 2638 1652 et
2694 1598 2927 1669 ejulatio
2984 1611 3056 1646 ³⁸⁸
3095 1607 3168 1662 ab
3203 1612 3450 1684 utroque

209 1673 585 1746 Tandemque
630 1683 701 1718 ιιι
744 1673 990 1729 nimium
1020 1674 1312 1747 fatigatus,
1362 1677 1484 1731 tum
1525 1674 1749 1730 itineris
1847 1692 1982 1731 sexu
2011 1677 2348 1736 increvit.At
2376 1691 2447 1725 διο
2466 1684 2548 1738 vir
2577 1686 2808 1742 Domini
2838 1696 3171 1752 necessariis
3192 1673 3449 1770 sepultu-

151 1766 496 1833 difﬁcultate,
520 1769 646 1820 tum
674 1763 972 1820 remeandi
997 1765 1432 1833 acceleratione,
1448 1764 1521 1820 ad
1542 1764 1747 1819 urbem
1781 1846 1828 1862 ἢ
1845 1781 1925 1819 rte
1946 1782 2138 1823 secum
2170 1770 2384 1837 levatis,
2419 1788 2749 1844 progressus
2767 1778 2837 1832 ad
2856 1781 3199 1840 orientalem
3211 1763 3447 1862 plagam

151 1855 399 1929 pervenit
420 1856 858 1950 Tun-granum;
890 1852 1136 1925 pastoris
1168 1852 1253 1908 sui
1292 1854 1749 1950 adventum‘sus-
1780 1846 1831 1907 Β
1847 1855 2113 1950 pedester
2148 1861 2315 1928 porta
2340 1861 2657 1950 Tungrensi
2690 1865 2845 1934 exiit,
2876 1885 3121 1941 pergens
3142 1846 3291 1932 viam
3309 1846 3449 1950 Quae

150 1961 310 2017 pense
335 1943 869 2016 praestolantemEt
895 1958 1139 2014 quaeque
1163 1957 1421 2013 congrua
1441 1942 1747 2013 sepulturas
1847 1944 1921 1999 ad
1941 1945 2218 2017 oppidum
2247 1956 2319 1990 ιαο
2347 1948 2793 2019 Trajectensium
2816 1958 2992 2013 mittit
3020 1969 3112 2019 m.
3135 1964 3291 2019 Tunc
3320 1942 3447 2022 uni-

150 2033 502 2100 videbantur,
532 2031 837 2104 assumptis
860 2044 1032 2103 super
1055 2029 1144 2086 via
1171 2029 1402 2086 Domini
1434 2029 1745 2085 sacerdoti-

153 2122 246 2179 bus
273 2124 329 2178 et
356 2120 568 2189 levitis,
593 2135 819 2177 necnon
843 2119 905 2175 in
925 2135 1235 2175 commune
1260 2118 1595 2174 consulebat
1619 2116 1745 2171 uni-

155 2211 331 2281 versis,
359 2215 425 2267 ut
453 2210 652 2283 parati
680 2212 871 2266 essent
898 2210 956 2266 in
987 2209 1315 2265 animarum
1344 2226 1579 2266 suarum
1604 2211 1750 2266 salu-

153 2304 286 2370 tem;
316 2301 536 2375 quibus
562 2303 792 2377 tantum
823 2299 1165 2355 imminebat
1190 2298 1520 2357 discrimen.
1546 2300 1619 2354 Ac
1645 2315 1749 2371 per

154 2389 387 2446 triduum
409 2390 781 2445 dissimulata
801 2388 1143 2455 recessione,
1174 2386 1414 2443 tandem
1441 2404 1644 2443 omnes
1662 2388 1747 2442 al-

153 2479 400 2553 loquitur,
428 2483 787 2554 aggregatos
814 2480 876 2535 in
915 2478 1166 2535 azcclesia
1203 2477 1483 2533 catholica
1523 2478 1747 2549 majore

150 2566 311 2624 beatae
337 2585 582 2644 semper
604 2571 839 2644 virginis
866 2571 1054 2627 Mariae
1084 2577 1154 2612 ιιι
1190 2583 1202 2622 :
1235 2568 1369 2621 Jam
1396 2566 1614 2638 collegio
1653 2583 1745 2623 ve-

149 2661 257 2713 strae
280 2668 349 2703 ια
372 2661 747 2731 fraternitatis
774 2675 972 2734 nequeo
990 2652 1179 2725 celare,
1210 2657 1351 2732 quod
1369 2673 1473 2729 per
1502 2656 1743 2713 triduum

149 2746 488 2818 dissimulans,
550 2749 765 2807 tandem
800 2748 1078 2821 compellor
1131 2749 1321 2804 dicere.
1375 2749 1466 2803 Ab
1518 2754 1589 2789 ³η
1644 2748 1740 2801 ho-

151 2836 315 2893 dierna
344 2838 428 2894 die
459 2839 675 2909 faciem
713 2852 888 2895 meam
914 2853 1023 2894 non
1056 2838 1316 2904 videbitis,
1345 2852 1440 2893 nec
1477 2838 1621 2891 ultra
1661 2854 1743 2892 me

152 2927 197 2979 in
220 2928 315 2985 hac
338 2929 464 2984 urbe
503 2926 779 2983 vobiscum
811 2933 1106 2982 morantem
1142 2937 1215 2970 ω
1238 2930 1581 2999 conspiciens,
1613 2929 1741 2999 quia

151 3017 279 3073 viam
301 3021 458 3076 totius
506 3024 663 3074 terrae
688 3035 804 3073 sum
828 3020 1019 3086 iturus,
1046 3022 1096 3074 et
1135 3019 1236 3073 huc
1262 3018 1408 3074 ultra
1432 3033 1538 3071 non
1565 3034 1744 3072 rever-

155 3123 287 3162 surus
313 3117 402 3164 ³η.
447 3107 637 3180 Super
670 3115 841 3164 vestra
868 3107 1039 3163 salute
1055 3107 1267 3180 pridem
1311 3107 1451 3164 beati
1492 3106 1648 3162 Petri
1672 3123 1747 3160 se-

1845 2034 1990 2088 versi
2021 2051 2152 2090 cum
2173 2036 2581 2095 vociferatione
2607 2044 2666 2096 et
2713 2044 2962 2101 lacrimis
3016 2050 3253 2123 vestigia
3300 2053 3450 2111 illius

1844 2124 2175 2213 persequuti
2205 2127 2591 2198 3“,pr0deunt
2617 2146 2648 2185 a
2675 2130 2901 2187 civitate
2919 2134 3449 2213 dolentes,subplici

1843 2212 1951 2267 hac
1976 2230 2112 2269 voce
2146 2215 2562 2287 subjungentes
2595 2235 2607 2272 :
2641 2218 2729 2274 Ne
2755 2221 3086 2297 derelinquas
3134 2244 3247 2292 nos,
3288 2212 3449 2302 pater

1842 2309 2039 2369 sancte,
2080 2320 2145 2357 ne
2187 2304 2506 2361 obliviscaris
2544 2311 2736 2377 nostri,
2780 2319 2964 2381 pastor
3021 2316 3447 2391 vigilantissime,

1844 2408 1937 2445 nos
1958 2392 2190 2463 populus
2220 2400 2340 2447 tuus
2368 2402 2418 2449 et
2445 2412 2562 2450 oves
2587 2401 2761 2467 gregis
2787 2400 2891 2467 tui,
2923 2419 2987 2456 ne
3014 2420 3109 2459 nos
3128 2405 3368 2464 dimittas
3394 2413 3451 2465 in

1843 2483 2086 2537 sevientis
2112 2482 2358 2552 faucibus
2380 2485 2602 2540 inimici.
2656 2488 2913 2543 Monachi
2939 2507 3074 2547 vero
3128 2497 3186 2549 et
3214 2503 3451 2556 sacratas

1844 2572 1961 2625 Deo
1982 2571 2461 2643 puellm,quorum
2476 2572 2589 2628 illic
2600 2576 2860 2631 coanobia
2872 2583 3039 2633 erant
3055 2584 3326 2655 perplura
3355 2594 3449 2655 ιω,

1842 2662 1901 2714 et
1920 2659 2109 2714 omnis
2121 2658 2180 2714 in
2194 2675 2505 2716 commune
2521 2662 2706 2718 clerus
2719 2663 2789 2717 de
2807 2668 3161 2724 monasterio
3179 2675 3453 2728 exeuntes

1841 2749 2335 2821 persequebantur
2347 2750 2470 2821 ejus
2483 2750 2610 2819 iter,
2631 2757 2866 2823 pectora
2878 2771 3012 2827 perc
3020 2757 3266 2815 utientes
3275 2777 3452 2835 seque

1840 2840 1970 2909 post
1984 2846 2055 2880 m
2077 2838 2447 2894 omniahumi
2480 2844 2853 2911 prostrautes,
2874 2843 2996 2900 haec
3030 2863 3260 2921 quoque
3293 2850 3455 2923 inge-

1842 2926 2133 2983 minantes
2164 2945 2180 2981 :
2213 2926 2328 2982 Cur
2346 2936 2533 3000 pastor
2562 2930 2709 2997 bone,
2745 2938 2854 2987 tam
2882 2936 2986 2988 cito
3016 2936 3319 3005 deseris,vel
3347 2958 3450 3013 quo

1841 3033 1982 3070 nunc
2011 3018 2183 3071 iturus
2205 3020 2557 3090 'O‘proripis?
2583 3019 2740 3075 Educ
2770 3038 2867 3077 nos
2890 3028 3080 3093 tecum,
3112 3033 3173 3081 ut
3220 3045 3452 3087 commo-

1842 3107 2031 3160 rientes
2047 3106 2432 3178 conspelzamur
2469 3108 2595 3176 tibi,
2628 3110 2818 3181 quibus
2864 3112 3037 3167 solum
3082 3120 3156 3170 est
3217 3119 3453 3189 infortu-

152 3197 410 3267 pulchrum
446 3198 588 3265 adii,
618 3198 780 3269 hujus
830 3197 976 3252 urbis
1022 3197 1429 3252 reservationem
1468 3196 1740 3268 supplica—
1773 3205 1821 3265 ο
1840 3196 1990 3251 nium
2008 3202 2130 3265 post
2150 3202 2198 3251 te
2223 3197 2467 3268 relinqui.
2497 3197 2750 3254 Adventu
2780 3208 2851 3242 ³⁸⁵
2878 3208 2967 3257 tuo
2983 3221 3193 3261 eramus
3219 3208 3453 3276 gauden-

163 3289 282 3342 tione
332 3289 621 3361 prmissa
664 3288 866 3361 petivi,
914 3293 965 3342 et
1028 3287 1161 3359 quia
1230 3286 1325 3341 hoc
1371 3293 1589 3358 peccato
1636 3302 1746 3342 non

159 3377 371 3432 merebar
397 3385 469 3420 ιιι
487 3383 663 3433 vestro
691 3378 748 3431 in
778 3391 1084 3448 responsum
1106 3391 1281 3447 accepi
1313 3393 1330 3428 :
1365 3398 1393 3425 «
1423 3374 1572 3430 Huic
1601 3376 1744 3429 enim

163 3467 267 3520 urbi
290 3475 513 3523 aeternus
540 3468 706 3522 instat
734 3466 1005 3532 interitus,
1027 3471 1198 3519 vestra
1224 3482 1429 3537 quoque
1450 3467 1745 3536 perimma-

161 3558 232 3610 nis
271 3565 339 3599 διο
360 3556 619 3628 perditio,
651 3555 759 3609 nisi
809 3570 872 3608 ex
901 3560 1008 3608 toto
1046 3554 1201 3609 corde
1238 3570 1447 3608 morum
1476 3554 1747 3625 precedat

160 3645 425 3701 conversio.
457 3643 852 3715 quapropter
878 3649 926 3697 et
955 3643 1042 3699 hic
1059 3642 1361 3714 prohibitus
1388 3657 1504 3700 sum
1524 3643 1751 3715 effodere

160 3734 279 3789 mihi
322 3735 680 3807 sepulchrum,
724 3740 773 3788 et
810 3732 881 3787 ad
918 3734 1094 3787 vicum
1135 3733 1259 3789 hinc
1292 3733 1479 3802 jussus
1522 3741 1593 3775 δι”
1634 3748 1751 3789 sum

160 3825 362 3878 transire
393 3823 795 3895 Trajectum,ut
814 3821 959 3875 illinc
983 3836 1065 3877 me
1092 3821 1199 3875 dies
1228 3829 1464 3877 assumat
1487 3829 1748 3891 extrema,

151 3914 449 3986 priusquam
471 3930 562 3968 me
585 3913 857 3969 vobiscum
885 3918 1056 3967 vestra
1099 3913 1374 3981 contingat
1419 3913 1502 3968 vel
1540 3929 1748 3973 cernere

160 4002 233 4056 vel
250 4005 447 4076 perpeti
471 4002 642 4058 mala.
663 4001 789 4059 Hoc
814 4007 991 4057 autem
1018 4008 1281 4073 quantum
1313 4003 1368 4056 in
1393 4018 1476 4059 me
1504 4009 1581 4058 est
1605 4004 1750 4058 vobis

158 4093 392 4160 promitto
439 4091 593 4164 quia,
633 4091 821 4163 quodsi
862 4107 960 4163 pro
1008 4098 1079 4133 ³48
1129 4106 1409 4162 carporum
1454 4097 1751 4147 vestrorum

157 4178 425 4236 salvatione
464 4180 768 4253 supplicans
821 4179 1069 4235 exaudiri
1108 4182 1337 4251 peccatis
1390 4183 1575 4236 vestris
1616 4199 1751 4253 pm-

158 4268 555 4337 ponderantibus
582 4283 802 4342 nequeo,
831 4285 929 4341 pro
968 4268 1284 4324 animarum
1323 4268 1515 4325 saltem
1553 4278 1623 4312 διο
1666 4288 1749 4325 sa-

159 4354 254 4411 lute
278 4363 580 4415 vestrarum
628 4375 661 4412 a
694 4358 809 4413 Deo
849 4357 984 4411 mihi
1013 4358 1414 4413 commissarum
1443 4357 1745 4429 defunctus,

157 4450 201 4496 et
247 4461 365 4502 cum
410 4446 627 4504 Christo
670 4463 921 4517 regnum,
945 4446 1156 4517 felicius
1193 4449 1541 4503 interveniens
1582 4464 1746 4519 impe-

158 4539 236 4589 tra
243 4534 320 4589 bo.

1843 3289 1936 3350 tes,
1988 3284 2130 3354 quod
2183 3301 2246 3339 ex
2301 3285 2587 3358 longinqua
2613 3295 2684 3329 860
2733 3305 2969 3345 reversus
3016 3297 3453 3363 peregrinatione

1841 3372 2136 3442 dignareris
2149 3372 2273 3443 jam
2302 3389 2439 3426 nunc
2494 3373 2763 3429 nobiscum
2799 3394 2904 3431 esse
2943 3386 3034 3447 307,
3094 3399 3216 3436 cum
3247 3402 3341 3439 nec
3382 3394 3452 3429 ³68

1846 3460 2014 3514 tridui
2030 3461 2214 3516 saltem
2266 3462 2529 3516 curriculo
2583 3464 2728 3533 apud
2766 3482 2860 3517 nos
2916 3470 3040 3522 velis
3088 3486 3321 3525 manere.
3350 3474 3453 3528 Dic

1846 3550 1991 3605 nobis
2019 3549 2145 3622 quid
2170 3549 2503 3619 faciendum,
2536 3551 2726 3623 quidve
2750 3560 2819 3594 30°
2843 3560 2891 3607 te
2919 3555 3217 3611 discedente
3245 3561 3459 3615 consilii

1845 3642 1914 3694 sit
1935 3640 2082 3694 nobis
2109 3640 2428 3711 captandum
2455 3649 2546 3695 ³³⁸.
2596 3639 2740 3707 Quid
2770 3650 2841 3683 ³⁷0
2871 3645 2971 3696 erit
2994 3643 3057 3699 de
3089 3647 3235 3701 nobis
3262 3650 3453 3719 quibus

1849 3731 1990 3783 tanti
2015 3730 2290 3799 auferetur
2307 3732 2594 3800 praesentia
2612 3732 2827 3801 patris?
2852 3730 2995 3798 Quid
3046 3736 3225 3789 miseri
3247 3738 3457 3806 facturi

1849 3821 2154 3891 sumus,qui
2180 3821 2290 3873 sine
2326 3824 2374 3873 te
2390 3820 2561 3873 vivere
2586 3827 2654 3861 ³⁷1
2687 3822 2984 3892 nequimus,
3032 3822 3122 3877 sed
3151 3829 3313 3881 morti
3328 3845 3453 3898 pes-

1849 3910 1994 3963 simae
2020 3910 2248 3978 tragenti
2263 3909 2487 3962 sumus?
2518 3908 2594 3962 Ve
2621 3908 2768 3962 nobis
2797 3911 2896 3981 qui
2925 3910 3037 3965 ideo
3055 3919 3149 3965 tua
3161 3923 3452 3984 praesentia

1844 3996 2198 4065 destituimur,
2228 4000 2356 4070 quia
2382 3996 2629 4052 vindictae
2658 3997 3165 4069 celestiobjicimur,
3198 4004 3456 4076 necdigni

1847 4103 2029 4141 sumus
2057 4086 2445 4143 commoriendo
2462 4094 2531 4129 37!
2561 4086 2660 4141 hac
2679 4102 2838 4158 pana
2859 4087 3099 4156 liberari,
3120 4095 3269 4163 teque
3294 4096 3452 4150 nimis

1851 4177 2130 4248 indignum
2185 4183 2259 4231 est
2269 4176 2573 4247 perditioni
2620 4178 3110 4243 nostre,nobiscum
3164 4182 3452 4253 implicari.

1851 4266 1919 4332 Ο,
1942 4283 1972 4320 o
2022 4273 2093 4307 ⁸⁷³
2125 4282 2314 4319 nomen
2342 4264 2483 4336 quod
2507 4281 2705 4335 semper
2724 4283 2843 4336 prae
2875 4273 2924 4322 te
2966 4268 3175 4337 ferebas
3193 4274 3450 4341 pastoris,

1847 4354 2005 4409 malle
2035 4361 2083 4407 te
2110 4353 2411 4408 occumbere
2429 4370 2532 4423 pro
2554 4353 2652 4406 tibi
2670 4358 2974 4423 commissis,
3006 4374 3168 4429 quam
3210 4376 3324 4414 oves
3370 4363 3454 4418 tui

1845 4448 2019 4514 gregis
2044 4449 2112 4483 ³⁸η
2135 4456 2421 4513 exponeres
2449 4440 2836 4497 delaniantibus
2890 4444 3060 4515 lupis!
3087 4444 3180 4502 En
3233 4465 3339 4501 non
3382 4451 3454 4505 ad

1847 4529 2224 4588 dilaniandum
2238 4529 2532 4600 potius,sed
2549 4531 2866 4601 exponimur
2879 4532 2990 4603 adp
3000 4536 3175 4590 enitus
3186 4536 3452 4593 devoran-

156 4623 235 4677 25.
268 4623 454 4681 Oratio
482 4626 595 4698 ejus
618 4635 669 4684 et
703 4628 1010 4683 lamentatio
1046 4627 1358 4685 clericorum
1386 4634 1436 4683 et
1459 4627 1661 4699 populi,
1698 4634 1746 4683 et

1848 4619 2208 4678 dum.Saltem
2237 4626 2309 4660 ³⁷⁸
2320 4618 2418 4672 hac
2439 4626 2510 4659 ³η
2532 4619 2778 4688 fortassis
2806 4623 3074 4676 occasione
3096 4626 3238 4695 quod
3246 4642 3450 4699 semper

705 4718 769 4770 de
802 4717 953 4772 obitu
990 4718 1172 4788 ίρθίυε,
1845 4713 2091 4767 sitivcras
2113 4710 2371 4766 invenires
2393 4714 2464 4749 ³⁷⁷
2484 4709 3055 4780 marlirium,essetque
3082 4717 3175 4765 tua
3195 4732 3317 4785 prae
3336 4733 3453 4770 uos-

218 4802 429 4860 Deinde
459 4805 642 4861 multa
671 4804 1070 4861 exhortatione
1090 4822 1186 4861 eos
1203 4806 1547 4875 consolatus,
1567 4807 1748 4864 oculis
1833 4806 1925 4863 tris
1954 4802 2123 4859 acules
2143 4798 2324 4853 habita
2353 4802 2545 4851 nostra?
2585 4800 2771 4852 mortis
2800 4804 3083 4869 utcumque
3102 4800 3361 4859 solatium
3382 4813 3453 4847 ³⁷³

1454 4926 1684 4981 νΑΒιιΕ
1733 4919 2135 4981 LECTIONES.

216 5021 284 5055 ³⁸⁸
312 5017 595 5071 mternum
624 5016 724 5071 vit.
765 5015 919 5071 Serv.
995 5022 1066 5057 ³³⁷
1090 5013 1274 5069 nitida
1303 5043 1367 5055 —
1394 5031 1571 5085 quere
1600 5015 1787 5070 desunt
1812 5016 1908 5069 vit.
1938 5012 2090 5085 Sery.
2168 5016 2239 5050 ³³⁸
2270 5021 2496 5085 servare
2523 5007 2578 5085 3ἐ
2653 5012 2724 5085 *ἓν
2758 5003 3116 5085 miraculo}.
3194 5016 3265 5049 MO
3291 5012 3454 5068 citius

155 5085 202 5135 2.
234 5086 283 5137 3.
357 5094 426 5128 Ni
458 5094 553 5142 aut
577 5087 763 5143 desunt
790 5093 884 5141 aut
923 5086 1078 5140 aliter
1114 5102 1351 5157 expressa
1383 5073 1468 5155 ap.
1507 5084 1610 5142 Ch.
1666 5092 1760 5157 7““
1800 5087 1877 5139 ita
1909 5085 1999 5157 vit,
2022 5081 2175 5137 Serv.
2213 5081 2429 5157 postne
2456 5080 2509 5130 2.
2552 5080 2603 5131 3.
2682 5084 2753 5119 m
2778 5073 3114 5157 ’ἀθερίξαι-σὴ.
3193 5087 3265 5157 δξι
3302 5097 3455 5157 gom-

156 5160 469 5211 morantem
500 5160 551 5214 3.
626 5165 697 5201 8“
770 5161 1029 5212 eccatum
1074 5187 1137 5197 -—
1168 5148 1503 5210 merebatur
1541 5157 1617 5209 vit
1644 5156 1797 5211 Serv.
1876 5164 1947 5198 ιω
1979 5155 2053 5207 ita
2085 5158 2160 5205 vit
2201 5149 2355 5205 Serv.
2392 5162 2496 5219 per
2521 5162 2729 5201 manus
2771 5150 2791 5200 1
2873 5154 2943 5187 υτ
2976 5148 3052 5199 ita
3092 5152 3139 5202 l.
3172 5152 3267 5205 vit.
3297 5151 3452 5210 Serv.

157 5223 346 5280 missus
384 5230 441 5282 2.
473 5230 526 5282 3.
601 5236 672 5271 διδ
699 5174 837 5282 (gest
866 5228 920 5282 3.
949 5230 1025 5282 vit
1050 5227 1204 5282 Serv.
1279 5235 1350 5269 ³η
1380 5225 1530 5280 addit
1571 5229 1665 5280 vit.
1698 5228 1852 5282 Serv.
1930 5233 2002 5267 διο
2048 5221 2243 5277 levatis
2288 5222 2365 5274 vit
2393 5218 2547 5273 Serv.
2624 5225 2691 5259 ⁸³1
2731 5216 2919 5270 desunt
2948 5216 3029 5271 Ch
3138 5227 3209 5261 m
3242 5237 3349 5275 nec
3388 5241 3452 5278 ve

737 5218 837 5284 eest
866 5228 920 5284 3.
949 5230 1025 5283 vit
1050 5227 1204 5283 Serv.
1279 5235 1350 5269 ³η
1380 5225 1530 5280 addit
1571 5229 1665 5280 vit.
1698 5228 1852 5282 Serv.
1930 5233 2002 5267 διο
2048 5221 2243 5277 levatis
2288 5222 2365 5274 vit
2393 5218 2547 5273 Serv.
2624 5225 2691 5259 ⁸³1
2731 5218 2919 5270 desunt
2948 5218 3029 5271 Ch
3138 5227 3209 5261 m
3242 5237 3349 5275 nec
3388 5241 3454 5278 ve

601 5236 672 5271 NO

157 5230 346 5280 missus
384 5230 441 5282 2.
473 5230 526 5282 3.
601 5236 672 5271 διε
699 5230 837 5284 deest
866 5230 920 5284 3.
949 5230 1025 5283 vit
1050 5230 1204 5283 Serv.
1279 5235 1350 5269 ³η
1380 5230 1530 5280 addit
1571 5230 1665 5280 vit.
1698 5230 1852 5282 Serv.
1930 5233 2002 5267 διο
2048 5230 2243 5277 levatis
2288 5230 2365 5274 vit
2393 5230 2547 5273 Serv.
2624 5230 2691 5259 ιιι
2731 5230 2919 5270 desunt
2948 5230 3029 5271 un
3138 5230 3209 5261 m
3242 5237 3349 5275 nec
3388 5241 3454 5278 ve

159 5292 283 5370 2.3.
314 5312 380 5353 ve
406 5314 616 5370 erasum
645 5306 697 5354 2.
798 5308 870 5342 ³⁸³
898 5299 1201 5370 voratitate
1217 5300 1278 5370 Δ1.
1310 5301 1364 5370 2.
1423 5304 1532 5370 _83f
1560 5297 1630 5352 de
1657 5297 1915 5370 eis_addit
1936 5293 2240 5370 vit._S_e_rv.n
2322 5297 2405 5370 δῇ
2426 5288 2598 5370 igitur
2619 5287 2803 5370 3-“?!3.
2826 5287 2980 5370 ᾅςντζτ
3051 5298 3157 5370 βξο
3189 5292 3457 5348 flebiliter

162 5364 297 5419 addit
311 5370 422 5441 vit.
453 5369 606 5441 Serv.
680 5377 751 5411 ⁸⁸⁷
780 5373 854 5425 sic
884 5373 978 5425 vit.
1014 5369 1165 5425 Serv.
1200 5367 1301 5423 Ch.
1336 5367 1564 5441 irriguit
1588 5372 1635 5425 l.
1664 5372 1713 5422 2.
1746 5368 1802 5423 3.
1879 5363 2175 5441 mjulatio
2206 5356 2626 5441 3_.___”ﬁ‘dcs‘unt
2654 5356 2795 5441 Ch.”
2835 5367 2906 5441 ’.σο
2932 5360 3018 5441 ita
3045 5364 3153 5441 Lg,
3229 5370 3297 5404 se:
3317 5379 3451 5441 ριεο-

162 5437 325 5518 sequ“
352 5442 444 5493 υίι,
468 5440 620 5523 δον-ρ,
696 5449 767 5522 se:
798 5444 962 5523 plum!
993 5445 1044 5496 3.
1121 5448 1192 5523 sps
1214 5444 1288 5494 ita
1320 5442 1413 5523 υίς,
1442 5430 1604 5523 Serv:
1638 5457 1739 5523 per
1776 5442 1822 5523 l.
1857 5443 1912 5523 2r:
1939 5430 1995 5491 3⁷.
2073 5442 2159 5523 8-6:
2176 5433 2325 5523 addit
2492 5430 2798 5523 “Ssrvéwfﬂ
2828 5430 3020 5523 desunt
3050 5431 3151 5488 Ch.
3206 5430 3455 5523 “aegon-

164 5507 404 5594 guipqua
428 5527 564 5592 corr.
583 5500 910 5591 longinqua
938 5516 987 5567 l.
1053 5519 1157 5594 ηιμ-ι
1190 5528 1342 5594 esses
1473 5519 1598 5594 “seu
1638 5500 1711 5565 ita
1745 5512 1839 5594 vit.
1867 5508 2059 5594 Senm
2089 5513 2160 5546 δυο
2190 5503 2441 5594 quidque
2473 5502 2579 5594 “vit
2612 5500 2809 5594 Serv.“
2873 5510 2945 5544 s70
2979 5520 3119 5594 ergo
3157 5507 3254 5594 ﬁt.
3293 5505 3452 5594 ξενιᾳ

166 5572 329 5632 addit:
395 5589 463 5624 ’τι
490 5572 769 5637 νὶνὶνιιθῖθ
799 5572 852 5640 2.
930 5591 1001 5625 ⁸η
1025 5581 1126 5638 tibi
1157 5583 1307 5638 addit
1335 5583 1432 5635 vit.
1461 5581 1612 5639 Serv.
1689 5590 1759 5624 ⁸⁷³
1780 5583 1964 5637 desunt
1991 5576 2092 5633 Ch.
2170 5572 2239 5616 871
2273 5590 2365 5646 gr.
2399 5576 2441 5626 t.
2473 5576 2525 5630 2.
2551 5575 2601 5627 3.
2638 5574 2731 5629 vit.
2764 5572 2918 5630 Serv.
2996 5572 3075 5618 οτῖ
3094 5578 3284 5633 saltim
3316 5582 3365 5633 2.
3399 5581 3450 5633 3.

166 5653 233 5691 ⁸⁷⁸
258 5652 337 5706 ita
356 5654 454 5709 vit.
481 5652 645 5713 Serv.
667 5655 755 5709 his
789 5660 838 5715 1.
870 5653 983 5710 hic.
1015 5658 1068 5708 2.
1097 5656 1149 5707 3.
1224 5660 1294 5695 877
1325 5655 1399 5707 ita
1428 5655 1523 5712 vit.
1546 5653 1700 5710 Serv.
1741 5651 1999 5709 invenire
2034 5654 2080 5706 l.
2114 5651 2163 5703 2.
2204 5649 2255 5702 3.
