3902 6210
199 445 344 500 1033

1325 439 1648 498 HERIGERI
1685 438 1903 496 GESTA
1941 441 2160 499 EPISC.
2200 441 2402 500 LEOD.

3382 451 3519 510 1034

197 565 483 634 deinceps
516 564 584 618 l2
620 559 930 627 Ursicinus,
961 563 1025 615 13
1052 559 1408 631 Designatus,
1442 565 1506 617 14
1538 561 1811 633 Resigna-
1831 562 1887 622 Α
1907 561 2243 620 Trutmonia
2263 564 2521 635 ejusdem
2549 563 2908 638 episcopatus
2930 575 2999 608 m
3025 565 3157 622 villa
3183 567 3296 624 fuit
3323 573 3515 628 tumu-

188 656 291 708 tus
322 660 417 719 “0,
447 655 509 705 15
542 648 866 721 Supplicius
887 658 978 715 ιιι,
1012 651 1077 702 16
1103 649 1393 716 Quirillus,
1430 655 1492 706 l7
1527 651 1812 704 Eucherus

189 751 291 809 ιη,
320 743 386 795 18
419 739 586 794 Falco
609 740 782 810 (302),
818 741 882 792 19
913 737 1244 793 Eucherius.

191 834 290 886 28.
340 831 425 886 De
466 837 649 885 sancto
702 827 1016 882 Domitiano
1064 830 1290 900 itemque
1343 828 1606 900 Perpetuo
1645 837 1695 884 et
1742 838 1810 872 ηδ

865 917 1144 987 Ebergiso.

276 1009 591 1064 Vicesimus
603 1007 752 1062 sedit
763 1006 1124 1062 Domitianus
1138 1007 1302 1077 (303),
1317 1007 1412 1078 qui
1428 1008 1553 1078 jam
1570 1010 1814 1062 ﬂorente

193 1100 523 1155 christiana
546 1098 759 1169 ubique
786 1096 1066 1167 religione
1083 1097 1185 1151 sub
1204 1096 1514 1151 Hildeberti
1532 1096 1818 1167 gloriosis-

191 1189 334 1244 simi
367 1189 521 1259 regis
547 1190 813 1256 tempore
836 1184 948 1257 (an.
995 1185 1145 1255 549),
1176 1185 1573 1240 Aurelianensi
1605 1185 1817 1256 legitur

192 1278 414 1333 sinodo
428 1276 751 1331 interfuisse
768 1274 911 1347 (304)
924 1274 1049 1338 .Qui
1063 1278 1120 1330 et
1137 1274 1380 1329 civitatis
1385 1274 1508 1345 jam
1529 1275 1732 1329 dirutae
1746 1284 1814 1316 ιιι

189 1366 504 1421 fastidiens
533 1365 903 1434 Tungrensis,
933 1365 1113 1418 sancti
1162 1363 1402 1418 Servatii
1454 1367 1594 1434 aput
1620 1363 1812 1434 Traje-

191 1458 364 1509 ctum
394 1453 812 1526 frequentabat
831 1454 1220 1523 sepulchrum,
1248 1452 1399 1506 circa
1429 1452 1576 1506 illius
1605 1452 1814 1523 quippe

191 1543 499 1597 tumulum
525 1541 846 1612 quamlibet
872 1541 1092 1595 nivium
1114 1539 1280 1610 copia
1301 1539 1632 1606 deﬁuxissit,
1656 1540 1736 1594 ita
1754 1543 1817 1593 ut

189 1631 502 1686 interdum
522 1639 590 1672 ιιι
617 1631 867 1684 duorum
899 1634 998 1684 aut
1025 1629 1202 1683 etiam
1227 1629 1403 1682 trium
1428 1627 1641 1700 pedum
1664 1645 1816 1682 cras-

191 1719 454 1774 situdine
479 1719 894 1789 circumjacens
910 1720 1066 1772 terra
1082 1720 1540 1788 respergeretur;
1565 1717 1818 1770 tumulus

1911 651 2058 706 latus
2078 653 2242 724 (308).

2360 747 2446 800 29.
2481 745 2566 800 De
2591 752 2772 799 sancto
2800 745 3070 801 Johanne.

1985 831 2078 884 His
2096 848 2199 903 per
2216 833 2631 888 successionem
2659 834 2731 888 ad
2750 834 2862 889 alia
2878 835 3109 904 vocatis,
3126 835 3416 891 Iohannes
3448 841 3515 892 25

1913 920 2181 987 succedit,
2214 921 2299 975 vir
2316 921 2490 976 totius
2510 922 2843 987 sanctitatis,
2867 925 3028 994 cujus
3049 925 3222 979 vitam
3253 929 3309 978 et
3333 929 3516 997 gesta,

1915 1014 1977 1063 ut
1996 1010 2194 1064 auditu
2218 1013 2446 1064 tantum
2478 1014 2534 1064 et
2554 1011 2834 1065 relatione
2861 1030 2895 1066 a
2916 1013 3230 1082 majoribus
3258 1016 3316 1068 et
3347 1017 3519 1068 aetate

1914 1098 2363 1170 provectioribus
2402 1099 2751 1170 accepimus,
2787 1116 2892 1154 nos
2940 1117 3168 1173 quoque
3217 1103 3522 1174 perpaucis

1916 1187 2294 1242 absolvamus.
2319 1187 2430 1242 Nec
2448 1188 2620 1242 debet
2635 1189 2948 1243 existimari
2979 1190 3233 1245 difﬁcere
3251 1201 3322 1234 ηε
3356 1193 3522 1263 (309).

1914 1274 2047 1329 licet
2067 1275 2401 1330 inusitatum
2421 1277 2575 1347 quod
2599 1278 2804 1348 placet,
2835 1277 3179 1333 mirabiliter
3203 1280 3402 1336 omnia
3425 1297 3522 1335 va-

1917 1365 2131 1419 lentem
2155 1365 2379 1435 operari
2398 1367 2706 1438 Deum,qui
2729 1367 3008 1422 mirabilis
3028 1368 3085 1421 in
3109 1371 3377 1424 omnibus
3395 1386 3526 1441 ope-

1916 1453 2073 1507 ribus
2092 1453 2203 1507 suis
2221 1457 2448 1509 sanctos
2464 1471 2692 1526 quoque
2717 1455 3132 1511 inedicibiliter
3159 1474 3291 1512 suos
3322 1466 3391 1500 “0
3422 1458 3528 1512 mi-

1917 1541 2103 1595 riﬁeat
2129 1542 2478 1613 quibuslibet
2506 1542 2717 1610 modis,
2754 1546 2963 1615 potens
2993 1553 3061 1586 ατ
3093 1545 3269 1600 etiam
3301 1545 3528 1600 efﬁcere

1917 1628 2296 1696 mirabiliora,
2319 1632 2681 1701 temporibus
2701 1633 3152 1688 accommodans
3165 1637 3429 1704 tempora
3449 1633 3532 1689 in-

1918 1717 2180 1788 portunis
2207 1720 2264 1770 et
2294 1717 2607 1774 incredulis
2648 1720 2924 1791 ingerens
2973 1725 3280 1793 oportuna.
3311 1722 3532 1791 Lingua;-

194 1813 403 1862 tamen
426 1807 550 1876 ejus
570 1823 889 1878 numquam
917 1822 986 1860 ea
1005 1805 1381 1876 operiebatur
1403 1804 1585 1876 (Gesta
1609 1803 1670 1858 S.
1697 1802 1820 1858 Ser-
1843 1847 1894 1906 B
1921 1805 2099 1871 enim,
2124 1809 2185 1858 ut
2211 1804 2291 1858 ait
2318 1808 2645 1876 Apostolus,
2672 1810 2734 1862 in
2761 1812 2973 1878 signum
3001 1818 3123 1863 sunt
3145 1828 3250 1866 non
3290 1811 3533 1879 ﬁdelibus

192 1897 356 1952 vatii.
378 1895 465 1950 Cf.
488 1896 730 1949 Gneoon.
749 1895 910 1955 Tum,
936 1894 1019 1948 De
1046 1895 1218 1963 gloria
1250 1894 1421 1962 conf,
1453 1910 1499 1948 e.
1526 1897 1635 1958 72).
1663 1894 1820 1947 Erat-

195 2002 313 2057 que
343 1984 558 2039 mirum
591 1987 822 2038 montes
849 1983 907 2036 in
939 1982 1181 2037 circuitu
1212 1982 1433 2036 nivium
1464 1982 1682 2050 videre,
1715 1998 1820 2035 nee

194 2078 403 2130 tamen
447 2073 629 2127 sancti
663 2071 904 2126 Servatii
934 2073 1302 2144 sepulchrum
1348 2070 1688 2142 contingere
1728 2079 1818 2124 ιίσ.

198 2163 572 2235 Operabatur
588 2161 762 2216 etiam
783 2161 1035 2215 multain
1064 2161 1273 2216 eodem
1303 2162 1426 2215 loco
1450 2159 1702 2214 Christus
1719 2159 1822 2214 mi-

197 2253 424 2318 racula,
458 2253 520 2305 ut
547 2251 717 2321 plane
751 2250 986 2304 daretur
1016 2249 1261 2320 intelligi
1287 2248 1564 2319 praeciosa
1588 2249 1648 2302 in
1681 2265 1818 2303 con-

198 2344 406 2413 spectu
430 2339 478 2409 ej
490 2356 554 2393 us
575 2338 757 2392 sancti
777 2338 880 2392 viri
894 2338 1117 2409 jugiter
1137 2354 1258 2392 esse
1278 2336 1506 2391 merita.
1525 2337 1606 2392 0b
1635 2337 1744 2391 hoc
1763 2341 1822 2391 et

199 2428 438 2482 devotio
497 2427 756 2481 ﬁdelium
805 2426 1051 2481 fratrum
1085 2429 1142 2480 et
1173 2425 1596 2498 frequentantis
1624 2424 1820 2497 populi

198 2516 465 2571 studium
491 2514 686 2570 conati
706 2519 838 2569 sunt
865 2531 998 2587 sepe
1029 2515 1109 2569 illi
1140 2531 1244 2585 pro
1272 2531 1436 2585 posse
1464 2514 1655 2568 facere
1688 2530 1818 2568 ora-

197 2606 485 2660 toriolum
501 2603 714 2659 H7.Sed
730 2604 864 2676 quia
877 2607 1040 2658 tanto
1056 2604 1174 2658 viro
1192 2620 1308 2659 non
1327 2603 1817 2674 eratcondignum

199 2694 275 2748 de
294 2693 476 2764 lignis
491 2693 706 2747 scilicet
724 2693 829 2746 levi
837 2693 984 2764 gatis
1005 2693 1325 2765 tabulisque
1345 2691 1642 2748 tzessalatis
1658 2708 1815 2746 com-

198 2787 466 2854 pactum,
495 2781 662 2836 citius
685 2784 784 2835 aut
815 2790 884 2824 ⁴ιιι
913 2799 947 2836 a
975 2785 1148 2835 vento
1193 2781 1588 2853 rapiebantur,
1618 2783 1717 2834 aut
1747 2787 1817 2821 “8

198 2872 410 2942 sponte
427 2870 501 2924 ad
532 2873 748 2924 terram
773 2870 1130 2924 subruebant
1152 2879 1244 2936 ιιο,
1278 2869 1460 2924 donee
1481 2873 1676 2924 sancto
1701 2869 1816 2922 Do-

203 2958 463 3013 mieiano
476 2957 748 3012 humanis
768 2962 1038 3031 exempto
1057 2963 1115 3012 et
1140 2959 1294 3030 apud
1332 2958 1539 3013 Hoium
1565 2967 1636 3000 αθ
1665 2956 1818 3028 (305)

202 3048 263 3101 in
291 3046 555 3102 ascclesia
588 3047 809 3118 majore
841 3051 1052 3102 sanctae
1095 3047 1379 3102 theoticos
1415 3056 1483 3088 αι
1514 3045 1700 3101 Mariae
1731 3063 1818 3101 se-

201 3137 388 3209 pulto,
404 3137 606 3190 beatus
618 3137 902 3191 Munulfus
917 3136 1216 3190 vicesimus
1235 3137 1456 3208 primus
1475 3135 1819 3206 procedente
1841 3163 1888 3222 Ο

201 3229 472 3297 tempore
493 3226 548 3280 in
574 3226 837 3297 regimen
865 3226 1135 3281 aacelesiie
1159 3225 1512 3296 Tungrensis
1532 3223 1818 3292 successit,

208 3317 358 3370 etin
389 3315 570 3370 sancti
622 3317 725 3370 viri
767 3316 986 3370 honore
1039 3317 1323 3387 templum
1374 3313 1820 3370 honoriﬁcatum

207 3405 416 3472 erexit,
449 3405 794 3477 composuit,
822 3405 1068 3472 ornavit,
1121 3421 1440 3476 corpusque
1483 3403 1630 3458 illius
1659 3401 1719 3457 in
1751 3418 1819 3456 eo

203 3512 340 3548 cum
365 3495 546 3565 digna
570 3493 894 3549 reverentia
922 3495 1239 3561 transtulit,
1264 3494 1576 3564 sedemque
1601 3491 1660 3546 in
1689 3492 1821 3546 Tra-

186 3584 348 3655 jecto
376 3584 772 3656 pontiﬁcalem
805 3584 1017 3639 amodo
1047 3593 1116 3624 HI
1139 3599 1258 3637 esse
1289 3581 1609 3648 constituit,
1632 3580 1728 3636 ubi
1758 3583 1817 3634 et

194 3689 405 3744 corpus
428 3689 594 3727 suum
622 3673 849 3745 sepeliri
878 3671 1176 3727 mandavit
1204 3671 1263 3725 in
1295 3670 1490 3726 medio
1518 3669 1806 3725 aecclesite.

189 3761 300 3817 Ubi
317 3762 496 3818 etiam
518 3761 717 3815 beatus
738 3759 1181 3832 Gundulfus,qui
1202 3763 1269 3815 22
1284 3759 1552 3814 successit
1573 3759 1630 3812 in
1656 3758 1810 3830 regi-

190 3851 374 3916 mine,
404 3850 581 3905 habet
601 3851 790 3904 locum
813 3851 1121 3920 sepulturae
1143 3850 1315 3919 (306).
1345 3847 1587 3903 Sanctus
1611 3850 1806 3903 autem

191 3942 512 4011 Perpetuus
527 3939 623 4011 qui
653 3942 720 3994 23
748 3939 978 4010 praefuit
1008 3942 1147 4010 aput
1166 3940 1534 3994 Deonantum
1567 3947 1637 3980 αι
1656 3937 1806 4010 (307)

191 4027 453 4101 quiescit.
477 4029 682 4083 Beatus
707 4044 936 4101 quoque
966 4027 1270 4097 Ebergisus
1299 4026 1612 4083 succedens
1643 4027 1712 4082 24
1745 4025 1803 4080 in

1920 1893 2008 1947 sed
2037 1894 2340 1962 inﬁdelibus
2383 1894 2443 1964 (Ι
2467 1893 2598 1952 Cor.
2639 1913 2748 1963 x1v,
2785 1901 2898 1968 22),
2932 1901 2994 1951 ut
3041 1899 3176 1970 quia
3211 1899 3442 1954 cottidie
3474 1900 3534 1954 in

1923 1981 2124 2035 mundi
2139 1983 2374 2050 fabrica,
2390 1984 2447 2038 in
2461 1985 2885 2041 elementorum
2904 1987 3235 2054 concordia,
3253 1987 3310 2042 in
3329 1989 3536 2059 guber-

1923 2071 2157 2126 natione
2176 2072 2412 2127 etelestis
2437 2074 2743 2142 machinas,
2762 2076 3331 2146 etannuaZseminum
3345 2077 3534 2132 e'tfru-

1923 2176 2061 2230 gum
2077 2164 2134 2215 et
2153 2160 2492 2215 animalium
2508 2162 3363 2236 redintegrationeoperantem
3389 2165 3538 2221 mira

1921 2263 2040 2301 non
2053 2248 3168 2320 attenduntOmnipotentem,miraeulis
3184 2253 3383 2309 saltem
3400 2254 3538 2309 invi-

1921 2336 1995 2390 sis
2012 2337 2333 2391 excitentur
2351 2347 2418 2379 ηε
2438 2338 2512 2392 ad
2532 2339 2734 2396 ﬁdem.
2750 2340 3089 2395 Audivimus
3109 2357 3242 2413 sepe
3256 2343 3538 2414 quosdam

1922 2426 2091 2480 stulte
2122 2426 2692 2494 submurmuranles,
2727 2427 2862 2500 quia
2903 2446 3022 2484 non
3050 2429 3188 2485 olim
3220 2431 3364 2493 (310)
3392 2432 3541 2487 mira

1919 2513 2004 2566 sui
2033 2512 2418 2585 dignarentur
2453 2518 2691 2586 patrare
2721 2515 3013 2584 martires,
3043 2517 3376 2589 ignorantes
3405 2535 3542 2591 pro-

1918 2601 2091 2670 fecto,
2123 2603 2258 2674 quia
2287 2620 2520 2659 necesse
2551 2605 2662 2659 fuit
2689 2609 2826 2660 tunc
2864 2622 2963 2662 eos
2992 2607 3284 2664 miraculis
3311 2607 3543 2664 innote-

1917 2708 2232 2759 scere,eum
2247 2710 2351 2765 pro
2365 2694 2623 2749 humana
2636 2694 2948 2767 fragilitate
2961 2697 3541 2766 potuerunthostihus

1919 2778 1975 2832 in
2009 2785 2198 2836 morte
2229 2783 2622 2851 succumbere,
2680 2793 2738 2837 et
2765 2783 3275 2855 inproperantibus
3320 2785 3418 2840 ubi
3457 2790 3544 2841 est

1918 2869 2067 2924 Deus
2091 2887 2293 2925 eorum
2325 2871 2426 2925 visi
2457 2874 2593 2926 sunt
2612 2871 2689 2926 ad
2717 2871 2928 2927 horam
2955 2872 3244 2928 vilescere.
3279 2875 3352 2927 At
3382 2890 3536 2929 nune

1919 2974 2048 3012 eum
2069 2958 2264 3014 debita
2285 2975 2388 3030 pro
2417 2977 2584 3015 nosse
2617 2961 2944 3015 reverentia
2976 2979 3178 3016 eorum
3207 2962 3416 3018 honori
3440 2962 3542 3020 de-

1919 3046 2211 3118 penditur,
2245 3063 2362 3102 non
2388 3064 2520 3102 usus
2540 3047 2614 3101 sit
2639 3047 2945 3105 virtutibus
2967 3065 3065 3105 eos
3091 3065 3414 3116 coruscare,
3440 3050 3540 3106 sed

1920 3139 2053 3190 vota
2069 3144 2138 3177 m
2161 3138 2218 3189 et
2238 3152 2436 3206 preces
2454 3136 2714 3192 ﬁdelium
2731 3137 2884 3193 intra
2899 3139 3216 3194 sacrarium
3233 3155 3349 3193 suae
3374 3155 3540 3194 exau-

1923 3224 2156 3279 ditionis
2184 3225 2515 3294 admittere,
2559 3230 3042 3300 acceptanterque
3094 3228 3151 3284 in
3193 3245 3293 3285 ara
3324 3229 3540 3286 summi

1920 3312 2022 3366 Dei
2047 3311 2344 3367 otl‘erenda
2364 3314 2668 3369 mandare.
2691 3316 2790 3369 llle
2812 3315 2990 3386 igitur
3014 3316 3110 3388 qui
3133 3320 3297 3372 vocat
3321 3334 3390 3371 ea
3410 3333 3539 3388 quin

1922 3417 2038 3455 non
2055 3403 2189 3455 sunt
2208 3405 2485 3472 tanquam
2498 3419 2567 3456 ea
2585 3420 2713 3473 quae
2733 3406 2888 3470 sunt,
2907 3406 3120 3474 quique
3137 3405 3310 3459 stulta
3329 3404 3536 3462 mundi

1920 3490 2223 3561 approbat,
2243 3493 2306 3544 ut
2325 3490 2647 3545 confundat
2674 3491 2876 3559 forcia,
2905 3495 2964 3546 et
2988 3493 3447 3562 eontemptibilia
3477 3499 3537 3548 et

1916 3577 2198 3651 ignobilia
2227 3581 2285 3633 et
2313 3595 2383 3633 ea
2411 3595 2542 3650 qute
2579 3594 2700 3633 non
2734 3582 2888 3646 sunt,
2922 3583 2985 3634 ut
3011 3596 3079 3634 ea
3110 3597 3236 3650 quae
3268 3584 3402 3639 sunt
3430 3581 3534 3636 de-

1913 3670 2117 3735 struat,
2136 3668 2442 3738 piscatores
2465 3667 2662 3739 elegit,
2691 3684 2806 3722 non
2833 3667 3227 3740 philosophos,
3250 3684 3534 3739 pauperes

1913 3759 1973 3811 et
2001 3756 2308 3828 ignobiles,
2331 3760 2388 3811 et
2418 3755 2555 3810 fecit
2585 3757 2899 3827 apostolos,
2925 3758 2983 3814 et
3001 3755 3102 3828 qui
3125 3757 3344 3812 stultam
3364 3756 3533 3827 juxta

1910 3846 2249 3918 Apostolum
2301 3846 2430 3915 fecit
2453 3847 2779 3916 sapientiam
2812 3846 2975 3917 hujus
2998 3845 3187 3903 mundi
3213 3844 3260 3910 (1
3287 3844 3414 3900 Cor.
3444 3862 3528 3914 ιιι,

1914 3937 2019 4002 19),
2045 3934 2150 4005 ipsi
2169 3934 2582 3990 niehilominus
2598 3933 2812 4007 placuit
2832 3950 2936 4006 per
2954 3934 3279 4007 simplicem
3303 3937 3531 4006 aposto-

1909 4025 2099 4080 lorum
2127 4024 2507 4081 rusticitatem
2535 4025 2719 4080 salvos
2747 4024 2938 4082 facere
2968 4024 3288 4082 credentes.
3307 4026 3430 4097 lpse
3460 4041 3526 4086 os

1513 4199 1744 4260 VARUE
1803 4198 2198 4258 LECTIONES.

263 4333 338 4370 “0
367 4329 450 4384 ita
475 4329 571 4401 vit.
601 4329 759 4387 Serv.
790 4330 1040 4386 Renatus
1067 4332 1113 4401 1.
1147 4333 1198 4387 2.
1235 4333 1288 4386 3.
1366 4327 1747 4401 “tSulpieius
1766 4343 1904 4383 corr.
1930 4326 2203 4401 vit._Se_rv.
2283 4334 2352 4370 ιη
2383 4325 2683 4401 eueherius
2716 4330 2772 4384 3.
2852 4336 2921 4372 “8
2942 4326 3081 4384 deest
3113 4329 3162 4385 l.
3199 4330 3256 4388 2.
3333 4337 3404 4371 ⁴ίι
3435 4323 3522 4382 di-

188 4403 417 4469 ruputze
449 4405 494 4454 1.
521 4400 576 4456 2.
609 4407 662 4458 3.
735 4410 806 4444 ιιε
836 4405 911 4455 ita
940 4405 1033 4456 vit.
1061 4400 1214 4457 Serv.
1244 4399 1497 4456 interdiu
1533 4397 1585 4453 1ῖ
1615 4402 1667 4454 2.
1703 4403 1753 4454 3.
1833 4407 1903 4442 ιίσ
1933 4417 1967 4454 a
1997 4397 2220 4452 nivibus
2249 4397 2465 4469 eoutigi
2499 4397 2600 4452 Ch.
2678 4407 2748 4441 “7
2814 4402 3132 4456 oratorium
3189 4402 3286 4455 vit.
3348 4401 3510 4457 Serv.

188 4477 260 4510 ιη
292 4475 357 4525 ut
387 4474 438 4528 1.
517 4480 586 4515 ιιο
617 4473 1039 4528 subruebantur
1067 4475 1162 4527 vit.
1193 4471 1350 4527 Serv.
1427 4481 1497 4514 ιιο
1526 4471 1834 4528 hominum
1868 4474 1920 4529 l.
1998 4478 2066 4511 ⁴²ι
2101 4470 2200 4524 Dei
2232 4469 2538 4539 genetricis
2566 4473 2662 4524 vit.
2691 4470 2848 4526 Serv.
2929 4481 2998 4513 ιιι
3032 4474 3107 4526 ita
3142 4472 3237 4526 vit.
3272 4470 3517 4529 Sermeo

187 4541 454 4615 modo}.
484 4545 537 4598 2.
569 4547 624 4599 3.
700 4553 770 4586 ιη
801 4544 1147 4599 dionantum
1173 4543 1478 4615 requiescit
1517 4547 1569 4598 3.
1649 4551 1718 4584 4N
1741 4542 2077 4612 eniscopatu
2109 4543 2158 4596 l.
2189 4539 2243 4596 2.
2266 4544 2319 4596 3.
2397 4548 2466 4582 ηε
2499 4541 2733 4596 difﬁcile
2766 4540 2872 4599 Ch.
2949 4551 3018 4584 ηδ
3035 4543 3173 4598 deest
3203 4548 3255 4600 3.
3336 4541 3516 4598 mde-

184 4619 313 4667 sunt
352 4611 454 4671 Ch.
532 4623 603 4658 ηδ
641 4632 778 4670 corr.
816 4619 864 4671 1.
883 4632 995 4687 pro
1026 4611 1330 4674 exeitente.
1407 4624 1477 4656 "9
1508 4616 1647 4670 nota
1681 4619 1730 4670 1.
1766 4617 1816 4669 2.

1731 4784 1956 4842 ΝΟΤΛΕ.

254 4922 402 4995 (302)
420 4921 1124 4995 PraeeratTungrensibus
1143 4924 1200 4979 S.
1227 4922 1472 4995 Remigii
1491 4925 1784 4995 tempore,
1822 4915 1876 4976 D

183 4991 229 5046 si
258 4991 466 5073 litteris
486 4994 637 5073 apud
662 4991 962 5073 Sirmond.
994 4997 1192 5073 1,-205.
1221 5013 1255 5051 a
1274 4991 1540 5065 Remigio
1566 4991 1639 5048 ad
1669 4993 1792 5047 Fal-

182 5078 392 5117 conem
424 5063 571 5119 datis
603 5064 778 5120 ﬁdem
805 5063 1025 5122 habere
1043 5066 1196 5121 licet.

251 5135 398 5210 (303)
428 5133 834 5210 ξεμῡοωὶιὶειυί
882 5155 1020 5210 (μω
1060 5138 1118 5192 in
1165 5139 1289 5210 Act.
1337 5136 1436 5191 SS.
1467 5135 1595 5210 Mai.
1647 5137 1670 5210 t
1715 5136 1789 5210 _ll,

182 5207 410 5258 exstant
437 5204 575 5260 Vita:
608 5211 736 5279 post
767 5204 1202 5264 translationem
1226 5209 1348 5279 ejus
1374 5224 1426 5261 a.
1453 5204 1792 5279 1ς173-εὸγῇρ-

183 5279 438 5350 tazsunt,
472 5277 661 5350 neque
685 5279 924 5350 majoris
941 5281 1224 5336 momenti
1250 5277 1432 5334 altera
1463 5278 1558 5331 illa
1581 5277 1640 5332 S.
1673 5277 1791 5332 Mo-

181 5345 321 5400 nulﬁ
347 5351 472 5400 Aet.
508 5345 607 5402 SS.
635 5350 744 5405 Jul.
777 5345 817 5405 Ῑ.

249 5419 392 5492 (304)
423 5417 650 5492 Quintia
682 5439 736 5492 a.
754 5423 857 5476 540
878 5421 1090 5476 habitae
1117 5422 1278 5492 cujus
1303 5423 1429 5492 acta
1451 5418 1790 5492 subscripsit

177 5488 742 5562 meitianusMansi
756 5493 840 5558 ΙΧ,
859 5495 1151 5562 135.Αριι(1
1173 5488 1501 5548 Albericum
1517 5491 1575 5546 in
1599 5488 1786 5562 Chiro-

179 5558 308 5635 nic_o
327 5559 400 5613 ad
430 5577 489 5635 a.
517 5565 612 5614 511
653 5563 773 5635 hiec
794 5558 1096 5635 leguntur:
1126 5565 1345 5635 Dicitur
1369 5562 1513 5633 quod
1541 5562 1610 5618 ab
1640 5561 1788 5617 Obtht

181 5629 231 5683 Ι).
250 5628 491 5704 Sergatii
516 5649 678 5704 usque
705 5633 774 5687 ad
808 5628 1074 5704 sy'nodum
1099 5628 1541 5704 Aurelianéasem
1575 5636 1787 5691 vacavit

174 5699 314 5760 sedes
342 5699 681 5776 Tungreﬁsis
702 5723 798 5776 per
821 5699 990 5760 annos
1020 5706 1088 5760 80
1116 5713 1165 5762 et
1199 5702 1451 5777 amplius.

614 5805 872 5861 ΡΑτιιοι..
901 5803 1154 5864 CXXXIX.

1976 4919 2122 4989 (305)
2157 4920 2280 4991 Huy
2310 4919 2382 4974 ad
2411 4921 2646 4976 Mosam.

1968 4992 2120 5060 (306)
2143 4989 2374 5046 Monulﬁ
2397 4989 2733 5046 etGundulﬁ
2749 5004 3012 5061 corpora,
3031 4991 3314 5061 praesente
3337 4993 3506 5050 Hein-

1893 5059 2010 5117 rico
2026 5064 2092 5116 lll
2117 5079 2252 5133 rege
2279 5080 2313 5116 a
2339 5062 2614 5116 Nithardo
2638 5059 2935 5115 Leodiensi
2955 5061 3012 5112 et
3031 5059 3280 5114 Gerardo
3304 5061 3503 5118 Came-

1892 5133 2109 5188 racensi
2143 5135 2323 5188 levata
2354 5136 2486 5187 sunt
2538 5149 2735 5187 mense
2763 5133 3016 5201 Augusto
3064 5148 3159 5186 an.
3190 5133 3346 5185 1039.
3379 5133 3498 5190 Cfr.

1893 5206 2105 5259 Chron.
2152 5206 2444 5259 Camerac.
2479 5205 2568 5267 Ill,
2594 5207 2682 5260 5i.
2708 5205 2788 5257 De
2815 5202 3074 5272 sepulcro
3107 5217 3308 5256 eorum
3341 5220 3496 5258 anno

1896 5279 2028 5331 1623
2062 5279 2282 5346 aperto,
2309 5275 2495 5346 deque
2527 5273 2730 5328 litteris
2747 5272 2819 5346 fin
2853 5287 2919 5327 eo
2943 5273 3185 5344 repertis
3212 5273 3336 5328 vide
3361 5278 3498 5330 Acta

1890 5345 2220 5402 elevationis
2249 5349 2372 5400 Act.
2401 5345 2499 5400 SS.
2523 5346 2630 5399 Jul.
2664 5349 2688 5399 t
2743 5345 2782 5397 Ι.

1958 5421 2100 5484 (307)
2134 5417 2367 5472 Dinant.

1963 5491 2110 5553 (308)
2141 5488 2254 5544 Cfr.
2288 5486 2542 5541 Anselmi
2576 5485 2792 5541 litteras
2823 5486 2894 5541 ad
2915 5487 3242 5541 Adnouem.

1960 5559 2112 5631 (309)
2141 5559 2175 5613 i.
2201 5575 2270 5631 'q.
2297 5557 2565 5631 deﬁcere.

1959 5627 2103 5706 (310)
2126 5627 2254 5706 jam
2283 5628 2507 5703 pridem
2538 5629 2577 5688 i.
2602 5646 2652 5685 e.
2678 5630 2886 5688 nostris
2916 5627 3296 5701 temporibus.

3219 5805 3287 5863 33
