3902 6210
202 399 345 455 1037
1309 395 1645 453 HERIGERI
1683 396 1828 453 GES'.

1945 395 2162 453 EPISC.
2202 395 2410 453 LEOD.
3409 408 3544 464 1038

194 517 385 575 divina
414 534 526 574 non
545 517 770 575 attendi.
800 516 927 574 Ideo
962 518 1028 574 ab
1048 518 1230 575 activa
1258 520 1486 574 multum
1534 538 1617 575 me
1636 520 1817 576 desen-
1840 526 1895 586 Α
1921 520 2181 575 radicitus
2255 528 2410 575 terra:
2463 520 2725 584 inherere,
2774 524 2963 593 stirpes
3000 523 3310 594 producere,
3364 528 3551 595 ﬂorere

202 609 616 677 tirefateorvita
632 608 1164 678 t30,contemplativte
1194 625 1313 662 vero
1331 626 1608 681 nunquam
1636 610 1821 664 saltem
1916 612 2126 681 pariter
2167 615 2217 664 et
2269 610 2622 678 fructiﬁcare,
2678 612 2755 664 ita
2804 612 3021 668 videtur
3088 614 3552 672 inconsentaneum

202 695 462 750 delibasse
474 698 769 768 principia.
814 696 1184 765 Proferentem
1224 705 1293 739 (δι
1341 698 1517 770 inquit
1561 698 1824 769 apostolus
1924 699 2082 751 verba
2128 715 2250 769 quae
2271 698 2407 751 dicis
2458 700 2514 751 in
2537 715 2622 752 me
2643 699 2856 770 impleri
2870 716 3042 770 posse.
3073 702 3193 756 Mox
3227 701 3444 757 mirum
3487 703 3547 758 in

203 801 323 838 eum
343 787 442 857 qui
463 785 751 839 secundum
790 783 954 857 ﬁdem
978 791 1052 839 est
1085 793 1285 839 rectum
1314 803 1625 841 sermonem.
1655 786 1825 853 Quem

196 874 441 942 proferet
463 879 691 939 rectum,
724 875 819 945 qui
836 891 972 944 pene
1001 889 1296 945 numquam
1316 874 1506 931 didicit
1521 876 1688 929 ullum
1711 884 1780 917 ιιι
1800 876 1829 928 ?

205 959 442 1016 Litteras
458 977 566 1014 non
576 960 762 1028 didici,
779 978 1056 1033 nunquam
1074 962 1432 1029 studui,scolis
1448 981 1553 1016 non
1576 964 1825 1033 interfui,

200 1049 398 1118 ferula
416 1066 754 1121 nequaquam
765 1065 958 1106 manus
975 1049 1223 1105 subduxi:
1247 1069 1278 1103 α
1306 1050 1434 1105 Non
1449 1052 1758 1122 neOphitum
1778 1050 1828 1117 (1

203 1137 352 1191 Tim.
390 1153 472 1205 ιιι,
507 1140 564 1207 6)
580 1159 609 1187 ››
638 1139 722 1193 ait
740 1138 1036 1213 apostolus.
1061 1137 1136 1192 Et
1160 1139 1420 1210 quomodo
1453 1140 1525 1193 ad
1535 1141 1829 1210 pontiﬁca-

197 1234 317 1280 tum
345 1234 458 1281 tam
496 1229 762 1298 insperata
784 1227 931 1281 debet
979 1227 1279 1291 ascendere,
1322 1230 1413 1281 cui
1435 1244 1544 1282 non
1574 1229 1826 1299 contigit,

193 1316 443 1383 singulos
498 1315 697 1385 gradus
751 1316 1088 1385 singulariter
1142 1318 1562 1372 amministrasse
1586 1316 1614 1370 ?
1676 1314 1829 1382 Quo-

194 1403 360 1457 modo
415 1403 627 1457 tandem
662 1407 860 1474 poterit
912 1421 1158 1474 praeesse,
1210 1421 1302 1477 qui
1350 1422 1628 1477 nunquam
1677 1407 1828 1459 scivit

195 1492 408 1548 subesse
430 1493 458 1547 ‘l

196 1581 421 1636 Tantos
448 1581 540 1636 ille
574 1598 674 1635 suo
706 1583 1015 1654 rumpebat
1045 1591 1116 1624 ι³²
1142 1585 1375 1655 pectore
1403 1586 1635 1655 questus
1657 1582 1831 1655 (315.)

199 1673 279 1726 At
299 1670 497 1726 senior
528 1671 768 1726 demum
793 1672 1080 1727 subnectit
1108 1672 1248 1727 talia
1277 1672 1507 1727 dicens:

1929 786 2171 839 modum
2202 787 2428 856 lignum
2485 787 2762 843 continuo
2824 790 3189 860 superﬁciem
3219 790 3543 858 inmutavit,

1928 874 2187 944 stirpitus
2213 882 2284 916 ιη
2306 877 2472 929 terrae
2502 875 2737 942 inhesit,
2758 877 3033 932 corticem
3058 878 3264 946 induit,
3288 880 3553 951 protinus

1928 963 2120 1031 viruit,
2152 963 2369 1025 ﬂoruit,
2426 967 2483 1018 et
2528 964 2895 1019 fructificavit
2921 975 3011 1021 ιδσ.
3048 966 3091 1021 Ο
3116 967 3263 1023 mira
3293 970 3553 1039 potentia

1930 1052 2264 1118 conditoris,
2298 1068 2331 1107 ο
2365 1052 2670 1107 ineffabilia
2718 1055 2905 1125 gratia
2931 1056 3228 1123 creatoris,
3261 1073 3294 1111 ο
3324 1059 3553 1127 tempus

1930 1142 2302 1214 acceptabile,
2335 1142 2456 1197 dies
2482 1143 2854 1214 praedicanda
2866 1145 3111 1217 ubique!
3137 1146 3347 1201 Felices
3367 1147 3426 1202 hi
3449 1148 3549 1220 qui

1929 1230 2053 1284 hmc
2096 1234 2436 1285 meruerunt
2489 1232 2683 1287 videre
2713 1233 2907 1287 felices
2964 1237 3022 1288 et
3066 1251 3171 1290 nos
3214 1235 3258 1289 si
3309 1252 3427 1292 non
3476 1245 3546 1279 ατ

1932 1318 2369 1373 dsssimulemus
2399 1319 2656 1386 credere,
2684 1321 2820 1375 felix
2852 1325 2910 1376 et
2932 1338 3029 1377 rex
3049 1324 3208 1393 cujus
3228 1325 3350 1379 hinc
3368 1326 3549 1381 conti-

1930 1410 2141 1479 gerunt
2190 1411 2479 1478 tempore,
2520 1408 2717 1465 felices
2767 1410 3007 1480 palatini
3056 1411 3263 1483 quibus
3286 1413 3554 1484 {contigit

1932 1495 2240 1550 interesse!
2279 1496 2430 1551 Felix
2460 1497 2645 1551 clerus
2684 1497 2785 1551 tali
2811 1498 3106 1569 pontiﬁce,
3138 1498 3334 1554 felices
3354 1502 3552 1573 pepuli

1932 1586 2096 1637 tanto
2127 1585 2389 1653 pastore!
2424 1583 2757 1639 Renovatur
2786 1592 2857 1626 “8
2879 1586 3181 1657 antiquum
3209 1587 3554 1642 miraculum

1931 1673 2278 1740 reparantur
2298 1671 2472 1742 virgae
2485 1674 2679 1728 Aaron
2697 1674 3044 1743 praclarum
3069 1676 3419 1748 prodigium.
3454 1676 3557 1731 Illa

200 1778 237 1812 ς
255 1759 502 1829 Magnus
514 1759 782 1815 Dominus
799 1767 847 1815 et
871 1760 1155 1815 laudabilis
1182 1763 1417 1817 nimiset
1439 1760 1832 1831 magnitudinis
1856 1829 1901 1835 _
1934 1758 2177 1829 legitimi
2200 1758 2372 1813 index
2386 1759 2495 1813 fuit
2515 1761 2844 1829 sacerdotii,
2860 1762 2982 1818 haec
3001 1763 3277 1835 insperati
3301 1769 3359 1819 et
3374 1763 3553 1830 dubii,

199 1851 324 1921 ejus
355 1868 461 1905 non
491 1856 565 1904 est
589 1850 715 1919 ﬁnis
744 1850 915 1919 (Psal.
949 1866 1127 1918 cxmv,
1159 1850 1238 1921 3).
1280 1869 1313 1902 s
1354 1848 1464 1916 Qui
1489 1829 1670 1904 omnia
1699 1852 1835 1903 sicut
1856 1829 1908 1888 Β
1937 1848 2037 1902 sed
2068 1847 2339 1903 divinitus
2368 1848 2717 1904 mirabiliter
2739 1849 2948 1921 provisi
2973 1829 3347 1907 monstratrix
3372 1829 3558 1907 extitit

200 1939 319 1994 vult
334 1945 530 2010 potest,
573 1941 626 1995 ei
651 1955 858 2012 quoque
888 1938 945 1993 id
976 1940 1236 2010 perﬁcere
1262 1938 1579 2010 impossibile
1604 1954 1706 1991 non
1741 1944 1834 2003 est,

200 2034 254 2084 et
272 2027 492 2100 quidem
517 2046 581 2084 ea:
609 2029 775 2084 nihilo
801 2037 989 2085 cuncta
1029 2030 1247 2095 creavit,
1284 2028 1402 2099 ejus
1425 2030 1677 2098 potentias
1719 2028 1838 2098 quis

202 2116 450 2172 resistit?
508 2116 716 2190 Quique
770 2117 912 2172 valet
959 2117 1023 2171 de
1060 2116 1322 2188 lapidibus
1369 2118 1633 2171 suscitare
1697 2116 1837 2184 ﬁlios

211 2205 459 2260 Abrahae
482 2213 573 2272 ιω,
599 2207 705 2277 ipse
720 2211 895 2277 potest
950 2207 1171 2262 scientia
1226 2223 1324 2259 sua
1353 2221 1408 2260 os
1441 2213 1590 2258 tuum
1617 2205 1831 2275 replere.

206 2293 457 2348 Tantum
502 2294 615 2364 ejus
654 2293 926 2364 majestati
963 2293 1131 2348 nichil
1170 2292 1391 2364 difficile
1432 2294 1713 2359 existimes,
1746 2291 1835 2345 sed

207 2381 461 2436 credulus
486 2382 729 2452 linguam
770 2381 977 2451 ﬁdelem
1003 2384 1059 2435 in
1100 2383 1355 2435 creatoris
1390 2382 1599 2452 aperias
1629 2380 1828 2434 laudes.

208 2469 368 2526 Licet
414 2477 485 2511 ιιι
522 2472 664 2524 enim
701 2471 962 2541 propheta
994 2486 1295 2541 preconem
1334 2486 1556 2525 summae
1595 2471 1833 2523 veritatis

212 2559 416 2629 dignus
458 2575 709 2629 generare
735 2560 802 2613 sit
832 2558 1062 2630 habitus,
1114 2564 1291 2613 tamen
1340 2560 1717 2615 taciturnitate
1759 2565 1834 2612 est

214 2647 567 2717 dampnatus,
618 2648 747 2719 quia
804 2646 977 2701 divini
1018 2648 1275 2718 promissi
1318 2648 1566 2718 apparuit
1615 2646 1827 2700 dubius.

210 2734 600 2791 Consideravit
613 2736 808 2808 quippe
821 2754 1007 2807 corpus
1021 2753 1175 2790 suum
1195 2743 1513 2803 emortuum,
1547 2737 1834 2807 umorisque

205 2824 573 2881 conditionem
633 2826 876 2895 effetam;
934 2842 1029 2878 nec
1106 2827 1419 2880 retractavit
1494 2824 1831 2895 majestatem

202 2912 437 2968 Domini
449 2914 1032 2984 omnipotentissimam.
1048 2913 1114 2968 Si
1132 2915 1274 2968 enim
1295 2913 1472 2968 Deum
1491 2916 1741 2969 universa
1769 2930 1833 2966 ex

213 3019 325 3055 non
362 3002 769 3058 subsistentibus
785 3002 970 3069 fecisse
993 3004 1125 3057 satis
1150 3001 1467 3068 adverteret,
1498 3006 1548 3054 et
1562 3000 1830 3054 stantibus

206 3090 407 3163 aliquit
431 3107 740 3163 componere
756 3093 929 3144 minus
943 3090 1251 3157 dubitasset,
1279 3097 1330 3143 et
1355 3092 1404 3143 si
1420 3090 1709 3159 indignum
1756 3105 1827 3155 se,

209 3181 345 3251 quia
365 3182 791 3251 suamperspexit
799 3179 1211 3250 praeponderare
1255 3180 1569 3250 nequitiam,
1605 3178 1696 3231 sed
1723 3194 1830 3231 non

209 3267 475 3323 adversus
501 3268 610 3323 Dei
653 3268 832 3322 debuit
866 3274 1064 3338 putare
1111 3267 1463 3322 clementiam.
1514 3289 1541 3316 ‹‹
1586 3265 1746 3333 Ecce,
1797 3284 1829 3317 s

204 3357 392 3427 inquit
422 3355 688 3410 Dominus
709 3355 779 3410 ad
805 3355 977 3411 alium
998 3356 1315 3427 prophetam
1348 3372 1445 3409 sua
1473 3354 1575 3408 sibi
1600 3356 1831 3409 crimina

210 3444 599 3512 inculcantem,
657 3451 707 3499 et
748 3444 863 3499 ideo
894 3462 926 3498 a
972 3446 1177 3499 visione
1221 3443 1345 3511 Dei,
1402 3449 1451 3497 et
1488 3442 1835 3513 magnalibus

203 3534 325 3605 ejus
334 3533 729 3588 annuntiandis
738 3532 936 3604 trepide
947 3531 1550 3604 suspendentem,«Ecce
1559 3534 1800 3604 ,inqua-m
1813 3575 1826 3599 ,

206 3622 445 3678 calculus
472 3639 576 3694 quo
611 3624 762 3692 tetigi
810 3622 951 3677 labia
994 3628 1108 3690 tua,
1162 3629 1212 3678 et
1258 3623 1534 3692 auferetur
1578 3624 1833 3693 iniquitas

210 3720 307 3768 tua
339 3720 437 3766 ιιι.
470 3732 499 3760 ››
525 3709 636 3780 Ne,
664 3728 840 3783 queso,
870 3711 1081 3780 dubita,
1108 3711 1198 3767 sed
1238 3713 1581 3783 antiquorum
1605 3710 1831 3782 diligen-

210 3809 290 3856 ter
317 3801 572 3856 historias
592 3805 895 3871 pertracta,
927 3830 998 3843 —
1016 3800 1266 3871 fortassis
1312 3803 1452 3855 enim
1489 3801 1698 3872 aliquas
1731 3800 1832 3856 sal-

209 3898 318 3946 tem
373 3889 567 3944 auditu
618 3891 926 3961 percepisti,
984 3889 1121 3962 quid
1175 3892 1231 3944 in
1284 3892 1355 3945 eis
1399 3889 1550 3944 aliud
1610 3891 1834 3961 antiqua

204 3985 405 4032 sonant
458 3977 745 4040 miracula,
811 3979 920 4032 nisi
978 3978 1105 4049 quia
1184 3977 1251 4031 ab
1319 3977 1669 4048 omnipotenti
1721 3976 1834 4031 Deo

209 4065 536 4121 mirabiliter
576 4066 737 4137 jussa
784 4067 1041 4122 innatum
1082 4066 1186 4120 sibi
1227 4067 1462 4122 mutavit
1502 4072 1702 4121 statum
1743 4082 1836 4120 na-

208 4164 337 4210 tura
354 4155 384 4211 ‘l

1938 1935 2240 2008 pontificii,
2268 1936 2377 1991 nisi
2430 1936 2590 2009 quod
2637 1936 2734 1993 illa
2784 1938 2953 1993 unius
3004 1939 3344 1994 dilationem
3374 1940 3558 1995 noctis

1940 2023 2180 2095 accepit,
2203 2025 2326 2079 haec
2349 2024 2409 2078 in
2441 2028 2747 2080 momento
2765 2025 3121 2082 fructiﬁcans
3164 2028 3552 2098 procrastina-

1941 2111 2159 2166 tionem
2178 2113 2399 2167 nullam
2417 2112 2637 2167 habuit.
2662 2114 2763 2168 Illa
2777 2113 3040 2169 intldeles
3071 2114 3408 2179 confutavit,
3431 2116 3553 2171 hinc

1936 2200 2152 2255 caelitus
2179 2200 2533 2256 destinatum
2575 2201 2649 2257 ad
2673 2218 2817 2274 opus
2850 2203 3088 2257 adduxit
3117 2212 3209 2259 m.
3242 2204 3553 2276 Vulgatum

1937 2293 2024 2346 est
2050 2291 2160 2345 hoc
2174 2291 2400 2346 celebre
2423 2294 2562 2363 aput
2581 2292 2845 2347 omnium
2868 2309 3055 2359 aures,
3073 2294 3361 2365 perlatum
3374 2298 3459 2350 est
3479 2295 3553 2350 ad

1933 2378 2214 2451 plurimos
2255 2379 2424 2450 regni
2453 2380 2631 2435 totius
2674 2396 2961 2452 proceres.
2994 2381 3123 2437 Non
3154 2382 3324 2438 latuit
3351 2399 3551 2455 regem

1933 2468 2095 2523 fama
2123 2467 2269 2532 haec,
2294 2467 2448 2539 apud
2464 2468 2788 2539 Traiectum
2813 2472 3229 2542 congregatam
3253 2472 3554 2545 occupavit

1935 2556 2187 2628 plebem.
2209 2555 2526 2613 Confestim
2544 2561 2908 2630 properatur,
2934 2557 3145 2629 legatio
3171 2558 3380 2614 Hoium
3414 2559 3551 2616 diri-

1938 2644 2341 2716 giturﬁbeatus
2359 2644 2650 2700 Johannes
2676 2661 2806 2700 cum
2828 2646 3218 2701 transmarino
3235 2646 3555 2711 invenitur,

1937 2732 2262 2803 Trajectum
2294 2749 2471 2804 usque
2497 2734 2601 2788 sub
2632 2733 3022 2790 admiratione
3050 2735 3315 2790 omnium
3341 2737 3561 2809 perdu-

1941 2824 2170 2876 cuntur.
2203 2821 2468 2893 Regnum
2514 2822 2948 2878 Austrifranciie
2974 2824 3339 2895 Dagoberlus
3372 2825 3561 2880 adhuc

1939 2910 2271 2966 adolescens
2294 2909 2738 2967 administrabat
2780 2912 2887 2982 (an.
2922 2914 3066 2980 622),
3094 2912 3405 2968 Lutharius
3435 2930 3560 2969 ma-

1936 3015 2104 3071 gnus,
2134 3001 2300 3069 pater
2331 2998 2474 3070 ejus,
2524 2999 2925 3055 monarchiam
2953 3004 3203 3073 quatuor
3238 3018 3559 3073 regnorum

1933 3090 2165 3141 strenue
2195 3088 2346 3143 solus
2373 3088 2614 3159 regebat
2642 3088 2806 3159 (3l6).
2845 3089 3026 3160 Regia
3058 3089 3236 3161 igitur
3268 3095 3561 3163 praecepta

1934 3175 2260 3241 edicuntur,
2293 3191 2385 3229 res
2414 3175 2473 3230 in
2527 3175 2810 3247 anticipiti
2867 3177 3057 3249 posita
3082 3177 3324 3233 solvitur
3359 3180 3560 3235 beatus

1933 3263 2227 3318 Iohannes
2257 3263 2331 3317 ad
2360 3263 2757 3335 episcopatum
2787 3266 3100 3320 assumitur
3126 3270 3286 3333 (circa
3299 3269 3557 3343 an.625).

1939 3349 2299 3405 consentitur
2312 3366 2346 3404 a
2361 3351 2601 3415 cunctis,
2618 3368 2822 3406 omnes
2835 3351 3052 3418 favent,
3086 3353 3337 3408 universi
3361 3354 3560 3411 laetam

1938 3440 2032 3492 tur
2059 3438 2301 3493 Sanctus
2316 3436 2404 3491 vir
2418 3437 2554 3492 licet
2572 3438 2758 3493 adhuc
2770 3439 2940 3493 vellet
2951 3439 3294 3512 reniti,quia
3307 3444 3505 3498 tamen
3523 3462 3559 3499 a

1936 3527 2155 3582 cunctis
2180 3526 2410 3581 videbat
2430 3543 2489 3580 se
2520 3526 2915 3581 favorabiliter
2935 3527 3138 3600 excipi,
3169 3528 3477 3584 laetabatur
3495 3549 3556 3588 se

1935 3614 2086 3670 vinci
2107 3632 2141 3671 a
2159 3613 2535 3686 dispositione
2557 3613 2656 3670 Dei
2680 3617 2803 3669 tam
2815 3615 2966 3671 mira
2985 3619 3046 3671 et
3068 3615 3557 3688 ineffabiliJgitur

1936 3712 2008 3747 ιω
2031 3705 2103 3760 ab
2123 3703 2403 3759 universis
2419 3707 2686 3776 exceptus
2696 3719 2829 3758 cum
2848 3704 3557 3773 laudibus,electusintro-

1940 3794 2183 3863 nixatur,
2214 3793 2494 3849 adductus
2523 3791 2833 3860 extollitur,
2866 3793 3215 3849 acclamatus
3233 3795 3554 3852 sanctiﬁca-

1934 3886 2051 3951 tur,
2082 3882 2202 3938 sedi
2234 3882 2539 3954 impositus
2568 3898 2702 3937 cum
2733 3881 3060 3938 reverentia
3088 3882 3417 3951 obauditur,
3454 3902 3558 3941 no-

1938 3988 2192 4044 menque
2223 3971 2276 4026 ei
2304 3971 2598 4027 Iohannes
2656 3970 3006 4027 immutatur
3053 3980 3145 4027 4⁸⁸.
3185 3971 3290 4036 Qui
3323 3974 3557 4045 qualem

1937 4068 2338 4133 quantumque
2367 4078 2427 4117 se
2458 4060 2680 4117 meritis
2710 4061 3032 4117 sanctitatis
3060 4061 3557 4129 ornaverit,armis

1937 4149 2072 4206 fidei
2092 4149 2679 4217 induerit,virtutibus
2693 4150 2931 4222 optimis
2945 4150 3389 4219 decoraverit,et
3400 4154 3557 4224 quod

205 4245 302 4301 31.
334 4241 480 4309 Quid
505 4241 576 4297 ad
597 4242 709 4299 hac
725 4242 819 4299 ille
839 4243 1183 4316 responderit,
1211 4242 1453 4316 quodque
1475 4241 1699 4298 baculus
1717 4243 1835 4312 ejus
1936 4237 2065 4309 pius
2090 4252 2266 4308 opere
2295 4237 2644 4307 impleverit,
2672 4254 3056 4311 quascumque
3089 4239 3269 4311 digna
3288 4239 3555 4310 subjectis

737 4340 893 4388 terra
929 4334 1075 4402 ﬁnus
1109 4334 1312 4401 ﬂoruit.
1936 4324 2234 4397 implenda
2249 4324 2559 4393 mandarit,
2576 4326 2847 4381 omnibus
2862 4331 2948 4383 est
2964 4331 3021 4383 et
3038 4327 3149 4383 erit
3162 4327 3553 4400 perspicuum,

278 4425 358 4477 At
370 4422 498 4477 haec
513 4420 1021 4477 beatusJohannes
1038 4420 1603 4495 respondit:Horum
1619 4419 1835 4493 quidem
1859 4425 1913 4485 D
1936 4414 2035 4487 qui
2069 4417 2188 4469 tam
2216 4413 2368 4468 mira
2398 4414 2697 4485 pmmissa
2756 4416 2828 4471 ab
2862 4415 3277 4488 Omnipotente
3307 4417 3366 4472 in
3416 4433 3553 4472 eum

203 4509 351 4566 nihil
375 4510 518 4566 mihi
544 4516 617 4565 est
645 4510 886 4579 dubium,
925 4510 1016 4567 sed
1053 4512 1448 4582 comparatione
1494 4526 1701 4577 eorum,
1734 4526 1839 4580 per
1935 4502 2227 4573 completa
2251 4517 2370 4557 non
2403 4502 2616 4558 ducent
2639 4503 3001 4575 ambiguum.
3022 4506 3166 4561 Nam
3198 4510 3257 4562 et
3277 4505 3469 4577 ipsum
3489 4505 3553 4561 in

206 4617 343 4671 quos
388 4600 473 4655 vel
515 4617 549 4653 a
578 4599 767 4672 quibus
804 4615 866 4655 ea
909 4606 1055 4669 gesta
1108 4606 1231 4653 sunt
1275 4601 1526 4669 insignia,
1576 4614 1669 4669 ego
1713 4614 1832 4653 sum
1936 4591 2098 4648 omni
2129 4607 2363 4646 morum
2391 4591 2697 4646 honestate
2725 4592 3074 4663 perfectum,
3106 4595 3553 4666 compluresha-

210 4690 448 4760 inferior
474 4689 727 4744 multum.
758 4688 1097 4761 Pariterque
1147 4688 1440 4755 baculum,
1473 4703 1650 4761 quem
1679 4686 1829 4742 forte
1932 4678 2121 4737 buisse
2168 4681 2452 4753 perfectos
2515 4683 2747 4737 constat
2820 4681 3152 4752 discipulos,
3225 4700 3293 4738 ex
3342 4685 3553 4758 quibus

210 4778 476 4845 tenebat,
510 4776 759 4849 inﬁgens
784 4786 855 4819 εδδ
884 4777 1099 4832 humo:
1128 4776 1302 4844 Sicut,
1344 4775 1555 4848 inquit,
1575 4775 1829 4847 perdi/ﬁ-
1933 4788 2114 4831 unum
2136 4779 2205 4813 ιδο
2225 4769 2552 4842 accepimus
2570 4769 2809 4824 beatum
2823 4768 3359 4826 scilicetldononem
3374 4773 3551 4847 (317),

206 4867 307 4926 cile
364 4872 443 4924 est
495 4866 592 4922 hoc
640 4865 876 4938 amplius
918 4866 1137 4922 aridum
1194 4865 1335 4938 quod
1389 4866 1557 4921 cernis
1620 4864 1827 4933 lignum
1929 4859 2224 4933 responsis
2245 4859 2350 4916 sub
2374 4874 2443 4913 eo
2458 4856 2871 4937 ecclesiasticis
2892 4856 3209 4913 instantem
3230 4859 3553 4929 perfectum

1557 5033 1786 5088 VARIE
1826 5028 2226 5088 LECTIONES.

281 5174 356 5210 ηο
385 5163 529 5220 deest
565 5166 614 5222 l.
638 5163 699 5218 C.
726 5164 790 5218 D.
821 5166 870 5217 1.
906 5162 973 5218 l'.
1006 5167 1061 5220 2.
1138 5169 1207 5205 ιδί
1239 5157 1904 5217 Proferentem—ullum
1934 5156 2126 5213 desunt
2157 5154 2260 5213 Ch.
2339 5162 2409 5197 ‘3!
2466 5154 2782 5224 rumpepat
2839 5152 2903 5224 1η
2966 5158 3036 5197 (³³
3088 5148 3368 5208 Habrahte
3408 5156 3463 5210 2.
3500 5158 3554 5210 3.

204 5245 280 5279 ιιι
308 5237 643 5293 Licet—tua
667 5235 860 5289 desunt
888 5233 991 5289 Ch.
1072 5242 1143 5276 διδ
1173 5231 1453 5301 inﬁngins
1484 5234 1570 5301 1η
1615 5238 1686 5271 ηε
1716 5229 1973 5301 stirpilus
2000 5224 2475 5301 —-_fructificavit_
2520 5222 2716 5301 errori
2728 5295 2740 5301 _
2762 5222 2996 5301 quodam
3052 5224 3366 5281 excederunt
3396 5227 3468 5280 vin
3502 5228 3553 5282 l.

204 5316 280 5353 4⁸⁷
312 5308 358 5364 si
396 5313 451 5364 1.
530 5315 601 5349 ιη
634 5304 1275 5362 Renovatur—adduxit
1298 5293 1491 5360 desunt
1525 5299 1627 5356 Ch.
1708 5307 1779 5343 “9
1814 5293 2413 5372 Igitur—immutatur
2439 5294 2632 5350 desunt
2654 5293 2786 5352 .Chf
2854 5303 2926 5338 “0
2956 5296 3014 5352 in
3038 5312 3221 5353 unum
3256 5301 3305 5351 1.

1804 5446 2032 5505 NOTAE.

2013 5570 2160 5637 (317)
2188 5563 2316 5621 Visa
2348 5562 2406 5620 S.
2432 5561 2698 5621 Mononis
2728 5562 2863 5626 Sur.
2890 5563 3007 5635 Vll,
3025 5566 3153 5625 783.
3178 5566 3454 5642 Herigero
3474 5586 3561 5629 ra-

281 5573 434 5652 (315)
462 5570 666 5646 Virgil.
691 5570 830 5628 IEn.
860 5572 950 5642 ιν,
982 5572 1106 5630 553.

1943 5647 2168 5707 eentior
2195 5648 2304 5704 est.

285 5654 448 5730 (3w)
481 5652 641 5712 Obiit
670 5669 725 5708 ε.
758 5654 887 5710 628.
