3902 6210
392 367 528 425 1039

958 316 1294 421 HEﬁIGERI
1323 363 1404 419 ET
1429 363 1726 422 ANSELMI
1768 364 1997 424 GESTA
2035 364 2254 426 EPISC.
2291 367 2544 426 TUNGR.
2581 364 2770 428 TRAJ.
2801 370 2885 429 ET
2923 371 3128 430 LEOD.

3577 381 3708 437 1040

389 487 707 545 exhibuisse
739 488 1077 560 martyrem.
1099 489 1221 559 Ipse
1242 502 1376 541 vero
1409 487 1655 542 domnus
1686 489 1742 540 et
1772 491 1999 542 sanctus
2018 492 2071 552 Α
2097 489 2374 561 Deinceps
2449 490 2733 546 desiderio
2769 491 3168 550 inﬂammatur
3205 494 3416 550 ceiesti
3465 496 3709 554 Romam

388 579 680 634 Johannes
704 593 932 633 cursum
971 577 1100 631 vitae
1131 575 1429 647 presentis
1457 577 1710 645 explens,
1746 575 1805 629 in
1832 593 1994 631 sene-

389 663 540 716 ctute
553 660 707 714 bona
719 658 1182 731 repausationem
1197 656 1788 727 indeptus,hominem
1803 656 1992 722 exivit,

389 749 652 804 bravium
695 763 923 802 coronm
974 747 1290 819 perhennis
1343 746 1586 817 accepit,
1645 745 1898 815 sepultus
1937 745 1994 798 in

390 840 643 894 (ecclesia
673 838 894 894 Cosmae
916 839 1056 894 Hoio
1088 839 1199 893 sita
1231 838 1285 892 in
1321 842 1518 892 monte
1551 838 1720 908 (318).

825 931 914 984 32.
955 928 1036 982 De
1070 935 1251 982 sancto
1281 926 1556 984 Amando.

461 1019 596 1074 Post
615 1019 736 1073 haec
761 1020 988 1072 sanctus
1019 1017 1316 1072 Amandus
1339 1021 1406 1072 22
1440 1016 1991 1089 subrogatur,cujus,

389 1107 524 1181 quia
551 1109 666 1163 vita
695 1107 1440 1178 plenavirtutibushabetur
1457 1108 1995 1179 descripta,placuit

387 1197 480 1252 hic
511 1197 645 1252 inde
676 1197 950 1268 decerpta
979 1196 1264 1251 deﬂorare
1296 1198 1706 1252 tantummodo
1730 1199 1996 1269 pauca,et

385 1285 511 1358 ipsa
527 1289 661 1341 ante
675 1285 1072 1357 episcopatum
1106 1293 1170 1326 ιοί
1193 1288 1486 1355 gestorum
1510 1285 1557 1355 ej
1569 1302 1631 1339 us
1651 1285 1818 1340 altius
1835 1301 1994 1354 repe-

385 1375 1100 1444 tereinitia.tBAunauUNni
1128 1374 1252 1428 Vita
1267 1374 1330 1429 S.
1354 1374 1616 1441 Amandz‘,
1649 1391 1678 1428 c
1719 1374 1993 1444 2.)Igitur

383 1463 694 1535 Aquitania
710 1463 1020 1518 nativitatis
1038 1464 1086 1534 ej
1097 1482 1158 1518 us
1171 1464 1604 1535 exstititpatria,
1631 1467 1793 1533 pater
1825 1462 1988 1517 Sere-

385 1569 512 1620 nus,
534 1556 724 1608 mater
752 1553 1279 1607 Amantiavocitata
1293 1556 1397 1618 est,
1433 1569 1548 1606 non
1581 1553 1768 1606 solum
1794 1568 1991 1606 secun-

385 1640 525 1696 dum
537 1641 710 1696 seculi
723 1641 1070 1712 dignitatem
1084 1641 1487 1707 incliti,verum
1504 1640 1675 1695 etiam
1693 1640 1988 1694 christiani

379 1728 528 1784 Dum
544 1747 688 1802 puer
699 1731 883 1785 adhuc
895 1729 1319 1801 esset,patriam
1336 1733 1720 1800 parentesque
1735 1729 1985 1800 reliquit,

381 1818 586 1890 Ogiam
601 1821 740 1890 (319)
761 1819 1008 1874 insulam
1023 1819 1091 1873 ad
1109 1819 1467 1873 occidentem
1485 1819 1660 1872 maris
1677 1818 1877 1872 oceani
1891 1835 1987 1871 ex-

376 1907 594 1979 petivit.
614 1908 732 1962 Illic
748 1925 781 1962 a
796 1909 1070 1962 fratribus
1087 1907 1479 1979 spiritualibus
1498 1924 1628 1961 cum
1665 1923 1879 1978 magno
1903 1923 1989 1959 re-

379 1996 590 2068 cipitur
619 1996 851 2068 gaudio,
873 1997 1080 2069 etquia
1113 2014 1300 2051 sacras
1335 2005 1403 2038 462
1435 1997 1654 2051 litteras
1685 1996 1986 2062 didicerat,

373 2084 434 2140 in
452 2085 553 2140 Dei
575 2085 809 2141 cottidie
833 2095 902 2128 ωδ
923 2085 1151 2141 servitio
1171 2085 1383 2156 majori
1403 2086 1663 2140 fervebat
1680 2084 1985 2139 desiderio.

371 2174 442 2230 33
471 2183 539 2216 ισι
570 2173 726 2241 Quod
751 2183 1046 2246 serpentem
1077 2177 1315 2229 oratione
1339 2175 1636 2245 fugaverit,
1661 2175 1775 2227 loca
1804 2181 1989 2228 sancta

832 2264 1045 2330 adierit,
1069 2265 1317 2333 patriam
1338 2265 1537 2317 revisit.

446 2355 730 2425 [Primum
743 2353 1042 2426 signorum
1058 2353 1106 2424 ej
1119 2370 1181 2407 us
1196 2352 1464 2407 inditium
1481 2361 1549 2394 (σε
1571 2351 1827 2424 fuitquia
1851 2351 1989 2405 dum

371 2461 478 2517 per
504 2445 752 2499 eandem
786 2444 1033 2498 insulam
1087 2441 1274 2512 gratia
1318 2441 1660 2495 obedientiaa
1693 2441 1990 2510 cujusdam

365 2535 562 2605 jussus
579 2532 1004 2598 deambularet,
1029 2531 1193 2584 mine
1217 2529 1635 2600 magnitudinis
1661 2532 1991 2600 serpentem

374 2620 606 2684 obvium
627 2620 932 2678 habuit‘“.
955 2622 1020 2688 (c.
1037 2622 1067 2674 3
1083 2626 1117 2684 .)
1133 2618 1328 2672 Primo
1349 2619 1651 2689 utpuerilis
1667 2618 1993 2690 patiebatur

371 2712 511 2766 retas
539 2709 826 2775 extimuit,
861 2708 1072 2763 deinde
1112 2709 1443 2762 orationem
1475 2710 1792 2780 prostratus
1823 2705 1988 2773 fudit,

367 2799 633 2864 surrexit,
672 2797 855 2852 crucis
878 2796 1110 2867 signum
1146 2796 1434 2868 opposuit,
1450 2796 1822 2850 viverborum
1840 2798 1901 2849 ut
1918 2795 1989 2849 ad

369 2887 621 2942 latebras
646 2886 850 2941 redeat
879 2884 1500 2956 edicit.llleimperatis
1531 2883 1990 2956 obaudit,quan-

367 2975 552 3031 tocius
568 2975 736 3043 redit,
758 2978 811 3029 et
837 2975 894 3029 in
918 2974 1123 3030 eadem
1147 2975 1333 3029 insula
1358 2975 1594 3029 ulterius
1613 2992 1729 3029 non
1748 2989 1990 3044 compa-

368 3066 504 3121 ruit.
531 3064 689 3136 (c.4.)
713 3063 929 3120 Deinde
955 3067 1120 3135 pater
1135 3066 1256 3136 ejus
1272 3064 1344 3118 ad
1362 3065 1609 3119 eandem
1627 3064 1872 3118 insulam
1894 3063 1989 3117 de-
2011 3074 2058 3134 ρ

369 3153 548 3220 venit,
578 3158 641 3208 ut
657 3153 728 3208 de
754 3153 1108 3208 monasterio
1128 3152 1337 3208 debeat
1361 3153 1557 3224 egredi
1586 3155 1809 3216 monet,
1835 3154 1990 3204 utse-

370 3244 624 3297 cularem
639 3245 898 3297 resumat
913 3242 1177 3297 habitum
1191 3241 1415 3309 suadet,
1433 3241 1591 3296 addit
1606 3241 1841 3312 insuper
1854 3239 1990 3311 quia

371 3331 480 3387 nisi
507 3333 945 3405 obtemperaret
975 3339 1044 3373 ιστ
1070 3331 1390 3386 hereditate
1423 3347 1480 3384 se
1513 3329 1715 3402 privet.
1750 3330 1846 3383 llle
1886 3346 1985 3382 au-

370 3423 521 3477 tem:
547 3421 636 3488 Id,
668 3420 878 3493 inquit,
934 3422 1148 3476 territas
1177 3422 1362 3486 ociose,
1412 3435 1516 3490 quo
1563 3435 1766 3489 semper
1800 3417 1990 3472 volun-

373 3517 454 3564 tas
481 3517 556 3565 est
582 3527 796 3578 carere;
847 3509 1119 3564 Dominus
1143 3526 1274 3579 pars
1309 3507 1616 3561 hereditatis
1655 3524 1802 3561 meae.
1857 3508 1990 3561 Post

368 3598 494 3653 haec
507 3599 771 3655 Turonos
793 3608 862 3642 ηε
879 3597 1060 3653 sancti
1081 3597 1303 3652 Martini
1324 3597 1466 3668 petit
1487 3596 1884 3666 sepulchrum;
1908 3593 1988 3650 ibi

376 3687 501 3758 ejus
525 3687 970 3742 interventionis
999 3685 1185 3741 oravit
1201 3684 1472 3738 auxilium
1485 3724 1498 3749 ,
1515 3683 1645 3737 utid
1660 3683 1765 3738 sibi
1785 3683 1988 3755 gratia:

375 3776 592 3849 apponi
624 3777 950 3848 expostulet
983 3773 1320 3838 Dominum,
1354 3771 1622 3843 quatinus
1650 3772 1990 3844 peregrina—

353 3865 526 3921 tioni
557 3865 738 3921 tocius
767 3864 895 3917 vitae
929 3862 1036 3916 sibi
1065 3860 1346 3914 concedat
1375 3859 1703 3930 dependere
1735 3878 1986 3918 cursum.

378 3954 450 4026 (c.
485 3954 561 4024 5.)
591 3952 953 4008 Aboratioae
975 3948 1242 4015 surrexit,
1257 3949 1456 4020 capitis
1475 3965 1704 4005 comam
1724 3950 1987 4009 abscidit.

382 4039 692 4096 Clericatus
738 4042 825 4093 est
866 4037 1107 4110 adeptus
1136 4039 1443 4105 honorem,
1477 4055 1713 4094 onmem
1745 4040 1804 4093 in
1837 4040 1988 4094 clero

2097 579 2276 646 adire,
2328 579 2532 634 limina
2598 583 2992 653 apostolorum
3058 582 3326 654 invisere,
3381 585 3712 642 orationum

2096 669 2412 722 eorundem
2430 668 2700 740 suffragia
2734 675 3018 741 expetere.
3047 672 3112 742 (c.
3140 671 3224 743 8.)
3242 671 3410 736 Quod
3441 671 3540 725 ubi
3562 686 3713 725 com-

2096 757 2288 827 plevit,
2323 757 2752 826 egredientibus
2782 760 3034 830 quadam
3091 764 3257 814 nocte
3283 759 3617 814 custodibus
3649 758 3706 812 in

2095 845 2349 898 mcclesia
2399 846 2707 915 submittit,
2752 847 3020 903 inventus
3057 848 3281 918 injuriis
3319 847 3589 912 afﬁcitur,
3637 847 3706 900 ab

2095 934 2349 989 aecclesia
2376 935 2729 992 eliminatur.
2772 937 2882 991 Hac
2905 937 2974 991 de
2999 954 3168 992 causa
3185 938 3246 992 in
3267 936 3488 992 foribus
3505 935 3706 991 seden-

2093 1025 2213 1076 tem
2244 1025 2646 1079 contristatum
2673 1028 2730 1079 et
2761 1026 2952 1080 subito
2971 1026 3030 1080 in
3049 1026 3259 1080 mentis
3275 1025 3453 1080 extasi
3475 1028 3706 1096 raptum

2094 1115 2323 1166 sanctus
2353 1130 2484 1167 eum
2506 1113 2704 1167 Petrus
2719 1114 2930 1169 blande
2952 1118 3010 1168 et
3028 1115 3274 1169 comiter
3297 1114 3499 1168 delinit
3530 1123 3622 1180 m,
3651 1118 3710 1167 ut

2093 1200 2383 1255 Galliasad
2416 1203 2808 1274 praedicadum
2827 1207 3054 1274 repetat
3085 1204 3411 1259 admonuit.
3441 1204 3542 1258 Ille
3560 1203 3706 1257 hila-

2094 1288 2212 1342 rior
2242 1290 2499 1344 redditus
2522 1291 2726 1346 Gallias
2756 1296 2840 1347 est
2873 1309 3154 1351 reversus.

2093 1411 2160 1464 3i
2245 1420 2332 1466 ιῖο.
2391 1411 2546 1478 Quod
2593 1416 2858 1486 episcopus
2914 1417 3094 1485 factus
3138 1414 3304 1470 multa
3364 1415 3502 1470 bona
3548 1433 3705 1486 opera

2783 1505 2995 1573 fecerit.

2163 1610 2211 1680 (c
2267 1611 2340 1682 9)
2373 1610 2626 1666 Subinde
2677 1616 2906 1668 coactus
2953 1630 2987 1668 a
3024 1631 3163 1686 rege
3210 1617 3268 1668 et
3308 1613 3702 1669 sacerdotibus

2091 1698 2386 1770 episcopus
2403 1701 2474 1754 ad
2494 1701 2951 1772 praedicandum,
2990 1706 3049 1756 ut
3081 1706 3215 1756 tunc
3237 1703 3418 1756 moris
3441 1706 3587 1767 erat,
3619 1705 3705 1754 est

2012 1818 2060 1876 Β
2090 1787 2405 1842 ordinatus.
2431 1789 2594 1852 Quod
2618 1790 2874 1844 ofﬁcium
2897 1795 3128 1846 strenue
3155 1791 3433 1863 implevit,
3463 1792 3703 1845 circum-

2089 1893 2316 1948 quaque
2345 1879 2543 1947 positis
2575 1880 2813 1933 verbum
2850 1879 3080 1934 Domini
3107 1879 3701 1946 annuntiavit,mona-

2091 1965 2262 2018 steria
2291 1967 2456 2034 plura
2485 1968 2777 2034 exstruxit,
2813 1967 3044 2038 praediis
3072 1971 3128 2022 et
3157 1969 3362 2037 opibus
3407 1985 3442 2021 a
3478 1984 3618 2038 rege
3646 1970 3702 2021 et

2090 2052 2443 2125 principibus
2490 2055 2737 2126 acceptis
2788 2056 2956 2126 juvit,
3010 2057 3107 2128 qui
3159 2073 3228 2111 ea
3273 2056 3599 2111 incolerent
3648 2059 3705 2110 et

2096 2140 2315 2196 Christo
2349 2143 2667 2197 militarent
2696 2144 2923 2199 locavit.
2959 2145 3228 2215 Captivos
3247 2146 3334 2199 vel
3366 2145 3706 2199 transmari-

2096 2249 2220 2297 nos,
2249 2233 2292 2285 si
2320 2250 2462 2304 quos
2480 2233 2834 2300 inveniebat,
2857 2239 3091 2305 accepto
3117 2252 3150 2288 a
3171 2251 3306 2304 rege
3334 2237 3423 2288 vel
3441 2233 3706 2288 ﬁdelibus

2093 2321 2278 2389 pretio
2307 2321 2650 2389 redimebat,
2667 2322 2870 2377 litteris
2884 2332 2953 2365 ηδ
2971 2323 3142 2378 sacris
3155 2323 3457 2388 inbuebat,
3473 2322 3706 2377 diversis

2095 2409 2167 2463 ad
2197 2411 2636 2464 sustentandum
2663 2411 2932 2466 aecclesiis
2952 2411 3257 2482 dirigebat.
3280 2411 3473 2465 Aliiex
3500 2412 3586 2464 his
3606 2410 3703 2464 visi

2094 2502 2294 2569 postea
2316 2499 2718 2565 suntabbates,
2745 2499 2910 2554 multi
2942 2500 3706 2570 presbiteri,aliquiinsuper

2093 2585 2342 2656 episcopi
2362 2594 2450 2654 -ίτί,
2467 2593 2530 2651 (c.
2550 2590 2659 2653 10.)
2673 2590 2885 2641 Iterum
2900 2596 2966 2629 ‘7!
2984 2588 3156 2642 subiit
3170 2588 3438 2641 animum
3457 2589 3704 2643 Romam

2093 2675 2402 2744 temptare,
2418 2675 2773 2747 contigitque
2787 2676 2922 2730 inde
2935 2679 3324 2730 revertentem
3341 2676 3706 2730 Centumcel~

2091 2763 2158 2816 lis
2177 2762 2600 2817 devenisseUbi
2625 2781 2756 2817 cum
2779 2765 2838 2817 in
2863 2763 3122 2818 oratione
3148 2767 3620 2835 pernoctaret,m
3644 2767 3703 2818 ut

2092 2869 2222 2906 eum
2250 2853 2633 2922 demergeret.
2679 2852 2776 2908 Illo
2821 2852 3096 2908 iterante:
3131 2851 3339 2907 Christe
3367 2853 3572 2924 adjuva
3600 2871 3700 2920 me,

2091 2939 2319 2994 diabolo
2342 2941 2461 2994 haec
2479 2941 2944 3012 improperante:
2973 2940 3082 3007 Qui
3095 2940 3478 2997 Christus?ait
3504 2943 3702 2997 beatus

2088 3030 2414 3083 Amandus:
2434 3029 2611 3084 Filius
2630 3030 2735 3082 Dei
2753 3031 2868 3085 vivi
2887 3031 3190 3099 cruciﬁxus.
3215 3031 3300 3085 Ad
3320 3031 3475 3085 hanc
3500 3047 3700 3085 vocem

2090 3117 2414 3190 disparente
2437 3119 2688 3185 diabolo,
2710 3123 2941 3190 ereptus
2963 3124 3049 3174 est
3090 3121 3287 3174 homo.
3343 3127 3412 3186 (c.
3445 3124 3556 3189 11.)
3596 3121 3700 3174 Per

2089 3205 2240 3260 idem
2275 3209 2508 3277 pelagus
2552 3208 2958 3279 navigantibus
2990 3207 3091 3275 eis,
3141 3211 3342 3279 captus
3383 3213 3472 3262 est
3499 3208 3698 3280 piscis;

2087 3295 2246 3365 cujus
2273 3299 2511 3367 captura
2547 3296 2822 3367 gaudium
2860 3297 3254 3351 cumulaverat
3281 3297 3497 3352 nautis.
3547 3297 3703 3351 Hanc

2088 3383 2347 3438 laetitiam
2367 3383 2553 3438 subito
2579 3387 2706 3439 orta
2722 3385 2972 3440 turbavit
2988 3387 3324 3457 tempestas,
3347 3402 3480 3456 quae
3498 3401 3702 3440 omnes

2089 3473 2147 3527 in
2172 3473 2638 3546 desperationem
2656 3473 2913 3542 adduxit,
2928 3475 3135 3546 jactari
3161 3491 3408 3547 quaeque
3438 3491 3701 3530 necessa-

2089 3561 2175 3616 ria
2203 3561 2260 3636 in
2297 3562 2442 3616 mari
2471 3564 2772 3634 compulit,
2794 3564 2866 3618 ad
2888 3565 3156 3619 ultimum
3174 3563 3247 3618 ad
3276 3564 3383 3618 Dei
3414 3563 3704 3619 famulum

2090 3651 2402 3723 confugere
2430 3651 2582 3708 fecit.
2618 3654 2823 3707 Iterato
2848 3655 3074 3708 sanctus
3105 3654 3426 3724 Petrusper
3459 3653 3703 3726 puppim

2091 3740 2282 3794 navim
2316 3740 2600 3795 transiens
2628 3741 2916 3813 apparuit,
2948 3741 3238 3796 confidere
3257 3741 3454 3812 jussit,
3480 3744 3704 3797 salvan-

2093 3827 2193 3881 das
2215 3827 2479 3881 omnium
2530 3828 2754 3882 animas
2786 3829 3132 3900 repromisit.
3178 3829 3395 3884 Sedata
3440 3835 3531 3885 est
3576 3846 3709 3901 pro-

2091 3917 2253 3981 cella,
2304 3919 2616 3987 tempestas
2659 3919 2880 3988 fugata.
2926 3919 3093 3973 Facto
3135 3934 3330 3986 mane,
3379 3934 3590 3974 omnes
3635 3918 3707 3972 ad

2091 4006 2311 4059 terram
2338 4004 2656 4059 incolomes
2687 4006 2873 4060 exiere
2890 4051 2904 4064 .

2163 4114 2229 4166 35
2262 4118 2350 4165 ιτι.
2387 4110 2542 4177 Quod
2565 4111 2897 4167 Gandensem
2927 4121 2996 4155 475
3011 4113 3270 4184 populum
3289 4119 3639 4173 converterit.

384 4128 634 4202 gratiam
650 4127 1098 4183 transcendebat
1117 4143 1220 4198 per
1236 4127 1501 4182 ordinem
1540 4129 1612 4199 (c.
1631 4128 1850 4198 6.)lnde
1865 4145 1993 4200 pro-

385 4216 913 4290 gressusBituricos
934 4216 1470 4284 adiit,ubiasancto
1491 4217 1852 4287 Austrigisilo
1871 4217 1993 4288 ejus
2165 4222 2231 4282 (c.
2269 4221 2381 4290 I2)
2424 4220 2739 4290 Aggressus
2785 4221 2870 4274 est
2912 4219 3134 4275 interea
3177 4221 3378 4275 Gauda
3424 4225 3706 4297 oppidum

386 4306 628 4362 civitatis
705 4305 971 4379 episcopo
1041 4309 1098 4360 et
1167 4305 1290 4378 ejus
1354 4305 1756 4360 archidiacono
1823 4306 2061 4382 beato“
2095 4307 2281 4363 Scaldi
2312 4308 2542 4363 fluentis
2568 4308 2906 4380 inpositum,
2937 4309 3245 4365 diabolisic
3275 4313 3504 4382 laqueis
3528 4315 3712 4368 irreti-

390 4395 642 4467 Sulpicio
707 4369 836 4468 post
898 4369 1149 4451 honeste
1192 4369 1279 4450 vet
1335 4396 1589 4449 humane
1668 4395 1990 4466 suscipitur,
2017 4369 2068 4427 D
2093 4400 2239 4465 tum,
2260 4398 2568 4451 utarbores
2587 4369 2649 4451 et
2661 4397 2819 4468 ligna
2834 4369 2939 4470 pro
2954 4399 3070 4453 Deo
3087 4369 3709 4475 colerent‘caeterisquc

389 4502 639 4560 quorum
655 4501 821 4541 suasu
838 4487 1040 4541 cellam
1075 4485 1291 4540 ibidem
1321 4482 1653 4551 construxit,
1677 4501 1852 4556 quam
1876 4486 1996 4541 fere
2095 4487 2544 4558 circumquaque
2595 4486 2794 4556 positis
2823 4487 2897 4541 ad
2935 4487 3111 4541 ﬁdem
3143 4487 3348 4543 Christi
3391 4490 3710 4559 inclinatis,

390 4593 496 4650 per
521 4581 584 4634 15
616 4593 800 4632 annos
832 4575 1196 4632 inhabitavit.
1256 4572 1446 4627 Cilicio
1501 4576 1684 4627 tectus
1715 4577 1772 4628 et
1802 4575 1996 4632 cinere
2097 4575 2204 4648 ipsi
2225 4577 2309 4630 vel
2329 4579 2566 4646 propter
2585 4574 2852 4630 efferatos
2870 4577 3434 4649 mores,velpr0pter
3456 4581 3715 4636 infecun-

387 4665 596 4738 vigiliis
616 4683 674 4721 se
706 4659 1537 4731 macerabatassidue,jejuniis
1551 4661 1815 4717 etinedia
1833 4665 1999 4718 attri-
2101 4665 2204 4719 dos
2261 4672 2330 4706 ιτσ
2381 4663 2641 4735 cespites,
2673 4664 2858 4719 adhuc
2887 4664 3056 4720 idolis
3082 4664 3450 4736 inservirent,
3485 4671 3714 4726 favente

385 4758 498 4820 tus,
521 4755 786 4812 ordeacio
806 4769 957 4825 pane
978 4752 1302 4816 contentus,
1323 4749 1502 4804 avino
1522 4751 1819 4820 abstinuit,
1853 4769 2004 4825 aqua
2101 4753 2366 4809 Aichario
2398 4761 2468 4796 477
2499 4753 2766 4826 episcopo
2804 4753 3205 4822 Noviomense,
3246 4757 3412 4828 regia
3450 4760 3714 4830 superin-

383 4844 546 4902 tenui
575 4860 783 4916 corpus
822 4839 1161 4898 sustentavit
1215 4837 1406 4911 potius
1437 4855 1613 4910 quam
1644 4839 1807 4897 aluit.
1833 4847 1899 4907 (c.
1925 4837 2002 4909 7.)
2106 4843 2415 4899 cumbente
2457 4842 2818 4910 auctoritate,
2856 4846 3089 4899 tantum
3129 4843 3441 4902 discrimen
3473 4851 3714 4923 aggredi

1714 4961 1948 5018 VARLE
1984 4963 2384 5020 LECTIONES.

455 5061 530 5125 ut
551 5068 722 5125 epam
758 5055 806 5106 1.
833 5053 897 5125 2.
925 5052 979 5106 3.
1003 5121 1017 5125 _
1050 5055 1126 5125 ἰοί
1153 5048 1190 5102 1.
1225 5063 1268 5102 S.
1513 5057 1584 5091 ⁴⁶³
1613 5049 1813 5125 totidie
1845 5054 1897 5107 3.
1977 5060 2047 5094 4“
2105 5051 2300 5125 XXXII.
2340 5053 2391 5105 1.
2445 5054 2497 5106 2.
2556 5055 2623 5125 3.-
2686 5059 2756 5125 “li
2789 5051 3020 5125 initium
3046 5052 3158 5109 Tit.
3187 5054 3266 5109 Α.
3346 5065 3417 5098 ηε
3450 5057 3630 5115 habet,
3665 5063 3716 5116 1,

381 5132 454 5168 ιθτ
480 5121 931 5196 obteperaret_i.
965 5121 1330 5196 obtemperet
1358 5123 1410 5176 2.
1437 5123 1638 5196 3;)“
1669 5123 1907 5196 turonos
1935 5141 2074 5196 corr.
2107 5123 2329 5178 turonis
2359 5125 2412 5178 2.
2490 5130 2561 5165 ιον
2593 5123 2884 5178 decliuivit
2908 5127 2959 5196 2.
2997 5128 3051 5179 3.
3113 5133 3204 5196 ίιτο
3235 5127 3462 5184 XXXIII.
3506 5134 3720 5190 Ldeest

380 5199 434 5254 2.
468 5200 520 5255 3.
600 5189 668 5238 4‘“
699 5189 1231 5265 litteris-episcopi
1253 5189 1447 5272 desunt
1478 5189 1578 5248 Ch.
1659 5200 1728 5235 ιη
1758 5192 1902 5248 item
1935 5195 1994 5250 C.
2059 5202 2129 5237 ιτι
2158 5196 2497 5267 prenotaret
2529 5198 2577 5250 1.
2619 5199 2672 5251 2.
2707 5199 2758 5251 3.
2820 5203 2888 5238 ιτι
2918 5195 3172 5252 XXXIIII.
3206 5201 3256 5252 I.
3281 5201 3334 5253 2.
3364 5203 3419 5256 3.
3469 5210 3540 5244 ιη
3569 5189 3720 5260 Cau-

378 5277 619 5334 densem
656 5280 706 5332 I.
785 5282 1064 5330 mecorr.
1095 5277 1150 5330 2.
1176 5272 1402 5330 infedos
1436 5276 1485 5328 1.
1564 5281 1631 5317 ιτι
1664 5272 1908 5330 Achario
1939 5292 2078 5331 corr.
2111 5275 2376 5330 Aichario
2413 5278 2462 5329 1.
2508 5280 2512 5284 ”

1921 5399 2148 5458 NOTAE.

623 5496 682 5552 Si
709 5497 1007 5572 Egidium
1034 5498 1196 5556 audis
1232 5498 1342 5555 hoc
1371 5501 1497 5556 erat
1523 5496 1763 5555 Joannis
1796 5497 1980 5573 epita-

359 5568 780 5697 Ῥδέιεῗιξιὺηωιὶ
801 5641 986 5708 ﬂorem
1015 5637 1136 5695 tulit
1164 5639 1467 5712 agricultor
1490 5642 1764 5698 honorem.

2151 5499 2304 5577 (3191
2324 5462 2483 5577 Nunc
2514 5498 2710 5577 insula
2732 5499 2912 5577 dem
2941 5517 2971 5557 e
2993 5495 3226 5573 regione
3257 5499 3541 5577 Rupelle,
3577 5502 3702 5567 Cfr.

2079 5572 2203 5629 Act.
2233 5572 2332 5632 SS.
2364 5573 2531 5628 Febr.
2569 5577 2618 5642 l,
2655 5575 2779 5632 816.
