  <div class='ocr_page' id='page_1' title='image "/cluster/home/n/w/nwhite01/storage/ocr_20150623/139/uva.x000829787/530.png"; bbox 0 0 3902 6210; ppageno 0'>
   <div class='ocr_carea' id='block_1_1' title="bbox 234 424 1827 529">
    <p class='ocr_par' dir='ltr' id='par_1_1' title="bbox 234 424 1827 529">
     <span class='ocr_line' id='line_1_1' title="bbox 234 424 1827 529; baseline -0.005 -3"><span class='ocrx_word' id='word_1_1' title='bbox 234 473 376 529; x_wconf 66' lang='grc'><strong>1045</strong></span> <span class='ocrx_word' id='word_1_2' title='bbox 1396 424 1827 520; x_wconf 69' lang='lat' dir='ltr'><strong>annisenim</strong></span> 
     </span>
    </p>
   </div>
   <div class='ocr_carea' id='block_1_2' title="bbox 1945 424 3574 529">
    <p class='ocr_par' dir='ltr' id='par_1_2' title="bbox 1945 462 3574 527">
     <span class='ocr_line' id='line_1_2' title="bbox 1945 462 3574 527; baseline 0.004 -9"><span class='ocrx_word' id='word_1_3' title='bbox 1945 464 1977 518; x_wconf 63' lang='grc' dir='ltr'><strong>β.</strong></span> <span class='ocrx_word' id='word_1_4' title='bbox 2006 462 2220 519; x_wconf 87' lang='lat' dir='ltr'><strong>EPISC.</strong></span> <span class='ocrx_word' id='word_1_5' title='bbox 2256 463 2462 520; x_wconf 88' lang='lat' dir='ltr'><strong>LEOD.</strong></span> <span class='ocrx_word' id='word_1_6' title='bbox 3436 466 3574 527; x_wconf 72' lang='lat'><strong>1046</strong></span> 
     </span>
    </p>
   </div>
   <div class='ocr_carea' id='block_1_3' title="bbox 224 581 3581 659">
    <p class='ocr_par' dir='ltr' id='par_1_3' title="bbox 224 581 3581 659">
     <span class='ocr_line' id='line_1_3' title="bbox 224 581 3581 659; baseline -0.001 -13"><span class='ocrx_word' id='word_1_7' title='bbox 224 591 393 646; x_wconf 89' lang='lat' dir='ltr'><strong>sinus</strong></span> <span class='ocrx_word' id='word_1_8' title='bbox 425 588 658 658; x_wconf 90' lang='lat' dir='ltr'><strong>dicitur,</strong></span> <span class='ocrx_word' id='word_1_9' title='bbox 691 588 765 645; x_wconf 87' lang='lat' dir='ltr'><strong>ab</strong></span> <span class='ocrx_word' id='word_1_10' title='bbox 797 604 1001 643; x_wconf 84' lang='lat' dir='ltr'><strong>occasu</strong></span> <span class='ocrx_word' id='word_1_11' title='bbox 1033 585 1367 659; x_wconf 77' lang='lat' dir='ltr'><strong>Hyspanias,</strong></span> <span class='ocrx_word' id='word_1_12' title='bbox 1402 602 1436 639; x_wconf 91' lang='lat' dir='ltr'><strong>a</strong></span> <span class='ocrx_word' id='word_1_13' title='bbox 1472 584 1862 657; x_wconf 78' lang='lat' dir='ltr'><strong>septentrione</strong></span> <span class='ocrx_word' id='word_1_14' title='bbox 1899 588 1953 647; x_wconf 82' lang='grc' dir='ltr'><strong>Α</strong></span> <span class='ocrx_word' id='word_1_15' title='bbox 1974 584 2179 651; x_wconf 84' lang='lat' dir='ltr'>divini,</span> <span class='ocrx_word' id='word_1_16' title='bbox 2208 600 2408 639; x_wconf 88' lang='lat' dir='ltr'><strong>verum</strong></span> <span class='ocrx_word' id='word_1_17' title='bbox 2441 582 2728 655; x_wconf 89' lang='lat' dir='ltr'><strong>gratiaita</strong></span> <span class='ocrx_word' id='word_1_18' title='bbox 2764 590 2835 626; x_wconf 75' lang='grc' dir='ltr'><strong>ιοει</strong></span> <span class='ocrx_word' id='word_1_19' title='bbox 2855 581 3195 641; x_wconf 85' lang='lat' dir='ltr'><strong>exuberaret</strong></span> <span class='ocrx_word' id='word_1_20' title='bbox 3218 602 3486 659; x_wconf 86' lang='lat' dir='ltr'><strong>superna,</strong></span> <span class='ocrx_word' id='word_1_21' title='bbox 3517 587 3581 642; x_wconf 91' lang='lat' dir='ltr'><strong>ut</strong></span> 
     </span>
    </p>
   </div>
   <div class='ocr_carea' id='block_1_4' title="bbox 227 673 3581 750">
    <p class='ocr_par' dir='ltr' id='par_1_4' title="bbox 227 673 3581 750">
     <span class='ocr_line' id='line_1_4' title="bbox 227 673 3581 750; baseline -0.001 -15"><span class='ocrx_word' id='word_1_22' title='bbox 227 683 290 736; x_wconf 87' lang='lat' dir='ltr'><strong>et</strong></span> <span class='ocrx_word' id='word_1_23' title='bbox 311 680 543 735; x_wconf 83' lang='lat' dir='ltr'><strong>oriente</strong></span> <span class='ocrx_word' id='word_1_24' title='bbox 578 678 1025 750; x_wconf 87' lang='lat' dir='ltr'><strong>Lugdunensem</strong></span> <span class='ocrx_word' id='word_1_25' title='bbox 1044 684 1116 717; x_wconf 68' lang='lat'><strong>500</strong></span> <span class='ocrx_word' id='word_1_26' title='bbox 1138 675 1508 747; x_wconf 89' lang='lat' dir='ltr'><strong>provintiam,</strong></span> <span class='ocrx_word' id='word_1_27' title='bbox 1540 674 1612 728; x_wconf 90' lang='lat' dir='ltr'><strong>ab</strong></span> <span class='ocrx_word' id='word_1_28' title='bbox 1644 690 1780 728; x_wconf 89' lang='lat' dir='ltr'><strong>euro</strong></span> <span class='ocrx_word' id='word_1_29' title='bbox 1805 676 1862 728; x_wconf 90' lang='lat' dir='ltr'><strong>et</strong></span> <span class='ocrx_word' id='word_1_30' title='bbox 1974 674 2242 729; x_wconf 90' lang='lat' dir='ltr'><strong>omnibus</strong></span> <span class='ocrx_word' id='word_1_31' title='bbox 2254 675 2357 729; x_wconf 88' lang='lat' dir='ltr'><strong>sub</strong></span> <span class='ocrx_word' id='word_1_32' title='bbox 2371 674 2572 728; x_wconf 89' lang='lat' dir='ltr'><strong>eadem</strong></span> <span class='ocrx_word' id='word_1_33' title='bbox 2590 673 2968 728; x_wconf 77' lang='lat' dir='ltr'><strong>militantibus</strong></span> <span class='ocrx_word' id='word_1_34' title='bbox 2986 673 3285 746; x_wconf 84' lang='lat' dir='ltr'><strong>disciplina</strong></span> <span class='ocrx_word' id='word_1_35' title='bbox 3296 676 3581 747; x_wconf 69' lang='lat' dir='ltr'><strong>religiosas</strong></span> 
     </span>
    </p>
   </div>
   <div class='ocr_carea' id='block_1_5' title="bbox 224 762 3571 837">
    <p class='ocr_par' dir='ltr' id='par_1_5' title="bbox 224 762 3571 837">
     <span class='ocr_line' id='line_1_5' title="bbox 224 762 3571 837; baseline -0.001 -13"><span class='ocrx_word' id='word_1_36' title='bbox 224 764 489 824; x_wconf 75' lang='lat' dir='ltr'><strong>meridie</strong></span> <span class='ocrx_word' id='word_1_37' title='bbox 521 768 961 822; x_wconf 82' lang='lat' dir='ltr'><strong>Narbonensem</strong></span> <span class='ocrx_word' id='word_1_38' title='bbox 988 764 1158 837; x_wconf 87' lang='lat'><strong>(328).</strong></span> <span class='ocrx_word' id='word_1_39' title='bbox 1203 763 1415 818; x_wconf 80' lang='lat' dir='ltr'><strong>Rivulis</strong></span> <span class='ocrx_word' id='word_1_40' title='bbox 1440 767 1497 817; x_wconf 91' lang='lat' dir='ltr'><strong>et</strong></span> <span class='ocrx_word' id='word_1_41' title='bbox 1527 763 1860 817; x_wconf 87' lang='lat' dir='ltr'><strong>ﬂuminibus</strong></span> <span class='ocrx_word' id='word_1_42' title='bbox 1968 763 2419 819; x_wconf 83' lang='lat' dir='ltr'><strong>conversationis</strong></span> <span class='ocrx_word' id='word_1_43' title='bbox 2440 762 2602 817; x_wconf 82' lang='lat' dir='ltr'><strong>ﬁeret</strong></span> <span class='ocrx_word' id='word_1_44' title='bbox 2624 764 2950 834; x_wconf 91' lang='lat' dir='ltr'><strong>exemplum</strong></span> <span class='ocrx_word' id='word_1_45' title='bbox 2970 765 3340 819; x_wconf 89' lang='lat' dir='ltr'><strong>etnorma.ln</strong></span> <span class='ocrx_word' id='word_1_46' title='bbox 3364 764 3571 837; x_wconf 83' lang='lat' dir='ltr'><strong>vigiliis</strong></span> 
     </span>
    </p>
   </div>
   <div class='ocr_carea' id='block_1_6' title="bbox 225 852 1855 933">
    <p class='ocr_par' dir='ltr' id='par_1_6' title="bbox 225 852 1855 933">
     <span class='ocr_line' id='line_1_6' title="bbox 225 852 1855 933; baseline -0.005 -19"><span class='ocrx_word' id='word_1_47' title='bbox 225 861 479 933; x_wconf 86' lang='lat' dir='ltr'><strong>piscosa,</strong></span> <span class='ocrx_word' id='word_1_48' title='bbox 511 857 695 929; x_wconf 80' lang='lat' dir='ltr'><strong>glebis</strong></span> <span class='ocrx_word' id='word_1_49' title='bbox 730 860 897 910; x_wconf 70' lang='lat' dir='ltr'><strong>terra:</strong></span> <span class='ocrx_word' id='word_1_50' title='bbox 923 853 1325 927; x_wconf 88' lang='lat' dir='ltr'><strong>pinguissima,</strong></span> <span class='ocrx_word' id='word_1_51' title='bbox 1350 852 1555 907; x_wconf 85' lang='lat' dir='ltr'><strong>vinetis</strong></span> <span class='ocrx_word' id='word_1_52' title='bbox 1569 856 1855 918; x_wconf 90' lang='lat' dir='ltr'><strong>nectarea,</strong></span> 
     </span>
    </p>
   </div>
   <div class='ocr_carea' id='block_1_7' title="bbox 224 941 1859 1015">
    <p class='ocr_par' dir='ltr' id='par_1_7' title="bbox 224 941 1859 1015">
     <span class='ocr_line' id='line_1_7' title="bbox 224 941 1859 1015; baseline -0.006 -11"><span class='ocrx_word' id='word_1_53' title='bbox 224 946 576 1004; x_wconf 87' lang='lat' dir='ltr'><strong>nemoribus</strong></span> <span class='ocrx_word' id='word_1_54' title='bbox 594 944 835 1011; x_wconf 90' lang='lat' dir='ltr'><strong>consita,</strong></span> <span class='ocrx_word' id='word_1_55' title='bbox 854 944 1133 998; x_wconf 86' lang='lat' dir='ltr'><strong>fructibus</strong></span> <span class='ocrx_word' id='word_1_56' title='bbox 1153 941 1675 1015; x_wconf 86' lang='lat' dir='ltr'><strong>epulenta,pascuis</strong></span> <span class='ocrx_word' id='word_1_57' title='bbox 1686 957 1859 1012; x_wconf 87' lang='lat' dir='ltr'><strong>peco-</strong></span> 
     </span>
    </p>
   </div>
   <div class='ocr_carea' id='block_1_8' title="bbox 222 1029 1858 1102">
    <p class='ocr_par' dir='ltr' id='par_1_8' title="bbox 222 1029 1858 1102">
     <span class='ocr_line' id='line_1_8' title="bbox 222 1029 1858 1102; baseline -0.005 -12"><span class='ocrx_word' id='word_1_58' title='bbox 222 1053 365 1090; x_wconf 85' lang='lat' dir='ltr'><strong>rum</strong></span> <span class='ocrx_word' id='word_1_59' title='bbox 387 1033 897 1099; x_wconf 84' lang='lat' dir='ltr'><strong>sufﬁcientissima,</strong></span> <span class='ocrx_word' id='word_1_60' title='bbox 922 1031 1046 1087; x_wconf 86' lang='lat' dir='ltr'><strong>auri</strong></span> <span class='ocrx_word' id='word_1_61' title='bbox 1081 1036 1139 1085; x_wconf 90' lang='lat' dir='ltr'><strong>et</strong></span> <span class='ocrx_word' id='word_1_62' title='bbox 1170 1029 1396 1102; x_wconf 87' lang='lat' dir='ltr'><strong>argenti</strong></span> <span class='ocrx_word' id='word_1_63' title='bbox 1428 1034 1484 1084; x_wconf 92' lang='lat' dir='ltr'><strong>et</strong></span> <span class='ocrx_word' id='word_1_64' title='bbox 1514 1032 1858 1083; x_wconf 71' lang='lat' dir='ltr'><strong>easterorum</strong></span> 
     </span>
    </p>
   </div>
   <div class='ocr_carea' id='block_1_9' title="bbox 219 1118 1858 1195">
    <p class='ocr_par' dir='ltr' id='par_1_9' title="bbox 219 1118 1858 1195">
     <span class='ocr_line' id='line_1_9' title="bbox 219 1118 1858 1195; baseline -0.004 -16"><span class='ocrx_word' id='word_1_65' title='bbox 219 1123 416 1195; x_wconf 87' lang='lat' dir='ltr'><strong>copiis</strong></span> <span class='ocrx_word' id='word_1_66' title='bbox 444 1124 813 1178; x_wconf 85' lang='lat' dir='ltr'><strong>metallorum</strong></span> <span class='ocrx_word' id='word_1_67' title='bbox 836 1119 1244 1185; x_wconf 89' lang='lat' dir='ltr'><strong>refertissima,</strong></span> <span class='ocrx_word' id='word_1_68' title='bbox 1275 1118 1507 1174; x_wconf 87' lang='lat' dir='ltr'><strong>navium</strong></span> <span class='ocrx_word' id='word_1_69' title='bbox 1541 1122 1598 1172; x_wconf 92' lang='lat' dir='ltr'><strong>et</strong></span> <span class='ocrx_word' id='word_1_70' title='bbox 1612 1118 1858 1188; x_wconf 81' lang='lat' dir='ltr'><strong>vectiga-</strong></span> 
     </span>
    </p>
   </div>
   <div class='ocr_carea' id='block_1_10' title="bbox 215 1207 1859 1283">
    <p class='ocr_par' dir='ltr' id='par_1_10' title="bbox 215 1207 1859 1283">
     <span class='ocr_line' id='line_1_10' title="bbox 215 1207 1859 1283; baseline -0.006 -13"><span class='ocrx_word' id='word_1_71' title='bbox 215 1215 376 1270; x_wconf 86' lang='lat' dir='ltr'><strong>lium</strong></span> <span class='ocrx_word' id='word_1_72' title='bbox 391 1212 751 1269; x_wconf 90' lang='lat' dir='ltr'><strong>comeatibus</strong></span> <span class='ocrx_word' id='word_1_73' title='bbox 767 1210 1205 1283; x_wconf 88' lang='lat' dir='ltr'><strong>questuosa,sed</strong></span> <span class='ocrx_word' id='word_1_74' title='bbox 1222 1210 1581 1280; x_wconf 88' lang='lat' dir='ltr'><strong>voluptatum</strong></span> <span class='ocrx_word' id='word_1_75' title='bbox 1595 1207 1859 1263; x_wconf 90' lang='lat' dir='ltr'><strong>omnium</strong></span> 
     </span>
    </p>
   </div>
   <div class='ocr_carea' id='block_1_11' title="bbox 220 1295 1860 1376">
    <p class='ocr_par' dir='ltr' id='par_1_11' title="bbox 220 1295 1860 1376">
     <span class='ocr_line' id='line_1_11' title="bbox 220 1295 1860 1376; baseline -0.005 -19"><span class='ocrx_word' id='word_1_76' title='bbox 220 1319 355 1376; x_wconf 70' lang='lat' dir='ltr'><strong>pra:</strong></span> <span class='ocrx_word' id='word_1_77' title='bbox 388 1300 593 1356; x_wconf 84' lang='lat' dir='ltr'><strong>ceteris</strong></span> <span class='ocrx_word' id='word_1_78' title='bbox 627 1298 936 1373; x_wconf 87' lang='lat' dir='ltr'><strong>provinciis</strong></span> <span class='ocrx_word' id='word_1_79' title='bbox 986 1297 1223 1351; x_wconf 72' lang='lat' dir='ltr'><strong>luxuriae</strong></span> <span class='ocrx_word' id='word_1_80' title='bbox 1263 1297 1580 1363; x_wconf 84' lang='lat' dir='ltr'><strong>fructuosa,</strong></span> <span class='ocrx_word' id='word_1_81' title='bbox 1614 1299 1670 1349; x_wconf 92' lang='lat' dir='ltr'><strong>et</strong></span> <span class='ocrx_word' id='word_1_82' title='bbox 1726 1295 1860 1348; x_wconf 85' lang='lat' dir='ltr'><strong>viris</strong></span> 
     </span>
    </p>
   </div>
   <div class='ocr_carea' id='block_1_12' title="bbox 216 1384 1858 1462">
    <p class='ocr_par' dir='ltr' id='par_1_12' title="bbox 216 1384 1858 1462">
     <span class='ocr_line' id='line_1_12' title="bbox 216 1384 1858 1462; baseline -0.004 -17"><span class='ocrx_word' id='word_1_83' title='bbox 216 1408 352 1462; x_wconf 66' lang='lat' dir='ltr'><strong>prus</strong></span> <span class='ocrx_word' id='word_1_84' title='bbox 380 1390 617 1462; x_wconf 87' lang='lat' dir='ltr'><strong>reliquis</strong></span> <span class='ocrx_word' id='word_1_85' title='bbox 649 1388 916 1443; x_wconf 83' lang='lat' dir='ltr'><strong>eﬂ&#39;eratos</strong></span> <span class='ocrx_word' id='word_1_86' title='bbox 946 1403 1135 1441; x_wconf 87' lang='lat' dir='ltr'><strong>mores</strong></span> <span class='ocrx_word' id='word_1_87' title='bbox 1188 1386 1533 1440; x_wconf 86' lang='lat' dir='ltr'><strong>habentibus</strong></span> <span class='ocrx_word' id='word_1_88' title='bbox 1588 1384 1858 1440; x_wconf 89' lang='lat' dir='ltr'><strong>bellicosa</strong></span> 
     </span>
    </p>
   </div>
   <div class='ocr_carea' id='block_1_13' title="bbox 215 1475 1855 1552">
    <p class='ocr_par' dir='ltr' id='par_1_13' title="bbox 215 1475 1855 1552">
     <span class='ocr_line' id='line_1_13' title="bbox 215 1475 1855 1552; baseline -0.004 -17"><span class='ocrx_word' id='word_1_89' title='bbox 215 1480 453 1552; x_wconf 88' lang='lat' dir='ltr'><strong>pariter</strong></span> <span class='ocrx_word' id='word_1_90' title='bbox 483 1482 540 1532; x_wconf 88' lang='lat' dir='ltr'><strong>et</strong></span> <span class='ocrx_word' id='word_1_91' title='bbox 567 1477 845 1550; x_wconf 87' lang='lat' dir='ltr'><strong>inquieta.</strong></span> <span class='ocrx_word' id='word_1_92' title='bbox 878 1476 1030 1543; x_wconf 57' lang='lat' dir='ltr'><strong>Haec,</strong></span> <span class='ocrx_word' id='word_1_93' title='bbox 1062 1475 1393 1546; x_wconf 88' lang='lat' dir='ltr'><strong>municipiis</strong></span> <span class='ocrx_word' id='word_1_94' title='bbox 1424 1479 1479 1529; x_wconf 89' lang='lat' dir='ltr'><strong>et</strong></span> <span class='ocrx_word' id='word_1_95' title='bbox 1508 1478 1855 1529; x_wconf 61' lang='lat' dir='ltr'><strong>caeterarum</strong></span> 
     </span>
    </p>
   </div>
   <div class='ocr_carea' id='block_1_14' title="bbox 216 1563 1857 1635">
    <p class='ocr_par' dir='ltr' id='par_1_14' title="bbox 216 1563 1857 1635">
     <span class='ocr_line' id='line_1_14' title="bbox 216 1563 1857 1635; baseline -0.004 -12"><span class='ocrx_word' id='word_1_96' title='bbox 216 1568 636 1623; x_wconf 87' lang='lat' dir='ltr'><strong>municionum</strong></span> <span class='ocrx_word' id='word_1_97' title='bbox 658 1566 854 1621; x_wconf 86' lang='lat' dir='ltr'><strong>castris</strong></span> <span class='ocrx_word' id='word_1_98' title='bbox 872 1565 1139 1635; x_wconf 85' lang='lat' dir='ltr'><strong>exceptis,</strong></span> <span class='ocrx_word' id='word_1_99' title='bbox 1164 1564 1339 1618; x_wconf 86' lang='lat' dir='ltr'><strong>habet</strong></span> <span class='ocrx_word' id='word_1_100' title='bbox 1371 1563 1626 1618; x_wconf 89' lang='lat' dir='ltr'><strong>civitates</strong></span> <span class='ocrx_word' id='word_1_101' title='bbox 1655 1563 1857 1634; x_wconf 76' lang='lat' dir='ltr'><strong>opina-</strong></span> 
     </span>
    </p>
   </div>
   <div class='ocr_carea' id='block_1_15' title="bbox 224 1652 1855 1727">
    <p class='ocr_par' dir='ltr' id='par_1_15' title="bbox 224 1652 1855 1727">
     <span class='ocr_line' id='line_1_15' title="bbox 224 1652 1855 1727; baseline -0.004 -16"><span class='ocrx_word' id='word_1_102' title='bbox 224 1657 491 1711; x_wconf 86' lang='lat' dir='ltr'><strong>tissimas</strong></span> <span class='ocrx_word' id='word_1_103' title='bbox 514 1655 867 1727; x_wconf 88' lang='lat' dir='ltr'><strong>pergrandes</strong></span> <span class='ocrx_word' id='word_1_104' title='bbox 924 1653 1256 1726; x_wconf 85' lang='lat' dir='ltr'><strong>pariterque</strong></span> <span class='ocrx_word' id='word_1_105' title='bbox 1307 1653 1613 1723; x_wconf 88' lang='lat' dir='ltr'><strong>populosas</strong></span> <span class='ocrx_word' id='word_1_106' title='bbox 1650 1654 1730 1705; x_wconf 72' lang='grc'><strong>14.</strong></span> <span class='ocrx_word' id='word_1_107' title='bbox 1780 1652 1855 1705; x_wconf 89' lang='lat' dir='ltr'><strong>Ex</strong></span> 
     </span>
    </p>
   </div>
   <div class='ocr_carea' id='block_1_16' title="bbox 221 1740 1855 1818">
    <p class='ocr_par' dir='ltr' id='par_1_16' title="bbox 221 1740 1855 1818">
     <span class='ocr_line' id='line_1_16' title="bbox 221 1740 1855 1818; baseline -0.004 -18"><span class='ocrx_word' id='word_1_108' title='bbox 221 1745 445 1818; x_wconf 86' lang='lat' dir='ltr'><strong>quibus</strong></span> <span class='ocrx_word' id='word_1_109' title='bbox 480 1744 605 1799; x_wconf 66' lang='lat' dir='ltr'><strong>duce</strong></span> <span class='ocrx_word' id='word_1_110' title='bbox 649 1746 781 1797; x_wconf 90' lang='lat' dir='ltr'><strong>sunt</strong></span> <span class='ocrx_word' id='word_1_111' title='bbox 811 1742 1199 1811; x_wconf 90' lang='lat' dir='ltr'><strong>metropoleos</strong></span> <span class='ocrx_word' id='word_1_112' title='bbox 1250 1740 1445 1806; x_wconf 89' lang='lat' dir='ltr'><strong>urbes,</strong></span> <span class='ocrx_word' id='word_1_113' title='bbox 1479 1757 1593 1794; x_wconf 90' lang='lat' dir='ltr'><strong>una</strong></span> <span class='ocrx_word' id='word_1_114' title='bbox 1642 1740 1855 1794; x_wconf 89' lang='lat' dir='ltr'><strong>scilicet</strong></span> 
     </span>
    </p>
   </div>
   <div class='ocr_carea' id='block_1_17' title="bbox 1968 851 3572 926">
    <p class='ocr_par' dir='ltr' id='par_1_17' title="bbox 1968 851 3572 926">
     <span class='ocr_line' id='line_1_17' title="bbox 1968 851 3572 926; baseline 0.002 -21"><span class='ocrx_word' id='word_1_115' title='bbox 1968 869 2227 925; x_wconf 86' lang='lat' dir='ltr'><strong>namque</strong></span> <span class='ocrx_word' id='word_1_116' title='bbox 2258 851 2545 906; x_wconf 89' lang='lat' dir='ltr'><strong>continuis</strong></span> <span class='ocrx_word' id='word_1_117' title='bbox 2572 851 2970 923; x_wconf 89' lang='lat' dir='ltr'><strong>pernoctabat,</strong></span> <span class='ocrx_word' id='word_1_118' title='bbox 2995 852 3285 908; x_wconf 88' lang='lat' dir='ltr'><strong>orationes</strong></span> <span class='ocrx_word' id='word_1_119' title='bbox 3303 869 3436 909; x_wconf 88' lang='lat' dir='ltr'><strong>vero</strong></span> <span class='ocrx_word' id='word_1_120' title='bbox 3468 870 3572 926; x_wconf 89' lang='lat' dir='ltr'><strong>per</strong></span> 
     </span>
    </p>
   </div>
   <div class='ocr_carea' id='block_1_18' title="bbox 1967 941 3561 1016">
    <p class='ocr_par' dir='ltr' id='par_1_18' title="bbox 1967 941 3561 1016">
     <span class='ocr_line' id='line_1_18' title="bbox 1967 941 3561 1016; baseline 0.003 -20"><span class='ocrx_word' id='word_1_121' title='bbox 1967 947 2203 998; x_wconf 89' lang='lat' dir='ltr'><strong>noctem</strong></span> <span class='ocrx_word' id='word_1_122' title='bbox 2229 951 2299 984; x_wconf 70' lang='grc' dir='ltr'><strong>⁸ου</strong></span> <span class='ocrx_word' id='word_1_123' title='bbox 2328 942 2725 1007; x_wconf 90' lang='lat' dir='ltr'><strong>continuabat,</strong></span> <span class='ocrx_word' id='word_1_124' title='bbox 2746 941 2805 996; x_wconf 89' lang='lat' dir='ltr'><strong>in</strong></span> <span class='ocrx_word' id='word_1_125' title='bbox 2838 942 3189 998; x_wconf 84' lang='lat' dir='ltr'><strong>abstinentia</strong></span> <span class='ocrx_word' id='word_1_126' title='bbox 3218 944 3561 1016; x_wconf 67' lang='lat' dir='ltr'><strong>praecipuus,</strong></span> 
     </span>
    </p>
   </div>
   <div class='ocr_carea' id='block_1_19' title="bbox 1962 1030 3576 1103">
    <p class='ocr_par' dir='ltr' id='par_1_19' title="bbox 1962 1030 3576 1103">
     <span class='ocr_line' id='line_1_19' title="bbox 1962 1030 3576 1103; baseline 0.002 -19"><span class='ocrx_word' id='word_1_127' title='bbox 1962 1030 2028 1084; x_wconf 92' lang='lat' dir='ltr'><strong>in</strong></span> <span class='ocrx_word' id='word_1_128' title='bbox 2051 1032 2316 1087; x_wconf 90' lang='lat' dir='ltr'><strong>universa</strong></span> <span class='ocrx_word' id='word_1_129' title='bbox 2358 1046 2590 1085; x_wconf 89' lang='lat' dir='ltr'><strong>morum</strong></span> <span class='ocrx_word' id='word_1_130' title='bbox 2621 1030 2907 1101; x_wconf 86' lang='lat' dir='ltr'><strong>probitate</strong></span> <span class='ocrx_word' id='word_1_131' title='bbox 2948 1039 3018 1073; x_wconf 67' lang='grc' dir='ltr'><strong>διο</strong></span> <span class='ocrx_word' id='word_1_132' title='bbox 3044 1033 3397 1103; x_wconf 55' lang='lat' dir='ltr'><strong>praeclarus]</strong></span> <span class='ocrx_word' id='word_1_133' title='bbox 3445 1034 3576 1088; x_wconf 67' lang='lat' dir='ltr'><strong>Haec</strong></span> 
     </span>
    </p>
   </div>
   <div class='ocr_carea' id='block_1_20' title="bbox 1963 1119 3573 1191">
    <p class='ocr_par' dir='ltr' id='par_1_20' title="bbox 1963 1119 3573 1191">
     <span class='ocr_line' id='line_1_20' title="bbox 1963 1119 3573 1191; baseline 0.001 -17"><span class='ocrx_word' id='word_1_134' title='bbox 1963 1123 2203 1175; x_wconf 90' lang='lat' dir='ltr'><strong>sanetur</strong></span> <span class='ocrx_word' id='word_1_135' title='bbox 2260 1120 2496 1191; x_wconf 86' lang='lat' dir='ltr'><strong>Eligius,</strong></span> <span class='ocrx_word' id='word_1_136' title='bbox 2537 1120 2626 1174; x_wconf 91' lang='lat' dir='ltr'><strong>cui</strong></span> <span class='ocrx_word' id='word_1_137' title='bbox 2672 1119 3013 1175; x_wconf 90' lang='lat' dir='ltr'><strong>commissus</strong></span> <span class='ocrx_word' id='word_1_138' title='bbox 3056 1120 3265 1187; x_wconf 84' lang='lat' dir='ltr'><strong>fuerat,</strong></span> <span class='ocrx_word' id='word_1_139' title='bbox 3309 1137 3573 1189; x_wconf 87' lang='lat' dir='ltr'><strong>cernens,</strong></span> 
     </span>
    </p>
   </div>
   <div class='ocr_carea' id='block_1_21' title="bbox 1966 1207 3575 1281">
    <p class='ocr_par' dir='ltr' id='par_1_21' title="bbox 1966 1207 3575 1281">
     <span class='ocr_line' id='line_1_21' title="bbox 1966 1207 3575 1281; baseline 0.001 -19"><span class='ocrx_word' id='word_1_140' title='bbox 1966 1210 2249 1281; x_wconf 88' lang='lat' dir='ltr'><strong>simulque</strong></span> <span class='ocrx_word' id='word_1_141' title='bbox 2271 1209 2343 1263; x_wconf 90' lang='lat' dir='ltr'><strong>ad</strong></span> <span class='ocrx_word' id='word_1_142' title='bbox 2365 1210 2412 1280; x_wconf 88' lang='lat' dir='ltr'><strong>ej</strong></span> <span class='ocrx_word' id='word_1_143' title='bbox 2425 1226 2487 1263; x_wconf 90' lang='lat' dir='ltr'><strong>us</strong></span> <span class='ocrx_word' id='word_1_144' title='bbox 2499 1209 2822 1281; x_wconf 86' lang='lat' dir='ltr'><strong>profectum</strong></span> <span class='ocrx_word' id='word_1_145' title='bbox 2837 1207 3018 1262; x_wconf 89' lang='lat' dir='ltr'><strong>animi</strong></span> <span class='ocrx_word' id='word_1_146' title='bbox 3035 1209 3575 1266; x_wconf 87' lang='lat' dir='ltr'><strong>alacritatecommi-</strong></span> 
     </span>
    </p>
   </div>
   <div class='ocr_carea' id='block_1_22' title="bbox 1966 1297 3572 1371">
    <p class='ocr_par' dir='ltr' id='par_1_22' title="bbox 1966 1297 3572 1371">
     <span class='ocr_line' id='line_1_22' title="bbox 1966 1297 3572 1371; baseline 0.001 -18"><span class='ocrx_word' id='word_1_147' title='bbox 1966 1316 2160 1371; x_wconf 87' lang='lat' dir='ltr'><strong>graus,</strong></span> <span class='ocrx_word' id='word_1_148' title='bbox 2191 1300 2408 1361; x_wconf 88' lang='lat' dir='ltr'><strong>[curam</strong></span> <span class='ocrx_word' id='word_1_149' title='bbox 2439 1297 2547 1352; x_wconf 87' lang='lat' dir='ltr'><strong>sibi</strong></span> <span class='ocrx_word' id='word_1_150' title='bbox 2573 1298 2764 1369; x_wconf 86' lang='lat' dir='ltr'><strong>gregis</strong></span> <span class='ocrx_word' id='word_1_151' title='bbox 2790 1297 3080 1352; x_wconf 88' lang='lat' dir='ltr'><strong>commissi</strong></span> <span class='ocrx_word' id='word_1_152' title='bbox 3107 1297 3186 1352; x_wconf 92' lang='lat' dir='ltr'><strong>illi</strong></span> <span class='ocrx_word' id='word_1_153' title='bbox 3208 1298 3572 1355; x_wconf 86' lang='lat' dir='ltr'><strong>committere</strong></span> 
     </span>
    </p>
   </div>
   <div class='ocr_carea' id='block_1_23' title="bbox 1965 1386 3571 1457">
    <p class='ocr_par' dir='ltr' id='par_1_23' title="bbox 1965 1386 3571 1457">
     <span class='ocr_line' id='line_1_23' title="bbox 1965 1386 3571 1457; baseline 0 -15"><span class='ocrx_word' id='word_1_154' title='bbox 1965 1405 2082 1442; x_wconf 90' lang='lat' dir='ltr'><strong>non</strong></span> <span class='ocrx_word' id='word_1_155' title='bbox 2112 1388 2334 1455; x_wconf 88' lang='lat' dir='ltr'><strong>abnuit,</strong></span> <span class='ocrx_word' id='word_1_156' title='bbox 2378 1404 2523 1442; x_wconf 89' lang='lat' dir='ltr'><strong>onus</strong></span> <span class='ocrx_word' id='word_1_157' title='bbox 2556 1390 2613 1441; x_wconf 92' lang='lat' dir='ltr'><strong>et</strong></span> <span class='ocrx_word' id='word_1_158' title='bbox 2648 1387 2793 1442; x_wconf 91' lang='lat' dir='ltr'><strong>vices</strong></span> <span class='ocrx_word' id='word_1_159' title='bbox 2825 1387 3094 1457; x_wconf 86' lang='lat' dir='ltr'><strong>repartiri</strong></span> <span class='ocrx_word' id='word_1_160' title='bbox 3123 1404 3241 1442; x_wconf 90' lang='lat' dir='ltr'><strong>non</strong></span> <span class='ocrx_word' id='word_1_161' title='bbox 3267 1386 3571 1455; x_wconf 88' lang='lat' dir='ltr'><strong>dubitavit,</strong></span> 
     </span>
    </p>
   </div>
   <div class='ocr_carea' id='block_1_24' title="bbox 1961 1476 3577 1549">
    <p class='ocr_par' dir='ltr' id='par_1_24' title="bbox 1961 1476 3577 1549">
     <span class='ocr_line' id='line_1_24' title="bbox 1961 1476 3577 1549; baseline -0.001 -18"><span class='ocrx_word' id='word_1_162' title='bbox 1961 1494 2135 1549; x_wconf 91' lang='lat' dir='ltr'><strong>seque</strong></span> <span class='ocrx_word' id='word_1_163' title='bbox 2158 1477 2386 1531; x_wconf 91' lang='lat' dir='ltr'><strong>servitio</strong></span> <span class='ocrx_word' id='word_1_164' title='bbox 2423 1476 2621 1548; x_wconf 88' lang='lat' dir='ltr'><strong>palatii</strong></span> <span class='ocrx_word' id='word_1_165' title='bbox 2643 1476 2788 1531; x_wconf 90' lang='lat' dir='ltr'><strong>sicut</strong></span> <span class='ocrx_word' id='word_1_166' title='bbox 2838 1476 3293 1549; x_wconf 85' lang='lat' dir='ltr'><strong>compellebatur</strong></span> <span class='ocrx_word' id='word_1_167' title='bbox 3319 1476 3577 1530; x_wconf 86' lang='lat' dir='ltr'><strong>reindul-</strong></span> 
     </span>
    </p>
   </div>
   <div class='ocr_carea' id='block_1_25' title="bbox 1960 1564 3575 1635">
    <p class='ocr_par' dir='ltr' id='par_1_25' title="bbox 1960 1564 3575 1635">
     <span class='ocr_line' id='line_1_25' title="bbox 1960 1564 3575 1635; baseline -0.001 -14"><span class='ocrx_word' id='word_1_168' title='bbox 1960 1567 2053 1621; x_wconf 88' lang='lat' dir='ltr'><strong>sit.</strong></span> <span class='ocrx_word' id='word_1_169' title='bbox 2087 1568 2151 1635; x_wconf 79' lang='grc' dir='ltr'><strong>(ε.</strong></span> <span class='ocrx_word' id='word_1_170' title='bbox 2185 1566 2257 1620; x_wconf 71' lang='lat'><strong>2.)</strong></span> <span class='ocrx_word' id='word_1_171' title='bbox 2292 1568 2426 1620; x_wconf 90' lang='lat' dir='ltr'><strong>Post</strong></span> <span class='ocrx_word' id='word_1_172' title='bbox 2456 1574 2524 1607; x_wconf 73' lang='lat' dir='ltr'><strong>5H</strong></span> <span class='ocrx_word' id='word_1_173' title='bbox 2560 1566 2683 1620; x_wconf 70' lang='lat' dir='ltr'><strong>base</strong></span> <span class='ocrx_word' id='word_1_174' title='bbox 2712 1565 3041 1620; x_wconf 89' lang='lat' dir='ltr'><strong>labentibus</strong></span> <span class='ocrx_word' id='word_1_175' title='bbox 3089 1580 3377 1620; x_wconf 88' lang='lat' dir='ltr'><strong>annorum</strong></span> <span class='ocrx_word' id='word_1_176' title='bbox 3400 1564 3575 1620; x_wconf 88' lang='lat' dir='ltr'><strong>curri-</strong></span> 
     </span>
    </p>
   </div>
   <div class='ocr_carea' id='block_1_26' title="bbox 1961 1652 3573 1724">
    <p class='ocr_par' dir='ltr' id='par_1_26' title="bbox 1961 1652 3573 1724">
     <span class='ocr_line' id='line_1_26' title="bbox 1961 1652 3573 1724; baseline 0.001 -17"><span class='ocrx_word' id='word_1_177' title='bbox 1961 1654 2100 1707; x_wconf 91' lang='lat' dir='ltr'><strong>culis</strong></span> <span class='ocrx_word' id='word_1_178' title='bbox 2134 1655 2403 1723; x_wconf 87' lang='lat' dir='ltr'><strong>vulgante</strong></span> <span class='ocrx_word' id='word_1_179' title='bbox 2434 1653 2592 1707; x_wconf 88' lang='lat' dir='ltr'><strong>fama</strong></span> <span class='ocrx_word' id='word_1_180' title='bbox 2618 1654 2673 1707; x_wconf 91' lang='lat' dir='ltr'><strong>in</strong></span> <span class='ocrx_word' id='word_1_181' title='bbox 2728 1653 3147 1724; x_wconf 86' lang='lat' dir='ltr'><strong>circumpositis</strong></span> <span class='ocrx_word' id='word_1_182' title='bbox 3182 1653 3374 1708; x_wconf 68' lang='lat' dir='ltr'><strong>Gallia:</strong></span> <span class='ocrx_word' id='word_1_183' title='bbox 3397 1652 3573 1708; x_wconf 85' lang='lat' dir='ltr'><strong>totius</strong></span> 
     </span>
    </p>
   </div>
   <div class='ocr_carea' id='block_1_27' title="bbox 1960 1741 3573 1814">
    <p class='ocr_par' dir='ltr' id='par_1_27' title="bbox 1960 1741 3573 1814">
     <span class='ocr_line' id='line_1_27' title="bbox 1960 1741 3573 1814; baseline 0.002 -20"><span class='ocrx_word' id='word_1_184' title='bbox 1960 1741 2289 1813; x_wconf 88' lang='lat' dir='ltr'><strong>provinciis,</strong></span> <span class='ocrx_word' id='word_1_185' title='bbox 2325 1741 2590 1795; x_wconf 91' lang='lat' dir='ltr'><strong>anditum</strong></span> <span class='ocrx_word' id='word_1_186' title='bbox 2619 1744 2703 1795; x_wconf 87' lang='lat' dir='ltr'><strong>est</strong></span> <span class='ocrx_word' id='word_1_187' title='bbox 2732 1742 2986 1814; x_wconf 88' lang='lat' dir='ltr'><strong>undique</strong></span> <span class='ocrx_word' id='word_1_188' title='bbox 3017 1742 3088 1797; x_wconf 93' lang='lat' dir='ltr'><strong>de</strong></span> <span class='ocrx_word' id='word_1_189' title='bbox 3112 1743 3226 1797; x_wconf 83' lang='lat' dir='ltr'><strong>vita</strong></span> <span class='ocrx_word' id='word_1_190' title='bbox 3269 1744 3328 1797; x_wconf 89' lang='lat' dir='ltr'><strong>et</strong></span> <span class='ocrx_word' id='word_1_191' title='bbox 3353 1742 3573 1797; x_wconf 87' lang='lat' dir='ltr'><strong>actibus</strong></span> 
     </span>
    </p>
   </div>
   <div class='ocr_carea' id='block_1_28' title="bbox 222 1828 3564 1903">
    <p class='ocr_par' dir='ltr' id='par_1_28' title="bbox 222 1828 3564 1903">
     <span class='ocr_line' id='line_1_28' title="bbox 222 1828 3564 1903; baseline -0.001 -15"><span class='ocrx_word' id='word_1_192' title='bbox 222 1833 752 1903; x_wconf 85' lang='lat' dir='ltr'><strong>Burdegalensium</strong></span> <span class='ocrx_word' id='word_1_193' title='bbox 767 1830 1183 1901; x_wconf 90' lang='lat' dir='ltr'><strong>titulissemper</strong></span> <span class='ocrx_word' id='word_1_194' title='bbox 1198 1846 1552 1900; x_wconf 89' lang='lat' dir='ltr'><strong>magnorum</strong></span> <span class='ocrx_word' id='word_1_195' title='bbox 1579 1828 1854 1900; x_wconf 86' lang='lat' dir='ltr'><strong>insignita</strong></span> <span class='ocrx_word' id='word_1_196' title='bbox 1890 1902 1905 1903; x_wconf 18' lang='grc' dir='ltr'>ί</span> <span class='ocrx_word' id='word_1_197' title='bbox 1955 1830 2136 1883; x_wconf 64' lang='lat' dir='ltr'><strong>san-uti</strong></span> <span class='ocrx_word' id='word_1_198' title='bbox 2168 1830 2370 1884; x_wconf 87' lang='lat' dir='ltr'><strong>viri.Et</strong></span> <span class='ocrx_word' id='word_1_199' title='bbox 2413 1846 2578 1884; x_wconf 89' lang='lat' dir='ltr'><strong>aures</strong></span> <span class='ocrx_word' id='word_1_200' title='bbox 2622 1846 2951 1900; x_wconf 91' lang='lat' dir='ltr'><strong>procerum,</strong></span> <span class='ocrx_word' id='word_1_201' title='bbox 2976 1830 3073 1902; x_wconf 92' lang='lat' dir='ltr'><strong>qui</strong></span> <span class='ocrx_word' id='word_1_202' title='bbox 3116 1834 3254 1885; x_wconf 87' lang='lat' dir='ltr'><strong>tunc</strong></span> <span class='ocrx_word' id='word_1_203' title='bbox 3292 1830 3564 1902; x_wconf 80' lang='lat' dir='ltr'><strong>palatinis</strong></span> 
     </span>
    </p>
   </div>
   <div class='ocr_carea' id='block_1_29' title="bbox 219 1902 3561 1991">
    <p class='ocr_par' dir='ltr' id='par_1_29' title="bbox 219 1902 3561 1991">
     <span class='ocr_line' id='line_1_29' title="bbox 219 1902 3561 1991; baseline -0.001 -14"><span class='ocrx_word' id='word_1_204' title='bbox 219 1902 700 1989; x_wconf 76' lang='lat' dir='ltr'><strong>vi&#39;roruin,altera</strong></span> <span class='ocrx_word' id='word_1_205' title='bbox 716 1919 1125 1975; x_wconf 87' lang='lat' dir='ltr'><strong>estBituricum</strong></span> <span class='ocrx_word' id='word_1_206' title='bbox 1144 1918 1486 1973; x_wconf 87' lang='lat' dir='ltr'><strong>habensbac</strong></span> <span class='ocrx_word' id='word_1_207' title='bbox 1505 1921 1851 1988; x_wconf 85' lang='lat' dir='ltr'><strong>tempestate</strong></span> <span class='ocrx_word' id='word_1_208' title='bbox 1885 1902 1936 1961; x_wconf 84' lang='grc' dir='ltr'>Β</span> <span class='ocrx_word' id='word_1_209' title='bbox 1956 1919 2335 1990; x_wconf 86' lang='lat' dir='ltr'><strong>invigilabant</strong></span> <span class='ocrx_word' id='word_1_210' title='bbox 2393 1918 2562 1985; x_wconf 88' lang='lat' dir='ltr'><strong>curis,</strong></span> <span class='ocrx_word' id='word_1_211' title='bbox 2592 1920 2917 1989; x_wconf 84' lang='lat' dir='ltr'><strong>penetravit</strong></span> <span class='ocrx_word' id='word_1_212' title='bbox 2945 1928 3014 1961; x_wconf 65' lang='grc' dir='ltr'><strong>δι’</strong></span> <span class='ocrx_word' id='word_1_213' title='bbox 3040 1923 3337 1991; x_wconf 88' lang='lat' dir='ltr'><strong>gestorum</strong></span> <span class='ocrx_word' id='word_1_214' title='bbox 3358 1935 3561 1974; x_wconf 90' lang='lat' dir='ltr'><strong>eorum</strong></span> 
     </span>
    </p>
   </div>
   <div class='ocr_carea' id='block_1_30' title="bbox 217 2006 1846 2080">
    <p class='ocr_par' dir='ltr' id='par_1_30' title="bbox 217 2006 1846 2080">
     <span class='ocr_line' id='line_1_30' title="bbox 217 2006 1846 2080; baseline -0.003 -14"><span class='ocrx_word' id='word_1_215' title='bbox 217 2015 495 2066; x_wconf 85' lang='lat' dir='ltr'><strong>sanctum</strong></span> <span class='ocrx_word' id='word_1_216' title='bbox 527 2008 953 2080; x_wconf 77' lang='lat' dir='ltr'><strong>Austrigisilum</strong></span> <span class='ocrx_word' id='word_1_217' title='bbox 996 2006 1491 2077; x_wconf 89' lang='lat' dir='ltr'><strong>archiepise0pum</strong></span> <span class='ocrx_word' id='word_1_218' title='bbox 1522 2010 1579 2061; x_wconf 91' lang='lat' dir='ltr'><strong>et</strong></span> <span class='ocrx_word' id='word_1_219' title='bbox 1609 2007 1846 2061; x_wconf 88' lang='lat' dir='ltr'><strong>beatum</strong></span> 
     </span>
    </p>
   </div>
   <div class='ocr_carea' id='block_1_31' title="bbox 217 2096 1853 2171">
    <p class='ocr_par' dir='ltr' id='par_1_31' title="bbox 217 2096 1853 2171">
     <span class='ocr_line' id='line_1_31' title="bbox 217 2096 1853 2171; baseline -0.004 -16"><span class='ocrx_word' id='word_1_220' title='bbox 217 2100 551 2171; x_wconf 90' lang='lat' dir='ltr'><strong>Sulpicium</strong></span> <span class='ocrx_word' id='word_1_221' title='bbox 580 2097 1049 2152; x_wconf 89' lang='lat' dir='ltr'><strong>archidiaconum</strong></span> <span class='ocrx_word' id='word_1_222' title='bbox 1072 2096 1131 2150; x_wconf 90' lang='lat' dir='ltr'><strong>in</strong></span> <span class='ocrx_word' id='word_1_223' title='bbox 1143 2096 1300 2151; x_wconf 88' lang='lat' dir='ltr'><strong>brevi</strong></span> <span class='ocrx_word' id='word_1_224' title='bbox 1320 2100 1448 2167; x_wconf 90' lang='lat' dir='ltr'><strong>post</strong></span> <span class='ocrx_word' id='word_1_225' title='bbox 1467 2112 1601 2150; x_wconf 91' lang='lat' dir='ltr'><strong>eum</strong></span> <span class='ocrx_word' id='word_1_226' title='bbox 1622 2096 1853 2167; x_wconf 80' lang='lat' dir='ltr'><strong>pontifi-</strong></span> 
     </span>
    </p>
   </div>
   <div class='ocr_carea' id='block_1_32' title="bbox 216 2185 1851 2258">
    <p class='ocr_par' dir='ltr' id='par_1_32' title="bbox 216 2185 1851 2258">
     <span class='ocr_line' id='line_1_32' title="bbox 216 2185 1851 2258; baseline -0.003 -14"><span class='ocrx_word' id='word_1_227' title='bbox 216 2189 337 2243; x_wconf 88' lang='lat' dir='ltr'><strong>cali</strong></span> <span class='ocrx_word' id='word_1_228' title='bbox 366 2188 521 2258; x_wconf 84' lang='lat'><strong>(329)</strong></span> <span class='ocrx_word' id='word_1_229' title='bbox 547 2188 771 2241; x_wconf 89' lang='lat' dir='ltr'><strong>honore</strong></span> <span class='ocrx_word' id='word_1_230' title='bbox 802 2187 1102 2240; x_wconf 89' lang='lat' dir='ltr'><strong>donatum.</strong></span> <span class='ocrx_word' id='word_1_231' title='bbox 1137 2187 1200 2239; x_wconf 89' lang='lat' dir='ltr'><strong>lu</strong></span> <span class='ocrx_word' id='word_1_232' title='bbox 1239 2202 1486 2257; x_wconf 88' lang='lat' dir='ltr'><strong>quorum</strong></span> <span class='ocrx_word' id='word_1_233' title='bbox 1543 2185 1851 2256; x_wconf 87' lang='lat' dir='ltr'><strong>parrochia</strong></span> 
     </span>
    </p>
   </div>
   <div class='ocr_carea' id='block_1_33' title="bbox 213 2274 1849 2344">
    <p class='ocr_par' dir='ltr' id='par_1_33' title="bbox 213 2274 1849 2344">
     <span class='ocr_line' id='line_1_33' title="bbox 213 2274 1849 2344; baseline -0.002 -13"><span class='ocrx_word' id='word_1_234' title='bbox 213 2277 432 2332; x_wconf 87' lang='lat' dir='ltr'><strong>beatus</strong></span> <span class='ocrx_word' id='word_1_235' title='bbox 462 2276 645 2331; x_wconf 88' lang='lat' dir='ltr'><strong>isdem</strong></span> <span class='ocrx_word' id='word_1_236' title='bbox 680 2276 877 2330; x_wconf 91' lang='lat' dir='ltr'><strong>diebus</strong></span> <span class='ocrx_word' id='word_1_237' title='bbox 923 2275 1223 2330; x_wconf 83' lang='lat' dir='ltr'><strong>Bemaelus</strong></span> <span class='ocrx_word' id='word_1_238' title='bbox 1250 2274 1576 2329; x_wconf 82' lang='lat' dir='ltr'><strong>felicissime</strong></span> <span class='ocrx_word' id='word_1_239' title='bbox 1608 2274 1849 2344; x_wconf 89' lang='lat' dir='ltr'><strong>sumpsit</strong></span> 
     </span>
    </p>
   </div>
   <div class='ocr_carea' id='block_1_34' title="bbox 219 2363 1849 2436">
    <p class='ocr_par' dir='ltr' id='par_1_34' title="bbox 219 2363 1849 2436">
     <span class='ocr_line' id='line_1_34' title="bbox 219 2363 1849 2436; baseline -0.002 -15"><span class='ocrx_word' id='word_1_240' title='bbox 219 2365 544 2422; x_wconf 79' lang='lat' dir='ltr'><strong>nativitatis</strong></span> <span class='ocrx_word' id='word_1_241' title='bbox 575 2365 826 2431; x_wconf 88' lang='lat' dir='ltr'><strong>exordia,</strong></span> <span class='ocrx_word' id='word_1_242' title='bbox 852 2368 1041 2436; x_wconf 84' lang='lat' dir='ltr'><strong>[pater</strong></span> <span class='ocrx_word' id='word_1_243' title='bbox 1082 2363 1202 2433; x_wconf 84' lang='lat' dir='ltr'><strong>ejus</strong></span> <span class='ocrx_word' id='word_1_244' title='bbox 1231 2364 1519 2431; x_wconf 81' lang='lat' dir='ltr'><strong>Albucius,</strong></span> <span class='ocrx_word' id='word_1_245' title='bbox 1548 2366 1737 2419; x_wconf 85' lang='lat' dir='ltr'><strong>mater</strong></span> <span class='ocrx_word' id='word_1_246' title='bbox 1764 2366 1849 2418; x_wconf 90' lang='lat' dir='ltr'><strong>est</strong></span> 
     </span>
    </p>
   </div>
   <div class='ocr_carea' id='block_1_35' title="bbox 214 2451 1846 2524">
    <p class='ocr_par' dir='ltr' id='par_1_35' title="bbox 214 2451 1846 2524">
     <span class='ocr_line' id='line_1_35' title="bbox 214 2451 1846 2524; baseline -0.002 -15"><span class='ocrx_word' id='word_1_247' title='bbox 214 2451 718 2511; x_wconf 83' lang='lat' dir='ltr'><strong>vocataMatrinia.</strong></span> <span class='ocrx_word' id='word_1_248' title='bbox 747 2452 932 2506; x_wconf 85' lang='lat' dir='ltr'><strong>Ambo</strong></span> <span class='ocrx_word' id='word_1_249' title='bbox 955 2452 1265 2506; x_wconf 90' lang='lat' dir='ltr'><strong>secundum</strong></span> <span class='ocrx_word' id='word_1_250' title='bbox 1298 2452 1470 2506; x_wconf 88' lang='lat' dir='ltr'><strong>seculi</strong></span> <span class='ocrx_word' id='word_1_251' title='bbox 1500 2451 1846 2524; x_wconf 88' lang='lat' dir='ltr'><strong>dignitatem</strong></span> 
     </span>
    </p>
   </div>
   <div class='ocr_carea' id='block_1_36' title="bbox 220 2540 1844 2614">
    <p class='ocr_par' dir='ltr' id='par_1_36' title="bbox 220 2540 1844 2614">
     <span class='ocr_line' id='line_1_36' title="bbox 220 2540 1844 2614; baseline -0.001 -17"><span class='ocrx_word' id='word_1_252' title='bbox 220 2541 745 2614; x_wconf 73' lang='lat' dir='ltr'><strong>divieiis&#39;pollentes</strong></span> <span class='ocrx_word' id='word_1_253' title='bbox 766 2549 856 2607; x_wconf 71' lang='grc' dir='ltr'><strong>δοί,</strong></span> <span class='ocrx_word' id='word_1_254' title='bbox 876 2543 1073 2611; x_wconf 90' lang='lat' dir='ltr'><strong>utpote</strong></span> <span class='ocrx_word' id='word_1_255' title='bbox 1086 2541 1312 2612; x_wconf 88' lang='lat' dir='ltr'><strong>generis</strong></span> <span class='ocrx_word' id='word_1_256' title='bbox 1329 2540 1632 2595; x_wconf 89' lang='lat' dir='ltr'><strong>nobilitate</strong></span> <span class='ocrx_word' id='word_1_257' title='bbox 1649 2542 1844 2595; x_wconf 88' lang='lat' dir='ltr'><strong>cluen-</strong></span> 
     </span>
    </p>
   </div>
   <div class='ocr_carea' id='block_1_37' title="bbox 220 2628 1845 2702">
    <p class='ocr_par' dir='ltr' id='par_1_37' title="bbox 220 2628 1845 2702">
     <span class='ocr_line' id='line_1_37' title="bbox 220 2628 1845 2702; baseline -0.002 -17"><span class='ocrx_word' id='word_1_258' title='bbox 220 2634 336 2698; x_wconf 87' lang='lat' dir='ltr'><strong>tes,</strong></span> <span class='ocrx_word' id='word_1_259' title='bbox 360 2631 517 2684; x_wconf 90' lang='lat' dir='ltr'><strong>velut</strong></span> <span class='ocrx_word' id='word_1_260' title='bbox 562 2628 796 2684; x_wconf 85' lang='lat' dir='ltr'><strong>traditio</strong></span> <span class='ocrx_word' id='word_1_261' title='bbox 848 2644 1197 2700; x_wconf 89' lang='lat' dir='ltr'><strong>magnarum</strong></span> <span class='ocrx_word' id='word_1_262' title='bbox 1248 2628 1671 2702; x_wconf 87' lang='lat' dir='ltr'><strong>posscssionum</strong></span> <span class='ocrx_word' id='word_1_263' title='bbox 1724 2629 1845 2699; x_wconf 88' lang='lat' dir='ltr'><strong>ejus</strong></span> 
     </span>
    </p>
   </div>
   <div class='ocr_carea' id='block_1_38' title="bbox 217 2716 1842 2790">
    <p class='ocr_par' dir='ltr' id='par_1_38' title="bbox 217 2716 1842 2790">
     <span class='ocr_line' id='line_1_38' title="bbox 217 2716 1842 2790; baseline -0.003 -15"><span class='ocrx_word' id='word_1_264' title='bbox 217 2724 349 2775; x_wconf 87' lang='lat' dir='ltr'><strong>tam</strong></span> <span class='ocrx_word' id='word_1_265' title='bbox 360 2717 682 2790; x_wconf 88' lang='lat' dir='ltr'><strong>Tungrensi</strong></span> <span class='ocrx_word' id='word_1_266' title='bbox 696 2718 964 2773; x_wconf 62' lang='lat' dir='ltr'><strong>aacclesize</strong></span> <span class='ocrx_word' id='word_1_267' title='bbox 986 2734 1159 2789; x_wconf 91' lang='lat' dir='ltr'><strong>quam</strong></span> <span class='ocrx_word' id='word_1_268' title='bbox 1176 2721 1370 2771; x_wconf 88' lang='lat' dir='ltr'><strong>nostro</strong></span> <span class='ocrx_word' id='word_1_269' title='bbox 1390 2716 1743 2773; x_wconf 88' lang='lat' dir='ltr'><strong>monasterio</strong></span> <span class='ocrx_word' id='word_1_270' title='bbox 1771 2725 1842 2759; x_wconf 68' lang='lat'><strong>503</strong></span> 
     </span>
    </p>
   </div>
   <div class='ocr_carea' id='block_1_39' title="bbox 215 2806 1839 2879">
    <p class='ocr_par' dir='ltr' id='par_1_39' title="bbox 215 2806 1839 2879">
     <span class='ocr_line' id='line_1_39' title="bbox 215 2806 1839 2879; baseline -0.001 -16"><span class='ocrx_word' id='word_1_271' title='bbox 215 2810 382 2877; x_wconf 80' lang='lat' dir='ltr'><strong>(Vita</strong></span> <span class='ocrx_word' id='word_1_272' title='bbox 412 2808 475 2864; x_wconf 90' lang='lat' dir='ltr'><strong>S.</strong></span> <span class='ocrx_word' id='word_1_273' title='bbox 500 2808 758 2873; x_wconf 81' lang='lat' dir='ltr'><strong>Remacli,</strong></span> <span class='ocrx_word' id='word_1_274' title='bbox 795 2824 842 2862; x_wconf 90' lang='lat' dir='ltr'><strong>c.</strong></span> <span class='ocrx_word' id='word_1_275' title='bbox 880 2807 930 2878; x_wconf 87' lang='lat'><strong>1)</strong></span> <span class='ocrx_word' id='word_1_276' title='bbox 962 2807 1174 2875; x_wconf 88' lang='lat' dir='ltr'><strong>]facta,</strong></span> <span class='ocrx_word' id='word_1_277' title='bbox 1195 2808 1281 2861; x_wconf 90' lang='lat' dir='ltr'><strong>vel</strong></span> <span class='ocrx_word' id='word_1_278' title='bbox 1306 2806 1519 2877; x_wconf 89' lang='lat' dir='ltr'><strong>abipso</strong></span> <span class='ocrx_word' id='word_1_279' title='bbox 1538 2808 1620 2862; x_wconf 89' lang='lat' dir='ltr'><strong>vel</strong></span> <span class='ocrx_word' id='word_1_280' title='bbox 1649 2824 1681 2862; x_wconf 90' lang='lat' dir='ltr'><strong>a</strong></span> <span class='ocrx_word' id='word_1_281' title='bbox 1707 2824 1839 2879; x_wconf 89' lang='lat' dir='ltr'><strong>pro-</strong></span> 
     </span>
    </p>
   </div>
   <div class='ocr_carea' id='block_1_40' title="bbox 214 2895 1839 2968">
    <p class='ocr_par' dir='ltr' id='par_1_40' title="bbox 214 2895 1839 2968">
     <span class='ocr_line' id='line_1_40' title="bbox 214 2895 1839 2968; baseline -0.001 -16"><span class='ocrx_word' id='word_1_282' title='bbox 214 2896 539 2952; x_wconf 85' lang='lat' dir='ltr'><strong>heredibus</strong></span> <span class='ocrx_word' id='word_1_283' title='bbox 565 2896 614 2968; x_wconf 90' lang='lat' dir='ltr'><strong>ej</strong></span> <span class='ocrx_word' id='word_1_284' title='bbox 626 2914 707 2963; x_wconf 92' lang='lat' dir='ltr'><strong>us,</strong></span> <span class='ocrx_word' id='word_1_285' title='bbox 739 2896 823 2950; x_wconf 92' lang='lat' dir='ltr'><strong>vel</strong></span> <span class='ocrx_word' id='word_1_286' title='bbox 845 2896 1021 2951; x_wconf 86' lang='lat' dir='ltr'><strong>etiam</strong></span> <span class='ocrx_word' id='word_1_287' title='bbox 1054 2912 1088 2949; x_wconf 89' lang='lat' dir='ltr'><strong>a</strong></span> <span class='ocrx_word' id='word_1_288' title='bbox 1114 2896 1275 2966; x_wconf 91' lang='lat' dir='ltr'><strong>regia</strong></span> <span class='ocrx_word' id='word_1_289' title='bbox 1296 2895 1839 2962; x_wconf 86' lang='lat' dir='ltr'><strong>sublimitate,testa-</strong></span> 
     </span>
    </p>
   </div>
   <div class='ocr_carea' id='block_1_41' title="bbox 216 2984 1839 3056">
    <p class='ocr_par' dir='ltr' id='par_1_41' title="bbox 216 2984 1839 3056">
     <span class='ocr_line' id='line_1_41' title="bbox 216 2984 1839 3056; baseline -0.001 -16"><span class='ocrx_word' id='word_1_290' title='bbox 216 2986 514 3040; x_wconf 87' lang='lat' dir='ltr'><strong>tur.Multa</strong></span> <span class='ocrx_word' id='word_1_291' title='bbox 536 2984 752 3039; x_wconf 89' lang='lat' dir='ltr'><strong>etenim</strong></span> <span class='ocrx_word' id='word_1_292' title='bbox 771 2985 980 3056; x_wconf 89' lang='lat' dir='ltr'><strong>scripta</strong></span> <span class='ocrx_word' id='word_1_293' title='bbox 1001 3001 1068 3039; x_wconf 87' lang='lat' dir='ltr'><strong>ex</strong></span> <span class='ocrx_word' id='word_1_294' title='bbox 1099 2984 1317 3039; x_wconf 88' lang='lat' dir='ltr'><strong>eisdem</strong></span> <span class='ocrx_word' id='word_1_295' title='bbox 1340 2984 1510 3039; x_wconf 90' lang='lat' dir='ltr'><strong>rebus</strong></span> <span class='ocrx_word' id='word_1_296' title='bbox 1527 3000 1631 3055; x_wconf 90' lang='lat' dir='ltr'><strong>per</strong></span> <span class='ocrx_word' id='word_1_297' title='bbox 1656 2985 1839 3038; x_wconf 85' lang='lat' dir='ltr'><strong>multa</strong></span> 
     </span>
    </p>
   </div>
   <div class='ocr_carea' id='block_1_42' title="bbox 215 3073 1838 3144">
    <p class='ocr_par' dir='ltr' id='par_1_42' title="bbox 215 3073 1838 3144">
     <span class='ocr_line' id='line_1_42' title="bbox 215 3073 1838 3144; baseline -0.001 -16"><span class='ocrx_word' id='word_1_298' title='bbox 215 3090 513 3129; x_wconf 87' lang='lat' dir='ltr'><strong>annorum</strong></span> <span class='ocrx_word' id='word_1_299' title='bbox 550 3073 829 3128; x_wconf 89' lang='lat' dir='ltr'><strong>curricula</strong></span> <span class='ocrx_word' id='word_1_300' title='bbox 859 3090 892 3127; x_wconf 89' lang='lat' dir='ltr'><strong>a</strong></span> <span class='ocrx_word' id='word_1_301' title='bbox 919 3073 1084 3128; x_wconf 91' lang='lat' dir='ltr'><strong>nobis</strong></span> <span class='ocrx_word' id='word_1_302' title='bbox 1109 3073 1396 3144; x_wconf 90' lang='lat' dir='ltr'><strong>possessis,</strong></span> <span class='ocrx_word' id='word_1_303' title='bbox 1431 3073 1492 3127; x_wconf 90' lang='lat' dir='ltr'><strong>in</strong></span> <span class='ocrx_word' id='word_1_304' title='bbox 1551 3075 1838 3127; x_wconf 86' lang='lat' dir='ltr'><strong>utrarum-</strong></span> 
     </span>
    </p>
   </div>
   <div class='ocr_carea' id='block_1_43' title="bbox 230 3161 1618 3235">
    <p class='ocr_par' dir='ltr' id='par_1_43' title="bbox 230 3161 1618 3235">
     <span class='ocr_line' id='line_1_43' title="bbox 230 3161 1618 3235; baseline -0.001 -19"><span class='ocrx_word' id='word_1_305' title='bbox 230 3178 346 3235; x_wconf 89' lang='lat' dir='ltr'><strong>que</strong></span> <span class='ocrx_word' id='word_1_306' title='bbox 373 3162 762 3217; x_wconf 69' lang='lat' dir='ltr'><strong>aacclesiarum</strong></span> <span class='ocrx_word' id='word_1_307' title='bbox 788 3162 973 3218; x_wconf 80' lang='lat' dir='ltr'><strong>adhuc</strong></span> <span class='ocrx_word' id='word_1_308' title='bbox 1003 3163 1331 3217; x_wconf 90' lang='lat' dir='ltr'><strong>retinentur</strong></span> <span class='ocrx_word' id='word_1_309' title='bbox 1357 3161 1618 3217; x_wconf 91' lang='lat' dir='ltr'><strong>archivis.</strong></span> 
     </span>
    </p>
   </div>
   <div class='ocr_carea' id='block_1_44' title="bbox 1956 2007 3567 2080">
    <p class='ocr_par' dir='ltr' id='par_1_44' title="bbox 1956 2007 3567 2080">
     <span class='ocr_line' id='line_1_44' title="bbox 1956 2007 3567 2080; baseline -0.001 -17"><span class='ocrx_word' id='word_1_310' title='bbox 1956 2010 2174 2079; x_wconf 85' lang='lat' dir='ltr'><strong>opinio,</strong></span> <span class='ocrx_word' id='word_1_311' title='bbox 2207 2009 2363 2079; x_wconf 87' lang='lat' dir='ltr'><strong>quod</strong></span> <span class='ocrx_word' id='word_1_312' title='bbox 2388 2007 2599 2062; x_wconf 89' lang='lat' dir='ltr'><strong>scilicet</strong></span> <span class='ocrx_word' id='word_1_313' title='bbox 2631 2008 2757 2063; x_wconf 90' lang='lat' dir='ltr'><strong>talis</strong></span> <span class='ocrx_word' id='word_1_314' title='bbox 2787 2025 2853 2063; x_wconf 91' lang='lat' dir='ltr'><strong>ac</strong></span> <span class='ocrx_word' id='word_1_315' title='bbox 2884 2011 3079 2062; x_wconf 88' lang='lat' dir='ltr'><strong>tantus</strong></span> <span class='ocrx_word' id='word_1_316' title='bbox 3109 2009 3396 2080; x_wconf 88' lang='lat' dir='ltr'><strong>pullulans</strong></span> <span class='ocrx_word' id='word_1_317' title='bbox 3442 2008 3567 2079; x_wconf 89' lang='lat' dir='ltr'><strong>pal-</strong></span> 
     </span>
    </p>
   </div>
   <div class='ocr_carea' id='block_1_45' title="bbox 1955 2096 3564 2168">
    <p class='ocr_par' dir='ltr' id='par_1_45' title="bbox 1955 2096 3564 2168">
     <span class='ocr_line' id='line_1_45' title="bbox 1955 2096 3564 2168; baseline -0.001 -16"><span class='ocrx_word' id='word_1_318' title='bbox 1955 2115 2077 2153; x_wconf 91' lang='lat' dir='ltr'><strong>mes</strong></span> <span class='ocrx_word' id='word_1_319' title='bbox 2096 2098 2221 2153; x_wconf 91' lang='lat' dir='ltr'><strong>vitis</strong></span> <span class='ocrx_word' id='word_1_320' title='bbox 2241 2114 2485 2153; x_wconf 70' lang='lat' dir='ltr'><strong>summa:</strong></span> <span class='ocrx_word' id='word_1_321' title='bbox 2506 2098 2885 2168; x_wconf 89' lang='lat' dir='ltr'><strong>responderet</strong></span> <span class='ocrx_word' id='word_1_322' title='bbox 2905 2098 3213 2168; x_wconf 74' lang='lat' dir='ltr'><strong>plantaria.</strong></span> <span class='ocrx_word' id='word_1_323' title='bbox 3232 2098 3359 2152; x_wconf 85' lang='lat' dir='ltr'><strong>Non</strong></span> <span class='ocrx_word' id='word_1_324' title='bbox 3373 2096 3564 2168; x_wconf 88' lang='lat' dir='ltr'><strong>potuit</strong></span> 
     </span>
    </p>
   </div>
   <div class='ocr_carea' id='block_1_46' title="bbox 1952 2186 3562 2257">
    <p class='ocr_par' dir='ltr' id='par_1_46' title="bbox 1952 2186 3562 2257">
     <span class='ocr_line' id='line_1_46' title="bbox 1952 2186 3562 2257; baseline 0.001 -16"><span class='ocrx_word' id='word_1_325' title='bbox 1952 2187 2262 2257; x_wconf 86' lang='lat' dir='ltr'><strong>ordinante</strong></span> <span class='ocrx_word' id='word_1_326' title='bbox 2287 2186 2576 2240; x_wconf 86' lang='lat' dir='ltr'><strong>Altissimo</strong></span> <span class='ocrx_word' id='word_1_327' title='bbox 2598 2186 2834 2241; x_wconf 88' lang='lat' dir='ltr'><strong>lucerna</strong></span> <span class='ocrx_word' id='word_1_328' title='bbox 2853 2186 3059 2242; x_wconf 70' lang='lat' dir='ltr'><strong>divina:</strong></span> <span class='ocrx_word' id='word_1_329' title='bbox 3092 2202 3334 2241; x_wconf 83' lang='lat' dir='ltr'><strong>accensa</strong></span> <span class='ocrx_word' id='word_1_330' title='bbox 3358 2186 3562 2257; x_wconf 67' lang='lat' dir='ltr'><strong>gratias</strong></span> 
     </span>
    </p>
   </div>
   <div class='ocr_carea' id='block_1_47' title="bbox 1952 2275 3554 2350">
    <p class='ocr_par' dir='ltr' id='par_1_47' title="bbox 1952 2275 3554 2350">
     <span class='ocr_line' id='line_1_47' title="bbox 1952 2275 3554 2350; baseline 0.001 -20"><span class='ocrx_word' id='word_1_331' title='bbox 1952 2276 2172 2346; x_wconf 86' lang='lat' dir='ltr'><strong>spiculo</strong></span> <span class='ocrx_word' id='word_1_332' title='bbox 2199 2277 2302 2331; x_wconf 88' lang='lat' dir='ltr'><strong>sub</strong></span> <span class='ocrx_word' id='word_1_333' title='bbox 2324 2276 2571 2350; x_wconf 76' lang='lat' dir='ltr'><strong>propriae</strong></span> <span class='ocrx_word' id='word_1_334' title='bbox 2586 2275 3064 2331; x_wconf 86' lang='lat' dir='ltr'><strong>eonsiderationis</strong></span> <span class='ocrx_word' id='word_1_335' title='bbox 3086 2275 3317 2348; x_wconf 90' lang='lat' dir='ltr'><strong>contegi</strong></span> <span class='ocrx_word' id='word_1_336' title='bbox 3335 2276 3554 2343; x_wconf 89' lang='lat' dir='ltr'><strong>modio,</strong></span> 
     </span>
    </p>
   </div>
   <div class='ocr_carea' id='block_1_48' title="bbox 1952 2364 3550 2438">
    <p class='ocr_par' dir='ltr' id='par_1_48' title="bbox 1952 2364 3550 2438">
     <span class='ocr_line' id='line_1_48' title="bbox 1952 2364 3550 2438; baseline 0.002 -20"><span class='ocrx_word' id='word_1_337' title='bbox 1952 2366 2051 2419; x_wconf 89' lang='lat' dir='ltr'><strong>sed</strong></span> <span class='ocrx_word' id='word_1_338' title='bbox 2078 2367 2141 2418; x_wconf 90' lang='lat' dir='ltr'><strong>ut</strong></span> <span class='ocrx_word' id='word_1_339' title='bbox 2172 2366 2642 2438; x_wconf 89' lang='lat' dir='ltr'><strong>supplementum</strong></span> <span class='ocrx_word' id='word_1_340' title='bbox 2674 2365 2840 2420; x_wconf 81' lang='lat' dir='ltr'><strong>fieret</strong></span> <span class='ocrx_word' id='word_1_341' title='bbox 2869 2364 3120 2420; x_wconf 90' lang='lat' dir='ltr'><strong>desiduis</strong></span> <span class='ocrx_word' id='word_1_342' title='bbox 3164 2365 3224 2419; x_wconf 89' lang='lat' dir='ltr'><strong>in</strong></span> <span class='ocrx_word' id='word_1_343' title='bbox 3249 2364 3361 2420; x_wconf 79' lang='lat' dir='ltr'><strong>fide</strong></span> <span class='ocrx_word' id='word_1_344' title='bbox 3416 2381 3550 2436; x_wconf 88' lang='lat' dir='ltr'><strong>pro-</strong></span> 
     </span>
    </p>
   </div>
   <div class='ocr_carea' id='block_1_49' title="bbox 1951 2453 3557 2527">
    <p class='ocr_par' dir='ltr' id='par_1_49' title="bbox 1951 2453 3557 2527">
     <span class='ocr_line' id='line_1_49' title="bbox 1951 2453 3557 2527; baseline -0.001 -18"><span class='ocrx_word' id='word_1_345' title='bbox 1951 2454 2137 2525; x_wconf 85' lang='lat' dir='ltr'><strong>posito</strong></span> <span class='ocrx_word' id='word_1_346' title='bbox 2168 2454 2393 2508; x_wconf 91' lang='lat' dir='ltr'><strong>lichnus</strong></span> <span class='ocrx_word' id='word_1_347' title='bbox 2414 2455 2825 2527; x_wconf 89' lang='lat' dir='ltr'><strong>superponitur</strong></span> <span class='ocrx_word' id='word_1_348' title='bbox 2849 2454 3197 2510; x_wconf 89' lang='lat' dir='ltr'><strong>candelabro</strong></span> <span class='ocrx_word' id='word_1_349' title='bbox 3248 2462 3340 2509; x_wconf 73' lang='grc' dir='ltr'><strong>είι.</strong></span> <span class='ocrx_word' id='word_1_350' title='bbox 3377 2453 3557 2526; x_wconf 85' lang='lat' dir='ltr'><strong>Igitur</strong></span> 
     </span>
    </p>
   </div>
   <div class='ocr_carea' id='block_1_50' title="bbox 1951 2542 3559 2615">
    <p class='ocr_par' dir='ltr' id='par_1_50' title="bbox 1951 2542 3559 2615">
     <span class='ocr_line' id='line_1_50' title="bbox 1951 2542 3559 2615; baseline 0.001 -18"><span class='ocrx_word' id='word_1_351' title='bbox 1951 2544 2385 2615; x_wconf 86' lang='lat' dir='ltr'><strong>promulgatum</strong></span> <span class='ocrx_word' id='word_1_352' title='bbox 2409 2547 2493 2598; x_wconf 89' lang='lat' dir='ltr'><strong>est</strong></span> <span class='ocrx_word' id='word_1_353' title='bbox 2524 2544 2581 2598; x_wconf 88' lang='lat' dir='ltr'><strong>in</strong></span> <span class='ocrx_word' id='word_1_354' title='bbox 2614 2545 2745 2598; x_wconf 90' lang='lat' dir='ltr'><strong>aula</strong></span> <span class='ocrx_word' id='word_1_355' title='bbox 2769 2543 2949 2615; x_wconf 89' lang='lat' dir='ltr'><strong>regali</strong></span> <span class='ocrx_word' id='word_1_356' title='bbox 2972 2545 3203 2597; x_wconf 89' lang='lat' dir='ltr'><strong>tantum</strong></span> <span class='ocrx_word' id='word_1_357' title='bbox 3223 2542 3408 2597; x_wconf 90' lang='lat' dir='ltr'><strong>virum</strong></span> <span class='ocrx_word' id='word_1_358' title='bbox 3440 2559 3559 2598; x_wconf 88' lang='lat' dir='ltr'><strong>non</strong></span> 
     </span>
    </p>
   </div>
   <div class='ocr_carea' id='block_1_51' title="bbox 1949 2629 3562 2703">
    <p class='ocr_par' dir='ltr' id='par_1_51' title="bbox 1949 2629 3562 2703">
     <span class='ocr_line' id='line_1_51' title="bbox 1949 2629 3562 2703; baseline 0.001 -19"><span class='ocrx_word' id='word_1_359' title='bbox 1949 2629 2160 2685; x_wconf 89' lang='lat' dir='ltr'><strong>debere</strong></span> <span class='ocrx_word' id='word_1_360' title='bbox 2192 2632 2392 2686; x_wconf 89' lang='lat' dir='ltr'><strong>abesse</strong></span> <span class='ocrx_word' id='word_1_361' title='bbox 2436 2631 2759 2703; x_wconf 71' lang='lat' dir='ltr'><strong>praesentia:</strong></span> <span class='ocrx_word' id='word_1_362' title='bbox 2789 2632 3027 2703; x_wconf 78' lang='lat' dir='ltr'><strong>regis,ut</strong></span> <span class='ocrx_word' id='word_1_363' title='bbox 3056 2629 3206 2684; x_wconf 90' lang='lat' dir='ltr'><strong>illius</strong></span> <span class='ocrx_word' id='word_1_364' title='bbox 3251 2630 3562 2703; x_wconf 86' lang='lat' dir='ltr'><strong>prudentia</strong></span> 
     </span>
    </p>
   </div>
   <div class='ocr_carea' id='block_1_52' title="bbox 1948 2718 3560 2792">
    <p class='ocr_par' dir='ltr' id='par_1_52' title="bbox 1948 2718 3560 2792">
     <span class='ocr_line' id='line_1_52' title="bbox 1948 2718 3560 2792; baseline 0.001 -20"><span class='ocrx_word' id='word_1_365' title='bbox 1948 2718 2395 2789; x_wconf 87' lang='lat' dir='ltr'><strong>disponerentur</strong></span> <span class='ocrx_word' id='word_1_366' title='bbox 2426 2720 2590 2791; x_wconf 84' lang='lat' dir='ltr'><strong>regni</strong></span> <span class='ocrx_word' id='word_1_367' title='bbox 2622 2720 3051 2792; x_wconf 85' lang='lat' dir='ltr'><strong>negocia,cujus</strong></span> <span class='ocrx_word' id='word_1_368' title='bbox 3084 2721 3245 2773; x_wconf 88' lang='lat' dir='ltr'><strong>tanta</strong></span> <span class='ocrx_word' id='word_1_369' title='bbox 3271 2719 3396 2790; x_wconf 88' lang='lat' dir='ltr'><strong>jam</strong></span> <span class='ocrx_word' id='word_1_370' title='bbox 3425 2721 3560 2774; x_wconf 89' lang='lat' dir='ltr'><strong>tunc</strong></span> 
     </span>
    </p>
   </div>
   <div class='ocr_carea' id='block_1_53' title="bbox 1944 2808 3558 2881">
    <p class='ocr_par' dir='ltr' id='par_1_53' title="bbox 1944 2808 3558 2881">
     <span class='ocr_line' id='line_1_53' title="bbox 1944 2808 3558 2881; baseline 0.002 -19"><span class='ocrx_word' id='word_1_371' title='bbox 1944 2808 2287 2864; x_wconf 89' lang='lat' dir='ltr'><strong>audirentur</strong></span> <span class='ocrx_word' id='word_1_372' title='bbox 2328 2810 2674 2865; x_wconf 85' lang='lat' dir='ltr'><strong>meritorum</strong></span> <span class='ocrx_word' id='word_1_373' title='bbox 2729 2810 2999 2881; x_wconf 90' lang='lat' dir='ltr'><strong>insignia.</strong></span> <span class='ocrx_word' id='word_1_374' title='bbox 3034 2810 3311 2864; x_wconf 88' lang='lat' dir='ltr'><strong>Evocatus</strong></span> <span class='ocrx_word' id='word_1_375' title='bbox 3363 2808 3558 2881; x_wconf 80' lang='lat' dir='ltr'><strong>itaque</strong></span> 
     </span>
    </p>
   </div>
   <div class='ocr_carea' id='block_1_54' title="bbox 1940 2897 3555 2972">
    <p class='ocr_par' dir='ltr' id='par_1_54' title="bbox 1940 2897 3555 2972">
     <span class='ocr_line' id='line_1_54' title="bbox 1940 2897 3555 2972; baseline 0.001 -21"><span class='ocrx_word' id='word_1_376' title='bbox 1940 2897 2260 2953; x_wconf 84' lang='lat' dir='ltr'><strong>honorifice</strong></span> <span class='ocrx_word' id='word_1_377' title='bbox 2292 2901 2353 2953; x_wconf 91' lang='lat' dir='ltr'><strong>ut</strong></span> <span class='ocrx_word' id='word_1_378' title='bbox 2388 2899 2629 2955; x_wconf 90' lang='lat' dir='ltr'><strong>decebat</strong></span> <span class='ocrx_word' id='word_1_379' title='bbox 2655 2900 2728 2954; x_wconf 93' lang='lat' dir='ltr'><strong>ad</strong></span> <span class='ocrx_word' id='word_1_380' title='bbox 2756 2898 2953 2972; x_wconf 88' lang='lat' dir='ltr'><strong>palatii</strong></span> <span class='ocrx_word' id='word_1_381' title='bbox 2980 2897 3555 2969; x_wconf 89' lang='lat' dir='ltr'><strong>produciturlimina,</strong></span> 
     </span>
    </p>
   </div>
   <div class='ocr_carea' id='block_1_55' title="bbox 1940 2986 3557 3057">
    <p class='ocr_par' dir='ltr' id='par_1_55' title="bbox 1940 2986 3557 3057">
     <span class='ocr_line' id='line_1_55' title="bbox 1940 2986 3557 3057; baseline 0.001 -18"><span class='ocrx_word' id='word_1_382' title='bbox 1940 3002 2220 3057; x_wconf 87' lang='lat' dir='ltr'><strong>magnum</strong></span> <span class='ocrx_word' id='word_1_383' title='bbox 2247 3002 2314 3041; x_wconf 92' lang='lat' dir='ltr'><strong>eo</strong></span> <span class='ocrx_word' id='word_1_384' title='bbox 2348 2988 2600 3042; x_wconf 73' lang='lat' dir='ltr'><strong>mmodo</strong></span> <span class='ocrx_word' id='word_1_385' title='bbox 2628 2987 2898 3043; x_wconf 90' lang='lat' dir='ltr'><strong>omnibus</strong></span> <span class='ocrx_word' id='word_1_386' title='bbox 2924 2988 3183 3041; x_wconf 90' lang='lat' dir='ltr'><strong>solamen</strong></span> <span class='ocrx_word' id='word_1_387' title='bbox 3208 2986 3451 3054; x_wconf 86' lang='lat' dir='ltr'><strong>futurus,</strong></span> <span class='ocrx_word' id='word_1_388' title='bbox 3474 2986 3557 3041; x_wconf 90' lang='lat' dir='ltr'><strong>uti</strong></span> 
     </span>
    </p>
   </div>
   <div class='ocr_carea' id='block_1_56' title="bbox 1939 3072 3555 3146">
    <p class='ocr_par' dir='ltr' id='par_1_56' title="bbox 1939 3072 3555 3146">
     <span class='ocr_line' id='line_1_56' title="bbox 1939 3072 3555 3146; baseline 0.002 -21"><span class='ocrx_word' id='word_1_389' title='bbox 1939 3072 2181 3128; x_wconf 87' lang='lat' dir='ltr'><strong>subinde</strong></span> <span class='ocrx_word' id='word_1_390' title='bbox 2196 3074 2496 3146; x_wconf 90' lang='lat' dir='ltr'><strong>perdocuit</strong></span> <span class='ocrx_word' id='word_1_391' title='bbox 2524 3092 2722 3130; x_wconf 89' lang='lat' dir='ltr'><strong>rerum</strong></span> <span class='ocrx_word' id='word_1_392' title='bbox 2749 3078 3029 3144; x_wconf 90' lang='lat' dir='ltr'><strong>eventus.]</strong></span> <span class='ocrx_word' id='word_1_393' title='bbox 3049 3076 3159 3129; x_wconf 85' lang='lat' dir='ltr'><strong>Per</strong></span> <span class='ocrx_word' id='word_1_394' title='bbox 3190 3074 3345 3130; x_wconf 88' lang='lat' dir='ltr'><strong>idem</strong></span> <span class='ocrx_word' id='word_1_395' title='bbox 3369 3074 3555 3128; x_wconf 83' lang='lat' dir='ltr'><strong>ferme</strong></span> 
     </span>
    </p>
   </div>
   <div class='ocr_carea' id='block_1_57' title="bbox 1938 3163 3553 3237">
    <p class='ocr_par' dir='ltr' id='par_1_57' title="bbox 1938 3163 3553 3237">
     <span class='ocr_line' id='line_1_57' title="bbox 1938 3163 3553 3237; baseline 0 -21"><span class='ocrx_word' id='word_1_396' title='bbox 1938 3165 2167 3234; x_wconf 88' lang='lat' dir='ltr'><strong>tempus</strong></span> <span class='ocrx_word' id='word_1_397' title='bbox 2216 3166 2421 3220; x_wconf 90' lang='lat' dir='ltr'><strong>beatns</strong></span> <span class='ocrx_word' id='word_1_398' title='bbox 2468 3167 2759 3221; x_wconf 84' lang='lat' dir='ltr'><strong>Johannes</strong></span> <span class='ocrx_word' id='word_1_399' title='bbox 2804 3165 3229 3237; x_wconf 87' lang='lat' dir='ltr'><strong>Tungrensium</strong></span> <span class='ocrx_word' id='word_1_400' title='bbox 3267 3163 3354 3217; x_wconf 88' lang='lat' dir='ltr'><strong>vel</strong></span> <span class='ocrx_word' id='word_1_401' title='bbox 3415 3163 3553 3217; x_wconf 86' lang='lat' dir='ltr'><strong>Tra-</strong></span> 
     </span>
    </p>
   </div>
   <div class='ocr_carea' id='block_1_58' title="bbox 289 3250 3551 3342">
    <p class='ocr_par' dir='ltr' id='par_1_58' title="bbox 289 3250 3551 3342">
     <span class='ocr_line' id='line_1_58' title="bbox 289 3250 3551 3342; baseline -0.001 -36"><span class='ocrx_word' id='word_1_402' title='bbox 289 3253 361 3306; x_wconf 75' lang='lat'><strong>42</strong></span> <span class='ocrx_word' id='word_1_403' title='bbox 386 3250 541 3317; x_wconf 82' lang='lat' dir='ltr'><strong>Quod</strong></span> <span class='ocrx_word' id='word_1_404' title='bbox 569 3252 708 3306; x_wconf 81' lang='lat' dir='ltr'><strong>idem</strong></span> <span class='ocrx_word' id='word_1_405' title='bbox 737 3269 768 3305; x_wconf 90' lang='lat' dir='ltr'><strong>a</strong></span> <span class='ocrx_word' id='word_1_406' title='bbox 803 3251 950 3306; x_wconf 87' lang='lat' dir='ltr'><strong>beato</strong></span> <span class='ocrx_word' id='word_1_407' title='bbox 987 3251 1225 3322; x_wconf 75' lang='lat' dir='ltr'><strong>Sulpicio</strong></span> <span class='ocrx_word' id='word_1_408' title='bbox 1280 3251 1468 3306; x_wconf 78' lang='lat' dir='ltr'><strong>dehinc</strong></span> <span class='ocrx_word' id='word_1_409' title='bbox 1495 3251 1592 3305; x_wconf 83' lang='lat' dir='ltr'><strong>sub</strong></span> <span class='ocrx_word' id='word_1_410' title='bbox 1646 3250 1834 3319; x_wconf 82' lang='lat' dir='ltr'><strong>Elegia</strong></span> <span class='ocrx_word' id='word_1_411' title='bbox 1870 3250 2276 3342; x_wconf 76' lang='lat' dir='ltr'><strong>Cjectensium</strong></span> <span class='ocrx_word' id='word_1_412' title='bbox 2307 3253 2551 3309; x_wconf 84' lang='lat' dir='ltr'><strong>feliciter</strong></span> <span class='ocrx_word' id='word_1_413' title='bbox 2580 3270 2790 3325; x_wconf 90' lang='lat' dir='ltr'><strong>regens</strong></span> <span class='ocrx_word' id='word_1_414' title='bbox 2814 3250 3551 3327; x_wconf 82' lang='lat' dir='ltr'><strong>pontiﬁcatum,hominem</strong></span> 
     </span>
    </p>
   </div>
   <div class='ocr_carea' id='block_1_59' title="bbox 446 3339 1601 3411">
    <p class='ocr_par' dir='ltr' id='par_1_59' title="bbox 446 3339 1601 3411">
     <span class='ocr_line' id='line_1_59' title="bbox 446 3339 1601 3411; baseline -0.002 -17"><span class='ocrx_word' id='word_1_415' title='bbox 446 3339 699 3395; x_wconf 75' lang='lat' dir='ltr'><strong>educatus</strong></span> <span class='ocrx_word' id='word_1_416' title='bbox 717 3341 924 3411; x_wconf 80' lang='lat' dir='ltr'><strong>palacii</strong></span> <span class='ocrx_word' id='word_1_417' title='bbox 939 3340 1264 3411; x_wconf 77' lang='lat' dir='ltr'><strong>primoribus</strong></span> <span class='ocrx_word' id='word_1_418' title='bbox 1292 3341 1601 3394; x_wconf 78' lang='lat' dir='ltr'><strong>znnotuerit.</strong></span> 
     </span>
    </p>
   </div>
   <div class='ocr_carea' id='block_1_60' title="bbox 286 3427 1831 3500">
    <p class='ocr_par' dir='ltr' id='par_1_60' title="bbox 286 3427 1831 3500">
     <span class='ocr_line' id='line_1_60' title="bbox 286 3427 1831 3500; baseline -0.002 -17"><span class='ocrx_word' id='word_1_419' title='bbox 286 3428 402 3484; x_wconf 90' lang='lat' dir='ltr'><strong>Sed</strong></span> <span class='ocrx_word' id='word_1_420' title='bbox 435 3431 517 3497; x_wconf 89' lang='lat' dir='ltr'><strong>ut,</strong></span> <span class='ocrx_word' id='word_1_421' title='bbox 550 3429 703 3483; x_wconf 90' lang='lat' dir='ltr'><strong>unde</strong></span> <span class='ocrx_word' id='word_1_422' title='bbox 733 3437 803 3471; x_wconf 72' lang='grc'><strong>⁸0³</strong></span> <span class='ocrx_word' id='word_1_423' title='bbox 833 3429 1004 3500; x_wconf 92' lang='lat' dir='ltr'><strong>paulo</strong></span> <span class='ocrx_word' id='word_1_424' title='bbox 1036 3431 1337 3484; x_wconf 90' lang='lat' dir='ltr'><strong>momento</strong></span> <span class='ocrx_word' id='word_1_425' title='bbox 1368 3427 1591 3499; x_wconf 89' lang='lat' dir='ltr'><strong>evagati</strong></span> <span class='ocrx_word' id='word_1_426' title='bbox 1616 3444 1831 3494; x_wconf 89' lang='lat' dir='ltr'><strong>sumus,</strong></span> 
     </span>
    </p>
   </div>
   <div class='ocr_carea' id='block_1_61' title="bbox 214 3516 1835 3586">
    <p class='ocr_par' dir='ltr' id='par_1_61' title="bbox 214 3516 1835 3586">
     <span class='ocr_line' id='line_1_61' title="bbox 214 3516 1835 3586; baseline -0.002 -12"><span class='ocrx_word' id='word_1_427' title='bbox 214 3518 526 3574; x_wconf 87' lang='lat' dir='ltr'><strong>articulum</strong></span> <span class='ocrx_word' id='word_1_428' title='bbox 557 3518 925 3573; x_wconf 87' lang='lat' dir='ltr'><strong>reﬂectamus</strong></span> <span class='ocrx_word' id='word_1_429' title='bbox 955 3526 1047 3585; x_wconf 68' lang='grc' dir='ltr'><strong>δοι,</strong></span> <span class='ocrx_word' id='word_1_430' title='bbox 1077 3517 1373 3586; x_wconf 89' lang='lat' dir='ltr'><strong>[educatus</strong></span> <span class='ocrx_word' id='word_1_431' title='bbox 1400 3520 1485 3571; x_wconf 87' lang='lat' dir='ltr'><strong>est</strong></span> <span class='ocrx_word' id='word_1_432' title='bbox 1509 3516 1835 3573; x_wconf 90' lang='lat' dir='ltr'><strong>sublimiter</strong></span> 
     </span>
    </p>
   </div>
   <div class='ocr_carea' id='block_1_62' title="bbox 209 3605 1833 3679">
    <p class='ocr_par' dir='ltr' id='par_1_62' title="bbox 209 3605 1833 3679">
     <span class='ocr_line' id='line_1_62' title="bbox 209 3605 1833 3679; baseline -0.002 -16"><span class='ocrx_word' id='word_1_433' title='bbox 209 3608 381 3663; x_wconf 66' lang='lat' dir='ltr'><strong>bonae</strong></span> <span class='ocrx_word' id='word_1_434' title='bbox 414 3606 628 3661; x_wconf 91' lang='lat' dir='ltr'><strong>indolis</strong></span> <span class='ocrx_word' id='word_1_435' title='bbox 656 3623 798 3678; x_wconf 91' lang='lat' dir='ltr'><strong>puer</strong></span> <span class='ocrx_word' id='word_1_436' title='bbox 854 3607 1156 3661; x_wconf 84' lang='lat' dir='ltr'><strong>Remaelus</strong></span> <span class='ocrx_word' id='word_1_437' title='bbox 1183 3607 1343 3679; x_wconf 77' lang='lat' dir='ltr'><strong>(Vita</strong></span> <span class='ocrx_word' id='word_1_438' title='bbox 1374 3605 1527 3660; x_wconf 81' lang='lat' dir='ltr'><strong>Rem.</strong></span> <span class='ocrx_word' id='word_1_439' title='bbox 1563 3608 1608 3675; x_wconf 89' lang='lat'><strong>1)</strong></span> <span class='ocrx_word' id='word_1_440' title='bbox 1659 3607 1833 3677; x_wconf 88' lang='lat' dir='ltr'><strong>prout</strong></span> 
     </span>
    </p>
   </div>
   <div class='ocr_carea' id='block_1_63' title="bbox 212 3695 1831 3768">
    <p class='ocr_par' dir='ltr' id='par_1_63' title="bbox 212 3695 1831 3768">
     <span class='ocr_line' id='line_1_63' title="bbox 212 3695 1831 3768; baseline -0.001 -17"><span class='ocrx_word' id='word_1_441' title='bbox 212 3695 470 3768; x_wconf 87' lang='lat' dir='ltr'><strong>plurima</strong></span> <span class='ocrx_word' id='word_1_442' title='bbox 499 3695 840 3751; x_wconf 87' lang='lat' dir='ltr'><strong>facultatum</strong></span> <span class='ocrx_word' id='word_1_443' title='bbox 871 3696 1033 3768; x_wconf 90' lang='lat' dir='ltr'><strong>copia</strong></span> <span class='ocrx_word' id='word_1_444' title='bbox 1065 3696 1192 3766; x_wconf 88' lang='lat' dir='ltr'><strong>ejus</strong></span> <span class='ocrx_word' id='word_1_445' title='bbox 1212 3696 1553 3768; x_wconf 88' lang='lat' dir='ltr'><strong>suppetebat</strong></span> <span class='ocrx_word' id='word_1_446' title='bbox 1574 3695 1831 3767; x_wconf 86' lang='lat' dir='ltr'><strong>parenti-</strong></span> 
     </span>
    </p>
   </div>
   <div class='ocr_carea' id='block_1_64' title="bbox 210 3784 1829 3858">
    <p class='ocr_par' dir='ltr' id='par_1_64' title="bbox 210 3784 1829 3858">
     <span class='ocr_line' id='line_1_64' title="bbox 210 3784 1829 3858; baseline -0.001 -17"><span class='ocrx_word' id='word_1_447' title='bbox 210 3786 369 3855; x_wconf 91' lang='lat' dir='ltr'><strong>bus,]</strong></span> <span class='ocrx_word' id='word_1_448' title='bbox 387 3785 494 3841; x_wconf 90' lang='lat' dir='ltr'><strong>sub</strong></span> <span class='ocrx_word' id='word_1_449' title='bbox 525 3786 698 3840; x_wconf 88' lang='lat' dir='ltr'><strong>beato</strong></span> <span class='ocrx_word' id='word_1_450' title='bbox 727 3784 974 3858; x_wconf 88' lang='lat' dir='ltr'><strong>Sulpicio</strong></span> <span class='ocrx_word' id='word_1_451' title='bbox 1002 3784 1172 3858; x_wconf 74' lang='lat'><strong>(330),</strong></span> <span class='ocrx_word' id='word_1_452' title='bbox 1198 3786 1255 3841; x_wconf 93' lang='lat' dir='ltr'><strong>in</strong></span> <span class='ocrx_word' id='word_1_453' title='bbox 1285 3787 1444 3857; x_wconf 90' lang='lat' dir='ltr'><strong>cujus</strong></span> <span class='ocrx_word' id='word_1_454' title='bbox 1460 3786 1829 3840; x_wconf 89' lang='lat' dir='ltr'><strong>veneratione</strong></span> 
     </span>
    </p>
   </div>
   <div class='ocr_carea' id='block_1_65' title="bbox 206 3874 1829 3946">
    <p class='ocr_par' dir='ltr' id='par_1_65' title="bbox 206 3874 1829 3946">
     <span class='ocr_line' id='line_1_65' title="bbox 206 3874 1829 3946; baseline 0.001 -17"><span class='ocrx_word' id='word_1_455' title='bbox 206 3878 433 3930; x_wconf 88' lang='lat' dir='ltr'><strong>constat</strong></span> <span class='ocrx_word' id='word_1_456' title='bbox 461 3875 535 3930; x_wconf 89' lang='lat' dir='ltr'><strong>ab</strong></span> <span class='ocrx_word' id='word_1_457' title='bbox 572 3874 781 3929; x_wconf 86' lang='lat' dir='ltr'><strong>eodem</strong></span> <span class='ocrx_word' id='word_1_458' title='bbox 801 3879 998 3930; x_wconf 89' lang='lat' dir='ltr'><strong>sancto</strong></span> <span class='ocrx_word' id='word_1_459' title='bbox 1022 3875 1142 3929; x_wconf 89' lang='lat' dir='ltr'><strong>viro</strong></span> <span class='ocrx_word' id='word_1_460' title='bbox 1195 3874 1472 3946; x_wconf 89' lang='lat' dir='ltr'><strong>plurimas</strong></span> <span class='ocrx_word' id='word_1_461' title='bbox 1516 3874 1574 3928; x_wconf 89' lang='lat' dir='ltr'><strong>in</strong></span> <span class='ocrx_word' id='word_1_462' title='bbox 1634 3878 1829 3930; x_wconf 90' lang='lat' dir='ltr'><strong>nostra</strong></span> 
     </span>
    </p>
   </div>
   <div class='ocr_carea' id='block_1_66' title="bbox 210 3964 1825 4041">
    <p class='ocr_par' dir='ltr' id='par_1_66' title="bbox 210 3964 1825 4041">
     <span class='ocr_line' id='line_1_66' title="bbox 210 3964 1825 4041; baseline 0 -22"><span class='ocrx_word' id='word_1_463' title='bbox 210 3964 441 4041; x_wconf 76' lang='lat' dir='ltr'><strong>dyocesi</strong></span> <span class='ocrx_word' id='word_1_464' title='bbox 471 3969 674 4037; x_wconf 90' lang='lat' dir='ltr'><strong>postea</strong></span> <span class='ocrx_word' id='word_1_465' title='bbox 690 3964 903 4020; x_wconf 88' lang='lat' dir='ltr'><strong>dicatas</strong></span> <span class='ocrx_word' id='word_1_466' title='bbox 920 3965 1222 4023; x_wconf 80' lang='lat' dir='ltr'><strong>aecelesias.</strong></span> <span class='ocrx_word' id='word_1_467' title='bbox 1256 3964 1473 4019; x_wconf 89' lang='lat' dir='ltr'><strong>Deinde</strong></span> <span class='ocrx_word' id='word_1_468' title='bbox 1502 3981 1637 4019; x_wconf 89' lang='lat' dir='ltr'><strong>eum</strong></span> <span class='ocrx_word' id='word_1_469' title='bbox 1665 3965 1825 4019; x_wconf 88' lang='lat' dir='ltr'><strong>adul-</strong></span> 
     </span>
    </p>
   </div>
   <div class='ocr_carea' id='block_1_67' title="bbox 208 4053 1824 4126">
    <p class='ocr_par' dir='ltr' id='par_1_67' title="bbox 208 4053 1824 4126">
     <span class='ocr_line' id='line_1_67' title="bbox 208 4053 1824 4126; baseline 0.001 -19"><span class='ocrx_word' id='word_1_470' title='bbox 208 4056 331 4108; x_wconf 88' lang='lat' dir='ltr'><strong>tum</strong></span> <span class='ocrx_word' id='word_1_471' title='bbox 362 4056 420 4108; x_wconf 91' lang='lat' dir='ltr'><strong>et</strong></span> <span class='ocrx_word' id='word_1_472' title='bbox 450 4053 635 4108; x_wconf 89' lang='lat' dir='ltr'><strong>tocius</strong></span> <span class='ocrx_word' id='word_1_473' title='bbox 674 4053 969 4120; x_wconf 90' lang='lat' dir='ltr'><strong>bonitatis,</strong></span> <span class='ocrx_word' id='word_1_474' title='bbox 1012 4057 1074 4108; x_wconf 92' lang='lat' dir='ltr'><strong>ut</strong></span> <span class='ocrx_word' id='word_1_475' title='bbox 1100 4053 1199 4108; x_wconf 90' lang='lat' dir='ltr'><strong>tali</strong></span> <span class='ocrx_word' id='word_1_476' title='bbox 1253 4054 1619 4126; x_wconf 89' lang='lat' dir='ltr'><strong>competebat</strong></span> <span class='ocrx_word' id='word_1_477' title='bbox 1649 4055 1824 4122; x_wconf 66' lang='lat' dir='ltr'><strong>aetati,</strong></span> 
     </span>
    </p>
   </div>
   <div class='ocr_carea' id='block_1_68' title="bbox 198 4140 1824 4214">
    <p class='ocr_par' dir='ltr' id='par_1_68' title="bbox 198 4140 1824 4214">
     <span class='ocr_line' id='line_1_68' title="bbox 198 4140 1824 4214; baseline 0.002 -20"><span class='ocrx_word' id='word_1_478' title='bbox 198 4140 324 4211; x_wconf 89' lang='lat' dir='ltr'><strong>jam</strong></span> <span class='ocrx_word' id='word_1_479' title='bbox 344 4142 621 4213; x_wconf 88' lang='lat' dir='ltr'><strong>[fructum</strong></span> <span class='ocrx_word' id='word_1_480' title='bbox 666 4142 951 4197; x_wconf 89' lang='lat' dir='ltr'><strong>ferentem</strong></span> <span class='ocrx_word' id='word_1_481' title='bbox 982 4143 1222 4198; x_wconf 90' lang='lat' dir='ltr'><strong>tradunt</strong></span> <span class='ocrx_word' id='word_1_482' title='bbox 1242 4143 1412 4198; x_wconf 90' lang='lat' dir='ltr'><strong>beato</strong></span> <span class='ocrx_word' id='word_1_483' title='bbox 1450 4141 1653 4214; x_wconf 88' lang='lat' dir='ltr'><strong>Eligio,</strong></span> <span class='ocrx_word' id='word_1_484' title='bbox 1704 4143 1824 4198; x_wconf 91' lang='lat' dir='ltr'><strong>viro</strong></span> 
     </span>
    </p>
   </div>
   <div class='ocr_carea' id='block_1_69' title="bbox 207 4230 1827 4303">
    <p class='ocr_par' dir='ltr' id='par_1_69' title="bbox 207 4230 1827 4303">
     <span class='ocr_line' id='line_1_69' title="bbox 207 4230 1827 4303; baseline 0.003 -20"><span class='ocrx_word' id='word_1_485' title='bbox 207 4230 475 4285; x_wconf 78' lang='lat' dir='ltr'><strong>omnibus</strong></span> <span class='ocrx_word' id='word_1_486' title='bbox 490 4231 539 4301; x_wconf 82' lang='lat' dir='ltr'><strong>ej</strong></span> <span class='ocrx_word' id='word_1_487' title='bbox 551 4248 615 4286; x_wconf 92' lang='lat' dir='ltr'><strong>us</strong></span> <span class='ocrx_word' id='word_1_488' title='bbox 632 4230 910 4302; x_wconf 87' lang='lat' dir='ltr'><strong>temporis</strong></span> <span class='ocrx_word' id='word_1_489' title='bbox 920 4230 1253 4287; x_wconf 88' lang='lat' dir='ltr'><strong>hominibus</strong></span> <span class='ocrx_word' id='word_1_490' title='bbox 1270 4232 1613 4287; x_wconf 90' lang='lat' dir='ltr'><strong>meritorum</strong></span> <span class='ocrx_word' id='word_1_491' title='bbox 1638 4234 1827 4303; x_wconf 88' lang='lat' dir='ltr'><strong>gratia</strong></span> 
     </span>
    </p>
   </div>
   <div class='ocr_carea' id='block_1_70' title="bbox 204 4319 1824 4393">
    <p class='ocr_par' dir='ltr' id='par_1_70' title="bbox 204 4319 1824 4393">
     <span class='ocr_line' id='line_1_70' title="bbox 204 4319 1824 4393; baseline 0.002 -21"><span class='ocrx_word' id='word_1_492' title='bbox 204 4319 591 4391; x_wconf 67' lang='lat' dir='ltr'><strong>praeferendo.</strong></span> <span class='ocrx_word' id='word_1_493' title='bbox 629 4320 734 4384; x_wconf 86' lang='lat' dir='ltr'><strong>Qui</strong></span> <span class='ocrx_word' id='word_1_494' title='bbox 769 4336 903 4375; x_wconf 90' lang='lat' dir='ltr'><strong>eum</strong></span> <span class='ocrx_word' id='word_1_495' title='bbox 950 4321 1352 4393; x_wconf 90' lang='lat' dir='ltr'><strong>Solempniaco</strong></span> <span class='ocrx_word' id='word_1_496' title='bbox 1413 4329 1483 4363; x_wconf 72' lang='grc'><strong>⁸0³</strong></span> <span class='ocrx_word' id='word_1_497' title='bbox 1504 4321 1654 4393; x_wconf 89' lang='grc'><strong>(331)</strong></span> <span class='ocrx_word' id='word_1_498' title='bbox 1696 4339 1824 4376; x_wconf 86' lang='lat' dir='ltr'><strong>mo-</strong></span> 
     </span>
    </p>
   </div>
   <div class='ocr_carea' id='block_1_71' title="bbox 207 4406 1827 4481">
    <p class='ocr_par' dir='ltr' id='par_1_71' title="bbox 207 4406 1827 4481">
     <span class='ocr_line' id='line_1_71' title="bbox 207 4406 1827 4481; baseline 0.003 -21"><span class='ocrx_word' id='word_1_499' title='bbox 207 4406 480 4472; x_wconf 86' lang='lat' dir='ltr'><strong>nasterio,</strong></span> <span class='ocrx_word' id='word_1_500' title='bbox 514 4407 672 4479; x_wconf 86' lang='lat' dir='ltr'><strong>quod</strong></span> <span class='ocrx_word' id='word_1_501' title='bbox 696 4407 817 4479; x_wconf 90' lang='lat' dir='ltr'><strong>ipse</strong></span> <span class='ocrx_word' id='word_1_502' title='bbox 873 4408 967 4481; x_wconf 91' lang='lat' dir='ltr'><strong>pio</strong></span> <span class='ocrx_word' id='word_1_503' title='bbox 1001 4425 1174 4480; x_wconf 88' lang='lat' dir='ltr'><strong>opere</strong></span> <span class='ocrx_word' id='word_1_504' title='bbox 1218 4409 1278 4463; x_wconf 92' lang='lat' dir='ltr'><strong>in</strong></span> <span class='ocrx_word' id='word_1_505' title='bbox 1328 4426 1429 4463; x_wconf 92' lang='lat' dir='ltr'><strong>sua</strong></span> <span class='ocrx_word' id='word_1_506' title='bbox 1460 4411 1827 4465; x_wconf 87' lang='lat' dir='ltr'><strong>construebat</strong></span> 
     </span>
    </p>
   </div>
   <div class='ocr_carea' id='block_1_72' title="bbox 204 4494 1825 4570">
    <p class='ocr_par' dir='ltr' id='par_1_72' title="bbox 204 4494 1825 4570">
     <span class='ocr_line' id='line_1_72' title="bbox 204 4494 1825 4570; baseline 0.003 -22"><span class='ocrx_word' id='word_1_507' title='bbox 204 4494 572 4566; x_wconf 86' lang='lat' dir='ltr'><strong>hereditate,]</strong></span> <span class='ocrx_word' id='word_1_508' title='bbox 596 4496 825 4563; x_wconf 90' lang='lat' dir='ltr'><strong>locavit,</strong></span> <span class='ocrx_word' id='word_1_509' title='bbox 859 4501 917 4552; x_wconf 89' lang='lat' dir='ltr'><strong>et</strong></span> <span class='ocrx_word' id='word_1_510' title='bbox 940 4497 1112 4552; x_wconf 90' lang='lat' dir='ltr'><strong>sacris</strong></span> <span class='ocrx_word' id='word_1_511' title='bbox 1148 4497 1485 4553; x_wconf 66' lang='lat' dir='ltr'><strong>monasticae</strong></span> <span class='ocrx_word' id='word_1_512' title='bbox 1513 4498 1825 4570; x_wconf 70' lang='lat' dir='ltr'><strong>disciplinas</strong></span> 
     </span>
    </p>
   </div>
   <div class='ocr_carea' id='block_1_73' title="bbox 1935 3339 3543 3415">
    <p class='ocr_par' dir='ltr' id='par_1_73' title="bbox 1935 3339 3543 3415">
     <span class='ocr_line' id='line_1_73' title="bbox 1935 3339 3543 3415; baseline -0.001 -21"><span class='ocrx_word' id='word_1_513' title='bbox 1935 3340 2104 3394; x_wconf 85' lang='lat' dir='ltr'><strong>exivit</strong></span> <span class='ocrx_word' id='word_1_514' title='bbox 2136 3350 2226 3398; x_wconf 70' lang='grc' dir='ltr'><strong>δυ.</strong></span> <span class='ocrx_word' id='word_1_515' title='bbox 2257 3344 2490 3397; x_wconf 90' lang='lat' dir='ltr'><strong>Inclitus</strong></span> <span class='ocrx_word' id='word_1_516' title='bbox 2546 3351 2617 3385; x_wconf 71' lang='grc'><strong>³1⁵</strong></span> <span class='ocrx_word' id='word_1_517' title='bbox 2673 3359 2772 3398; x_wconf 91' lang='lat' dir='ltr'><strong>rex</strong></span> <span class='ocrx_word' id='word_1_518' title='bbox 2804 3344 3185 3415; x_wconf 90' lang='lat' dir='ltr'><strong>Dagobertus,</strong></span> <span class='ocrx_word' id='word_1_519' title='bbox 3246 3340 3343 3413; x_wconf 89' lang='lat' dir='ltr'><strong>qui</strong></span> <span class='ocrx_word' id='word_1_520' title='bbox 3391 3339 3543 3412; x_wconf 88' lang='lat' dir='ltr'><strong>patri</strong></span> 
     </span>
    </p>
   </div>
   <div class='ocr_carea' id='block_1_74' title="bbox 1936 3428 3544 3502">
    <p class='ocr_par' dir='ltr' id='par_1_74' title="bbox 1936 3428 3544 3502">
     <span class='ocr_line' id='line_1_74' title="bbox 1936 3428 3544 3502; baseline -0.001 -19"><span class='ocrx_word' id='word_1_521' title='bbox 1936 3428 2206 3485; x_wconf 89' lang='lat' dir='ltr'><strong>defuncto</strong></span> <span class='ocrx_word' id='word_1_522' title='bbox 2230 3430 2655 3502; x_wconf 89' lang='lat' dir='ltr'><strong>auspicabiliter</strong></span> <span class='ocrx_word' id='word_1_523' title='bbox 2682 3434 3030 3487; x_wconf 88' lang='lat' dir='ltr'><strong>successerat</strong></span> <span class='ocrx_word' id='word_1_524' title='bbox 3052 3434 3108 3485; x_wconf 90' lang='lat' dir='ltr'><strong>et</strong></span> <span class='ocrx_word' id='word_1_525' title='bbox 3137 3428 3544 3485; x_wconf 88' lang='lat' dir='ltr'><strong>monarchiam</strong></span> 
     </span>
    </p>
   </div>
   <div class='ocr_carea' id='block_1_75' title="bbox 1933 3516 3549 3588">
    <p class='ocr_par' dir='ltr' id='par_1_75' title="bbox 1933 3516 3549 3588">
     <span class='ocr_line' id='line_1_75' title="bbox 1933 3516 3549 3588; baseline -0.001 -17"><span class='ocrx_word' id='word_1_526' title='bbox 1933 3516 2161 3588; x_wconf 86' lang='lat' dir='ltr'><strong>imperii</strong></span> <span class='ocrx_word' id='word_1_527' title='bbox 2178 3520 2355 3573; x_wconf 89' lang='lat' dir='ltr'><strong>soluss</strong></span> <span class='ocrx_word' id='word_1_528' title='bbox 2370 3521 2602 3574; x_wconf 86' lang='lat' dir='ltr'><strong>ollerter</strong></span> <span class='ocrx_word' id='word_1_529' title='bbox 2614 3518 3321 3585; x_wconf 89' lang='lat' dir='ltr'><strong>administrabat,beatum</strong></span> <span class='ocrx_word' id='word_1_530' title='bbox 3334 3518 3549 3571; x_wconf 84' lang='lat' dir='ltr'><strong>Aman-</strong></span> 
     </span>
    </p>
   </div>
   <div class='ocr_carea' id='block_1_76' title="bbox 1934 3602 3544 3679">
    <p class='ocr_par' dir='ltr' id='par_1_76' title="bbox 1934 3602 3544 3679">
     <span class='ocr_line' id='line_1_76' title="bbox 1934 3602 3544 3679; baseline -0.001 -19"><span class='ocrx_word' id='word_1_531' title='bbox 1934 3606 2198 3679; x_wconf 89' lang='lat' dir='ltr'><strong>dum;qui</strong></span> <span class='ocrx_word' id='word_1_532' title='bbox 2228 3608 2302 3662; x_wconf 89' lang='lat' dir='ltr'><strong>ad</strong></span> <span class='ocrx_word' id='word_1_533' title='bbox 2326 3609 2855 3679; x_wconf 82' lang='lat' dir='ltr'><strong>praedicandum,ut</strong></span> <span class='ocrx_word' id='word_1_534' title='bbox 2880 3609 3019 3662; x_wconf 87' lang='lat' dir='ltr'><strong>tunc</strong></span> <span class='ocrx_word' id='word_1_535' title='bbox 3046 3605 3224 3661; x_wconf 90' lang='lat' dir='ltr'><strong>moris</strong></span> <span class='ocrx_word' id='word_1_536' title='bbox 3249 3606 3376 3659; x_wconf 83' lang='lat' dir='ltr'><strong>erat</strong></span> <span class='ocrx_word' id='word_1_537' title='bbox 3395 3602 3544 3675; x_wconf 89' lang='lat'><strong>332),</strong></span> 
     </span>
    </p>
   </div>
   <div class='ocr_carea' id='block_1_77' title="bbox 1932 3691 3543 3771">
    <p class='ocr_par' dir='ltr' id='par_1_77' title="bbox 1932 3691 3543 3771">
     <span class='ocr_line' id='line_1_77' title="bbox 1932 3691 3543 3771; baseline -0.002 -23"><span class='ocrx_word' id='word_1_538' title='bbox 1932 3694 2315 3751; x_wconf 85' lang='lat' dir='ltr'><strong>factusfuerat</strong></span> <span class='ocrx_word' id='word_1_539' title='bbox 2344 3696 3129 3771; x_wconf 75' lang='lat' dir='ltr'><strong>episcopus,arcersierat.{Et</strong></span> <span class='ocrx_word' id='word_1_540' title='bbox 3158 3692 3293 3767; x_wconf 89' lang='lat' dir='ltr'><strong>quia</strong></span> <span class='ocrx_word' id='word_1_541' title='bbox 3324 3691 3543 3747; x_wconf 88' lang='lat' dir='ltr'><strong>dudum</strong></span> 
     </span>
    </p>
   </div>
   <div class='ocr_carea' id='block_1_78' title="bbox 1932 3780 3544 3861">
    <p class='ocr_par' dir='ltr' id='par_1_78' title="bbox 1932 3780 3544 3861">
     <span class='ocr_line' id='line_1_78' title="bbox 1932 3780 3544 3861; baseline -0.003 -23"><span class='ocrx_word' id='word_1_542' title='bbox 1932 3801 2179 3856; x_wconf 88' lang='lat' dir='ltr'><strong>arguens</strong></span> <span class='ocrx_word' id='word_1_543' title='bbox 2209 3803 2345 3841; x_wconf 89' lang='lat' dir='ltr'><strong>eum</strong></span> <span class='ocrx_word' id='word_1_544' title='bbox 2365 3804 2470 3859; x_wconf 89' lang='lat' dir='ltr'><strong>pro</strong></span> <span class='ocrx_word' id='word_1_545' title='bbox 2493 3787 2832 3861; x_wconf 90' lang='lat' dir='ltr'><strong>capitalibus</strong></span> <span class='ocrx_word' id='word_1_546' title='bbox 2852 3786 3008 3855; x_wconf 81' lang='lat' dir='ltr'><strong>(Vita</strong></span> <span class='ocrx_word' id='word_1_547' title='bbox 3043 3780 3544 3851; x_wconf 79' lang='lat' dir='ltr'><strong>S.Amandz’,c.16)</strong></span> 
     </span>
    </p>
   </div>
   <div class='ocr_carea' id='block_1_79' title="bbox 1929 3873 3539 3949">
    <p class='ocr_par' dir='ltr' id='par_1_79' title="bbox 1929 3873 3539 3949">
     <span class='ocr_line' id='line_1_79' title="bbox 1929 3873 3539 3949; baseline -0.002 -21"><span class='ocrx_word' id='word_1_548' title='bbox 1929 3873 2236 3945; x_wconf 88' lang='lat' dir='ltr'><strong>injuriatus</strong></span> <span class='ocrx_word' id='word_1_549' title='bbox 2266 3879 2455 3933; x_wconf 84' lang='lat' dir='ltr'><strong>fuerat</strong></span> <span class='ocrx_word' id='word_1_550' title='bbox 2482 3882 2541 3934; x_wconf 90' lang='lat' dir='ltr'><strong>et</strong></span> <span class='ocrx_word' id='word_1_551' title='bbox 2565 3875 3066 3949; x_wconf 89' lang='lat' dir='ltr'><strong>expulsus,deinde</strong></span> <span class='ocrx_word' id='word_1_552' title='bbox 3089 3891 3194 3947; x_wconf 90' lang='lat' dir='ltr'><strong>per</strong></span> <span class='ocrx_word' id='word_1_553' title='bbox 3231 3886 3539 3945; x_wconf 89' lang='lat' dir='ltr'><strong>regenera-</strong></span> 
     </span>
    </p>
   </div>
   <div class='ocr_carea' id='block_1_80' title="bbox 1928 3961 3540 4039">
    <p class='ocr_par' dir='ltr' id='par_1_80' title="bbox 1928 3961 3540 4039">
     <span class='ocr_line' id='line_1_80' title="bbox 1928 3961 3540 4039; baseline -0.002 -22"><span class='ocrx_word' id='word_1_554' title='bbox 1928 3963 2149 4020; x_wconf 90' lang='lat' dir='ltr'><strong>tionem</strong></span> <span class='ocrx_word' id='word_1_555' title='bbox 2178 3974 2249 4009; x_wconf 73' lang='grc' dir='ltr'><strong>διο</strong></span> <span class='ocrx_word' id='word_1_556' title='bbox 2276 3968 2415 4039; x_wconf 80' lang='lat'><strong>(333)</strong></span> <span class='ocrx_word' id='word_1_557' title='bbox 2450 3967 2552 4023; x_wconf 86' lang='lat' dir='ltr'><strong>filii</strong></span> <span class='ocrx_word' id='word_1_558' title='bbox 2573 3968 2658 4023; x_wconf 91' lang='lat' dir='ltr'><strong>sui</strong></span> <span class='ocrx_word' id='word_1_559' title='bbox 2689 3965 2974 4038; x_wconf 88' lang='lat' dir='ltr'><strong>Sigcberti</strong></span> <span class='ocrx_word' id='word_1_560' title='bbox 3001 3961 3419 4037; x_wconf 88' lang='lat' dir='ltr'><strong>aliquantisper</strong></span> <span class='ocrx_word' id='word_1_561' title='bbox 3447 3976 3540 4014; x_wconf 86' lang='lat' dir='ltr'><strong>re-</strong></span> 
     </span>
    </p>
   </div>
   <div class='ocr_carea' id='block_1_81' title="bbox 1929 4047 3541 4130">
    <p class='ocr_par' dir='ltr' id='par_1_81' title="bbox 1929 4047 3541 4130">
     <span class='ocr_line' id='line_1_81' title="bbox 1929 4047 3541 4130; baseline -0.002 -25"><span class='ocrx_word' id='word_1_562' title='bbox 1929 4053 2763 4130; x_wconf 88' lang='lat' dir='ltr'><strong>conciliatus,temptavit,sicut</strong></span> <span class='ocrx_word' id='word_1_563' title='bbox 2793 4058 2852 4111; x_wconf 89' lang='lat' dir='ltr'><strong>et</strong></span> <span class='ocrx_word' id='word_1_564' title='bbox 2878 4053 3035 4117; x_wconf 85' lang='lat' dir='ltr'><strong>fecit,</strong></span> <span class='ocrx_word' id='word_1_565' title='bbox 3067 4068 3202 4109; x_wconf 88' lang='lat' dir='ltr'><strong>eum</strong></span> <span class='ocrx_word' id='word_1_566' title='bbox 3232 4049 3337 4106; x_wconf 90' lang='lat' dir='ltr'><strong>sibi</strong></span> <span class='ocrx_word' id='word_1_567' title='bbox 3356 4047 3541 4104; x_wconf 89' lang='lat' dir='ltr'><strong>areius</strong></span> 
     </span>
    </p>
   </div>
   <div class='ocr_carea' id='block_1_82' title="bbox 1929 4136 3530 4219">
    <p class='ocr_par' dir='ltr' id='par_1_82' title="bbox 1929 4136 3530 4219">
     <span class='ocr_line' id='line_1_82' title="bbox 1929 4136 3530 4219; baseline -0.002 -23"><span class='ocrx_word' id='word_1_568' title='bbox 1929 4141 2315 4213; x_wconf 88' lang='lat' dir='ltr'><strong>devincere,et</strong></span> <span class='ocrx_word' id='word_1_569' title='bbox 2340 4146 2399 4201; x_wconf 90' lang='lat' dir='ltr'><strong>in</strong></span> <span class='ocrx_word' id='word_1_570' title='bbox 2415 4148 2542 4219; x_wconf 90' lang='lat' dir='ltr'><strong>Traj</strong></span> <span class='ocrx_word' id='word_1_571' title='bbox 2552 4145 2869 4203; x_wconf 90' lang='lat' dir='ltr'><strong>eetensium</strong></span> <span class='ocrx_word' id='word_1_572' title='bbox 2891 4142 3168 4199; x_wconf 88' lang='lat' dir='ltr'><strong>cathedra</strong></span> <span class='ocrx_word' id='word_1_573' title='bbox 3185 4136 3530 4197; x_wconf 87' lang='lat' dir='ltr'><strong>sublimavit.</strong></span> 
     </span>
    </p>
   </div>
   <div class='ocr_carea' id='block_1_83' title="bbox 1925 4225 3537 4311">
    <p class='ocr_par' dir='ltr' id='par_1_83' title="bbox 1925 4225 3537 4311">
     <span class='ocr_line' id='line_1_83' title="bbox 1925 4225 3537 4311; baseline -0.002 -29"><span class='ocrx_word' id='word_1_574' title='bbox 1925 4245 1994 4311; x_wconf 79' lang='grc' dir='ltr'><strong>(ε.</strong></span> <span class='ocrx_word' id='word_1_575' title='bbox 2035 4234 2119 4293; x_wconf 82' lang='grc'><strong>18)</strong></span> <span class='ocrx_word' id='word_1_576' title='bbox 2144 4233 2250 4297; x_wconf 87' lang='lat' dir='ltr'><strong>Qui</strong></span> <span class='ocrx_word' id='word_1_577' title='bbox 2280 4251 2385 4306; x_wconf 89' lang='lat' dir='ltr'><strong>per</strong></span> <span class='ocrx_word' id='word_1_578' title='bbox 2410 4237 2726 4291; x_wconf 89' lang='lat' dir='ltr'><strong>triennium</strong></span> <span class='ocrx_word' id='word_1_579' title='bbox 2765 4235 2916 4291; x_wconf 90' lang='lat' dir='ltr'><strong>vicos</strong></span> <span class='ocrx_word' id='word_1_580' title='bbox 2964 4235 3022 4288; x_wconf 90' lang='lat' dir='ltr'><strong>et</strong></span> <span class='ocrx_word' id='word_1_581' title='bbox 3051 4234 3239 4289; x_wconf 91' lang='lat' dir='ltr'><strong>castra</strong></span> <span class='ocrx_word' id='word_1_582' title='bbox 3258 4225 3537 4293; x_wconf 91' lang='lat' dir='ltr'><strong>circuivit,</strong></span> 
     </span>
    </p>
   </div>
   <div class='ocr_carea' id='block_1_84' title="bbox 1928 4320 3513 4395">
    <p class='ocr_par' dir='ltr' id='par_1_84' title="bbox 1928 4320 3513 4395">
     <span class='ocr_line' id='line_1_84' title="bbox 1928 4320 3513 4395; baseline -0.001 -23"><span class='ocrx_word' id='word_1_583' title='bbox 1928 4320 2162 4375; x_wconf 89' lang='lat' dir='ltr'><strong>verbum</strong></span> <span class='ocrx_word' id='word_1_584' title='bbox 2198 4324 2323 4378; x_wconf 70' lang='lat' dir='ltr'><strong>vita:</strong></span> <span class='ocrx_word' id='word_1_585' title='bbox 2354 4325 2764 4393; x_wconf 85' lang='lat' dir='ltr'><strong>disseminavit,</strong></span> <span class='ocrx_word' id='word_1_586' title='bbox 2793 4322 2967 4381; x_wconf 89' lang='lat' dir='ltr'><strong>nichil</strong></span> <span class='ocrx_word' id='word_1_587' title='bbox 2993 4341 3051 4378; x_wconf 90' lang='lat' dir='ltr'><strong>se</strong></span> <span class='ocrx_word' id='word_1_588' title='bbox 3094 4320 3375 4395; x_wconf 77' lang='lat' dir='ltr'><strong>proﬁcere</strong></span> <span class='ocrx_word' id='word_1_589' title='bbox 3405 4332 3513 4372; x_wconf 91' lang='lat' dir='ltr'><strong>cer-</strong></span> 
     </span>
    </p>
   </div>
   <div class='ocr_carea' id='block_1_85' title="bbox 1930 4408 3532 4487">
    <p class='ocr_par' dir='ltr' id='par_1_85' title="bbox 1930 4408 3532 4487">
     <span class='ocr_line' id='line_1_85' title="bbox 1930 4408 3532 4487; baseline -0.002 -25"><span class='ocrx_word' id='word_1_590' title='bbox 1930 4426 2092 4475; x_wconf 83' lang='lat' dir='ltr'><strong>nens,</strong></span> <span class='ocrx_word' id='word_1_591' title='bbox 2125 4414 2450 4469; x_wconf 87' lang='lat' dir='ltr'><strong>sacerdotes</strong></span> <span class='ocrx_word' id='word_1_592' title='bbox 2487 4415 2720 4487; x_wconf 89' lang='lat' dir='ltr'><strong>insuper</strong></span> <span class='ocrx_word' id='word_1_593' title='bbox 2765 4418 2823 4469; x_wconf 89' lang='lat' dir='ltr'><strong>et</strong></span> <span class='ocrx_word' id='word_1_594' title='bbox 2874 4413 3073 4469; x_wconf 90' lang='lat' dir='ltr'><strong>levitas</strong></span> <span class='ocrx_word' id='word_1_595' title='bbox 3118 4411 3225 4466; x_wconf 88' lang='lat' dir='ltr'><strong>sibi</strong></span> <span class='ocrx_word' id='word_1_596' title='bbox 3255 4408 3532 4464; x_wconf 89' lang='lat' dir='ltr'><strong>insultare</strong></span> 
     </span>
    </p>
   </div>
   <div class='ocr_carea' id='block_1_86' title="bbox 1928 4498 3536 4576">
    <p class='ocr_par' dir='ltr' id='par_1_86' title="bbox 1928 4498 3536 4576">
     <span class='ocr_line' id='line_1_86' title="bbox 1928 4498 3536 4576; baseline -0.002 -25"><span class='ocrx_word' id='word_1_597' title='bbox 1928 4498 2448 4572; x_wconf 89' lang='lat' dir='ltr'><strong>dolens,pulverem</strong></span> <span class='ocrx_word' id='word_1_598' title='bbox 2480 4505 2693 4576; x_wconf 91' lang='lat' dir='ltr'><strong>pedum</strong></span> <span class='ocrx_word' id='word_1_599' title='bbox 2716 4504 2881 4574; x_wconf 84' lang='lat' dir='ltr'><strong>juxta</strong></span> <span class='ocrx_word' id='word_1_600' title='bbox 2907 4502 3136 4557; x_wconf 88' lang='lat' dir='ltr'><strong>Domini</strong></span> <span class='ocrx_word' id='word_1_601' title='bbox 3182 4498 3536 4573; x_wconf 74' lang='lat' dir='ltr'><strong>praeceptum</strong></span> 
     </span>
    </p>
   </div>
   <div class='ocr_carea' id='block_1_87' title="bbox 207 4583 3536 4673">
    <p class='ocr_par' dir='ltr' id='par_1_87' title="bbox 207 4583 3536 4673">
     <span class='ocr_line' id='line_1_87' title="bbox 207 4583 3536 4673; baseline 0 -36"><span class='ocrx_word' id='word_1_602' title='bbox 207 4583 662 4673; x_wconf 77' lang='lat' dir='ltr'><strong>institutionibus</strong></span> <span class='ocrx_word' id='word_1_603' title='bbox 689 4585 761 4640; x_wconf 89' lang='lat' dir='ltr'><strong>ad</strong></span> <span class='ocrx_word' id='word_1_604' title='bbox 784 4602 1039 4657; x_wconf 88' lang='lat' dir='ltr'><strong>unguem</strong></span> <span class='ocrx_word' id='word_1_605' title='bbox 1063 4594 1134 4628; x_wconf 74' lang='grc' dir='ltr'><strong>εοο</strong></span> <span class='ocrx_word' id='word_1_606' title='bbox 1160 4586 1445 4641; x_wconf 83' lang='lat' dir='ltr'><strong>instruxit.</strong></span> <span class='ocrx_word' id='word_1_607' title='bbox 1471 4589 1557 4657; x_wconf 89' lang='lat' dir='ltr'><strong>[In</strong></span> <span class='ocrx_word' id='word_1_608' title='bbox 1589 4590 1818 4643; x_wconf 89' lang='lat' dir='ltr'><strong>tantum</strong></span> <span class='ocrx_word' id='word_1_609' title='bbox 1850 4614 1901 4673; x_wconf 85' lang='lat' dir='ltr'><strong>D</strong></span> <span class='ocrx_word' id='word_1_610' title='bbox 1933 4585 1991 4642; x_wconf 90' lang='lat' dir='ltr'><strong>in</strong></span> <span class='ocrx_word' id='word_1_611' title='bbox 2013 4589 2407 4646; x_wconf 88' lang='lat' dir='ltr'><strong>testimonium</strong></span> <span class='ocrx_word' id='word_1_612' title='bbox 2462 4610 2633 4664; x_wconf 88' lang='lat' dir='ltr'><strong>supra</strong></span> <span class='ocrx_word' id='word_1_613' title='bbox 2687 4593 2815 4647; x_wconf 92' lang='lat' dir='ltr'><strong>illos</strong></span> <span class='ocrx_word' id='word_1_614' title='bbox 2872 4591 3136 4657; x_wconf 88' lang='lat' dir='ltr'><strong>excussit,</strong></span> <span class='ocrx_word' id='word_1_615' title='bbox 3188 4603 3399 4663; x_wconf 88' lang='lat' dir='ltr'><strong>eosque</strong></span> <span class='ocrx_word' id='word_1_616' title='bbox 3433 4583 3536 4639; x_wconf 80' lang='lat' dir='ltr'><strong>tali</strong></span> 
     </span>
    </p>
   </div>
   <div class='ocr_carea' id='block_1_88' title="bbox 206 4672 1823 4744">
    <p class='ocr_par' dir='ltr' id='par_1_88' title="bbox 206 4672 1823 4744">
     <span class='ocr_line' id='line_1_88' title="bbox 206 4672 1823 4744; baseline 0.005 -21"><span class='ocrx_word' id='word_1_617' title='bbox 206 4674 402 4725; x_wconf 89' lang='lat' dir='ltr'><strong>autem</strong></span> <span class='ocrx_word' id='word_1_618' title='bbox 432 4672 621 4727; x_wconf 90' lang='lat' dir='ltr'><strong>bonus</strong></span> <span class='ocrx_word' id='word_1_619' title='bbox 638 4673 974 4728; x_wconf 89' lang='lat' dir='ltr'><strong>adolescens</strong></span> <span class='ocrx_word' id='word_1_620' title='bbox 1001 4674 1224 4729; x_wconf 83' lang='lat' dir='ltr'><strong>adhesit</strong></span> <span class='ocrx_word' id='word_1_621' title='bbox 1251 4674 1487 4730; x_wconf 91' lang='lat' dir='ltr'><strong>monitis</strong></span> <span class='ocrx_word' id='word_1_622' title='bbox 1500 4676 1680 4730; x_wconf 90' lang='lat' dir='ltr'><strong>sancti</strong></span> <span class='ocrx_word' id='word_1_623' title='bbox 1700 4677 1823 4744; x_wconf 90' lang='lat' dir='ltr'><strong>viri,</strong></span> 
     </span>
    </p>
   </div>
   <div class='ocr_carea' id='block_1_89' title="bbox 204 4760 1828 4835">
    <p class='ocr_par' dir='ltr' id='par_1_89' title="bbox 204 4760 1828 4835">
     <span class='ocr_line' id='line_1_89' title="bbox 204 4760 1828 4835; baseline 0.004 -22"><span class='ocrx_word' id='word_1_624' title='bbox 204 4761 266 4813; x_wconf 88' lang='lat' dir='ltr'><strong>ut</strong></span> <span class='ocrx_word' id='word_1_625' title='bbox 298 4776 416 4814; x_wconf 89' lang='lat' dir='ltr'><strong>non</strong></span> <span class='ocrx_word' id='word_1_626' title='bbox 449 4760 627 4815; x_wconf 90' lang='lat' dir='ltr'><strong>modo</strong></span> <span class='ocrx_word' id='word_1_627' title='bbox 658 4762 798 4817; x_wconf 89' lang='lat' dir='ltr'><strong>haut</strong></span> <span class='ocrx_word' id='word_1_628' title='bbox 827 4762 1018 4835; x_wconf 90' lang='lat' dir='ltr'><strong>segnis</strong></span> <span class='ocrx_word' id='word_1_629' title='bbox 1063 4764 1229 4819; x_wconf 86' lang='lat' dir='ltr'><strong>ﬁeret</strong></span> <span class='ocrx_word' id='word_1_630' title='bbox 1273 4763 1430 4819; x_wconf 86' lang='lat' dir='ltr'><strong>verbi</strong></span> <span class='ocrx_word' id='word_1_631' title='bbox 1463 4768 1731 4820; x_wconf 84' lang='lat' dir='ltr'><strong>executor</strong></span> <span class='ocrx_word' id='word_1_632' title='bbox 1761 4774 1828 4808; x_wconf 71' lang='lat'><strong>507</strong></span> 
     </span>
    </p>
   </div>
   <div class='ocr_carea' id='block_1_90' title="bbox 1931 4676 3538 4752">
    <p class='ocr_par' dir='ltr' id='par_1_90' title="bbox 1931 4676 3538 4752">
     <span class='ocr_line' id='line_1_90' title="bbox 1931 4676 3538 4752; baseline -0.004 -19"><span class='ocrx_word' id='word_1_633' title='bbox 1931 4679 2118 4751; x_wconf 85' lang='lat' dir='ltr'><strong>elogio</strong></span> <span class='ocrx_word' id='word_1_634' title='bbox 2142 4680 2199 4734; x_wconf 91' lang='lat' dir='ltr'><strong>in</strong></span> <span class='ocrx_word' id='word_1_635' title='bbox 2214 4685 2507 4752; x_wconf 91' lang='lat' dir='ltr'><strong>posterum</strong></span> <span class='ocrx_word' id='word_1_636' title='bbox 2536 4680 2850 4748; x_wconf 88' lang='lat' dir='ltr'><strong>denotavit,</strong></span> <span class='ocrx_word' id='word_1_637' title='bbox 2870 4682 2927 4734; x_wconf 88' lang='lat' dir='ltr'><strong>et</strong></span> <span class='ocrx_word' id='word_1_638' title='bbox 2952 4680 3024 4734; x_wconf 91' lang='lat' dir='ltr'><strong>ad</strong></span> <span class='ocrx_word' id='word_1_639' title='bbox 3052 4679 3163 4734; x_wconf 85' lang='lat' dir='ltr'><strong>alia</strong></span> <span class='ocrx_word' id='word_1_640' title='bbox 3178 4678 3388 4735; x_wconf 91' lang='lat' dir='ltr'><strong>deinde</strong></span> <span class='ocrx_word' id='word_1_641' title='bbox 3411 4676 3538 4730; x_wconf 88' lang='lat' dir='ltr'><strong>loca</strong></span> 
     </span>
    </p>
   </div>
   <div class='ocr_carea' id='block_1_91' title="bbox 1932 4765 3237 4839">
    <p class='ocr_par' dir='ltr' id='par_1_91' title="bbox 1932 4765 3237 4839">
     <span class='ocr_line' id='line_1_91' title="bbox 1932 4765 3237 4839; baseline 0.002 -17"><span class='ocrx_word' id='word_1_642' title='bbox 1932 4768 2301 4839; x_wconf 60' lang='lat' dir='ltr'><strong>praedicando</strong></span> <span class='ocrx_word' id='word_1_643' title='bbox 2331 4772 2390 4824; x_wconf 88' lang='lat' dir='ltr'><strong>ut</strong></span> <span class='ocrx_word' id='word_1_644' title='bbox 2409 4774 2580 4827; x_wconf 86' lang='lat' dir='ltr'><strong>antea</strong></span> <span class='ocrx_word' id='word_1_645' title='bbox 2600 4771 2817 4826; x_wconf 89' lang='lat' dir='ltr'><strong>fecerat</strong></span> <span class='ocrx_word' id='word_1_646' title='bbox 2844 4765 3237 4839; x_wconf 72' lang='lat' dir='ltr'><strong>demigravit.)</strong></span> 
     </span>
    </p>
   </div>
   <div class='ocr_carea' id='block_1_92' title="bbox 1530 4884 2217 4944">
    <p class='ocr_par' dir='ltr' id='par_1_92' title="bbox 1530 4884 2217 4944">
     <span class='ocr_line' id='line_1_92' title="bbox 1530 4884 2217 4944; baseline 0.007 -7"><span class='ocrx_word' id='word_1_647' title='bbox 1530 4884 1759 4939; x_wconf 65' lang='lat' dir='ltr'><strong>VARIzE</strong></span> <span class='ocrx_word' id='word_1_648' title='bbox 1818 4886 2108 4942; x_wconf 80' lang='lat' dir='ltr'><strong>LECTION</strong></span> <span class='ocrx_word' id='word_1_649' title='bbox 2114 4889 2217 4944; x_wconf 89' lang='lat' dir='ltr'><strong>ES.</strong></span> 
     </span>
    </p>
   </div>
   <div class='ocr_carea' id='block_1_93' title="bbox 275 4953 982 5025">
    <p class='ocr_par' dir='ltr' id='par_1_93' title="bbox 275 4953 982 5025">
     <span class='ocr_line' id='line_1_93' title="bbox 275 4953 982 5025; baseline 0.006 -20"><span class='ocrx_word' id='word_1_650' title='bbox 275 4962 349 4994; x_wconf 67' lang='lat'><strong>300</strong></span> <span class='ocrx_word' id='word_1_651' title='bbox 373 4953 799 5025; x_wconf 88' lang='lat' dir='ltr'><strong>lugdiuiensem</strong></span> <span class='ocrx_word' id='word_1_652' title='bbox 835 4957 853 5007; x_wconf 97' lang='lat'><strong>1</strong></span> <span class='ocrx_word' id='word_1_653' title='bbox 878 4997 889 5009; x_wconf 92' lang='lat'><strong>.</strong></span> <span class='ocrx_word' id='word_1_654' title='bbox 930 4958 982 5009; x_wconf 89' lang='lat'><strong>2.</strong></span> 
     </span>
    </p>
   </div>
   <div class='ocr_carea' id='block_1_94' title="bbox 208 5025 2021 5098">
    <p class='ocr_par' dir='ltr' id='par_1_94' title="bbox 208 5025 2021 5098">
     <span class='ocr_line' id='line_1_94' title="bbox 208 5025 2021 5098; baseline 0.003 -20"><span class='ocrx_word' id='word_1_655' title='bbox 208 5026 580 5098; x_wconf 78' lang='lat' dir='ltr'><strong>sollemniaco</strong></span> <span class='ocrx_word' id='word_1_656' title='bbox 620 5029 665 5078; x_wconf 90' lang='lat'><strong>1.</strong></span> <span class='ocrx_word' id='word_1_657' title='bbox 701 5041 830 5079; x_wconf 89' lang='lat' dir='ltr'><strong>cum</strong></span> <span class='ocrx_word' id='word_1_658' title='bbox 854 5025 1350 5098; x_wconf 39' lang='lat' dir='ltr'><strong>sollempniaeoﬁ.</strong></span> <span class='ocrx_word' id='word_1_659' title='bbox 1395 5034 1500 5098; x_wconf 71' lang='lat'><strong>_50°</strong></span> <span class='ocrx_word' id='word_1_660' title='bbox 1531 5027 1793 5098; x_wconf 91' lang='lat' dir='ltr'><strong>apprime</strong></span> <span class='ocrx_word' id='word_1_661' title='bbox 1834 5028 1895 5085; x_wconf 79' lang='lat' dir='ltr'><strong>C.</strong></span> <span class='ocrx_word' id='word_1_662' title='bbox 1949 5031 2021 5084; x_wconf 88' lang='lat' dir='ltr'><strong>ad</strong></span> 
     </span>
    </p>
   </div>
   <div class='ocr_carea' id='block_1_95' title="bbox 212 5095 2075 5167">
    <p class='ocr_par' dir='ltr' id='par_1_95' title="bbox 212 5095 2075 5167">
     <span class='ocr_line' id='line_1_95' title="bbox 212 5095 2075 5167; baseline 0.004 -18"><span class='ocrx_word' id='word_1_663' title='bbox 212 5105 283 5137; x_wconf 70' lang='grc' dir='ltr'><strong>ωδ</strong></span> <span class='ocrx_word' id='word_1_664' title='bbox 310 5096 449 5151; x_wconf 83' lang='lat' dir='ltr'><strong>deest</strong></span> <span class='ocrx_word' id='word_1_665' title='bbox 470 5104 521 5151; x_wconf 86' lang='lat'><strong>3.</strong></span> <span class='ocrx_word' id='word_1_666' title='bbox 603 5104 672 5137; x_wconf 69' lang='grc' dir='ltr'><strong>⁵ου</strong></span> <span class='ocrx_word' id='word_1_667' title='bbox 704 5113 921 5167; x_wconf 85' lang='lat' dir='ltr'><strong>pernox</strong></span> <span class='ocrx_word' id='word_1_668' title='bbox 943 5101 995 5153; x_wconf 95' lang='lat'><strong>2.</strong></span> <span class='ocrx_word' id='word_1_669' title='bbox 1031 5095 1082 5152; x_wconf 67' lang='grc'><strong>3.</strong></span> <span class='ocrx_word' id='word_1_670' title='bbox 1125 5095 1221 5153; x_wconf 81' lang='lat' dir='ltr'><strong>0h.</strong></span> <span class='ocrx_word' id='word_1_671' title='bbox 1258 5100 1355 5151; x_wconf 79' lang='lat' dir='ltr'><strong>vit.</strong></span> <span class='ocrx_word' id='word_1_672' title='bbox 1380 5096 1532 5152; x_wconf 82' lang='lat' dir='ltr'><strong>Rem.</strong></span> <span class='ocrx_word' id='word_1_673' title='bbox 1569 5095 1580 5098; x_wconf 62' lang='grc'>⁷</span> <span class='ocrx_word' id='word_1_674' title='bbox 1610 5095 1683 5140; x_wconf 64' lang='lat'><strong>310</strong></span> <span class='ocrx_word' id='word_1_675' title='bbox 1704 5100 2005 5155; x_wconf 88' lang='lat' dir='ltr'><strong>honestate</strong></span> <span class='ocrx_word' id='word_1_676' title='bbox 2027 5095 2075 5157; x_wconf 61' lang='grc' dir='ltr'><strong>ξδ’.</strong></span> 
     </span>
    </p>
   </div>
   <div class='ocr_carea' id='block_1_96' title="bbox 213 5167 2425 5241">
    <p class='ocr_par' dir='ltr' id='par_1_96' title="bbox 213 5167 2425 5241">
     <span class='ocr_line' id='line_1_96' title="bbox 213 5167 2425 5241; baseline 0.005 -21"><span class='ocrx_word' id='word_1_677' title='bbox 213 5176 285 5241; x_wconf 50' lang='grc'><strong>⁵1³</strong></span> <span class='ocrx_word' id='word_1_678' title='bbox 316 5184 385 5221; x_wconf 91' lang='lat' dir='ltr'><strong>eo</strong></span> <span class='ocrx_word' id='word_1_679' title='bbox 418 5171 464 5241; x_wconf 82' lang='lat'><strong>1.</strong></span> <span class='ocrx_word' id='word_1_680' title='bbox 543 5176 615 5209; x_wconf 71' lang='lat' dir='ltr'><strong>5H</strong></span> <span class='ocrx_word' id='word_1_681' title='bbox 645 5167 821 5241; x_wconf 82' lang='lat' dir='ltr'><strong>exiuit</strong></span> <span class='ocrx_word' id='word_1_682' title='bbox 847 5183 987 5241; x_wconf 75' lang='lat' dir='ltr'><strong>corr.</strong></span> <span class='ocrx_word' id='word_1_683' title='bbox 1022 5168 1178 5223; x_wconf 86' lang='lat' dir='ltr'><strong>exuit</strong></span> <span class='ocrx_word' id='word_1_684' title='bbox 1201 5172 1255 5225; x_wconf 88' lang='lat'><strong>2.</strong></span> <span class='ocrx_word' id='word_1_685' title='bbox 1332 5176 1404 5209; x_wconf 70' lang='grc'><strong>⁸1⁵</strong></span> <span class='ocrx_word' id='word_1_686' title='bbox 1430 5168 1635 5240; x_wconf 81' lang='lat' dir='ltr'><strong>reliqua</strong></span> <span class='ocrx_word' id='word_1_687' title='bbox 1673 5187 1827 5241; x_wconf 69' lang='lat' dir='ltr'><strong>paene</strong></span> <span class='ocrx_word' id='word_1_688' title='bbox 1856 5174 2038 5226; x_wconf 75' lang='lat' dir='ltr'><strong>omnia</strong></span> <span class='ocrx_word' id='word_1_689' title='bbox 2095 5174 2283 5230; x_wconf 76' lang='lat' dir='ltr'><strong>desunt</strong></span> <span class='ocrx_word' id='word_1_690' title='bbox 2323 5174 2425 5231; x_wconf 79' lang='lat' dir='ltr'><strong>Ch.</strong></span> 
     </span>
    </p>
   </div>
   <div class='ocr_carea' id='block_1_97' title="bbox 1062 4954 3537 5027">
    <p class='ocr_par' dir='ltr' id='par_1_97' title="bbox 1062 4954 3537 5027">
     <span class='ocr_line' id='line_1_97' title="bbox 1062 4954 3537 5027; baseline 0 -19"><span class='ocrx_word' id='word_1_691' title='bbox 1062 4954 1369 5027; x_wconf 37' lang='lat' dir='ltr'><strong>“fretique:</strong></span> <span class='ocrx_word' id='word_1_692' title='bbox 1398 4954 1586 5010; x_wconf 80' lang='lat' dir='ltr'><strong>desunt</strong></span> <span class='ocrx_word' id='word_1_693' title='bbox 1616 4954 1718 5011; x_wconf 83' lang='lat' dir='ltr'><strong>Ch.</strong></span> <span class='ocrx_word' id='word_1_694' title='bbox 1797 4966 1867 4998; x_wconf 67' lang='grc' dir='ltr'><strong>δοι</strong></span> <span class='ocrx_word' id='word_1_695' title='bbox 1899 4958 1971 5012; x_wconf 89' lang='lat' dir='ltr'><strong>ad</strong></span> <span class='ocrx_word' id='word_1_696' title='bbox 2013 4977 2117 5013; x_wconf 87' lang='lat' dir='ltr'><strong>nos</strong></span> <span class='ocrx_word' id='word_1_697' title='bbox 2147 4961 2241 5016; x_wconf 85' lang='lat' dir='ltr'><strong>vit.</strong></span> <span class='ocrx_word' id='word_1_698' title='bbox 2278 4961 2348 5017; x_wconf 76' lang='grc' dir='ltr'><strong>Β.</strong></span> <span class='ocrx_word' id='word_1_699' title='bbox 2426 4968 2498 5001; x_wconf 66' lang='grc' dir='ltr'><strong>εοδ</strong></span> <span class='ocrx_word' id='word_1_700' title='bbox 2530 4960 2666 5015; x_wconf 91' lang='lat' dir='ltr'><strong>inde</strong></span> <span class='ocrx_word' id='word_1_701' title='bbox 2695 4967 2748 5017; x_wconf 92' lang='lat'><strong>2.</strong></span> <span class='ocrx_word' id='word_1_702' title='bbox 2787 4964 2837 5015; x_wconf 90' lang='lat'><strong>3.</strong></span> <span class='ocrx_word' id='word_1_703' title='bbox 2920 4969 2988 5001; x_wconf 66' lang='grc' dir='ltr'><strong>ενοι</strong></span> <span class='ocrx_word' id='word_1_704' title='bbox 3026 4961 3326 5014; x_wconf 77' lang='lat' dir='ltr'><strong>flectamus</strong></span> <span class='ocrx_word' id='word_1_705' title='bbox 3347 4954 3401 5009; x_wconf 89' lang='lat'><strong>3.</strong></span> <span class='ocrx_word' id='word_1_706' title='bbox 3467 4965 3537 4999; x_wconf 67' lang='lat'><strong>$03</strong></span> 
     </span>
    </p>
   </div>
   <div class='ocr_carea' id='block_1_98' title="bbox 2056 5030 3537 5102">
    <p class='ocr_par' dir='ltr' id='par_1_98' title="bbox 2056 5030 3537 5102">
     <span class='ocr_line' id='line_1_98' title="bbox 2056 5030 3537 5102; baseline -0.002 -17"><span class='ocrx_word' id='word_1_707' title='bbox 2056 5031 2307 5102; x_wconf 88' lang='lat' dir='ltr'><strong>primum</strong></span> <span class='ocrx_word' id='word_1_708' title='bbox 2343 5035 2409 5088; x_wconf 88' lang='lat' dir='ltr'><strong>l).</strong></span> <span class='ocrx_word' id='word_1_709' title='bbox 2446 5035 2493 5087; x_wconf 89' lang='lat'><strong>1.</strong></span> <span class='ocrx_word' id='word_1_710' title='bbox 2572 5041 2641 5074; x_wconf 70' lang='grc' dir='ltr'><strong>δοτ</strong></span> <span class='ocrx_word' id='word_1_711' title='bbox 2664 5034 2929 5086; x_wconf 87' lang='lat' dir='ltr'><strong>exesutor</strong></span> <span class='ocrx_word' id='word_1_712' title='bbox 2980 5048 3121 5102; x_wconf 62' lang='lat' dir='ltr'><strong>rem</strong></span> <span class='ocrx_word' id='word_1_713' title='bbox 3181 5030 3452 5102; x_wconf 85' lang='lat' dir='ltr'><strong>executor</strong></span> <span class='ocrx_word' id='word_1_714' title='bbox 3488 5032 3537 5087; x_wconf 92' lang='lat'><strong>1.</strong></span> 
     </span>
    </p>
   </div>
   <div class='ocr_carea' id='block_1_99' title="bbox 2156 5098 3535 5160">
    <p class='ocr_par' dir='ltr' id='par_1_99' title="bbox 2156 5098 3535 5160">
     <span class='ocr_line' id='line_1_99' title="bbox 2156 5098 3535 5160; baseline -0.001 -2"><span class='ocrx_word' id='word_1_715' title='bbox 2156 5111 2223 5145; x_wconf 66' lang='grc' dir='ltr'><strong>διε</strong></span> <span class='ocrx_word' id='word_1_716' title='bbox 2255 5103 2812 5159; x_wconf 77' lang='lat' dir='ltr'><strong>Post-candelabro</strong></span> <span class='ocrx_word' id='word_1_717' title='bbox 2830 5103 3017 5156; x_wconf 81' lang='lat' dir='ltr'><strong>desunt</strong></span> <span class='ocrx_word' id='word_1_718' title='bbox 3035 5101 3139 5160; x_wconf 80' lang='lat' dir='ltr'><strong>Ch.</strong></span> <span class='ocrx_word' id='word_1_719' title='bbox 3215 5106 3286 5138; x_wconf 63' lang='grc' dir='ltr'><strong>δι’</strong></span> <span class='ocrx_word' id='word_1_720' title='bbox 3316 5098 3535 5156; x_wconf 72' lang='lat' dir='ltr'><strong>deesM.</strong></span> 
     </span>
    </p>
   </div>
   <div class='ocr_carea' id='block_1_100' title="bbox 2505 5168 3533 5230">
    <p class='ocr_par' dir='ltr' id='par_1_100' title="bbox 2505 5168 3533 5230">
     <span class='ocr_line' id='line_1_100' title="bbox 2505 5168 3533 5230; baseline -0.009 -2"><span class='ocrx_word' id='word_1_721' title='bbox 2505 5182 2575 5215; x_wconf 69' lang='grc' dir='ltr'><strong>διδ</strong></span> <span class='ocrx_word' id='word_1_722' title='bbox 2634 5178 2712 5230; x_wconf 72' lang='lat' dir='ltr'><strong>ita</strong></span> <span class='ocrx_word' id='word_1_723' title='bbox 2759 5174 3138 5229; x_wconf 77' lang='lat' dir='ltr'><strong>restituendum</strong></span> <span class='ocrx_word' id='word_1_724' title='bbox 3194 5186 3256 5225; x_wconf 72' lang='lat' dir='ltr'><strong>ex</strong></span> <span class='ocrx_word' id='word_1_725' title='bbox 3311 5172 3419 5222; x_wconf 74' lang='lat' dir='ltr'><strong>vita</strong></span> <span class='ocrx_word' id='word_1_726' title='bbox 3468 5168 3533 5226; x_wconf 87' lang='lat' dir='ltr'><strong>S.</strong></span> 
     </span>
    </p>
   </div>
   <div class='ocr_carea' id='block_1_101' title="bbox 208 5238 2172 5325">
    <p class='ocr_par' dir='ltr' id='par_1_101' title="bbox 208 5238 2172 5325">
     <span class='ocr_line' id='line_1_101' title="bbox 208 5238 2172 5325; baseline 0.003 -32"><span class='ocrx_word' id='word_1_727' title='bbox 208 5238 489 5304; x_wconf 74' lang='lat' dir='ltr'><strong>Amandz&#39;;</strong></span> <span class='ocrx_word' id='word_1_728' title='bbox 522 5238 1059 5325; x_wconf 76' lang='lat' dir='ltr'><strong>peregrinationem</strong></span> <span class='ocrx_word' id='word_1_729' title='bbox 1090 5242 1139 5294; x_wconf 93' lang='lat'><strong>1.</strong></span> <span class='ocrx_word' id='word_1_730' title='bbox 1175 5242 1226 5295; x_wconf 83' lang='lat'><strong>2.</strong></span> <span class='ocrx_word' id='word_1_731' title='bbox 1257 5244 1309 5294; x_wconf 89' lang='lat'><strong>3.</strong></span> <span class='ocrx_word' id='word_1_732' title='bbox 1338 5255 1481 5298; x_wconf 79' lang='lat' dir='ltr'><strong>corr.</strong></span> <span class='ocrx_word' id='word_1_733' title='bbox 1514 5238 1620 5311; x_wconf 75' lang='lat' dir='ltr'><strong>per</strong></span> <span class='ocrx_word' id='word_1_734' title='bbox 1649 5238 2091 5312; x_wconf 79' lang='lat' dir='ltr'><strong>generationem</strong></span> <span class='ocrx_word' id='word_1_735' title='bbox 2119 5250 2172 5300; x_wconf 88' lang='lat'><strong>2.</strong></span> 
     </span>
    </p>
   </div>
   <div class='ocr_carea' id='block_1_102' title="bbox 1764 5360 1991 5418">
    <p class='ocr_par' dir='ltr' id='par_1_102' title="bbox 1764 5360 1991 5418">
     <span class='ocr_line' id='line_1_102' title="bbox 1764 5360 1991 5418; baseline 0 -3"><span class='ocrx_word' id='word_1_736' title='bbox 1764 5360 1991 5418; x_wconf 62' lang='lat' dir='ltr'><strong>NOTZE.</strong></span> 
     </span>
    </p>
   </div>
   <div class='ocr_carea' id='block_1_103' title="bbox 282 5445 1839 5523">
    <p class='ocr_par' dir='ltr' id='par_1_103' title="bbox 282 5445 1839 5523">
     <span class='ocr_line' id='line_1_103' title="bbox 282 5445 1839 5523; baseline 0.003 -21"><span class='ocrx_word' id='word_1_737' title='bbox 282 5446 438 5523; x_wconf 81' lang='lat'><strong>(328)</strong></span> <span class='ocrx_word' id='word_1_738' title='bbox 472 5447 601 5523; x_wconf 65' lang='lat' dir='ltr'><strong>Haec</strong></span> <span class='ocrx_word' id='word_1_739' title='bbox 630 5446 689 5523; x_wconf 81' lang='lat' dir='ltr'><strong>in</strong></span> <span class='ocrx_word' id='word_1_740' title='bbox 720 5447 927 5503; x_wconf 63' lang='lat' dir='ltr'><strong>{Ethiei</strong></span> <span class='ocrx_word' id='word_1_741' title='bbox 966 5445 1428 5523; x_wconf 81' lang='lat' dir='ltr'><strong>comosgraphia,</strong></span> <span class='ocrx_word' id='word_1_742' title='bbox 1478 5447 1626 5523; x_wconf 81' lang='lat' dir='ltr'><strong>dein</strong></span> <span class='ocrx_word' id='word_1_743' title='bbox 1686 5451 1839 5523; x_wconf 89' lang='lat' dir='ltr'><strong>apud</strong></span> 
     </span>
    </p>
   </div>
   <div class='ocr_carea' id='block_1_104' title="bbox 212 5519 1842 5589">
    <p class='ocr_par' dir='ltr' id='par_1_104' title="bbox 212 5519 1842 5589">
     <span class='ocr_line' id='line_1_104' title="bbox 212 5519 1842 5589; baseline 0.001 -13"><span class='ocrx_word' id='word_1_744' title='bbox 212 5519 482 5576; x_wconf 82' lang='lat' dir='ltr'><strong>Orosium</strong></span> <span class='ocrx_word' id='word_1_745' title='bbox 517 5521 558 5586; x_wconf 87' lang='grc' dir='ltr'>Ι,</span> <span class='ocrx_word' id='word_1_746' title='bbox 583 5522 637 5584; x_wconf 89' lang='lat'><strong>2,</strong></span> <span class='ocrx_word' id='word_1_747' title='bbox 669 5521 963 5589; x_wconf 84' lang='lat' dir='ltr'><strong>leguntur.</strong></span> <span class='ocrx_word' id='word_1_748' title='bbox 1019 5519 1186 5575; x_wconf 87' lang='lat' dir='ltr'><strong>Unde</strong></span> <span class='ocrx_word' id='word_1_749' title='bbox 1230 5519 1529 5589; x_wconf 88' lang='lat' dir='ltr'><strong>sequentia</strong></span> <span class='ocrx_word' id='word_1_750' title='bbox 1586 5519 1842 5578; x_wconf 78' lang='lat' dir='ltr'><strong>hauserit</strong></span> 
     </span>
    </p>
   </div>
   <div class='ocr_carea' id='block_1_105' title="bbox 213 5590 1840 5667">
    <p class='ocr_par' dir='ltr' id='par_1_105' title="bbox 213 5590 1840 5667">
     <span class='ocr_line' id='line_1_105' title="bbox 213 5590 1840 5667; baseline 0.002 -19"><span class='ocrx_word' id='word_1_751' title='bbox 213 5594 415 5667; x_wconf 81' lang='lat' dir='ltr'><strong>auctor</strong></span> <span class='ocrx_word' id='word_1_752' title='bbox 435 5606 533 5667; x_wconf 78' lang='lat' dir='ltr'><strong>me</strong></span> <span class='ocrx_word' id='word_1_753' title='bbox 557 5590 831 5667; x_wconf 81' lang='lat' dir='ltr'><strong>ignorare</strong></span> <span class='ocrx_word' id='word_1_754' title='bbox 862 5591 1044 5647; x_wconf 89' lang='lat' dir='ltr'><strong>libere</strong></span> <span class='ocrx_word' id='word_1_755' title='bbox 1082 5591 1396 5667; x_wconf 78' lang='lat' dir='ltr'><strong>confiteor;</strong></span> <span class='ocrx_word' id='word_1_756' title='bbox 1427 5590 1840 5667; x_wconf 77' lang='lat' dir='ltr'><strong>ipsi_l_lerigero</strong></span> 
     </span>
    </p>
   </div>
   <div class='ocr_carea' id='block_1_106' title="bbox 212 5660 1843 5737">
    <p class='ocr_par' dir='ltr' id='par_1_106' title="bbox 212 5660 1843 5737">
     <span class='ocr_line' id='line_1_106' title="bbox 212 5660 1843 5737; baseline 0.002 -18"><span class='ocrx_word' id='word_1_757' title='bbox 212 5660 605 5737; x_wconf 66' lang='lat' dir='ltr'><strong>tribuendum</strong></span> <span class='ocrx_word' id='word_1_758' title='bbox 623 5678 744 5717; x_wconf 89' lang='lat' dir='ltr'><strong>esse</strong></span> <span class='ocrx_word' id='word_1_759' title='bbox 758 5663 846 5718; x_wconf 83' lang='lat' dir='ltr'><strong>vix</strong></span> <span class='ocrx_word' id='word_1_760' title='bbox 877 5680 942 5719; x_wconf 92' lang='lat' dir='ltr'><strong>ac</strong></span> <span class='ocrx_word' id='word_1_761' title='bbox 972 5680 1046 5719; x_wconf 91' lang='lat' dir='ltr'><strong>ne</strong></span> <span class='ocrx_word' id='word_1_762' title='bbox 1075 5679 1164 5717; x_wconf 70' lang='lat' dir='ltr'><strong>vnx</strong></span> <span class='ocrx_word' id='word_1_763' title='bbox 1195 5660 1429 5735; x_wconf 88' lang='lat' dir='ltr'><strong>quidem</strong></span> <span class='ocrx_word' id='word_1_764' title='bbox 1448 5660 1595 5718; x_wconf 67' lang='lat' dir='ltr'><strong>inihi</strong></span> <span class='ocrx_word' id='word_1_765' title='bbox 1614 5660 1843 5737; x_wconf 60' lang='lat' dir='ltr'><strong>persua-</strong></span> 
     </span>
    </p>
   </div>
   <div class='ocr_carea' id='block_1_107' title="bbox 218 5734 629 5805">
    <p class='ocr_par' dir='ltr' id='par_1_107' title="bbox 218 5734 629 5805">
     <span class='ocr_line' id='line_1_107' title="bbox 218 5734 629 5805; baseline -0.005 -14"><span class='ocrx_word' id='word_1_766' title='bbox 218 5734 358 5792; x_wconf 87' lang='lat' dir='ltr'><strong>dere</strong></span> <span class='ocrx_word' id='word_1_767' title='bbox 390 5748 629 5805; x_wconf 82' lang='lat' dir='ltr'><strong>possum</strong></span> 
     </span>
    </p>
   </div>
   <div class='ocr_carea' id='block_1_108' title="bbox 293 5802 821 5878">
    <p class='ocr_par' dir='ltr' id='par_1_108' title="bbox 293 5802 821 5878">
     <span class='ocr_line' id='line_1_108' title="bbox 293 5802 821 5878; baseline 0 -16"><span class='ocrx_word' id='word_1_768' title='bbox 293 5802 442 5878; x_wconf 76' lang='lat'><strong>(329)</strong></span> <span class='ocrx_word' id='word_1_769' title='bbox 464 5802 821 5863; x_wconf 87' lang='lat' dir='ltr'><strong>Bituricensi.</strong></span> 
     </span>
    </p>
   </div>
   <div class='ocr_carea' id='block_1_109' title="bbox 2012 5452 3543 5533">
    <p class='ocr_par' dir='ltr' id='par_1_109' title="bbox 2012 5452 3543 5533">
     <span class='ocr_line' id='line_1_109' title="bbox 2012 5452 3543 5533; baseline 0.003 -25"><span class='ocrx_word' id='word_1_770' title='bbox 2012 5452 2167 5533; x_wconf 82' lang='lat'><strong>(330)</strong></span> <span class='ocrx_word' id='word_1_771' title='bbox 2198 5453 2437 5533; x_wconf 85' lang='lat' dir='ltr'><strong>Silentio</strong></span> <span class='ocrx_word' id='word_1_772' title='bbox 2465 5455 2575 5533; x_wconf 71' lang='lat' dir='ltr'><strong>hoc</strong></span> <span class='ocrx_word' id='word_1_773' title='bbox 2596 5457 3057 5533; x_wconf 70' lang='lat' dir='ltr'><strong>praetermittitur</strong></span> <span class='ocrx_word' id='word_1_774' title='bbox 3102 5458 3161 5513; x_wconf 91' lang='lat' dir='ltr'>in</span> <span class='ocrx_word' id='word_1_775' title='bbox 3209 5459 3266 5516; x_wconf 91' lang='lat' dir='ltr'><strong>S.</strong></span> <span class='ocrx_word' id='word_1_776' title='bbox 3306 5457 3543 5533; x_wconf 89' lang='lat' dir='ltr'><strong>Sulpicii</strong></span> 
     </span>
    </p>
   </div>
   <div class='ocr_carea' id='block_1_110' title="bbox 1940 5524 2983 5585">
    <p class='ocr_par' dir='ltr' id='par_1_110' title="bbox 1940 5524 2983 5585">
     <span class='ocr_line' id='line_1_110' title="bbox 1940 5524 2983 5585; baseline 0.005 -8"><span class='ocrx_word' id='word_1_777' title='bbox 1940 5524 2065 5579; x_wconf 88' lang='lat' dir='ltr'><strong>Vita</strong></span> <span class='ocrx_word' id='word_1_778' title='bbox 2097 5541 2288 5579; x_wconf 70' lang='lat' dir='ltr'><strong>coaava</strong></span> <span class='ocrx_word' id='word_1_779' title='bbox 2315 5528 2437 5581; x_wconf 82' lang='lat' dir='ltr'><strong>Act.</strong></span> <span class='ocrx_word' id='word_1_780' title='bbox 2465 5524 2563 5580; x_wconf 93' lang='lat' dir='ltr'><strong>SS.</strong></span> <span class='ocrx_word' id='word_1_781' title='bbox 2592 5524 2720 5584; x_wconf 76' lang='lat' dir='ltr'><strong>Jan.</strong></span> <span class='ocrx_word' id='word_1_782' title='bbox 2743 5530 2830 5583; x_wconf 88' lang='lat' dir='ltr'><strong>IlI.</strong></span> <span class='ocrx_word' id='word_1_783' title='bbox 2866 5528 2983 5585; x_wconf 85' lang='lat'><strong>167.</strong></span> 
     </span>
    </p>
   </div>
   <div class='ocr_carea' id='block_1_111' title="bbox 2013 5596 3547 5672">
    <p class='ocr_par' dir='ltr' id='par_1_111' title="bbox 2013 5596 3547 5672">
     <span class='ocr_line' id='line_1_111' title="bbox 2013 5596 3547 5672; baseline 0.005 -21"><span class='ocrx_word' id='word_1_784' title='bbox 2013 5596 2133 5672; x_wconf 80' lang='lat'><strong>(331</strong></span> <span class='ocrx_word' id='word_1_785' title='bbox 2165 5596 2903 5672; x_wconf 26' lang='lat' dir='ltr'><strong>_$o_l_ignac_‘inUAquitania</strong></span> <span class='ocrx_word' id='word_1_786' title='bbox 2933 5604 2991 5656; x_wconf 87' lang='lat' dir='ltr'><strong>et</strong></span> <span class='ocrx_word' id='word_1_787' title='bbox 3019 5602 3245 5659; x_wconf 67' lang='lat' dir='ltr'><strong>dimcesi</strong></span> <span class='ocrx_word' id='word_1_788' title='bbox 3289 5602 3547 5660; x_wconf 87' lang='lat' dir='ltr'><strong>Lemovi-</strong></span> 
     </span>
    </p>
   </div>
   <div class='ocr_carea' id='block_1_112' title="bbox 1944 5668 3213 5744">
    <p class='ocr_par' dir='ltr' id='par_1_112' title="bbox 1944 5668 3213 5744">
     <span class='ocr_line' id='line_1_112' title="bbox 1944 5668 3213 5744; baseline 0.008 -21"><span class='ocrx_word' id='word_1_789' title='bbox 1944 5668 2119 5744; x_wconf 84' lang='lat' dir='ltr'><strong>censi.</strong></span> <span class='ocrx_word' id='word_1_790' title='bbox 2154 5668 2397 5744; x_wconf 26' lang='lat' dir='ltr'><strong>CfZVita</strong></span> <span class='ocrx_word' id='word_1_791' title='bbox 2424 5668 2591 5741; x_wconf 84' lang='lat' dir='ltr'><strong>Eligii</strong></span> <span class='ocrx_word' id='word_1_792' title='bbox 2616 5668 2942 5743; x_wconf 71' lang='grc' dir='ltr'><strong>1,’16;8ιιι“.</strong></span> <span class='ocrx_word' id='word_1_793' title='bbox 2972 5674 3060 5744; x_wconf 90' lang='lat' dir='ltr'><strong>Vl,</strong></span> <span class='ocrx_word' id='word_1_794' title='bbox 3090 5677 3213 5734; x_wconf 83' lang='grc'><strong>636.</strong></span> 
     </span>
    </p>
   </div>
   <div class='ocr_carea' id='block_1_113' title="bbox 2019 5740 2590 5876">
    <p class='ocr_par' dir='ltr' id='par_1_113' title="bbox 2019 5740 2590 5876">
     <span class='ocr_line' id='line_1_113' title="bbox 2019 5740 2590 5876; baseline 0.009 -80"><span class='ocrx_word' id='word_1_795' title='bbox 2188 5740 2302 5823; x_wconf 57' lang='lat' dir='ltr'><strong>Cfr.</strong></span> <span class='ocrx_word' id='word_1_796' title='bbox 2338 5758 2479 5817; x_wconf 79' lang='lat' dir='ltr'><strong>caep.</strong></span> 
     </span>
     <span class='ocr_line' id='line_1_114' title="bbox 2155 5810 2590 5876; baseline -0.005 0"><span class='ocrx_word' id='word_1_797' title='bbox 2155 5814 2171 5876; x_wconf 92' lang='grc'><strong>)</strong></span> <span class='ocrx_word' id='word_1_798' title='bbox 2206 5810 2338 5872; x_wconf 75' lang='lat' dir='ltr'><strong>Sci].</strong></span> <span class='ocrx_word' id='word_1_799' title='bbox 2372 5813 2590 5876; x_wconf 79' lang='lat' dir='ltr'><strong>baptisn</strong></span> 
     </span>
    </p>
   </div>
   <div class='ocr_carea' id='block_1_114' title="bbox 2047 5810 2750 5890">
    <p class='ocr_par' dir='ltr' id='par_1_114' title="bbox 2047 5810 2750 5890">
     <span class='ocr_line' id='line_1_115' title="bbox 2047 5810 2750 5890; baseline 0.007 -20"><span class='ocrx_word' id='word_1_800' title='bbox 2047 5814 2171 5887; x_wconf 88' lang='lat'><strong>333)</strong></span> <span class='ocrx_word' id='word_1_801' title='bbox 2206 5810 2338 5872; x_wconf 83' lang='lat' dir='ltr'><strong>Sci].</strong></span> <span class='ocrx_word' id='word_1_802' title='bbox 2372 5810 2750 5890; x_wconf 71' lang='lat' dir='ltr'><strong>baptismatis.</strong></span> 
     </span>
    </p>
   </div>
  </div>
