3902 6210
399 463 536 522 16ὕό
1002 457 1332 515 HERIGERI
1360 456 1446 514 ET
1465 455 1765 520 ANSELK!
1790 454 1940 516 GES'l

2220 455 2256 512 Ξ.
2289 454 2552 520 TUNGR.
2573 455 2766 513 ΤΗΝ.
2789 455 2874 512 ΕΤ
2902 453 3104 515 LEOD.
3611 461 3761 518 1056

391 595 868 656 rarwn,per_quas
896 597 989 638 nos
1017 579 1367 652 impugnandi
1417 585 1600 652 sperat
1635 595 1688 632 se
1743 580 2070 643 invenisseA
2099 576 2266 634 dardi
2299 577 2476 634 vitam
2505 577 2640 634 satis
2677 578 3045 650 probabilem
3089 578 3215 652 regi
3256 581 3316 638 et
3351 581 3765 641 obtimatibus

389 671 829 744 aditumhorror
855 671 962 725 erit
991 671 1274 724 incassum.
1310 668 1510 724 Taliter
1538 675 1608 710 607
1638 685 1779 722 enim
1823 669 2000 739 impu-
2098 667 2426 729 ostentavit,
2461 683 2716 739 eumque
2779 667 2965 723 vicem
3021 683 3189 723 suam
3219 671 3496 742 supplere
3515 675 3588 726 et
3621 675 3766 745 post

394 759 601 830 gnabat
621 767 690 802 σου
711 763 916 813 vastam
944 757 1364 828 (Egyptiorum,
1399 756 1682 810 Thebaida?
1708 762 1758 810 et
1800 755 2000 811 Nitriae
2096 773 2156 810 se
2186 756 2473 833 cathedra:
2503 773 2620 811 suae
2647 756 3086 827 subrogandum
3115 774 3185 812 ex
3203 759 3445 814 nomine
3460 759 3762 832 designa-

395 849 670 904 heremum
740 846 1036 912 incolentes,
1092 861 1324 918 quorum
1369 861 1463 899 nos
1535 845 1693 900 donet
1735 844 1880 900 Deus
1921 844 2004 900 vel
2098 843 2179 898 vit
2229 844 2380 916 (351)
2423 844 2513 914 (αη
2571 845 2718 916 661).
2789 846 2858 918 [Ο
2911 849 3161 917 quantus
3193 847 3266 902 de
3319 849 3446 918 ejus
3495 849 3760 906 abcessu

399 937 628 992 tenuiter
650 936 770 1005 ﬁeri
810 933 1268 989 imitatores.Sunt
1290 934 1372 988 illi
1397 934 1540 988 mille
1589 933 1814 989 nocendi
1840 940 2000 996 artes,
2101 937 2328 989 exortus
2353 936 2438 989 est
2467 935 2681 989 luctus!
2709 951 2742 990 ο
2805 951 2988 1006 quam
3014 937 3231 990 mestos
3254 937 3496 1008 reliquit
3524 937 3761 1009 quibus

395 1031 522 1079 sunt
549 1025 842 1080 innumerae
867 1023 1187 1079 insidiarum
1215 1022 1458 1094 fraudes.
1483 1021 1593 1079 Sed
1638 1039 1748 1076 non
1793 1023 2004 1092 ignora-
2106 1021 2330 1076 semina
2359 1023 2684 1078 contulerat
2711 1022 2862 1091 vitae,
2881 1039 3012 1078 cum
3030 1023 3290 1078 viderent
3317 1041 3380 1079 se
3405 1025 3508 1080 tali
3537 1028 3755 1098 patre,

395 1129 518 1169 mus
545 1115 839 1170 versutiam
863 1111 996 1184 ejus,
1027 1111 1126 1184 qui
1156 1113 1316 1166 etiam
1358 1128 1459 1182 per
1504 1127 1714 1166 muscas
1747 1127 1867 1165 suos
1901 1109 2002 1164 ali-
2105 1112 2269 1164 tanto
2332 1109 2568 1165 doctore
2613 1110 2845 1166 orbatos
2904 1127 3211 1166 remanere
3291 1113 3537 1177 JOmnis
3601 1118 3757 1170 aetas

395 1201 608 1267 quando
639 1202 741 1257 init
767 1216 1091 1272 congressus.
1125 1199 1208 1254 At
1263 1215 1356 1254 nos
1410 1199 1609 1269 famuli
1667 1197 1872 1254 Christi
1904 1215 2005 1270 quo
2113 1195 2412 1267 utriusque
2451 1213 2615 1252 sexus
2643 1197 2905 1252 dolorem
2955 1197 3144 1253 cordis
3198 1198 3452 1255 lacrimis
3508 1201 3754 1268 testari,

392 1287 517 1358 plus
549 1288 868 1345 incursando
883 1289 1205 1360 premimur,
1231 1303 1288 1342 eo
1319 1289 1491 1357 magis
1522 1289 1851 1358 assurgimus
1883 1302 2008 1343 cum
2107 1287 2284 1356 atque
2315 1300 2451 1340 eum
2475 1285 2879 1357 prosequendo
2927 1286 3052 1342 haec
3111 1286 3314 1342 validis
3368 1289 3750 1344 clamoribus

399 1376 751 1434 reluctamur.
780 1375 1049 1448 Empertus
1080 1383 1295 1430 satanas
1326 1384 1397 1419 σου
1403 1377 1730 1447 pertimescit
1741 1377 2008 1446 principia
2108 1373 2367 1444 proﬁteri
2399 1381 2491 1428 ου.
2533 1373 2700 1445 [Heu
2744 1375 2925 1430 miseri
2971 1375 3102 1447 quid
3153 1377 3331 1430 acturi
3375 1393 3585 1444 sumus,
3647 1381 3758 1450 qui

396 1473 542 1522 recte
569 1467 743 1522 vivere
775 1467 1138 1533 iniciantium,
1184 1465 1420 1535 vigilias,
1454 1468 1737 1532 orationes,
1771 1465 2006 1536 jejunio,
2111 1467 2324 1516 tantum
2336 1469 2616 1534 pastorem
2649 1465 2946 1518 amittimus
2973 1463 3000 1518 ?
3029 1463 3184 1519 Unde
3230 1465 3540 1536 recipiemus
3601 1483 3753 1520 con—

401 1555 889 1621 mansuetudincm,
937 1555 1282 1626 patientiam,
1312 1553 1673 1608 voluntariam
1717 1560 2012 1625 pauperta-
2109 1551 2442 1618 solutionem,
2503 1569 2626 1606 cum
2690 1555 2798 1623 ipse
2841 1558 2970 1606 esset
3009 1554 3345 1624 praecipuum
3423 1561 3750 1611 nostrarum

405 1651 528 1712 tem,
570 1661 721 1698 vana:
747 1643 932 1714 gloria
961 1648 1338 1712 contemptum,
1370 1642 1746 1708 humilitatem,
1804 1643 2010 1696 miseri-
2111 1657 2499 1710 erumpnarum
2530 1640 2820 1696 levamen?
2862 1639 2995 1706 Quis
3038 1641 3330 1696 medebilur
3385 1642 3549 1710 ultra,
3611 1661 3748 1697 cum

401 1733 642 1789 cordiam
669 1736 720 1787 et
745 1732 1016 1803 praecipue
1029 1747 1232 1802 purum
1257 1747 1382 1798 erga
1405 1729 1682 1785 Christum
1730 1747 2006 1796 amorem;
2111 1728 2218 1796 ipse
2269 1729 2439 1798 fuerit
2489 1727 2629 1782 solus
2690 1735 2998 1784 nostrorum
3073 1728 3319 1785 dolorum
3405 1731 3681 1786 medicina
3715 1734 3750 1784 ἓν

401 1828 452 1878 et
473 1820 586 1877 ideo
613 1821 756 1876 sicut
781 1820 934 1874 leoin
967 1819 1213 1890 spelunca
1263 1819 1561 1894 insidiatur
1612 1835 1676 1872 ex
1725 1819 1920 1885 oculto,
1951 1821 2011 1874 ut
2113 1814 2221 1881 Qui
2247 1823 2318 1857 οη
2349 1816 2497 1870 nobis
2547 1817 2664 1887 iam
2719 1817 2944 1888 denique
2981 1823 3144 1871 restat
3196 1817 3340 1872 locus
3392 1817 3604 1884 salutis,
3643 1822 3751 1890 qui

400 1926 496 1966 nos
521 1917 594 1952 “0
618 1907 878 1964 deterreat
907 1925 940 1962 a
954 1908 1222 1978 proposito
1259 1913 1350 1961 ουτ.
1376 1906 1506 1962 Haec
1571 1911 1628 1962 et
1671 1907 1757 1962 his
1799 1906 2010 1962 similia
2031 1910 2082 1968 B
2113 1905 2254 1959 tanti
2270 1904 2604 1959 destitui-mur
2620 1908 2909 1976 praesentia
2920 1907 3097 1976 patris
3125 1913 3195 1948 6N
3223 1905 3274 1968 ‘tl
3299 1905 3558 1971 Quorum
3606 1907 3743 1978 eju-

400 2013 504 2054 eos
528 1997 842 2054 exhortans
867 2004 960 2064 ⁸11,
995 2011 1200 2052 eorum
1245 1994 1473 2050 animos
1501 1995 1562 2050 in
1603 1996 1698 2052 Dei
1734 1995 2008 2068 obsequio
2111 1994 2230 2047 latu
2262 1995 2491 2048 sanctus
2515 1995 2602 2048 vir
2626 1997 2947 2066 permotus,
2988 1997 3069 2050 sic
3111 2011 3212 2051 eos
3235 1999 3321 2050 est
3349 1997 3688 2052 consolatus
3724 2012 3741 2050 :

409 2085 758 2159 promtiores
769 2084 1028 2142 eﬂ’ecitet
1044 2089 1248 2140 contra
1267 2085 1872 2156 cunctatemptamina
1892 2085 2012 2140 ani-
2111 2079 2298 2136 Nolite
2326 2089 2419 2149 διο,
2449 2099 2628 2155 queso,
2649 2083 2830 2152 ﬁlioli,
2844 2085 3178 2154 propositum
3212 2085 3520 2139 intentionis
3553 2085 3748 2138 animi

401 2175 730 2248 mequiores
757 2173 1030 2234 reddidit.
1061 2175 1198 2229 Post
1225 2173 1347 2230 hac
1395 2173 1716 2244 praepositis
1768 2189 2008 2246 operum
2109 2171 2215 2226 mei
2257 2172 2420 2226 tantis
2446 2171 2903 2241 persecutionibus
2955 2174 3221 2226 insectari.
3271 2171 3501 2228 Habetis
3553 2171 3746 2226 Deum

401 2262 708 2336 dispositis,
724 2279 970 2336 quasque
1000 2265 1192 2318 essent
1215 2261 1441 2334 agenda
1471 2261 1841 2334 delegavit,et
1863 2263 2014 2318 Tun-
2111 2275 2267 2331 super
2294 2263 2472 2315 omnia
2503 2267 2775 2331 pastorem
2795 2268 2846 2316 et
2887 2268 3120 2332 patrem,
3149 2263 3208 2316 in
3230 2267 3494 2316 alternum
3545 2267 3745 2317 vestris

381 2368 536 2425 .gros
562 2353 647 2408 vel
667 2351 995 2422 Traiectum
1025 2349 1278 2416 rediens,
1298 2348 1488 2405 ofﬁcio
1509 2351 1784 2422 pastorali
1813 2350 2014 2422 invigi-
2117 2348 2458 2404 incommodis
2475 2350 2757 2420 benignum
2773 2349 3176 2406 consolatorem.
3207 2350 3558 2406 Providimus
3578 2368 3741 2406 nam-

403 2441 644 2498 landum
666 2437 1534 2510 soreimplicavit.Nonmultum
1555 2437 1764 2494 deinde
1785 2441 2013 2510 tempus
2113 2453 2214 2511 que
2263 2439 2608 2493 exterioribus
2670 2441 2858 2492 vestris
2936 2439 3222 2494 commodis
3273 2447 3344 2482 m
3391 2440 3574 2509 ﬁlium
3635 2457 3740 2494 no-

404 2531 528 2585 orat
555 2529 839 2600 elapsum,
873 2530 932 2581 et
956 2542 1054 2581 rex
1080 2525 1137 2580 in
1168 2524 1380 2580 foreste
1407 2541 1509 2580 sua
1538 2525 1894 2581 monasteria
1913 2543 2015 2582 sua
2116 2534 2287 2582 strum
2317 2535 2388 2570 618
2415 2529 2472 2582 in
2501 2527 2744 2582 omnibus
2750 2527 3043 2598 probatum
3073 2527 3468 2594 Theodardum,
3491 2531 3742 2600 sagacis-

403 2619 734 2672 conotructa
759 2613 998 2679 audivit,
1016 2614 1329 2668 immensas
1355 2613 1742 2685 omnipotenti
1768 2615 2012 2670 Domino
2113 2615 2316 2670 simum
2343 2615 2802 2684 invigililatorem,
2825 2621 2873 2669 et
2876 2631 2982 2686 pro
3000 2622 3158 2686 captu
3174 2615 3436 2685 erogandi
3463 2618 3735 2671 conservis

404 2703 622 2773 gratias
634 2702 927 2759 retulit.Et
939 2701 1076 2774 quia
1089 2701 1358 2756 tecclesim
1371 2717 1518 2756 nova
1531 2703 1776 2758 materia
1793 2707 2013 2760 ornate
2116 2706 2172 2758 in
2205 2710 2431 2776 tempore
2460 2705 2636 2759 tritici
2654 2703 3020 2775 ﬁdelissimum
3045 2703 3472 2775 dispensatorem.
3500 2704 3582 2759 Et
3605 2708 3736 2777 quia

405 2791 714 2866 episcopali
743 2790 1085 2864 indigebant
1108 2789 1535 2856 benedictione,
1567 2789 1742 2858 misit,
1775 2793 2011 2850 beatum
2114 2793 2226 2863 ejus
2248 2795 2608 2863 provisionem
2640 2793 2784 2848 vobis
2833 2791 3080 2862 sufﬁcere
3135 2809 3242 2846 non
3283 2792 3504 2864 difﬁdo,
3559 2793 3732 2848 locum

404 2881 752 2939 Bemaclum
789 2877 1102 2944 accersivit,
1129 2881 1188 2933 et
1206 2881 1327 2934 tam
1367 2894 1498 2934 eam
1527 2895 1656 2952 quae
1681 2879 2008 2938 Coloniensi
2111 2880 2313 2934 dilectae
2334 2881 2634 2935 solitudinis
2662 2880 2812 2934 adire
2830 2880 3078 2948 delibero,
3110 2886 3161 2934 et
3205 2881 3345 2935 solus
3399 2884 3456 2936 in
3505 2885 3738 2954 superni

401 2967 740 3040 subjacebat
767 2967 1110 3040 parrochia,
1157 2983 1291 3022 cum
1337 2983 1622 3023 consensu
1674 2969 2013 3024 venerabilis
2111 2971 2417 3040 spectatoris
2455 2970 2617 3024 oculis
2635 2984 2840 3026 mecum
2869 2969 3113 3024 habitare
3139 2969 3415 3026 contendo.

403 3055 699 3117 Cuniberti
720 3055 981 3128 ejusdem
1008 3054 1164 3111 urbis
1219 3055 1628 3128 metrOpolitae,
1651 3073 1825 3129 quam
1881 3073 2011 3113 eam
2115 3059 2184 3112 50
2214 3065 2305 3112 m.
2329 3056 2621 3128 Responsio
2643 3057 2880 3126 ﬁliorum
2915 3074 2978 3112 ne
3007 3057 3106 3114 hoc
3135 3057 3284 3127 ﬁeret
3312 3059 3728 3130 refragantium.

403 3162 534 3220 qua
560 3147 774 3201 nostra:
795 3143 1022 3214 adjacet
1037 3143 1268 3208 diocesi,
1289 3160 1324 3199 a
1353 3144 1524 3200 beato
1547 3145 1818 3201 Bemaclo
1841 3161 2014 3201 man-
2183 3144 2340 3200 Tunc
2363 3145 2514 3200 forte
2557 3146 2654 3218 qui
2687 3145 2932 3202 aderant
2966 3145 3372 3216 prudentiores
3418 3147 3736 3204 intendunt

403 3231 1563 3306 davitsollempniterconsecrari,utcujus
1583 3233 2013 3305 expositionem
2034 3246 2081 3306 ε]
2114 3234 2254 3290 talia
2281 3239 2726 3307 prosequentes:
2756 3233 2914 3302 Vide,
2934 3241 3094 3306 pater
3122 3234 3438 3304 beatissime,
3455 3238 3575 3292 vide
3601 3237 3733 3310 quid

389 3325 467 3378 .et
503 3321 761 3378 maximo
807 3320 998 3378 studio
1025 3319 1260 3378 fuerant
1284 3321 1604 3389 aedificatae,
1655 3322 1778 3393 ejus
1835 3322 2012 3378 etiam
2114 3339 2266 3394 agas,
2298 3321 2528 3379 adtende
2583 3325 2674 3377 cui
2706 3339 2801 3378 nos
2855 3324 3164 3392 ignominiae
3201 3324 3428 3396 prodas.
3481 3325 3730 3398 Gregem,

403 3407 2015 3483 diligentiapontiﬁcalidonarenturbenedictione.0uod
2119 3418 2180 3466 ut
2196 3423 2426 3484 patrum
2465 3419 2670 3466 statuta
2685 3411 2995 3478 decernunt,
3026 3429 3182 3484 quem
3235 3413 3396 3468 semel
3438 3415 3721 3486 regendum

400 3499 486 3555 vir
515 3502 748 3558 sanctus
767 3497 922 3556 illico
947 3496 1511 3570 adimplevit,utpote
1533 3499 1630 3572 qui
1651 3499 1777 3571 regi
1801 3503 1860 3554 et
1875 3516 2012 3570 pro-
2113 3502 2420 3572 susceperis,
2446 3502 2554 3554 nisi
2600 3502 2920 3570 inﬁrmitate
2947 3508 3179 3572 cogente,
3233 3506 3285 3558 et
3327 3501 3604 3560 ultroneus
3646 3521 3725 3560 reb

385 3587 627 3658 veribus
647 3587 792 3644 adeo
820 3588 946 3644 erat
973 3589 1229 3652 carus,ut
1253 3586 1427 3642 nichil
1455 3587 1811 3659 praecipuum
1852 3588 2018 3644 fleret
2117 3591 2369 3644 nuntiare
2397 3605 2504 3643 non
2521 3591 2871 3660 permitteris.
2926 3588 3198 3656 Quamdiu
3238 3593 3380 3649 enim
3432 3593 3565 3646 vivit
3618 3595 3725 3665 epi-

397 3677 620 3750 absque
651 3677 914 3734 consulto
944 3673 1310 3746 ipsius.Unde
1340 3675 1584 3746 contigit
1613 3675 1846 3748 ut,quia
1869 3677 2016 3733 tanti
2114 3693 2316 3747 scapus,
2363 3691 2515 3748 quem
2566 3677 2632 3731 ab
2690 3676 2872 3748 ofﬁcio
2909 3693 3003 3732 suo
3051 3680 3328 3741 necessitas
3375 3679 3723 3748 inﬁrmitatis,

397 3763 638 3824 honoris
665 3768 724 3820 et
755 3763 1056 3838 dignitatis
1085 3763 1240 3833 apud
1265 3778 1365 3818 eos
1393 3765 1520 3818 erat
1546 3763 1795 3828 habitus,
1819 3765 2018 3823 missa-
2115 3781 2222 3819 non
2241 3767 2443 3820 crimen
2469 3766 2879 3831 abducit,alium
2896 3767 3006 3822 loco
3035 3767 3152 3838 eius
3175 3769 3289 3824 nisi
3318 3770 3431 3840 ipso
3459 3779 3725 3827 recusante

397 3869 530 3910 rum
559 3851 807 3926 peractis
833 3850 1193 3924 solempniis,
1208 3849 1465 3906 traderet
1480 3853 1723 3924 utraque
1753 3854 2017 3910 cmnobia
2115 3857 2165 3908 et
2182 3854 2374 3924 scripto
2393 3854 2718 3924 peticionem
2737 3854 3022 3926 probante,
3060 3855 3327 3912 ordinatio
3351 3857 3523 3912 multa
3579 3861 3723 3918 sinit.

395 3939 760 4001 Grimoaldus
791 3939 984 4010 major
1012 3937 1220 3992 domus
1267 3937 1458 3994 eidem
1511 3939 1681 3996 beato
1739 3940 1860 3998 viro
1912 3960 2015 3999 sua
2113 3939 2310 3996 Etiam
2339 3948 2510 3998 mente
2537 3949 2709 4014 capto,
2745 3945 2796 3998 si
2849 3943 3129 4000 intervalla
3183 3946 3503 4014 egritudinis
3545 3947 3725 4004 habere

397 4029 670 4100 deinceps
691 4025 950 4082 sollertia
983 4024 1386 4096 gubernanda,
1413 4029 1472 4082 et
1519 4044 1762 4101 quaeque
1814 4045 2014 4088 mona-
2111 4035 2186 4087 est
2235 4030 2438 4098 solitus,
2492 4031 2836 4086 nihilominus
2901 4033 3008 4088 nisi
3027 4035 3293 4104 pelicibus
3327 4033 3460 4090 data
3501 4042 3720 4103 annuat,

395 4117 538 4174 stico
565 4114 755 4173 ordini
787 4113 1114 4170 necessaria
1138 4113 1261 4186 ejus
1296 4117 1664 4189 suggestione
1699 4123 1757 4175 et
1808 4121 2013 4176 sollici-
2112 4135 2219 4174 non
2237 4119 2385 4174 debet
2413 4120 2686 4176 succedere
2711 4120 2876 4176 alius.
2903 4122 3197 4178 Enimvero
3227 4125 3276 4177 si
3301 4122 3450 4178 nullo
3499 4131 3721 4199 tempre

395 4205 648 4262 tudinea
669 4202 833 4275 regia
860 4201 1215 4260 sublimitate
1243 4203 1726 4266 administranda.
2114 4208 2186 4262 ad
2229 4225 2375 4264 sanae
2417 4210 2609 4264 mentis
2658 4209 2803 4265 redit
2843 4210 3105 4281 ofﬁcium,
3138 4227 3371 4283 persona
3427 4213 3601 4282 ﬁdelis
3659 4232 3716 4269 ac

465 4311 556 4364 4-9.
589 4308 748 4376 Quod
769 4308 1042 4380 designato
1090 4325 1390 4366 successore
1434 4313 1794 4370 heremiticam
1846 4317 2006 4370 vitam

2179 4305 2244 4354 tte
2258 4297 2552 4370 probabilis
2572 4301 2648 4354 est
2677 4299 2938 4368 eligenda,
2964 4301 3061 4372 qui
3087 4301 3224 4356 vices
3251 4300 3366 4371 ejus
3413 4319 3475 4357 eo
3525 4305 3720 4359 vivente

1055 4383 1360 4454 expecierit,
2113 4392 2326 4442 tantum
2351 4385 2614 4457 suppleat,
2647 4393 2696 4441 et
2733 4387 2984 4457 defuncto
3009 4389 3253 4444 ordinari
3277 4389 3438 4460 digne
3458 4407 3716 4453 successor

462 4469 644 4546 Igitur
665 4473 899 4562 sanctus
927 4470 1227 4562 sacerdos,
1246 4473 1403 4546 quod
1424 4490 1668 4562 semper
1705 4473 1906 4562 habuit
1951 4473 2011 4530 in
2036 4502 2089 4562 Β
2113 4474 2308 4532 valeat.
2357 4473 2483 4528 Hac
2523 4475 2611 4529 via
2659 4475 3011 4545 promulgata
3045 4481 3293 4548 patrum,
3334 4480 3385 4532 si
3427 4496 3576 4536 secus
3609 4484 3717 4554 quis

392 4563 548 4629 voto,
585 4558 918 4617 remotioris
939 4557 1156 4616 scilicet
1180 4559 1310 4618 vitae
1331 4560 1732 4630 solitudinem,
1768 4561 1847 4618 sic
1892 4565 2010 4620 Deo
2036 4557 2077 4562 —
2113 4564 2298 4634 egerit,
2328 4570 2380 4619 et
2403 4579 2624 4619 uxorem
2651 4563 2923 4619 dimissam
2951 4565 3201 4620 mchari
3250 4567 3410 4635 facit,
3441 4576 3495 4624 et
3544 4569 3598 4626 ei
3631 4571 3724 4642 qui

397 4652 694 4706 annuente
712 4651 915 4704 nactus
930 4651 1017 4704 est
1035 4648 1610 4722 occasionem.[(Vita
1629 4651 1788 4714 Rem,
1821 4667 1874 4710 c.
1905 4655 2012 4718 l2.)
2112 4652 2388 4708 dimissam
2411 4652 2648 4722 duxerit,
2670 4669 2860 4708 nomen
2889 4654 3079 4708 mechi
3085 4654 3282 4724 procul
3316 4655 3484 4712 dubio
3531 4659 3718 4730 impor-

389 4738 657 4798 Tandem
695 4737 830 4797 licet
859 4738 1200 4796 difﬁcillime
1229 4739 1560 4810 impetravit
1577 4743 1828 4796 tamenn
1847 4756 2010 4813 rege,
2115 4741 2270 4796 tabit.
2293 4739 2419 4796 Hac
2449 4742 2675 4808 ratione,
2701 4747 2861 4812 pater
2905 4743 3256 4810 sanctissime,
3287 4744 3429 4811 vide,
3471 4754 3717 4818 quantum

393 4831 456 4898 ut
475 4826 625 4885 alius
650 4825 762 4883 sibi
788 4825 1142 4896 succederet,
1189 4828 1248 4882 et
1301 4825 1410 4882 sibi
1473 4824 1572 4882 diu
1617 4826 2011 4884 desideratam
2113 4835 2370 4902 gravetur
2412 4829 2686 4902 judicium
2765 4837 2938 4898 tuum,
2982 4828 3208 4886 adtende
3258 4839 3524 4903 quantum
3573 4835 3716 4904 farno

391 4919 698 4972 heremum
719 4913 877 4970 adire
900 4913 1119 4978 liceret,
1136 4912 1232 4970 ubi
1248 4916 1510 4970 remotus
1524 4922 1596 4958 ω
1619 4931 1654 4971 a
1671 4916 1819 4972 curis
1845 4933 2009 4972 secu-
2117 4925 2304 4972 nostra
2323 4917 2508 4974 subeat
2536 4917 2884 4989 dispendium.
2911 4916 3128 4973 Crimen
3147 4918 3246 4974 tibi
3270 4934 3380 4975 non
3412 4922 3716 4992 intenditur,

391 5003 606 5062 laribus
631 5002 866 5060 liberius
903 5001 1154 5058 inhiaret
1203 5001 1568 5076 ceelestibus.]
1598 5003 1794 5060 Sancti
1823 5005 2010 5062 Theo-
2117 5023 2221 5080 quo
2252 5008 2521 5062 convictus
2545 5014 2616 5048 ⁶²ο
2655 5006 2966 5079 deponaris;
2997 5007 3328 5077 inﬁrmitatis
3356 5011 3596 5069 conditio
3617 5029 3716 5068 nos:

1677 5179 1916 5238 VARIIE
1971 5179 2379 5239 LECTIONES.
2487 5238 2494 5244 .

463 5305 532 5341 οοτ
561 5297 753 5355 desunt
777 5294 879 5352 Ch.
955 5303 1030 5339 ωε
1058 5300 1194 5353 ante
1225 5313 1330 5354 nos
1354 5295 1513 5354 cddit
1544 5300 1646 5355 vit.
1679 5298 1834 5356 Rem.
1911 5309 1986 5354 σου
2015 5303 2093 5358 ita
2123 5308 2220 5360 vit.
2241 5301 2317 5357 Β.
2349 5301 2566 5358 sanitas
2593 5306 2644 5358 1.
2667 5306 2720 5358 2.
2746 5306 2800 5358 3.
2875 5311 2949 5346 δίο
2990 5316 3090 5358 vos
3128 5309 3222 5358 vit.
3253 5303 3326 5360 Β.
3404 5314 3476 5348 οιι
3511 5308 3712 5364 exhor-

392 5370 548 5444 tatur
565 5370 661 5424 vit.
681 5368 772 5444 R._
795 5439 812 5444 _
833 5376 904 5411 ω
935 5367 1764 5444 expositioni}Ldispositione
1787 5373 1886 5428 vit.
1910 5371 1982 5430 R.
2017 5381 2088 5416 ω
2118 5373 2364 5429 remotis
2385 5389 2529 5428 corr.
2567 5376 2616 5427 1.
2650 5373 2758 5429 alio
2782 5380 3080 5430 atramento
3106 5377 3387 5431 remotus.
3443 5385 3517 5420 ιιι
3546 5378 3719 5434 denmt

394 5438 498 5496 0h.
577 5439 816 5522 mnquid
849 5443 900 5496 1.
927 5443 981 5498 2.
1004 5438 1066 5496 ‘3.
1144 5447 1218 5522 αξξ
1250 5438 1815 5522 liolitefltollerare
1839 5445 1901 5522 in_
1947 5462 2066 5522 cap.
2099 5447 2190 5503 41.
2221 5445 2406 5522 desunt
2459 5445 2574 5522 fere
2607 5446 2798 5522 omnia
2831 5444 2934 5502 Ch.
3012 5453 3082 5522 οίςι
3112 5446 3437 5522 commodis
3480 5454 3530 5507 1.
3561 5455 3611 5508 3.
3641 5467 3715 5507 m.

392 5510 718 5570 commodis
743 5527 885 5569 corr.
917 5510 1244 5568 commodis
1271 5515 1326 5570 2.
1401 5519 1476 5558 οιο
1506 5518 1770 5574 vestrum
1797 5519 1846 5572 1.
1877 5519 1930 5573 2.
1960 5510 2021 5574 3ῖ
2090 5524 2164 5560 οιο
2195 5510 2633 5572 numerus'deest.
2671 5519 2724 5571 2.
2801 5525 2875 5560 m
2907 5517 3180 5573 convictis
3214 5521 3262 5573 1.
3295 5520 3352 5576 2.
3389 5522 3443 5576 3.

1963 5681 2198 5742 ΝΟΤιΕ.
2258 5735 2264 5739 ,

469 5795 618 5870 (est)
653 5799 734 5858 De
760 5795 1140 5863 abdicationis
1167 5803 1450 5879 tempore
1479 5803 1614 5864 vide
1641 5774 1822 5864 Veldii
1853 5823 2030 5883 supra
2055 5806 2352 5868 laudatam
2375 5766 2960 5871 commentationem.
