3902 6210
173 407 325 463 [057

1251 398 1577 463 HEHIGERI
1603 396 1730 463 GES
1745 400 1841 463 TA
1867 402 2085 465 EPlSC.
2112 396 2319 465 LEOD.

3368 412 3505 478 mss

167 538 474 603 aggravat,
504 547 608 604 quo
639 528 917 603 repudium
941 536 1212 586 ostentam
1243 530 1308 586 ab
1362 531 1542 601 ofﬁcio
1588 547 1805 603 suspen-
1824 536 1880 596 Α
1902 547 2008 586 non
2028 548 2143 588 meo
2161 532 2397 603 judicio,
2412 532 2777 604 perfectorum
2812 541 2888 589 est
2934 541 2984 590 et
3008 534 3081 591 ab
3134 539 3354 611 inceptis
3395 560 3502 598 non

165 623 350 678 duris.
392 621 519 676 Ideo
538 622 858 692 peticionem
888 620 1367 675 abrenunciationis
1425 627 1550 688 tux,
1600 623 1811 675 etiamsi
1900 618 2185 689 declinare,
2216 627 2266 675 et
2304 622 2361 674 in
2391 620 2644 676 ulteriora
2664 623 3008 695 perfectionis
3053 640 3161 681 sese
3207 627 3500 699 extendere,

163 713 377 781 scripto
397 710 679 781 probetur,
718 709 1065 777 abdicamus;
1100 711 1196 781 qui
1215 710 1356 764 vices
1399 716 1517 762 tuas
1545 708 1803 781 suppleat,

1901 707 2089 761 activa
2111 708 2235 761 vitae
2261 724 2384 763 cum
2419 706 2643 764 Martha
2667 711 2921 780 insistere,
2940 713 3013 768 ad
3042 714 3506 786 contemplativam

164 797 378 852 nedum
396 799 494 871 qui
514 814 785 855 successor
816 805 865 852 te
914 800 1033 852 vivo
1081 799 1300 865 existat,
1349 800 1499 852 omni
1518 797 1673 853 modo
1719 800 1805 851 in-
1901 809 2024 849 vero
2050 810 2168 850 cum
2208 793 2393 851 Maria
2443 797 2758 855 anhelanter
2809 802 3101 872 suspirans,
3150 807 3202 856 et
3242 804 3292 857 si
3344 802 3504 861 detur

156 885 484 957 probamus.
538 886 761 941 Patrem
806 893 854 940 te
881 887 1037 957 justa
1093 888 1412 941 successione
1465 886 1799 955 admisimus,

153 974 281 1048 ﬁlii
310 982 366 1030 et
393 991 503 1029 non
524 974 762 1030 adulteri
785 974 901 1031 dici
924 981 975 1028 et
1000 990 1109 1028 esse
1127 977 1467 1046 percupinus.
1508 974 1807 1029 Advertisti

142 1066 291 1135 jam
318 1063 424 1119 ubi
441 1070 792 1135 pergravetur
820 1062 1095 1133 juditium
1131 1070 1302 1129 tuum,
1333 1062 1545 1119 audias.
1599 1078 1803 1134 quaesu-

149 1168 292 1206 mus
335 1160 434 1219 “1,
481 1151 579 1205 ubi
627 1152 928 1221 ignominia
989 1151 1332 1223 subsequente
1384 1156 1568 1205 nostra
1623 1152 1801 1221 capiat

150 1241 329 1311 fama
357 1240 713 1312 dispendium.
773 1239 891 1306 Quo
930 1238 1143 1294 obtentu
1191 1256 1286 1294 nos
1330 1239 1555 1306 deseras,
1612 1256 1799 1294 causas

148 1347 278 1384 non
306 1329 492 1397 habes,
509 1331 698 1401 primo
722 1333 850 1402 quia
880 1346 991 1384 non
1016 1345 1200 1383 sumus
1234 1329 1550 1399 fornicarii,
1576 1336 1634 1382 ut
1667 1330 1798 1400 jure

151 1418 462 1474 debeamus
488 1426 594 1473 ate
617 1420 871 1492 relinqui.
921 1417 991 1472 In
1034 1418 1308 1472 catholica:
1354 1419 1544 1473 matris
1595 1420 1795 1487 gremio

150 1524 191 1559 α
233 1515 291 1562 te
326 1524 512 1563 sumus
548 1510 765 1580 excepti,
797 1508 984 1578 faciles
1029 1525 1186 1562 aures
1230 1524 1511 1579 nunquam
1556 1507 1792 1578 pra-bui-

147 1614 290 1651 mus
329 1612 578 1668 perverso
632 1596 887 1664 docmati,
935 1603 987 1651 et
1036 1597 1088 1651 si
1138 1603 1265 1650 esset
1319 1596 1565 1666 fortassis
1618 1595 1794 1650 taliter

148 1690 439 1752 erratum,
474 1685 726 1739 debuerat
753 1692 889 1740 certe
910 1691 1016 1741 ate
1040 1702 1145 1739 esse
1192 1685 1523 1739 subventum.
1585 1683 1794 1740 Deinde

150 1782 224 1827 ut
257 1785 312 1828 te
338 1774 587 1843 conferas
609 1774 747 1842 alio,
770 1790 877 1827 non
906 1774 1029 1827 hinc
1059 1780 1246 1828 nostra
1288 1780 1335 1827 te
1364 1772 1646 1844 perturbat
1665 1790 1793 1844 per~

1903 881 2155 951 conditio,
2179 883 2246 940 ab
2273 887 2451 939 activa
2473 888 2655 957 potius
2708 888 2996 958 refragari,
3057 906 3214 962 quem
3268 898 3500 949 eontem-

1890 970 2114 1041 plativae
2178 973 2531 1044 speculationi
2584 990 2691 1029 non
2765 976 3151 1032 inhiantissime
3213 984 3501 1052 exaequari.

1899 1060 2128 1130 Gregem
2177 1062 2316 1117 nu‘hi
2362 1064 2420 1117 in
2472 1063 2619 1119 vobis
2670 1067 3002 1121 commissum
3075 1070 3207 1135 rexi,
3267 1070 3502 1126 Domino

1896 1156 2226 1219 cooperante,
2291 1158 2353 1204 ut
2362 1154 2544 1222 potui,
2606 1150 2845 1209 laborem
2924 1170 3101 1210 meum
3150 1158 3505 1227 puctiﬁcasse

1895 1242 2020 1290 vota
2056 1239 2190 1292 votis
2232 1239 2592 1297 accumulavi.
2650 1239 2781 1296 Non
2834 1257 2920 1297 me
2973 1249 3108 1298 tenet
3151 1246 3379 1301 societas
3422 1254 3503 1291 4³⁸

1897 1324 2191 1380 studiorum
2214 1334 2531 1396 vestrorum,
2561 1346 2657 1385 nec
2683 1346 2767 1384 me
2820 1330 3049 1401 ofendit
3090 1335 3341 1404 pravitas
3385 1351 3504 1408 qua

1894 1412 2043 1467 nulla
2069 1421 2143 1467 est
2167 1418 2438 1471 actionum
2483 1425 2805 1475 vestrarum.
2832 1418 3085 1491 Superest
3136 1429 3196 1475 ut
3242 1422 3503 1479 talentum

1892 1500 2034 1572 quod
2061 1504 2195 1558 votis
2222 1506 2350 1559 meis
2376 1506 2433 1559 in
2466 1506 2612 1561 vobis
2659 1506 2865 1576 gaudeo
2907 1509 3327 1579 accumulatum,
3366 1511 3503 1566 alias

1891 1590 2165 1659 conferam
2228 1593 2698 1664 accumulandum,
2768 1602 2831 1649 ut
2914 1604 3085 1653 vestra
3139 1598 3502 1655 habundantia

1892 1679 2130 1748 inopiam
2174 1680 2416 1751 suppleat
2470 1681 2721 1740 aliorum.
2777 1682 3042 1740 Fecerunt
3120 1687 3304 1744 itidem
3378 1695 3505 1745 ante

1890 1770 2128 1837 tempora
2184 1775 2356 1823 vestra
2426 1773 2619 1838 sancti,
2675 1788 2904 1845 quorum
2943 1790 3039 1828 nos
3091 1791 3346 1847 suppares
3397 1794 3503 1833 esse

145 1864 399 1931 secutio,
430 1862 570 1935 quod
605 1865 708 1917 etsi
763 1862 1084 1918 concedatur
1110 1881 1142 1916 a
1172 1861 1430 1927 Domino,
1458 1862 1793 1930 inﬁmorum
1816 1854 1867 1915 Β
1890 1857 2071 1908 meriti
2086 1857 2294 1910 utinam
2321 1860 2648 1929 contingeret
2678 1862 2699 1913 Ι
2727 1860 2811 1917 vel
2838 1865 3079 1930 extremi,
3109 1880 3338 1935 quorum
3362 1882 3502 1921 non-

147 1968 275 2006 non
313 1953 450 2005 satis
462 1952 829 2022 perfectorum
857 1957 934 2005 est
964 1950 1281 2006 consultatio
1312 1952 1433 2005 ista.
1462 1949 1635 2006 Multi
1664 1967 1793 2004 san-

147 2048 381 2097 ctorum
429 2044 697 2113 patienter
750 2045 833 2095 usi
885 2049 1013 2097 sunt
1078 2043 1351 2113 pravitate
1406 2042 1696 2108 malorum,
1742 2045 1792 2095 et

149 2146 355 2184 eorum
411 2132 731 2202 sufferentia
789 2130 898 2187 illis
948 2132 1128 2186 extitit
1187 2129 1494 2200 disciplina.
1550 2130 1791 2201 Denique

149 2220 360 2274 exinde
383 2219 653 2289 fugiendi,
683 2235 791 2273 non
820 2221 1172 2291 equanimiter
1192 2218 1454 2290 portandi
1480 2226 1603 2273 sunt
1632 2218 1787 2285 mali,

153 2307 258 2362 ubi
278 2308 422 2361 nulli
448 2314 729 2378 supersunt
756 2310 851 2379 qui
880 2307 1058 2379 aliquo
1114 2306 1269 2361 modo
1326 2307 1602 2361 lucrentur
1646 2307 1785 2361 boni.

149 2394 274 2451 Sed
300 2412 364 2451 ve
394 2396 565 2465 nobis,
607 2397 705 2469 qui
746 2413 868 2451 cum
921 2403 1034 2463 tua,
1089 2413 1244 2468 quem
1293 2412 1398 2451 esse
1445 2404 1518 2438 οη
1583 2402 1790 2451 constat

146 2486 635 2558 perfectissimum,
657 2486 953 2554 praesentia
975 2484 1335 2552 destituimur,
1365 2491 1525 2539 tanta
1539 2485 1790 2555 infamiae

157 2574 482 2645 objicimur,
512 2580 575 2627 ut
602 2591 709 2627 non
743 2574 897 2629 modo
929 2580 977 2628 te
1004 2590 1158 2644 super
1183 2573 1361 2629 studia
1391 2579 1572 2628 nostra
1597 2573 1789 2641 tedere,

157 2680 354 2717 verum
375 2665 569 2717 nostris
585 2664 775 2733 pravis
803 2662 1100 2718 actionibus
1122 2668 1169 2715 te
1191 2661 1439 2716 dicamur
1456 2662 1671 2732 fugare,
1693 2662 1793 2717 ubi

163 2751 370 2806 bonum
398 2753 661 2805 neminem
685 2766 944 2821 superesse
975 2753 1116 2804 tanti
1165 2753 1277 2805 viri
1327 2767 1548 2805 recessus
1600 2767 1789 2822 appro-

164 2840 325 2894 betur
374 2840 625 2897 clamare.
658 2838 763 2895 Nil
788 2839 934 2910 jam,
987 2839 1068 2893 nil
1089 2838 1318 2909 amplius
1356 2844 1539 2906 restat,
1580 2838 1786 2893 calum-

154 2931 428 3001 pnientur
456 2929 734 3001 maliloqui
761 2937 851 2996 m,
884 2936 1216 2997 augurentur
1261 2927 1525 2995 maledici,
1583 2945 1784 2981 succes-

164 3034 311 3073 sores
337 3019 595 3088 fortassis
622 3023 735 3071 tuos
759 3033 864 3071 non
920 3016 1074 3071 modo
1133 3016 1424 3086 fugandos,
1482 3015 1572 3070 sed
1619 3017 1787 3071 morti

1889 1942 2030 1997 nulli
2043 1943 2263 2014 maioris
2288 1948 2470 2015 gratia
2495 1947 2750 2005 utilitatis
2786 1949 2859 2003 ad
2885 1949 3019 2005 alias
3048 1954 3205 2021 passi
3224 1960 3349 2007 sunt
3394 1970 3499 2009 sec-

1888 2033 2071 2087 clesias
2087 2049 2141 2087 se
2159 2034 2423 2104 conferri,
2454 2036 2707 2091 nonnulli
2717 2039 2946 2108 potioris
2971 2040 3293 2109 confidentia
3322 2044 3502 2098 meriti

1888 2125 2309 2194 commigravere
2342 2124 2589 2181 ultronei.
2643 2124 2857 2181 Exinde
2904 2127 2994 2183 ubi
3028 2143 3086 2185 se
3132 2129 3501 2200 advertebant;

1889 2218 1983 2265 aut
1998 2228 2202 2284 parum
2242 2212 2509 2284 prodesse,
2569 2221 2669 2269 aut
2722 2231 2831 2270 non
2881 2216 3112 2272 multum
3168 2222 3497 2289 necessarios,

1888 2315 1998 2355 sese
2023 2300 2409 2357 subtrahebant
2436 2309 2488 2357 et
2536 2304 2829 2374 majoribus
2873 2304 3139 2362 laboribus
3184 2308 3497 2378 offerebant,

1888 2394 1940 2444 et
1968 2395 2032 2442 ut
2058 2388 2350 2459 fortissimi
2359 2390 2703 2461 praeliatores
2724 2392 2834 2449 Dei
2858 2395 3026 2448 teneri
3066 2395 3221 2449 intra
3263 2394 3499 2453 claustra

1889 2480 2227 2549 requietionis
2288 2478 2559 2547 nolebant,
2623 2480 2712 2535 sed
2756 2483 2814 2535 in
2901 2488 3144 2554 apertum
3189 2486 3501 2541 certaminis

1890 2583 2138 2637 campum
2161 2574 2347 2638 sponte
2368 2567 2737 2639 prosiliebant,
2762 2586 2872 2625 non
2900 2570 3183 2626 desertores
3200 2588 3402 2644 pugnae
3427 2582 3498 2617 ιιι

1887 2656 2180 2726 spiritualis
2207 2657 2400 2728 eﬁ'ecti,
2434 2674 2529 2712 nec
2548 2661 2887 2714 mercenariis
2923 2660 2992 2715 ab
3022 2665 3232 2733 aspectu
3259 2662 3505 2733 lupomm

1885 2744 2394 2815 subterfugientibus
2462 2748 2830 2819 comparandi,
2879 2747 2969 2803 sed
3011 2749 3107 2803 ubi
3175 2757 3272 2807 aut
3326 2754 3505 2807 minus

1880 2837 2193 2907 prxliantes
2247 2838 2591 2908 ascipiebant,
2669 2846 2769 2893 aut
2840 2839 3007 2895 hostes
3088 2842 3147 2896 in
3206 2846 3503 2900 comminus

1888 2925 2180 2980 insistentes
2208 2926 2600 2995 incumbebant,
2657 2927 2771 2983 illic
2798 2944 2851 2982 se
2893 2928 3111 2998 fortiter
3133 2946 3503 3004 congressum:

1889 3013 2216 3082 ingerebant.
2234 3012 2313 3067 Et
2335 3029 2451 3082 ego,
2482 3014 2655 3083 ﬁlioli,
2686 3031 2795 3070 non
2824 3016 3014 3073 horum
3041 3033 3125 3073 me
3151 3023 3503 3076 ostentatione

168 3106 515 3179 objitiendos,
544 3107 672 3161 dum
701 3112 752 3161 et
782 3113 840 3159 tu
866 3111 1105 3162 nostrum
1130 3107 1382 3174 regimem
1434 3104 1781 3175 subterfugis,
1808 3141 1855 3200 Ο
1886 3100 2121 3169 sustollo,
2194 3117 2300 3200 non
2367 3104 2569 3157 meritis
2653 3104 2869 3159 illorum
2928 3120 3113 3161 vanus
3179 3107 3503 3178 coniectatur
3584 3110 3598 3121 '

169 3203 221 3250 et
240 3196 423 3251 beatus
449 3198 492 3248 Α
510 3194 735 3249 mandas
764 3196 862 3265 qui
887 3199 938 3249 te
976 3196 1248 3264 praecessit
1267 3193 1543 3264 pulverem
1585 3193 1786 3264 pedum

170 3284 412 3339 recedens
432 3286 489 3337 in
517 3283 664 3338 nobis
701 3284 948 3338 excussit.
1014 3282 1212 3336 Verum
1264 3282 1408 3337 Deus
1455 3282 1788 3352 omnipotens

172 3372 244 3427 ad
282 3371 695 3442 propitiandum
725 3379 797 3413 οη
855 3371 1036 3440 facilis
1084 3377 1133 3425 et
1184 3370 1427 3437 clemens,
1475 3370 1788 3441 prophetam

169 3477 330 3532 super
383 3460 539 3515 edera
593 3460 799 3526 (Jonas,
830 3476 905 3526 ιν,
943 3461 1027 3525 10)
1064 3466 1273 3530 repente
1321 3458 1563 3513 marcida
1601 3466 1674 3500 ω
1704 3460 1787 3512 in-

173 3565 395 3621 crepans
412 3550 810 3615 contristatum,
834 3548 1091 3619 approbat
1110 3564 1164 3604 se
1190 3565 1345 3619 super
1374 3563 1506 3619 opus
1562 3549 1788 3604 creatio-

169 3641 258 3694 nis
295 3655 406 3693 suae
460 3639 510 3693 si
538 3644 730 3709 pereat
772 3637 940 3693 multo
991 3654 1162 3705 magis
1219 3636 1695 3707 constristandum,
1742 3643 1792 3691 et

170 3726 334 3782 malle
349 3728 722 3799 penitentiam
748 3743 912 3799 quam
932 3733 1153 3780 mortem
1170 3733 1530 3797 peccatorum.

393 3820 453 3871 5|
494 3824 585 3869 m.
615 3814 753 3869 Item
791 3816 1064 3872 excusatio
1094 3813 1331 3884 ejusdem
1360 3816 1535 3869 sancti
1557 3816 1683 3871 viri.

158 3924 163 3929 ’
243 3903 507 3959 Tandem
538 3901 917 3957 insectatione
938 3902 1385 3957 reclamantium
1415 3905 1648 3957 sanctus
1680 3902 1792 3956 Re-

173 3993 400 4048 maclus
430 4006 757 4054 concussus,
788 3994 1050 4045 mentem
1105 3990 1340 4045 interim
1375 3990 1680 4045 moderato
1717 3990 1793 4045 si-

176 4080 360 4137 lentio
393 4080 723 4146 librabat,et
748 4079 824 4134 sic
840 4078 901 4133 in
917 4079 1039 4133 hinc
1064 4079 1239 4133 verba
1255 4080 1551 4152 prorupit:
1582 4078 1788 4147 Nolite,

177 4172 260 4225 mi
282 4170 503 4239 fratres,
528 4169 692 4223 nolite
736 4170 810 4223 sic
840 4170 1082 4223 incusare
1108 4185 1211 4236 me,
1233 4174 1441 4239 patres.
1495 4167 1791 4223 Utilitatem

176 4265 412 4315 vestram
443 4264 575 4329 aput
612 4274 695 4313 me
749 4257 1051 4329 deplorare,
1099 4272 1210 4312 non
1251 4264 1328 4312 est
1382 4262 1444 4312 ut
1478 4257 1793 4322 deterream,

178 4347 446 4420 iniuriam
473 4363 595 4402 vero
619 4347 757 4401 hanc
784 4348 859 4401 sic
886 4345 1233 4418 expostulare,
1260 4362 1367 4400 non
1392 4352 1466 4400 est
1520 4353 1582 4401 ut
1632 4348 1793 4418 suffe-

1884 3193 2164 3261 xquipero.
2192 3189 2261 3245 Si
2294 3194 2608 3247 successoris
2626 3200 2958 3264 praetensum
2981 3210 3173 3249 nomen
3223 3197 3498 3267 abhorret,

1886 3281 2242 3349 cooperatoris
2291 3284 2343 3333 et
2393 3282 2800 3351 comprovisoris
2822 3284 3209 3339 commendatio
3255 3285 3497 3343 roboret.

1885 3365 2001 3420 Nec
2020 3364 2307 3437 praesentia
2347 3382 2466 3421 mea
2511 3383 2602 3422 vos
2620 3370 2823 3439 putetis
2855 3372 3124 3434 constitui,
3172 3388 3330 3445 quem
3372 3374 3504 3431 licet

1888 3453 1959 3508 ad
1985 3455 2119 3508 alios
2145 3455 2495 3522 instruendos,
2519 3462 2705 3509 nostra
2735 3465 2807 3499 σθ’
2837 3473 2943 3511 non
2969 3461 3239 3529 continget
3265 3462 3506 3519 excedere

1888 3542 2095 3597 diocesi.
2119 3542 2316 3597 Aderit
2342 3544 2398 3596 in
2409 3544 2656 3614 proximo
2706 3544 2903 3612 aditus,
2964 3546 3251 3617 consulere,
3305 3551 3356 3602 si
3382 3552 3502 3621 quis

1889 3647 1982 3687 vos
2022 3634 2213 3703 excipit
2231 3638 2465 3701 eventus,
2493 3632 2596 3688 ubi
2642 3639 2692 3687 et
2723 3649 2828 3705 pro
2876 3637 3061 3689 vestris
3101 3642 3175 3679 σοι
3216 3638 3505 3695 excessibus

1890 3722 2283 3777 intercessorem
2318 3722 2663 3793 omniumque
2689 3730 2763 3764 ’τι
2791 3727 3090 3780 vestrarum
3139 3728 3504 3783 necessitatum

1891 3827 1976 3865 me
2006 3817 2156 3866 tanto
2183 3810 2461 3867 sollicitius
2500 3810 2757 3866 habebitis
2802 3827 3109 3881 memorem,
3141 3821 3337 3887 quanto
3369 3829 3506 3871 con-

1891 3902 2086 3957 stiterit
2113 3902 2254 3955 curis
2268 3916 2351 3955 me
2360 3898 2712 3972 popularibus
2722 3902 3076 3971 remotiorem,
3098 3903 3169 3958 ad
3191 3902 3506 3963 divinitatis

1891 3990 2386 4062 contemplationem
2436 3992 2739 4062 suspensius
2778 3990 3131 4050 anhelantem.
3171 3990 3249 4049 Et
3290 3992 3506 4067 Moyses

1890 4082 1948 4135 in
1974 4088 2152 4135 monte
2185 4079 2390 4143 stabat,
2445 4097 2543 4136 nec
2582 4082 2748 4136 armis
2790 4080 2881 4136 sed
2917 4082 3166 4154 precibus
3204 4084 3503 4159 pugnabat,

1893 4176 1945 4226 et
1971 4168 2144 4225 Israel
2164 4185 2285 4224 cum
2332 4168 2602 4226 Amalech
2651 4169 2971 4241 confligebat
3014 4170 3216 4245 (Exod.
3262 4174 3505 4249 xv11,9),

1895 4266 2042 4313 tanto
2068 4260 2206 4312 inter
2224 4257 2587 4328 praliandum
2624 4261 2884 4331 superior,
2927 4267 3124 4333 quanto
3152 4261 3366 4334 Moyses
3392 4263 3508 4322 Deo

1894 4347 2209 4401 inoratione
2238 4348 2614 4419 propinquior,
2654 4354 2704 4402 et
2758 4366 2792 4403 a
2835 4352 3058 4422 strepitu
3086 4353 3511 4421 conflictantium

179 4452 321 4491 ram.
352 4435 485 4492 Non
532 4443 603 4478 ⁸³⁷
638 4452 742 4490 esse
768 4451 857 4490 vos
899 4435 1084 4492 devoto
1125 4435 1278 4507 (352)
1333 4434 1674 4505 fornicarios,
1734 4442 1795 4491 ut
1815 4430 1868 4491 D
1892 4436 2127 4491 hostium
2156 4442 2272 4489 erat
2318 4438 2587 4490 remotior.
2617 4433 2697 4490 Et
2724 4442 2854 4507 aput
2881 4454 2984 4506 me,
3019 4440 3306 4510 karissimi,
3336 4442 3508 4515 ﬁxum

178 4528 258 4582 sic
272 4524 424 4580 cordi
448 4526 698 4580 insederit
731 4523 1131 4595 relinquendos,
1157 4539 1264 4577 non
1292 4526 1349 4578 in
1403 4540 1680 4578 commune
1715 4527 1791 4579 sic

181 4631 360 4671 censeo
388 4612 758 4685 inprobandas,
780 4619 841 4667 ut
864 4629 1041 4667 omnes
1090 4629 1195 4667 esse
1248 4627 1449 4668 necesse
1494 4615 1564 4668 sit
1608 4614 1789 4684 infru-

183 4711 405 4771 ctuosos,
444 4709 503 4756 ut
525 4708 576 4758 et
602 4717 726 4759 cum
754 4709 825 4745 ⁸³⁸
854 4701 1175 4758 considerem
1230 4701 1316 4756 hic
1351 4719 1530 4759 meum
1562 4701 1792 4759 laborem

180 4795 291 4848 sine
316 4792 501 4862 fructu
522 4807 649 4859 esse,
674 4789 809 4845 alias
833 4789 995 4847 velim
1017 4807 1140 4846 cum
1157 4790 1344 4861 fructu
1363 4793 1615 4861 migrare.
1635 4791 1791 4862 Non,

180 4881 425 4951 inquam,
451 4880 749 4952 perfectum
779 4894 864 4935 me
888 4896 991 4935 esse
1018 4883 1242 4947 constat,
1273 4880 1729 4952 perfectissimum
1754 4900 1788 4936 a

184 4983 302 5025 vero
321 4968 550 5023 multum
572 4967 838 5024 abhorret.
858 4965 967 5024 Sed
986 4975 1048 5023 ut
1070 4974 1241 5023 vestra
1267 4976 1340 5011 ω
1352 4974 1477 5023 utar
1498 4971 1785 5038 sententia,

1892 4532 1985 4592 est,
2018 4524 2097 4581 ibi
2135 4523 2330 4578 divinis
2380 4522 2648 4579 obtutibus
2678 4528 2998 4596 presentius
3052 4529 3254 4599 herere,
3280 4530 3375 4586 ubi
3418 4537 3507 4589 tu-

1890 4613 2090 4669 multus
2110 4611 2434 4670 secularium
2462 4629 2570 4668 non
2598 4612 2815 4669 debeam
2843 4613 3084 4671 tollerare
3110 4625 3203 4673 οιι.
3224 4618 3322 4676 Ad
3369 4622 3509 4681 hanc

1888 4717 2033 4775 spem
2056 4700 2235 4756 beatus
2263 4716 2348 4756 me
2392 4699 2666 4757 Johannes
2706 4700 2959 4759 Babtista
3016 4705 3278 4762 animavit
3307 4707 3503 4780 (Math.

1892 4807 1974 4859 ιιι,
2002 4793 2073 4861 1),
2100 4791 2197 4863 qui
2217 4792 2273 4843 in
2304 4791 2417 4862 ipsa
2438 4789 2794 4847 teneritudine
2838 4807 3104 4847 annorum
3155 4792 3322 4866 elegit
3347 4801 3512 4859 etiam

1892 4883 1948 4934 in
1985 4876 2334 4933 convescendo
2391 4878 2678 4935 bestiarum
2724 4882 2910 4952 potius
2965 4879 3143 4935 accola
3180 4898 3305 4950 esse,
3344 4868 3509 4956 quam

1890 4969 2031 5022 inter
2055 4968 2194 5023 cives
2213 4965 2320 5022 leni
2334 4974 2407 5011 οη
2442 4966 2633 5024 saltem
2669 4982 2907 5024 sermone
2934 4969 3103 5027 vitam
3119 4972 3505 5033 contaminare.

1467 5094 1707 5151 VARUE
1759 5093 2169 5152 LECTIONES.

252 5225 324 5266 ω
351 5226 485 5294 qsl.
508 5225 562 5278 2.
586 5222 641 5277 3.
715 5228 788 5266 οη
816 5237 957 5294 corr.
986 5222 1036 5277 l.
1112 5228 1183 5266 ω
1216 5218 1468 5278 malivoli
1499 5224 1553 5279 3.
1624 5226 1701 5265 οιι
1733 5218 2178 5294 propitiendum
2210 5222 2262 5276 1.
2332 5223 2412 5294 ω
2440 5234 2579 5274 corr.
2620 5219 2669 5277 l.
2702 5214 2811 5294 aloi
2827 5223 3151 5277 atramento.
3220 5227 3299 5267 ω
3328 5237 3508 5282 γεσεηι

189 5295 314 5351 tiori
339 5290 509 5349 manu
534 5296 802 5365 appositus
827 5298 877 5349 1.
898 5293 1047 5365 deest
1074 5296 1110 5350 2
1206 5301 1276 5337 σιτ
1302 5309 1407 5365 nos
1432 5296 1483 5348 l.
1559 5300 1634 5335 οη
1662 5290 1864 5365 eccuni
1892 5297 1941 5348 1.
1973 5296 2028 5350 2.
2108 5300 2187 5365 m_
2214 5293 2499 5365 nostra_l.
2574 5297 2649 5332 ιω
2694 5290 2869 5365 satias
2899 5295 2953 5348 2.
3031 5300 3103 5335 ιιι

3142 5308 3400 5368 pnngnte
3423 5300 3505 5368 A2.

189 5374 257 5409 ιιι
286 5368 471 5422 vestra.
506 5357 711 5437 1.7"!
731 5364 941 5421 nostris
969 5369 1020 5437 1.
1100 5372 1172 5406 εει
1201 5380 1313 5437 quo
1336 5362 1477 5437 deest
1508 5367 1559 5419 1.
1606 5372 1708 5437 fu
1736 5363 2008 5437 hucusque
2038 5363 2221 5419 omnia
2238 5359 2588 5433 panedesunt
2612 5376 2704 5435 op.
2734 5357 2838 5418 Ch.
2914 5370 2989 5406 σοι
3016 5365 3095 5419 ita
3118 5357 3172 5422 2'.
3204 5357 3323 5422 letvu
3360 5365 3508 5424 saltu

186 5437 384 5495 saltem
416 5440 468 5494 1.
498 5434 609 5493 levi
636 5435 841 5493 saltem
868 5440 920 5494 3.
950 5435 1072 5508 σι,
1108 5433 1260 5493 num.
1293 5434 1571 5509 legendum
1599 5433 1966 5492 Jerusalem?

1732 5561 1779 5619 Ν
1783 5558 1961 5621 ΟΤΑΞ.

256 5688 404 5765 (352)
434 5684 476 5748 i.
508 5703 569 5763 ιι.
597 5681 873 5752 devoveo,
896 5682 1159 5743 afﬁrmo.
