3902 6210
407 384 543 442 1059

1003 367 1328 428 HERIGERI
1363 366 1448 423 ET
1477 366 1774 425 ANSELMI
1811 364 2030 424 GESTA
2058 361 2275 422 EPISC.
2302 363 2557 426 TUNGR.
2594 365 2782 425 TRAJ.
2822 366 2903 425 ET
2927 367 3138 427 LEOD.

3599 374 3746 430 1060

404 503 482 560 Et
529 501 740 572 Moyses
796 502 964 557 vitam
1002 499 1139 556 hanc
1209 496 1543 569 approbavit,
1597 498 1692 569 qui
1743 499 1799 550 in
1856 502 2018 550 vastae
2036 495 2095 563 Α
2119 509 2237 549 non
2269 493 2343 549 ad
2368 494 2491 565 ejus
2507 494 3341 568 temperavitaspectum?0uis
3363 512 3485 552 non
3508 513 3758 555 merore

401 590 707 648 solitudinis
770 589 972 646 deserto
1046 587 1155 642 Dei
1219 586 1478 658 colloquio
1543 585 1733 641 maluit
1778 584 2013 655 perfrui,

404 697 567 752 quam
603 679 965 750 Egyptiorum
990 677 1185 730 divinis
1213 676 1461 730 enervari
1519 682 1590 717 687
1650 672 1856 746 (Ezod.
1912 676 2010 739 ιιι).

403 767 594 824 Helias
616 773 667 821 et
689 766 934 821 Heliseus
982 762 1093 836 (IV
1142 762 1277 834 Reg.
1329 764 1389 834 ιι)
1440 763 1719 833 ceterique
1745 761 2016 831 prophetae

404 855 804 921 dedicaverunt,
834 855 928 925 qui
973 852 1134 923 hujus
1168 852 1386 908 thoricae
1440 849 1879 920 contemplatione
1929 851 2012 902 in-

406 946 578 1015 signes
602 946 736 1015 ipsos
752 940 1203 1013 subjugaverunt,
1219 939 1536 994 Habraham
1558 940 1793 993 omnium
1811 936 2018 991 creden-

407 1034 549 1090 tium
563 1039 718 1103 pater
734 1030 839 1100 ﬁde
863 1031 1078 1101 e/fectus
1097 1027 1257 1094 (Gen.
1290 1044 1396 1096 xu;
1418 1026 1576 1081 Rom.
1609 1042 1681 1093 IV,
1700 1027 1808 1095 16),
1830 1025 1901 1079 ad
1927 1024 2019 1078 hos

403 1138 489 1176 me
520 1122 763 1175 incitavit
799 1122 1033 1191 effectus,
1055 1119 1212 1188 cujus
1235 1121 1285 1173 et
1316 1116 1606 1186 exemplum
1633 1122 1705 1156 ⁸³⁸
1751 1116 2015 1179 imitatus,

401 1210 578 1265 natali
598 1208 706 1263 solo
736 1224 987 1279 egressus,
1018 1206 1258 1261 omnium
1302 1206 1612 1260 renuntiavi
1665 1201 2019 1272 cupiditatum

390 1297 762 1370 proventibus.
794 1295 969 1368 Ipsius
996 1294 1283 1349 salvatoris
1315 1294 1543 1349 Domini
1575 1292 1786 1362 factum
1815 1308 1899 1345 me
1951 1290 2021 1343 ad

403 1386 503 1442 hoc
534 1386 780 1453 adduxit,
803 1386 898 1457 qui
918 1383 1190 1438 diabolum
1226 1382 1583 1437 debellaturus
1608 1380 1883 1435 solitarius
1928 1379 2013 1432 lie-

404 1492 614 1529 remum
642 1473 946 1529 adeundum
981 1471 1210 1527 decrevit
1236 1469 1454 1537 (Matth.
1477 1468 1570 1535 ιν),
1615 1467 1764 1539 cujus
1824 1469 2022 1521 miseri-

405 1562 588 1618 cordia
617 1562 887 1630 concedat,
908 1562 1082 1632 pietas
1138 1566 1365 1627 annuat,
1414 1566 1473 1611 ut
1524 1564 1574 1612 et
1623 1572 1715 1626 ego
1764 1558 2021 1612 versutias

406 1649 522 1708 illic
552 1651 765 1722 antiqui
782 1650 944 1704 hostis
980 1647 1294 1720 proculcare
1342 1651 1391 1701 et
1428 1645 1492 1699 de
1543 1644 1649 1698 illic
1705 1644 2022 1699 instruendis

406 1740 565 1805 lucra
593 1739 864 1794 cumulare
897 1742 948 1794 et
979 1742 1166 1793 vestris
1194 1738 1280 1791 hic
1317 1734 1607 1791 commodis
1635 1750 1753 1787 mea
1782 1735 2022 1789 oratione

2114 581 2468 653 paupertatis
2494 600 2607 655 quo
2637 585 3017 654 premebatur
3045 593 3117 625 ω
3149 584 3354 651 oblito,
3388 588 3450 639 et
3490 584 3758 640 divitum

2116 668 2371 740 despexit
2401 671 2784 741 opulentiam,
2819 675 2878 726 et
2908 672 2968 726 in
2994 689 3096 727 sua
3124 673 3350 727 laetatus
3371 676 3460 727 est
3490 688 3756 745 pauper-

2115 758 2278 812 tate?
2314 757 2448 822 Quis
2495 759 2767 814 laborum
2809 776 2989 815 onere
3034 776 3283 831 pressus,
3332 761 3458 831 eius
3502 777 3635 815 non
3670 765 3760 814 est

2116 845 2503 901 hortamentis
2531 849 2814 903 relevatus
2837 848 2865 903 ‘l
2895 847 3032 913 Quis
3058 849 3394 904 adolescens
3434 850 3758 904 incentivis

2117 933 2389 989 vitiorum
2431 952 2736 991 succensus
2779 945 2851 979 ϐω
2881 941 2941 991 et
2970 938 3159 992 carnis
3204 938 3569 1005 titillatione,
3631 939 3758 1008 ejus

2119 1022 2501 1079 saluberrima
2530 1025 2953 1081 ammonitione
2987 1042 3104 1081 non
3129 1026 3322 1082 statim
3344 1028 3543 1082 cultor
3563 1027 3757 1081 extitit

2120 1110 2411 1180 pudicitiae
2427 1113 2454 1168 ?
2475 1115 2521 1166 Α
2545 1113 2776 1169 diabolo
2801 1118 3030 1169 vexatos
3046 1115 3305 1180 curabat,
3325 1114 3755 1169 nichilominus

2121 1201 2567 1273 cogitationibus
2587 1202 2719 1256 illici
2730 1203 2797 1256 lis
2810 1202 3113 1257 distractos
3124 1203 3198 1256 ad
3212 1202 3752 1275 petramChristum

2122 1292 2314 1345 allisos
2328 1291 2399 1345 ab
2422 1290 2691 1362 operibus
2705 1291 3032 1345 cohibebat.
3049 1290 3279 1345 Sciebat
3292 1307 3408 1362 quo
3426 1291 3564 1363 quis
3587 1291 3753 1346 tabo-

2120 1384 2278 1434 raret
2302 1377 2696 1444 incommodo,
2720 1382 2777 1433 et
2795 1395 2858 1432 ex
2878 1378 3004 1433 vita:
3028 1379 3253 1433 meritis
3284 1379 3509 1434 faciens
3531 1379 3751 1433 discre-

2121 1468 2366 1535 tionem,
2391 1483 2492 1538 pro
2523 1468 2861 1522 morborum
2880 1468 3157 1539 qualitate
3176 1467 3502 1523 adhibebat
3521 1476 3596 1509 “7
3621 1484 3750 1523 cor-

2120 1557 2472 1629 reptionem.
2491 1555 2796 1611 Crescebat
2813 1564 2883 1598 “8
2904 1556 3124 1611 ibidem
3158 1555 3339 1611 divini
3379 1556 3637 1612 fervoris
3656 1572 3748 1611 ar-

2122 1645 2247 1711 dor,
2282 1649 2341 1699 et
2370 1643 2700 1701 monasticae
2748 1644 3059 1715 disciplinae
3091 1644 3421 1700 inﬂexibilis
3453 1647 3646 1718 rigor.
3684 1648 3751 1701 Et

2121 1732 2368 1803 qualiter
2391 1749 2621 1807 quoque
2638 1733 2697 1788 in
2728 1733 2966 1805 reliquis
2988 1733 3232 1788 ofﬁcinis
3254 1739 3566 1807 septorum
3595 1735 3747 1789 inhi-

407 1827 621 1885 valeam
643 1828 912 1882 inservire.
949 1826 1039 1881 Sic
1083 1843 1117 1880 a
1144 1825 1312 1880 beato
1345 1823 1616 1879 Remaclo
1664 1828 2019 1893 peroratum,
2044 1828 2095 1886 Β
2122 1822 2587 1878 bitasitfacultas
2606 1824 2905 1897 peccandi,
2936 1824 3094 1878 testis
3114 1825 3359 1880 estcella
3393 1825 3750 1881 dormitoria

409 1916 490 1974 sic
526 1915 931 1970 insectantium
964 1912 1260 1969 doloribus
1302 1914 1653 1979 consultum,
1693 1910 1770 1965 sic
1828 1913 2024 1983 queri-

407 2003 622 2059 moniis
676 2006 762 2058 est
818 2002 1200 2071 satisfactum,
1249 2001 1459 2057 deinde
1503 2019 1616 2074 quo
1694 2000 2026 2058 intenderat

407 2092 792 2150 acceleratum
823 2090 1039 2162 pariter
1066 2093 1126 2145 et
1153 2095 1517 2160 perventum.

587 2182 657 2235 52
672 2187 764 2234 ⁸³9.
794 2177 950 2245 Quod
976 2178 1137 2232 multi
1160 2178 1276 2248 ejus
1304 2180 1551 2251 exemplis
1579 2181 1813 2236 seculum

992 2267 1319 2339 reliquerunt
1348 2277 1441 2323 “0.

477 2356 791 2412 Audientes
814 2356 937 2411 haec
964 2355 1052 2409 vel
1070 2371 1101 2409 e
1130 2354 1319 2411 vicina
1346 2357 1434 2411 vel
1464 2373 1529 2412 ex
1569 2357 1805 2413 semotis
1836 2355 2027 2429 parti-

409 2445 516 2502 bus
572 2444 678 2499 viri
720 2444 933 2511 devoti,
997 2442 1160 2515 [(Vit.
1218 2443 1461 2499 Remacli
1511 2462 1562 2501 c.
1621 2448 1732 2510 13.)
1771 2461 2025 2517 quorum

408 2534 560 2590 Deus
584 2533 854 2604 dignatus
880 2534 967 2587 est
986 2532 1160 2587 corda
1188 2536 1474 2604 tangere,]
1500 2538 1799 2605 ceperunt
1854 2534 2022 2589 undi-

411 2637 523 2693 que
543 2620 618 2675 ad
646 2636 780 2675 eum
810 2621 962 2675 velut
990 2635 1128 2690 apes
1157 2620 1230 2675 ad
1253 2621 1502 2676 alvearia
1529 2622 1845 2689 confluere,
1875 2640 2024 2678 non-

410 2706 555 2765 nulli
574 2724 633 2761 se
659 2715 728 2749 οιι
763 2707 1194 2780 Omnipotentis
1212 2708 1470 2763 servituti
1527 2710 1763 2777 addere,
1795 2713 1854 2765 et
1904 2710 2024 2765 leni

405 2797 551 2870 jugo
583 2794 792 2852 Christi
813 2797 962 2851 colla
988 2797 1349 2866 subnectere,
1395 2798 1571 2870 aliqui
1623 2816 1757 2854 vero
1811 2799 2024 2855 liberos

409 2902 544 2942 suos
565 2884 898 2940 liberalibus
911 2884 970 2939 in
984 2885 1318 2941 monasticis
1335 2885 1739 2943 instruendosc'
1752 2887 2027 2960 isciplinis

413 2976 472 3029 et
487 2972 601 3028 illic
612 2975 893 3044 perpetuo
906 2972 1275 3029 inservituros
1289 2976 1826 3044 contradere,multi
1846 2976 2025 3058 etiam

412 3062 486 3117 de
505 3061 871 3118 facultatibus
887 3066 945 3117 et
975 3061 1255 3118 reditibus
1282 3064 1397 3118 suis
1423 3069 1757 3120 sanctorum
1776 3060 2025 3120 necessi-

2123 1910 2381 1982 ejusdem
2413 1911 2546 1978 loci,
2572 1913 2732 1967 testis
2765 1916 2850 1966 est
2882 1915 3111 1967 sanctus
3132 1916 3352 1985 martyr
3370 1913 3745 1980 Lambertus,

2123 2000 2220 2071 qui
2237 2001 2431 2071 pulsus
2446 2001 2519 2055 ab
2532 2000 2820 2072 episcopio
2834 2001 2987 2056 hunc
3000 2001 3326 2074 specialiter
3343 2002 3749 2072 expetendum

2125 2087 2397 2157 decrevit,
2412 2088 2546 2161 quia
2561 2090 2779 2145 ibidem
2797 2093 3009 2145 sanctae
3032 2090 3328 2162 religionis
3342 2090 3658 2146 tramitem
3672 2091 3747 2146 ri-

2124 2176 2311 2249 gidius
2342 2177 2632 2233 observari
2668 2178 2905 2253 agnovit
2931 2179 3100 2252 (353),
3135 2179 3294 2234 testis
3323 2183 3383 2234 et
3413 2195 3559 2233 crux
3594 2179 3751 2253 apud

2127 2282 2301 2337 quam
2315 2269 2334 2330 [
2350 2265 2648 2337 (Surenam
2672 2267 3145 2338 Vit.Lamb.,c.6.)
3161 2284 3296 2323 cum
3313 2267 3389 2323 ad
3409 2268 3748 2323 orationem

2126 2354 2321 2410 medio
2344 2355 2527 2410 noctis
2565 2358 2828 2428 tempore
2850 2356 3114 2423 surrexit,
3138 2355 3274 2429 quia
3293 2356 3462 2429 lapsu
3478 2364 3556 2398 οη
3570 2356 3746 2410 calcei

2125 2443 2379 2515 quietem
2401 2452 2473 2486 διο
2498 2443 2747 2499 fratrum
2784 2445 2977 2500 sonitu
3007 2453 3077 2487 ιιι
3096 2445 3350 2513 incussit,
3376 2445 3749 2517 adjudicatus

2124 2548 2303 2603 usque
2346 2533 2743 2603 crepusculum
2789 2532 2966 2600 stetit,
3007 2533 3345 2605 psalmodiae
3389 2537 3451 2588 et
3482 2533 3743 2588 orationi

2123 2621 2361 2689 vacavit,
2395 2620 2580 2693 frigus
2604 2621 2876 2693 reppulit,
2913 2621 3102 2676 nivem
3146 2621 3465 2688 restrinxit,
3507 2625 3742 2676 sanctus

2123 2724 2246 2764 esse
2278 2709 2547 2765 omnibus
2566 2709 2866 2771 innotuit.]
2891 2710 3104 2765 Verum
3132 2710 3256 2764 haec
3288 2710 3454 2765 alias.

2250 2799 2336 2853 54.
2380 2795 2536 2863 Quod
2559 2804 2820 2854 crescente
2848 2798 3099 2868 religione
3122 2804 3403 2853 creverunt
3431 2807 3505 2841 “3
3542 2815 3629 2853 res

2801 2886 3069 2943 ecclesiae.

2192 2975 2357 3046 [(Vit.
2388 2974 2654 3040 Remacli,
2684 2993 2730 3031 c.
2776 2976 2886 3045 14.)
2926 2975 3232 3050 Crescente
3266 2976 3581 3050 religione,
3616 2993 3735 3033 cre-

2123 3064 2319 3118 scebat
2338 3068 2607 3119 etcensus
2628 3065 2923 3120 ecclesiae.
2953 3067 3094 3120 Nam
3118 3065 3611 3121 audiensinclitus
3637 3082 3730 3122 rex

410 3151 626 3207 tatibus
659 3152 1112 3219 communicare,
1144 3151 1296 3207 inter
1327 3170 1471 3226 quos
1497 3154 1746 3210 domnus
1769 3159 1827 3209 et
1860 3159 2026 3227 pater
2056 3150 2103 3210 C
2125 3150 2795 3224 Sigebertushujusmodi
2812 3169 2952 3225 erga
2965 3154 3170 3208 Christi
3185 3154 3405 3209 cultum
3425 3154 3740 3219 fervorem,

410 3240 735 3313 Papoleuus
748 3239 965 3295 visendi
991 3256 1125 3295 eum
1156 3242 1345 3313 gratia
1373 3242 1547 3310 venit,
1570 3243 1671 3298 sed
1697 3244 1819 3314 ejus
1839 3243 2023 3314 magi-

411 3327 586 3385 sterio
616 3327 896 3384 adherere
932 3346 1109 3401 quam
1139 3329 1327 3385 redire
1363 3331 1683 3388 contendit.
1718 3332 2027 3404 Susceptus

410 3417 608 3490 itaque
619 3433 654 3473 a
671 3417 842 3472 beato
865 3417 1135 3474 Remaclo
1148 3418 1648 3487 officiosissime,et
1660 3425 2028 3476 conversatus

412 3504 529 3561 illic
560 3505 775 3578 absque
808 3505 1147 3576 offensione,
1171 3510 1230 3562 et
1258 3507 1356 3580 qui
1378 3508 1747 3564 instruendus
1768 3512 2026 3578 venerat,

414 3594 610 3669 plures
637 3595 713 3651 ad
742 3594 1132 3652 imitationem
1158 3596 1245 3651 sui
1275 3596 1616 3653 ediﬁcabat.
1661 3596 1900 3652 Sanctus
1947 3596 2031 3653 vir

413 3683 572 3756 apud
598 3700 659 3740 se
684 3688 1028 3754 retractans,
1057 3701 1130 3741 ne
1156 3685 1306 3741 forte
1334 3702 1438 3757 pro
1470 3686 1579 3741 hoc
1602 3685 1725 3756 ipso
1752 3702 1883 3741 eum
1914 3686 2035 3741 Do-

411 3772 607 3829 minus
633 3772 859 3843 direxit,
895 3790 1014 3829 non
1038 3774 1215 3829 modo
1235 3790 1306 3827 ne
1333 3774 1406 3828 ab
1432 3789 1501 3828 eo
1525 3772 1846 3828 discederet
1866 3790 2032 3845 roga-

412 3861 517 3932 vit,
547 3877 752 3918 verum
783 3865 1024 3934 propter
1052 3860 1418 3932 disciplinam
1450 3861 1725 3916 fratribus
1758 3862 2033 3917 Malmun-

417 3951 563 4008 darii
584 3951 1013 4024 positismsalva
1029 3951 1089 4005 in
1112 3949 1380 4005 omnibus
1396 3952 1735 4006 auctoritate
1749 3953 2027 4023 praefecit.

414 4041 542 4111 Ipse
572 4038 877 4095 Stabulaus
900 4054 1158 4093 reversus
1189 4038 1262 4093 ad
1294 4039 1521 4110 majora
1560 4057 1619 4095 se
1666 4039 1875 4096 deinde
1914 4042 2031 4097 vir-

417 4130 608 4182 tutum
652 4142 832 4197 opera
871 4126 1136 4194 accinxit,
1178 4126 1379 4199 suique
1420 4129 1685 4201 exemplo
1723 4130 1917 4200 plures
1955 4130 2029 4185 ad

417 4218 814 4270 consectatum
833 4231 1071 4271 suorum
1082 4231 1326 4287 operum
1340 4216 1781 4283 animavit.Quis
1792 4226 1863 4261 ω
1877 4220 2030 4290 apud

417 4302 584 4360 illum
605 4301 903 4358 tristiciam
926 4320 1045 4358 non
1068 4304 1313 4359 mutavit
1332 4304 1390 4359 in
1403 4306 1713 4377 gaudium?
1729 4305 2028 4371 Quisiram

2125 3241 2303 3309 misit,
2327 3242 2559 3297 beatum
2607 3242 2945 3297 Remaclum
2991 3242 3336 3309 accersivit.)
3362 3246 3423 3298 et
3473 3260 3652 3317 supra
3682 3242 3739 3298 id

2127 3329 2283 3401 quod
2304 3329 2460 3401 prius
2488 3330 2748 3397 dederat,
2773 3330 3041 3403 quodque
3072 3333 3158 3385 vir
3182 3331 3608 3387 illustrissimus
3620 3333 3741 3386 Gri-

2128 3418 2391 3473 moaldus
2408 3417 2759 3490 adquisierat
2782 3420 2948 3490 (354),
2984 3419 3137 3474 unde
3159 3424 3217 3475 et
3248 3424 3497 3476 eatenus
3515 3420 3740 3475 victita-

2128 3509 2348 3574 verant,
2372 3523 2504 3561 cum
2535 3522 2819 3563 consensu
2840 3507 3099 3563 fidelium
3119 3524 3359 3563 suorum
3386 3513 3509 3564 tam
3533 3511 3737 3582 episco-

2130 3611 2338 3667 porum
2370 3612 2545 3667 quam
2568 3599 2627 3650 et
2645 3612 2949 3668 procerum
2971 3592 3443 3668 supradictorum
3470 3599 3547 3654 ad
3561 3599 3737 3654 hono-

2130 3699 2256 3739 rem
2274 3686 2332 3739 et
2347 3684 2564 3739 cultum
2583 3688 2915 3740 sanctorum
2930 3686 3328 3756 apostolorum
3343 3687 3502 3742 Petri
3516 3690 3576 3741 et
3588 3687 3737 3741 Pauli

2131 3776 2189 3829 et
2203 3773 2385 3828 sancti
2401 3773 2869 3845 Martini,quibus
2888 3774 3009 3846 ipsa
3029 3777 3156 3830 loca
3174 3780 3341 3831 erant
3376 3775 3593 3845 dicata,
3616 3792 3739 3832 con-

2129 3862 2298 3918 cessit
2315 3861 2484 3916 beato
2505 3862 2774 3917 Remaclu
2791 3866 2849 3917 et
2873 3863 2948 3917 ad
2973 3880 3102 3919 usus
3123 3880 3425 3919 servorum
3450 3865 3579 3932 Dei,
3604 3880 3737 3937 qua-

2128 3950 2282 4007 tinus
2298 3950 2548 4023 quietius
2573 3951 2842 4022 deinceps
2861 3953 3137 4020 viverent,
3164 3957 3247 4018 [et
3267 3954 3488 4026 absque
3522 3954 3739 4025 inpres-

2128 4039 2289 4095 sione
2324 4038 2642 4094 viciuorum
2665 4040 2900 4096 liberius
2915 4042 3020 4097 soli
3044 4043 3159 4097 Deo
3180 4046 3476 4110 vacarent,
3512 4060 3736 4099 mensu-

2125 4131 2397 4185 rarentur
2423 4128 2485 4182 in
2514 4128 2708 4199 girum
2740 4130 3035 4202 utriusque
3058 4130 3398 4187 monasterii
3429 4131 3735 4186 duodecim

2127 4219 2686 4293 leugze(355),]inter
2701 4227 2773 4261 “3
2802 4235 3051 4290 quarum
3074 4219 3289 4276 limites
3313 4219 3597 4293 quicquid
3616 4237 3736 4276 con-

2125 4307 2430 4375 tineretur,
2463 4307 2536 4363 ab
2557 4308 2691 4362 solis
2712 4307 3008 4380 utriusque
3044 4308 3295 4364 cmnobii
3337 4310 3565 4365 colonis
3586 4325 3737 4365 exco-

419 4404 539 4448 non
564 4388 848 4445 convertit
875 4389 934 4445 in
957 4405 1157 4463 pacem
1189 4391 1216 4447 ?
1243 4390 1381 4457 Quis
1410 4393 1671 4450 orbitatis
1700 4402 1772 4437 6“
1795 4395 2015 4450 luctum
2038 4407 2089 4466 ι)
2116 4397 2353 4452 leretur.
2371 4395 2590 4452 Dicitur
2606 4398 2803 4452 autem
2824 4396 2995 4467 leuga
3012 4396 3306 4453 Gallorum
3323 4396 3731 4455 tantummodo

1732 4532 1968 4588 VARUE
1997 4533 2398 4591 LECTIONES.

493 4614 566 4651 σιτ
592 4623 730 4661 corr.
763 4610 812 4663 1.
887 4616 959 4651 6³8
988 4610 1074 4664 est
1100 4608 1137 4664 i.
1171 4614 1219 4667 1.
1254 4613 1305 4666 3.
1338 4626 1544 4664 erasum
1569 4614 1623 4666 2.
1675 4616 1746 4652 ⁸³³
1775 4629 2026 4667 numerus
2047 4615 2184 4669 LIII.
2217 4614 2508 4671 recentiori
2529 4631 2697 4673 manu
2728 4633 2795 4688 ap
2833 4617 2995 4671 ositus
3031 4622 3078 4673 1.
3109 4616 3249 4671 deest
3278 4619 3333 4672 2.
3390 4625 3467 4659 ϐω
3497 4609 3733 4691 reliqui—er

553 4686 625 4721 ιιι
655 4678 795 4733 deest
822 4683 876 4736 3.
952 4688 1023 4722 ω
1043 4680 1211 4740 juxta
1234 4680 1658 4736 institutionem
1684 4680 1744 4736 S.
1777 4683 2067 4740 Benedicti
2090 4686 2241 4740 addit
2264 4688 2360 4740 vit.
2391 4685 2548 4740 Rem.
2623 4695 2695 4729 θη
2725 4634 2925 4740 reliqua
2964 4688 3151 4740 desunt
3183 4686 3287 4740 Ct.
3332 4695 3405 4730 οη
3430 4691 3665 4740 orbatus
3684 4696 3729 4740 3.

422 4680 478 4737 2.
553 4686 625 4721 ιιι
655 4678 795 4751 deest
822 4683 876 4736 3.
952 4688 1023 4722 ω
1043 4680 1211 4751 juxta
1234 4680 1658 4736 institutionem
1684 4680 1744 4736 S.
1777 4683 2067 4740 Benedicti
2090 4686 2241 4740 addit
2264 4688 2360 4743 vit.
2391 4685 2548 4742 Rem.
2623 4695 2695 4729 θη
2725 4678 2925 4751 νὲἷίίιιια
2964 4688 3151 4744 desunt
3183 4686 3287 4745 Ct.
3332 4695 3405 4730 σει
3430 4678 3665 4746 orbatds
3684 4696 3730 4747 3.

419 4756 495 4832 ξξξ
524 4766 584 4823 q.
604 4766 702 4832 pr.
732 4750 919 4832 desunt
1304 4760 1376 4832 ςξο
1404 4758 1749 4832 sucessusl.
1825 4762 1895 4797 σιτ
1926 4757 2240 4813 abhibebat
2274 4762 2323 4812 1.
2400 4765 2472 4832 {f8
2512 4758 2738 4832 interea
2781 4750 2951 4816 addit.
2996 4763 3095 4832 vit.
3136 4758 3309 4832 Notg.
3388 4769 3463 4803 σεο
3506 4763 3645 4819 lalsu
3686 4768 3728 4820 1.

418 4827 494 4867 ’³ο
520 4822 783 4896 quietum
806 4824 855 4882 1.
879 4827 932 4879 2.
965 4827 1020 4880 3.
1094 4831 1164 4866 σει
1197 4822 1451 4879 sonitum
1492 4827 1544 4878 1.
1570 4828 1624 4879 2.
1656 4828 1709 4881 3.
1786 4833 1856 4869 ⁸⁵³
1888 4843 2083 4883 crever
2111 4833 2167 4884 2.
2241 4836 2313 4871 ⁸³³
2344 4829 2549 4901 reliqua
2567 4831 2760 4901 paucis
2788 4832 3008 4903 exceptis
3040 4831 3230 4887 desunt
3252 4822 3362 4889 Ub.

1983 4925 2212 4982 NOTAE.

497 5042 654 5114 (353)
681 5041 798 5114 Cfr.
832 5040 1112 5114 Stephani
1142 5040 1250 5114 Vit.
1285 5041 1342 5099 S.
1372 5041 1663 5099 Lamberti
1696 5060 1747 5101 c.
1780 5048 1833 5113 5,
1868 5047 1921 5100 6.

518 5113 1092 5186 35ζιλϐθιίηξιιίειίξιιω
1120 5113 1315 5169 villam
1356 5114 1423 5186 in
1454 5114 1683 5170 diceeesi
1712 5115 1986 5172 Remensi
2012 5134 2026 5186 ;

422 5182 885 5272 vidzﬁrim‘oaldi
913 5184 1296 5272 tabulamqap:
1322 5185 1578 5272 Miraaum
1608 5187 1670 5268 1,.
1686 5190 1812 5268 281τ

497 5254 662 5329 (35_5)_
676 5256 747 5310 Et
767 5255 892 5329 huic
910 5271 989 5329 ex
1008 5254 1206 5329 tabula
1235 5254 1519 5328 Sigeberti
1548 5257 1721 5329 regis,
1762 5258 1877 5314 vid.
1903 5260 2028 5315 Act.

429 5325 530 5400 εξ.
571 5325 737 5400 Febr.
786 5328 830 5392 Ι,
862 5328 988 5400 23ῤ.
1035 5325 1215 5397 petita
1260 5325 1413 5395 sunt,
1447 5344 1521 5400 ex
1565 5325 1832 5400 qliahmc
1858 5331 2035 5393 verba

426 5394 630 5455 aﬂ'erre
659 5394 829 5453 liceat
856 5414 870 5457 :
905 5394 1269 5455 Convenimus
1294 5429 1363 5441 --
1389 5397 1460 5455 ad
1480 5394 1726 5457 evitanda
1767 5404 2032 5459 consortia

2129 5046 2437 5129 mulierum,
2465 5056 2527 5129 ut
2552 5066 2750 5129 gyrum
2775 5050 3024 5121 gyrando
3068 5057 3119 5106 et
3148 5053 3207 5106 in
3233 5056 3589 5129 utrorumque
3606 5074 3727 5129 par—

2130 5119 2271 5175 tibus
2307 5124 2747 5194 monasteriorum
2779 5119 3240 5194 vmensurarenturi
3272 5125 3451 5194 spatia
3489 5119 3728 5183 ἀυξτ-ον-

2129 5207 2248 5245 sum
2273 5191 2513 5265 saltibus,
2544 5208 2652 5247 non
2662 5193 2790 5263 plus
2812 5192 3095 5265 duodecim
3124 5191 3477 5265 milliaribus,
3515 5208 3577 5253 ut
3616 5201 3724 5254 abs-

2129 5278 2231 5388 Ἐκ
2278 5264 2613 5334 impressione
2662 5264 2854 5337 populi
2902 5265 2986 5322 vel
3026 5265 3445 5323 tumultuationi
3464 5264 3468 5265 ί
3488 5271 3719 5335 secutori,

2186 5350 2244 5388 eo
2266 5335 2370 5388 soli
2394 5341 2697 5388 vacaretur.

2186 5350 2244 5389 eo
2266 5335 2370 5389 soli
2394 5341 2697 5391 vacaretur.
