3902 6210
155 405 289 460 1061

1273 397 1599 456 ΗΕΒῘΟΕΗῘ
1644 396 1862 455 GESTA
1911 394 2129 458 EPISC.
2178 399 2384 459 ιιεοι).

3337 409 3473 468 1062

153 525 361 598 lingua
380 524 585 583 haberi
601 525 716 582 duo
739 524 899 581 milia
915 532 985 567 ου
1007 538 1279 595 passuum
1294 523 1381 576 vel
1404 527 1549 578 16m
1568 519 1772 576 stadia.
1796 526 1850 585 Α
1877 523 1978 578 sed
2004 522 2261 579 moribus
2293 539 2465 595 quam
2499 524 2666 581 annis
2709 525 3011 593 maturior,
3046 525 3203 582 diem
3258 527 3364 583 sibi
3419 538 3492 572 ατο

157 615 351 685 [Quod
369 618 719 670 testamento
739 614 1146 669 conﬁrmatum
1163 616 1221 668 et
1234 611 1388 667 anuli
1406 610 1550 681 regii
1564 610 1779 680 inpres-

156 703 323 758 sione
341 702 635 775 signatum
664 707 894 758 sanctus
916 701 1003 756 vir
1023 699 1273 771 suscepit
1290 699 1559 764 libenter,
1593 696 1779 752 tenuit

155 796 515 846 reverenter.
551 787 905 846 Procedente
937 805 1166 860 quoque
1190 791 1474 857 tempore,
1500 802 1652 840 anno
1671 785 1774 839 sci—

157 880 295 935 licet
342 883 550 952 quarto
578 878 805 933 decimo
825 876 991 946 regni
1021 876 1129 943 sui,
1157 874 1380 931 addidit
1415 875 1571 929 idem
1603 891 1699 928 rex
1722 877 1778 928 et

156 970 517 1023 testamento
551 966 914 1022 confirmavit
937 964 1087 1036 (356)
1109 965 1278 1018 beato
1312 964 1581 1017 Remaclo
1611 978 1777 1032 quas-

156 1056 295 1111 dam
326 1073 420 1110 res
463 1056 522 1110 in
553 1054 865 1126 Aquitania
895 1056 1062 1122 (357),
1119 1050 1446 1106 thelonium
1494 1050 1777 1116 videlicet,

155 1144 319 1215 quod
344 1146 432 1197 est
452 1143 526 1197 ad
556 1146 789 1214 portum
812 1141 1067 1196 Vetraria
1093 1156 1264 1211 super
1283 1139 1487 1194 fluvios
1514 1138 1777 1193 Taunaco

152 1232 228 1265 διο
248 1227 309 1277 et
324 1224 691 1292 Itta,portum
712 1237 943 1292 quoque
961 1220 1059 1290 qui
1078 1217 1778 1290 diciturSellis,iinmoque

157 1314 217 1363 et
245 1309 488 1379 Vogatio
508 1324 680 1379 super
701 1309 937 1363 ﬂuvium
962 1308 1181 1377 Ligeris
1205 1324 1335 1362 eum
1366 1306 1636 1361 omnibus
1665 1307 1779 1361 illic

158 1396 631 1469 appendentibus
646 1398 998 1464 057,decimas
1012 1396 1189 1452 etiam
1210 1396 1369 1450 dedit
1382 1412 1447 1449 ex
1463 1395 1611 1450 ﬁscis
1630 1395 1782 1450 circa

159 1485 521 1540 monasteria
532 1484 1107 1555 adjacentibus.]Post
1119 1485 1240 1539 htBC
1257 1483 1409 1538 idem
1426 1500 1519 1538 rex
1533 1483 1781 1555 gloriose

156 1574 496 1647 gubernans
511 1574 819 1629 Austrasiie
848 1591 1119 1646 regnum,
1153 1574 1307 1628 diem
1352 1573 1553 1628 clausit
1585 1577 1780 1628 extre-

154 1680 328 1718 mum
356 1664 467 1734 (an.
514 1666 657 1731 655).
687 1663 823 1733 (Cfr.
858 1661 1005 1717 Gest.
1040 1661 1270 1729 Franc.,
1294 1664 1388 1731 43)
1416 1661 1782 1716 Grimoaldus

155 1752 353 1823 major
379 1751 587 1806 domus
615 1750 717 1805 sub
761 1753 1004 1821 optentu
1040 1749 1388 1805 munerandi
1430 1767 1464 1803 a
1491 1749 1779 1804 Clodoveo

154 1841 345 1895 fratre
357 1839 481 1909 ejus
497 1838 744 1893 Parisius
761 1842 1026 1893 evocatus
1052 1838 1280 1910 regredi
1299 1855 1414 1892 non
1442 1841 1524 1892 est
1539 1838 1784 1909 permis-

157 1946 255 1983 sus
282 1946 298 1994 ;
334 1928 516 1983 ﬁlium
538 1944 789 1999 namque
811 1927 1031 1982 domini
1063 1927 1147 1982 sui
1176 1926 1487 1997 Sigebcrti,
1515 1943 1688 1997 quem
1724 1926 1781 1982 in

156 2016 274 2071 ﬁde
305 2019 656 2088 susceperat,
689 2020 750 2070 ut
763 2032 894 2070 eum
914 2015 1285 2070 substitueret
1312 2023 1382 2057 οδε
1412 2014 1471 2069 in
1494 2030 1675 2085 regno
1690 2031 1785 2085 pa-

150 2106 278 2172 tris,
313 2106 584 2160 clericum
610 2105 1151 2176 feceratﬁliumque
1178 2121 1347 2159 suum
1379 2120 1629 2175 regnare
1666 2103 1780 2158 ins-

152 2194 708 2249 tituerat.Clodoveo
726 2202 796 2236 σεο
818 2210 931 2265 quo
944 2210 1051 2266 ,jue
1069 2202 1140 2235 σεο
1159 2193 1456 2259 defuncto,
1484 2192 1782 2247 Lotharius

156 2291 227 2325 ιιι
264 2282 549 2352 filiusejus
576 2282 635 2337 in
681 2282 1194 2349 occidente,frater
1223 2282 1347 2352 ejus
1378 2281 1660 2336 Hildricus
1710 2289 1780 2322 εει

156 2370 375 2442 [(Gest.
439 2369 623 2424 Franc
697 2370 885 2443 44,45)
925 2371 1228 2441 inperabat
1256 2386 1440 2441 regno
1471 2369 1778 2424 Austrasim

156 2460 270 2531 (an.
307 2464 462 2527 656).
515 2458 699 2523 Quem
752 2462 981 2514 sanctus
1018 2459 1102 2514 vir
1141 2459 1304 2528 adiit,
1335 2458 1491 2530 quod
1543 2461 1780 2530 patruus

161 2547 864 2617 coutulerat,contirmari
892 2547 1132 2618 rogavit.
1170 2548 1286 2602 Rex
1335 2548 1519 2601 libens
1574 2547 1781 2601 annuit

161 2642 217 2692 et
233 2639 404 2709 juxta
424 2637 775 2708 peticionem
794 2637 897 2691 viri
919 2636 1020 2692 Dei
1050 2652 1085 2691 a
1104 2653 1427 2691 successore
1442 2636 1590 2691 illius
1621 2652 1780 2690 sanc-

166 2730 223 2781 to
247 2725 596 2780 Theobardo
629 2728 687 2779 et
722 2725 922 2780 Odone
953 2724 1269 2780 domestico
1321 2724 1580 2794 ejusdem
1611 2742 1777 2780 men-

162 2831 309 2870 sura:
340 2814 707 2885 procinctum
732 2812 974 2883 regirari
992 2813 1289 2868 mandavit
1315 2812 1484 2883 Cujus
1498 2812 1781 2868 medieta-

1877 611 2191 667 vocationis
2206 611 2537 684 intelligens
2554 613 3005 686 imminere,quo
3020 620 3495 687 recompeuseret

1878 700 2068 756 honor
2088 700 2148 755 in
2173 701 2324 756 caelis
2349 702 2505 774 quod
2527 703 2740 758 trivera
2761 704 2961 759 tlabor
2985 703 3046 759 in
3070 704 3489 773 terris,morem

1878 805 2079 859 gerere
2111 788 2363 844 decrevit
2393 791 2680 861 subjectis.
2719 790 2870 855 Quos
2900 791 3209 847 accercitos
3230 800 3299 834 οτι
3331 796 3391 847 et
3418 790 3492 848 de

1879 876 2114 931 abcessu
2143 876 2320 948 patris
2349 894 2564 949 suaque
2589 878 2945 934 desolatione
2976 883 3209 947 mestos,
3242 880 3328 935 bis
3358 880 3498 943 ulti-,

1879 964 1990 1018 mis
2006 966 2218 1021 solatus
2249 971 2335 1020 est
2367 965 2589 1021 verbis:
2614 965 2775 1033 Ecce,
2804 976 2981 1039 patres
3007 972 3341 1033 sanctissimi,
3383 985 3495 1026 ecce

1876 1053 2078 1121 fratres
2106 1052 2402 1120 karissimi,
2443 1055 2865 1125 praecordiorum
2893 1073 3125 1111 meorum
3155 1061 3498 1113 conviscerati

1880 1157 2150 1212 compage,
2172 1160 2303 1212 pars
2334 1145 2533 1197 anima:
2557 1143 2781 1196 dimidia
2810 1160 2937 1199 mese
2960 1148 3130 1214 (359),
3177 1149 3322 1201 viam
3376 1149 3496 1202 uni-

1880 1243 2043 1284 versae
2080 1238 2235 1283 terrae
2263 1248 2381 1284 sum
2412 1233 2762 1300 ingressurus,
2792 1240 2843 1291 et
2871 1232 2941 1286 ad
2977 1250 3064 1287 vos
3112 1234 3351 1305 deinceps
3386 1251 3494 1292 non

1881 1334 2203 1374 reversurus.
2266 1319 2456 1374 Vestra
2496 1338 2600 1387 me,
2640 1329 2811 1374 vestra
2861 1339 2990 1393 quos
3047 1322 3221 1378 desero
3269 1324 3494 1378 solitudo

1879 1407 2149 1474 sollicitat,
2184 1425 2292 1462 non
2320 1426 2436 1462 mea
2468 1408 2666 1477 abiete,
2695 1412 2789 1481 qui
2809 1408 2923 1463 Deo
2946 1411 3171 1465 solatore
3196 1413 3494 1481 confortor,

1881 1498 2177 1551 contristat.
2201 1496 2329 1550 Non
2359 1515 2443 1551 me
2463 1504 2621 1554 terret
2650 1504 2943 1570 proventus
2989 1500 3308 1555 conditionis
3346 1503 3497 1554 omni

1881 1586 2124 1638 mortalis
2168 1588 2482 1649 communis,
2526 1604 2645 1641 cum
2697 1595 2805 1643 tota
2863 1590 3024 1643 etiam
3052 1590 3375 1659 sapientium
3422 1596 3493 1631 07!

1810 1698 1859 1755 Β
1881 1676 1991 1727 vita
2019 1674 2407 1729 commendatio
2454 1682 2524 1717 ⁸⁷³
2550 1693 2654 1729 esse
2682 1675 2866 1730 debeat
2910 1678 3114 1732 mortis.
3147 1676 3277 1731 Non
3326 1668 3494 1749 turpis

1881 1780 2023 1817 mors
2074 1769 2248 1833 potest
2294 1764 2527 1819 accidere
2572 1773 2642 1806 στι
2700 1766 2812 1818 viro
2852 1766 3012 1834 forti,
3062 1783 3167 1820 non
3212 1768 3492 1822 inmatura

1883 1852 2175 1915 consulari,
2230 1868 2335 1905 non
2370 1853 2559 1907 misera
2599 1854 2945 1924 prospicienti
2998 1853 3167 1926 (360),
3196 1861 3501 1909 vestrarum

1884 1957 1966 1993 me
1994 1941 2164 2008 magis
2195 1946 2487 1993 vestrarum
2525 1942 2803 2007 mentium,
2849 1958 2980 2011 quas
3025 1948 3096 1983 ⁸7⁸
3137 1942 3493 2012 asperioribus

1885 2028 2057 2082 adhuc
2099 2035 2227 2083 esset
2297 2044 2495 2082 necesse
2566 2027 2752 2081 studiis
2819 2028 3125 2099 infamari,
3196 2028 3492 2085 teneritudo

1884 2123 2137 2181 retentat;
2167 2116 2330 2182 vobis,
2354 2124 2424 2158 ατο
2452 2117 2692 2187 inquam,
2731 2118 2907 2183 timeo,
2942 2121 3002 2172 ut
3029 2119 3079 2171 si
3099 2118 3345 2187 luporum
3373 2117 3492 2172 adi-

1880 2207 2017 2274 gerit
2048 2205 2236 2272 rabies,
2264 2222 2329 2259 ne
2356 2221 2506 2259 nemo
2555 2206 2624 2259 sit
2649 2212 2723 2247 ⁸⁷⁷
2754 2208 2852 2277 qui
2875 2206 3077 2276 abigat.
3126 2205 3262 2261 Haec
3303 2221 3496 2262 mona-

1880 2296 2040 2348 steria
2069 2292 2178 2348 Dei
2197 2301 2245 2348 et
2268 2300 2572 2348 sanctorum
2588 2292 2785 2364 dicavi,
2811 2296 3003 2351 vestris
3023 2311 3225 2367 quoque
3244 2295 3501 2351 ancillari
3533 2340 3549 2359 ,

1882 2390 1953 2424 ατε
1986 2382 2163 2436 usibus
2194 2381 2451 2451 delegavi.
2492 2381 2680 2437 Vestra
2732 2382 2803 2436 ad
2847 2383 2943 2437 hoc
2990 2399 3115 2436 usus
3168 2399 3289 2437 sum
3335 2399 3494 2454 opera

1879 2472 2017 2541 forti
2044 2479 2093 2524 et
2125 2470 2299 2539 ﬁdeli,-
2342 2486 2522 2525 vereor
2547 2487 2667 2525 cum
2708 2487 2818 2542 sepe
2840 2471 3070 2543 pendere
3089 2470 3274 2528 debeat
3292 2474 3486 2528 animi.

1881 2558 1999 2626 Quo
2026 2559 2134 2613 loco
2163 2566 2355 2613 nostrae
2379 2562 2496 2614 sitae
2523 2567 2650 2615 sunt
2678 2577 2777 2630 res,
2808 2563 2863 2615 in
2889 2577 3166 2615 commune
3192 2568 3264 2603 ⁸⁸η
3284 2560 3494 2632 videtis,

1879 2655 1928 2702 et
1948 2649 2077 2719 quia
2093 2648 2177 2702 hic
2194 2648 2425 2702 mundus
2474 2650 2529 2703 in
2558 2650 2794 2720 maligno
2808 2652 3016 2721 positus
3044 2652 3115 2704 sit
3141 2648 3195 2721 (1
3243 2648 3412 2704 Joan.
3439 2665 3492 2718 v,

1884 2740 1990 2805 19),
2001 2736 2170 2806 juxta
2192 2753 2399 2792 mecum
2430 2753 2608 2792 omnes
2635 2737 3011 2793 attenditisSi
3050 2754 3174 2808 ergo
3210 2739 3496 2811 quicquam

1869 2828 2025 2896 pensi
2044 2832 2141 2893 est,
2171 2825 2346 2880 videte
2373 2842 2438 2880 ne
2464 2826 2531 2880 ab
2556 2828 2878 2897 integritate,
2906 2844 3070 2899 quam
3099 2829 3157 2882 in
3185 2843 3274 2882 vos
3295 2826 3491 2896 locavi,

162 2907 282 2958 tem
322 2919 427 2958 suo
463 2902 728 2956 dominio
752 2901 1063 2957 reservavit
1110 2902 1265 2956 aliud
1297 2901 1555 2957 medium
1586 2902 1780 2956 usibus
1805 2896 1852 2954 C
1877 2913 1991 2968 αιιο
2026 2930 2263 2984 unquam
2304 2921 2375 2956 suo
2433 2931 2609 2968 ρννονε
2667 2896 3018 2984 ,edmmgng,
3100 2915 3191 2970 ,αι
3243 2915 3513 2981 unanimi.

164 3008 469 3047 servorum
488 2991 585 3045 Dei
603 2993 947 3045 testamento
966 2990 1397 3046 reconfirmavit
1411 2991 1578 3061 (358).
1593 2989 1780 3056 JQuod

162 3081 351 3136 virum
383 3079 488 3134 Dei
518 3080 799 3152 sagaciter
832 3079 1183 3151 provideque
1214 3082 1438 3134 constat
1466 3079 1686 3145 fecisse,
1720 3081 1781 3132 ut

163 3169 205 3223 si
234 3185 596 3223 successores
639 3185 769 3222 suos
800 3168 993 3222 minus
1048 3167 1414 3238 contingeret
1466 3166 1778 3239 aliquando

162 3275 353 3330 posse,
380 3273 514 3311 cum
548 3256 761 3311 minori
806 3256 1141 3311 difﬁcultate
1172 3255 1326 3327 quod
1386 3256 1578 3309 minus
1634 3256 1782 3309 esset

158 3346 283 3401 sine
313 3344 533 3400 invidia
561 3349 619 3399 et
644 3345 961 3416 inquietate
991 3353 1063 3387 “8
1091 3344 1409 3399 vicinorum
1429 3351 1500 3385 θοι
1524 3344 1783 3397 valerent

159 3433 688 3490 liberiusretinere.
716 3433 848 3503 (Cfr.
879 3432 1024 3491 Gest.
1048 3432 1251 3488 Franc.
1267 3436 1377 3503 45.)
1397 3433 1461 3486 Et
1482 3432 1782 3487 Lotharius

160 3532 232 3567 ηδ
260 3540 364 3578 rex
400 3526 654 3577 mortem
686 3521 830 3577 obiit
852 3524 959 3592 (an.
991 3522 1139 3593 670),
1174 3520 1455 3575 Hildricus
1486 3528 1556 3562 δοσ
1601 3520 1783 3574 frater

161 3613 287 3684 ejus
310 3611 716 3667 monarchiam
746 3610 1055 3682 singularis
1083 3609 1350 3665 obtinuit.
1389 3611 1522 3663 Post
1551 3610 1679 3684 hinc
1723 3613 1783 3664 et

161 3683 286 3775 ipse
319 3704 563 3774 prapter
586 3700 956 3755 insolentiam
1004 3716 1235 3755 morum
1268 3699 1600 3753 interfectus
1625 3683 1782 3753 rnor-

162 3795 289 3847 tem
324 3789 596 3846 occubuit
636 3789 747 3860 (an.
784 3789 1245 3860 673),fraterque
1275 3788 1504 3842 illorum
1527 3787 1783 3844 Theode-

164 3880 320 3935 ricus
346 3895 480 3933 cum
535 3877 794 3932 Ebruino
826 3885 895 3920 οοτ
942 3876 1390 3932 occidentalibus
1442 3878 1786 3948 regnaturus

166 3967 727 4031 successit.0uorum
752 3965 1121 4037 tyrannidem
1140 3963 1473 4019 abdicantes
1488 3964 1785 4033 Austrasii,

169 4057 241 4130 (c.
273 4059 363 4127 47)
395 4055 601 4126 Pipino
627 4062 699 4097 668
728 4052 865 4109 satis
894 4053 1147 4125 agebant
1172 4052 1416 4124 principi
1444 4062 1535 4107 σου.

1876 3002 2083 3070 glutino
2106 3003 2261 3072 pacis
2293 3004 2349 3055 in
2376 3000 2611 3070 Christo,
2639 3002 2803 3074 iuxta
2846 3002 2990 3075 quod
3019 3010 3069 3057 et
3087 3009 3315 3074 patrum
3344 3003 3499 3056 habet

1880 3090 2115 3154 traditio,
2160 3096 2209 3144 et
2257 3091 2647 3161 scripturarum
2674 3098 2988 3148 sanctarum
3017 3091 3257 3162 lectione,
3301 3090 3392 3147 sed
3445 3097 3496 3145 et

1880 3196 2010 3233 meae
2035 3178 2386 3248 invigilantiae
2429 3179 2684 3234 didicistis
2730 3182 3129 3236 ammonitione.
3178 3179 3256 3234 Et
3308 3179 3495 3235 vestris

1880 3270 2059 3338 itaque
2083 3267 2330 3320 manibus
2366 3275 2435 3310 σοι
2466 3285 2620 3322 sacra
2650 3286 2929 3340 nunquam
2980 3268 3190 3326 recedat
3236 3269 3410 3336 lectio,
3441 3276 3501 3323 et.

1881 3357 1937 3409 in
1965 3373 2027 3409 ea
2051 3355 2194 3411 vobis
2203 3356 2355 3425 jugis
2372 3357 2442 3410 sit
2471 3356 2771 3412 meditatio.
2799 3356 2871 3411 Ut
2901 3359 3043 3411 enim
3073 3374 3222 3430 ager,
3252 3358 3496 3430 quamvis

1880 3443 2075 3513 fertilis
2112 3445 2225 3497 sine
2246 3441 2476 3512 cultura,
2524 3460 2633 3499 non
2668 3451 2843 3515 potest
2883 3461 2989 3499 esse
3038 3446 3366 3517 fructuosus,
3423 3447 3506 3500 sic

1881 3532 1999 3586 sine
2051 3530 2294 3584 doctrina
2372 3532 2583 3584 animus
2643 3532 2814 3603 (361),
2880 3532 3136 3604 doctoque
3186 3532 3400 3586 homini
3447 3539 3503 3586 et

1883 3618 2089 3675 erudito
2119 3621 2295 3675 vivere
2315 3627 2391 3674 est
2430 3622 2666 3690 cogitare
2695 3620 2866 3691 (362),
2916 3621 3156 3675 orationi
3189 3620 3503 3691 frequenter

1884 3709 2314 3781 incumbendum,
2379 3726 2482 3781 pro
2563 3708 2858 3764 excessibus
2914 3709 3152 3764 humana
3202 3707 3505 3779 fragilitate

1884 3800 2170 3857 contractis
2220 3798 2566 3867 exorandum,
2611 3805 2662 3852 et
2690 3797 2753 3852 de
2781 3804 2968 3853 caetero
2995 3796 3366 3853 contra/tendis
3393 3800 3503 3859 non

1884 3878 2040 3933 modo
2059 3878 2689 3950 supplicandum,verum
2728 3885 2895 3932 cauta
2925 3877 3159 3932 sollertia
3202 3876 3500 3948 invigilan-

1887 3968 2036 4023 dum.
2086 3967 2193 4022 Ubi
2234 3984 2465 4039 namque
2490 3966 2742 4022 socordiae
2790 3983 2846 4021 se
2888 3974 2959 4009 m
2990 3967 3108 4038 quis
3175 3967 3503 4038 ignaviaeque

1893 4056 2202 4125 tradiderit,
2278 4058 2631 4130 nequicquam
2683 4064 2755 4099 ⁸³³
2800 4055 2979 4111 Deum
3036 4054 3278 4127 imploret
3321 4053 3501 4127 (363).

243 4149 334 4202 55.
358 4143 654 4201 Exortacio
682 4145 858 4198 sancti
890 4142 1172 4198 sacerdotis
1216 4142 1286 4195 ad
1322 4143 1520 4212 fratres
1558 4144 1791 4200 instante
1899 4143 2164 4217 Vobisque

759 4232 850 4287 die
886 4234 1196 4287 vocationis.

251 4324 325 4379 Eo
355 4328 621 4395 tempore
655 4324 713 4376 et
736 4329 807 4363 οτο
827 4321 1028 4376 beatus
1057 4320 1358 4377 Remaclus
1389 4321 1515 4393 jam
1569 4321 1785 4392 senior,

1816 4265 1869 4323 D

2080 4234 2262 4287 Virtus
2290 4234 2363 4290 sit
2392 4236 2582 4291 vitium
2610 4234 2816 4305 fugere,
2844 4240 2892 4288 et
2919 4236 3178 4305 sapientia
3182 4234 3363 4305 prima

2067 4320 2319 4376 Stultzcia
2348 4326 2579 4379 caruisse
2607 4324 2755 4397 (364)
2784 4342 2798 4389 ;

1530 4441 1765 4497 VARUE
1818 4442 1989 4498 LECT
1994 4441 2108 4497 ΙοΝ
2116 4440 2218 4497 ES.

248 4550 318 4584 5“
348 4540 509 4613 mille
535 4539 883 4613 quingentos
910 4541 1005 4613 vit.
1027 4537 1099 4598 R.
1124 4547 1195 4613 9“
1219 4538 1352 4613 XVlI
1378 4544 1431 4597 2.
1458 4544 1512 4613 3._
1542 4556 1681 4598 corr.
1708 4540 1838 4613 XVl.
1864 4543 1917 4596 2.
1949 4538 2258 4613 duodecim
2283 4539 2480 4613 stadia
2498 4542 2594 4595 vit.
2621 4538 2695 4596 Β.
2728 4548 2800 4583 οη
2830 4541 2904 4595 ita
2932 4542 3030 4597 vit.
3055 4540 3127 4613 Β.
3153 4538 3421 4613 Tannaco
3446 4539 3496 4594 1.

179 4616 234 4668 2.
268 4615 318 4669 3.
377 4620 449 4654 ⁸⁵⁷
477 4610 792 4683 Sequuntur
820 4614 877 4665 in
912 4611 1143 4683 Notgeri
1159 4613 1271 4683 vita
1287 4610 1532 4683 Remacli
1559 4613 1678 4683 ipsa
1703 4610 2007 4683 diplomatis
2020 4610 2199 4666 verba.
2242 4618 2315 4651 οη
2340 4610 2680 4683 sustitueret
2708 4615 2756 4666 1.
2791 4617 3022 4683 2.,εονν.
3051 4611 3496 4683 substitueret_2.

181 4692 252 4725 ⁸⁸⁸
284 4679 590 4738 Chodoveo
626 4688 673 4754 1.
707 4691 797 4754 ,διο
829 4689 878 4737 2.
902 4679 1086 4753 postea
1115 4679 1241 4754 add.
1271 4685 1399 4754 post
1425 4682 1539 4754 Ylll
1564 4679 1664 4754 (et)
1695 4679 1951 4754 X‘annos
1988 4684 2174 4753 regni.
2234 4689 2303 4723 σοι
2336 4682 2615 4754 lotbarius
2646 4699 2785 4737 corr.
2821 4681 3134 4737 clotharius
3164 4687 3218 4738 2.
3296 4690 3369 4754 ἔοι
3384 4679 3493 4754 liil-

182 4754 373 4809 dricus
392 4771 535 4811 corr.
573 4751 919 4808 childericus'
935 4757 987 4808 2.
1066 4760 1136 4794 σοι
1163 4751 1561 4823 inquietudine
1575 4751 1641 4809 ‘2.
1674 4757 1727 4809 3.
1761 4756 1855 4809 vit.
1884 4752 1951 4807 Ri
2031 4751 2101 4795 σει
2156 4754 2230 4807 ita
2276 4755 2374 4807 vit.
2410 4752 2480 4808 Β.
2515 4752 2794 4809 viciorum
2830 4756 2878 4807 1.
2906 4755 2957 4808 2.
2989 4754 3042 4806 3.
3123 4760 3194 4794 θοι
3220 4751 3501 4808 lotharius

180 4842 319 4881 corr.
362 4824 680 4879 ctotharius
700 4829 756 4896 27
786 4826 879 4896 qui
891 4829 1010 4894 post
1037 4823 1160 4876 add.
1190 4823 1471 4894 Regnavit
1498 4824 1661 4878 annis
1692 4827 1959 4896 quatuor.
2016 4832 2088 4866 σω
2115 4823 2389 4896 bildricus
2439 4840 2576 4879 corr.
2636 4823 2945 4896 h‘ildeqricus
3000 4826 3056 4896 2.
3087 4832 3151 4896 et_
3160 4824 3241 4896 ita
3287 4827 3347 4896 _3.
3380 4892 3390 4896 Α
3425 4830 3497 4864 “7

182 4897 469 4967 hebruino
496 4913 635 4950 corr.
670 4894 953 4967 hebroiuo
980 4899 1013 4950 2
1032 4901 1081 4947 et
1112 4896 1188 4967 ita
1220 4899 1275 4949 3.
1332 4902 1403 4967 ⁸9⁸
1429 4899 1482 4949 2.
1514 4894 1771 4967 superscr.
1806 4895 1924 4949 filio
1947 4894 2198 4967 Ansgisi.
2276 4903 2347 4937 ⁸³9
2369 4895 2402 4949 2

2426 4903 2561 4967 post.
2605 4894 2729 4967 add.
2778 4892 3059 4967 Regnavit
3110 4892 3498 4948 Theodericus

184 4966 352 5022 annis
378 4967 534 5022 XVII.
612 4974 684 5008 ατο
703 4966 841 5021 deest
862 4970 913 5020 3.
991 4973 1059 5007 στι
1092 4965 1301 5036 reliqua
1330 4964 1539 5019 dessunt
1571 4961 1674 5021 Cit.
1751 4974 1772 5007 ³

1884 4981 1989 5019 ονν.
2031 4961 2102 5021 L-
2158 4974 2228 5008 ⁸⁷³
2244 4961 2661 5021 commentatio
2688 4970 2742 5021 2.
2772 4967 2824 5020 3.
2857 4961 2961 5019 vit.
2995 4961 3148 5017 Rem.
3180 4970 3252 5036 {7}
3336 4979 3500 5018 acce—

185 5038 323 5093 dere
360 5042 407 5093 1.
458 5046 528 5079 ϐπ
562 5038 647 5092 ita
676 5037 875 5108 vit.il‘i.
907 5053 1082 5108 quam
1118 5040 1167 5090 l.
1191 5042 1243 5092 2.
1270 5039 1341 5108 3._
1369 5044 1441 5108 αἵθ
1474 5037 1640 5091 nobis
1666 5040 1713 5090 1.

1884 5038 1950 5091 ita
1979 5039 2075 5092 vit.
2107 5036 2262 5091 Rem.
2305 5053 2479 5093 nemo

2512 5036 2609 5109 qui
2642 5040 2692 5090 1.
2728 5038 2782 5092 2.
2814 5036 2920 5109 3.“
2945 5040 3018 5075 ⁸⁷⁸
3067 5032 3410 5109 ancillarum
3445 5039 3500 5109 1.

188 5116 261 5179 {7°
290 5108 349 5163 in
382 5125 428 5163 c.
462 5109 599 5163 deest
625 5111 721 5162 vit.
757 5102 945 5163 Remf
971 5115 1043 5149 08°
1078 5108 1153 5161 ita
1176 5109 1274 5161 vit.
1294 5105 1367 5179 Β.
1402 5107 1641 5179 inquam
1693 5112 1741 5161 1.
1771 5112 1824 5162 2.
1859 5110 1912 5165 3.
1972 5116 2040 5151 σει
2068 5113 2125 5164 et
2151 5108 2384 5164 auribus
2432 5102 2626 5179 itaque
2656 5110 2712 5161 et
2742 5103 3013 5160 manibus
3034 5106 3130 5158 vit.
3167 5102 3240 5158 Β.
3311 5110 3382 5145 οη
3402 5106 3505 5161 vit.

184 5177 256 5236 Β.
287 5180 331 5234 si
362 5184 410 5235 1.
430 5183 482 5237 2.
519 5183 571 5235 3.
650 5188 721 5221 σω
743 5179 1003 5252 nelqlqm
1031 5209 1104 5221 -
1132 5177 1564 5250 ηεᾳυίίιιιδηη.
1600 5181 1652 5234 3.
1682 5193 1774 5232 net

1884 5194 2052 5250 quam
2074 5185 2125 5237 1.

1740 5274 1966 5331 ΝΟΤΔΕ.

257 5378 408 5451 (356)
446 5379 569 5451 Act.
602 5377 703 5435 ss.
733 5378 773 5433 1.
806 5378 848 5434 ι.

255 5444 591 5533 (357)“Loca
614 5450 1134 5533 quogum‘noinina
1158 5452 1492 5533 se’quuntur,
1531 5446 1594 5531 in
1620 5444 1802 5519 Aqui-

191 5521 345 5577 tania
366 5519 476 5577 sita
501 5519 705 5594 essein
736 5519 1258 5594 Sigebcrti'litteris
1278 5537 1417 5594 no_n_
1431 5520 1697 5594 legimus.

258 5594 399 5666 (358)
437 5594 579 5666 Vide
608 5591 1089 5666 ipsumldiploma
1110 5593 1171 5649 in
1192 5595 1316 5650 Act.
1345 5591 1444 5650 SS.
1476 5591 1519 5649 ll
1538 5593 1582 5649 Ι.

278 5667 398 5743 359)
437 5662 649 5743 aerati
671 5662 854 5743 9a.}.
881 5662 938 5743 ξαν
972 5668 1027 5722 8-

278 5668 379 5721 359
437 5668 641 5721 Horat.
671 5668 776 5718 Od.
810 5668 854 5732 Ι,
883 5668 934 5734 3,

257 5668 403 5815 (360)
440 5735 564 5799 Cic.
593 5738 651 5795 4.
679 5732 844 5794 Catil.
878 5738 934 5794 2.

1974 5374 2120 5446 (361)
2159 5372 2354 5446 Cicero
2374 5371 2541 5446 Iusc.
2563 5372 2637 5446 _l_l,
2666 5374 2719 5446 5.

1971 5442 2116 5511 (362)
2157 5444 2352 5499 Cicero
2371 5444 2534 5498 Tusc.
2563 5442 2629 5509 V,
2662 5444 2753 5497 38.

1973 5506 2114 5589 (363)
2156 5513 2303 5571 Sunt
2329 5514 2504 5571 verba
2563 5506 2796 5570 catonis
2852 5510 3007 5586 apud
3061 5506 3395 5570 Sallustium
3439 5507 3502 5570 in

1902 5588 2148 5647 Catilina
2171 5603 2222 5642 c.
2255 5590 2345 5643 52.

1972 5659 2117 5738 (364)
2157 5659 2352 5718 Horat.
2379 5657 2526 5732 Epp.
2555 5658 2599 5729 Ι,
2626 5660 2678 5729 1,
2704 5659 2795 5726 41,

3438 5810 3455 5839 1
