3902 6210
440 406 574 466 1W3

615 523 806 581 Pudor
822 524 1160 596 justiciseque
1194 538 1342 578 soror

544 622 550 631 '
617 613 938 686 Ineorrupta
955 613 1083 683 ﬁdes
1104 611 1350 683 nudaque
1370 610 1564 664 veritas
1592 606 1738 679 (365)

438 707 498 760 in
554 705 740 758 vestris
796 701 1038 757 cordibus
1070 708 1140 743 ιιι
1206 699 1477 753 obtmeant
1514 696 1705 761 locum,
1752 702 1817 749 ut
1868 700 2048 750 vestra

436 809 593 863 opera
620 797 928 863 spectantes,
964 794 1331 861 provocentur
1360 785 1431 840 ad
1460 784 1777 856 eremplum.
1818 781 2044 851 Confes-

436 883 634 936 sionem
678 896 857 934 veram
910 877 1225 934 delictorum
1282 874 1394 929 Deo
1442 880 1491 929 et
1536 871 1783 944 praelatis
1839 872 2044 942 offerte,

437 971 843 1041 temptationum
881 976 952 1011 σοι
996 965 1323 1038 pulsationes
1350 965 1413 1017 in
1443 964 1552 1033 ipso
1600 960 1752 1015 aditu
1799 959 2042 1031 detegite,

527 1076 561 1113 bl

435 1075 844 1203 9ωὕὲιτιιιονιιηί
880 1147 1126 1200 incurata
1146 1141 1326 1214 pudor
1349 1138 1521 1194 malus
1556 1138 1732 1194 ulcera
1789 1147 1860 1181 σοι
1905 1137 2045 1191 velat

1790 1226 1970 1298 (366),

429 1351 483 1400 et
508 1342 722 1415 tegendo
750 1349 821 1386 6⁸⁷
843 1343 980 1396 vires
1004 1340 1282 1395 ministrat
1313 1338 1474 1409 (367).
1509 1334 1828 1391 Obedientia
1851 1332 2041 1387 bonum

431 1432 737 1504 majoribus
765 1429 1214 1499 exhibete,eorum
1242 1426 1571 1483 documentis
1600 1425 1805 1478 animos
1816 1423 1871 1475 in
1882 1420 2040 1486 buite,

432 1520 562 1591 quia
590 1520 811 1591 quisque
896 1585 904 1594 ,

542 1605 685 1661 Tum
719 1610 856 1662 recte
896 1606 1049 1672 vivit,
1077 1605 1129 1661 si
1155 1609 1313 1660 curat
1342 1602 1398 1657 id
1429 1610 1500 1645 68⁸
1548 1618 1652 1655 esse
1703 1598 1843 1671 quod
1894 1596 2047 1651 audit

1751 1684 1925 1759 (368).

432 1802 525 1859 Ab
553 1803 797 1859 omnibus
823 1820 943 1876 quae
970 1804 1049 1857 ira
1079 1800 1201 1871 ﬁeri
1222 1805 1370 1854 amat
1396 1803 1699 1869 temperate,
1719 1795 1844 1866 quia
1865 1808 2049 1849 verum

432 1898 510 1945 est
550 1890 718 1947 solum
747 1908 851 1946 esse
892 1890 1221 1961 triumphum
1273 1888 1604 1954 innocentia,
1661 1902 1767 1939 non
1808 1897 2049 1955 peccare,

430 1978 528 2034 ubi
546 1978 698 2035 liceat
738 1996 914 2051 posse.
971 1977 1039 2032 In
1072 1977 1283 2049 Optimis
1337 1992 1543 2049 quoque
1577 1981 1625 2030 et
1685 1972 2046 2057 adjudicantes

2156 1972 2280 1985 μ..-
2314 1972 2465 2000 .,,...,.
2504 1972 2626 1985 ...νυν
2652 1972 2777 1986 η...
2805 1972 3197 1985 "nmmum-.-
3220 1972 3442 1997 ...ν......,
3474 1972 3732 2001 νων...

2156 2020 2360 2091 iamque
2404 2035 2727 2073 recessurum
2772 2024 2821 2073 et
2850 2017 3103 2073 ultimum
3131 2017 3531 2088 valefacturum
3568 2027 3663 2085 θοι,
3688 2035 3763 2075 me

430 2072 503 2111 σεο
531 2074 875 2139 temperantes
903 2073 1083 2134 estote,
1119 2067 1249 2138 quia

535 2153 637 2209 Est
667 2155 853 2210 modus
888 2173 945 2211 in
974 2155 1161 2221 rebus;
1187 2160 1314 2209 sunt
1335 2154 1470 2210 certi
1492 2151 1714 2223 denique
1741 2150 1871 2219 ﬁnes

538 2242 683 2310 Quos
712 2244 857 2299 ultra
880 2246 1118 2317 citraque
1145 2244 1329 2315 nequit
1359 2242 1632 2297 consistere
1648 2247 1720 2281 σου
1749 2254 1933 2291 verum
1978 2239 2047 2277 θοι

1746 2327 1902 2396 (369)

536 2527 730 2584 Metiri
758 2536 829 2571 σοί
853 2544 906 2583 se
952 2535 1023 2569 ωδ
1051 2538 1312 2597 quemque
1339 2538 1436 2577 suo
1464 2520 1681 2577 modulo
1711 2537 1772 2575 ac
1796 2519 1927 2590 pede
1978 2527 2048 2563 θοι

1487 2625 1675 2665 verum
1701 2615 1775 2664 est
1798 2608 1972 2681 (370).

429 2716 606 2777 Nemo
630 2719 923 2790 iniuriosus
944 2716 1199 2782 sitalteri,
1227 2716 1353 2787 quia
1402 2715 1634 2784 accipere
1659 2728 1823 2785 quam
1874 2713 2052 2782 facere

423 2814 650 2882 prcsta‘t
678 2809 944 2879 injuriam
978 2810 1150 2873 (371).
1172 2804 1536 2871 Pacientiam,
1556 2818 1681 2875 qua
1708 2804 2049 2859 miserarium

421 2904 615 2972 portus
643 2903 736 2965 est,
771 2894 1157 2967 amplectunini
1173 2910 1191 2960 ;
1211 2895 1466 2966 quoniam

536 2984 712 3041 Nemo
738 2984 871 3039 adeo
886 2983 1037 3054 ferus
1060 2989 1154 3049 est,
1174 2989 1237 3037 ut
1260 2998 1366 3036 non
1388 2984 1654 3037 mitescere
1673 2982 1865 3052 possit,

540 3073 609 3130 Si
636 3073 790 3128 modo
801 3071 1028 3128 culture
1043 3072 1345 3142 pacientem
1356 3068 1649 3126 commodet
1665 3085 1847 3124 aurem
1871 3068 2044 3140 (372).

432 3161 487 3219 Δ
520 3161 670 3217 nullo
688 3161 867 3216 labore
894 3179 927 3216 a
950 3160 1197 3231 praelatis
1208 3161 1482 3231 proposito
1506 3158 1899 3225 deterreamini,
1919 3159 2046 3229 quia
2069 3174 2116 3236 α

434 3265 613 3307 omnes
642 3249 783 3307 clari
820 3254 873 3306 et
922 3249 1196 3305 nobilitati
1222 3248 1444 3316 labores,
1476 3254 1723 3303 contentu
1766 3254 1838 3290 σοι
1882 3248 2047 3301 etiam

433 3338 579 3414 ﬁunt
605 3339 918 3396 tollerabiles
942 3337 1116 3412 (373),
1153 3343 1203 3395 et
1231 3336 1548 3393 consuetudo
1579 3335 1822 3392 laborum
1832 3352 2046 3407 perpes-

432 3431 634 3485 sionem
680 3428 818 3499 facit
869 3427 1166 3500 faciliorem
1239 3426 1481 3482 dolorum
1555 3424 1715 3495 (374).
1754 3423 2048 3495 Segnitiem

432 3516 684 3586 (levitate,
735 3517 862 3590 quia
891 3515 1061 3572 tardis
1095 3515 1359 3571 mentibus
1393 3530 1504 3570 non
1549 3513 1717 3585 facile
1757 3516 2048 3569 comitatur

431 3608 622 3663 virtus.
646 3605 969 3678 Superbiam
992 3621 1155 3677 supra
1182 3607 1364 3659 omnia
1389 3602 1608 3670 calcate,
1649 3607 1710 3655 ut
1732 3618 1856 3657 vera
1885 3600 2050 3655 done-
2110 3664 2116 3672 _

431 3697 572 3752 mini
624 3695 888 3764 libertate,
929 3693 1067 3750 liber
1101 3695 1243 3748 enim
1280 3709 1387 3747 non
1442 3699 1535 3757 est,
1589 3706 1744 3762 quem
1797 3689 2050 3760 superbus

433 3785 740 3854 inﬂammat
786 3786 1023 3842 animm.
1064 3779 1379 3838 Castitatem
1422 3778 1652 3851 diligite,
1709 3779 1840 3851 quia
1879 3781 2048 3834 omnis

431 3889 587 3930 sacra
622 3874 911 3945 scriptura.

504 3978 611 4038 Nil
625 3982 705 4037 ait
731 3996 837 4034 esse
854 3978 1029 4050 prius,
1060 3976 1248 4029 melius
1264 3972 1348 4028 nil
1364 3972 1523 4029 celibe
1542 3980 1614 4016 ⁸⁸⁸
1634 3973 1747 4029 vita
1767 3980 1783 4038 ί
1790 3973 1937 4046 375).

433 4067 723 4139 Prospera,
745 4064 1203 4138 quiesapientium
1225 4062 1436 4118 animos
1462 4062 1704 4134 fatigant
1733 4066 1908 4136 (376),
1937 4077 2047 4120 non

430 4172 523 4213 vos
550 4154 821 4222 delectent,
854 4155 983 4226 quia

1018 398 1343 458 HERIGERI
1369 392 1453 455 ET
1478 394 1777 454 ANSI'LMI
1808 384 2037 453 GBSTA
2072 386 2289 453 EPISC.
2324 390 2576 452 TUNGR.
2598 390 2795 452 TBAJ.
2824 391 2907 450 ET
2938 392 3145 451 LEOD.

3627 392 3764 452 1W

2064 520 2121 579 Α
2220 515 2389 581 Quem
2413 533 2492 571 res
2511 515 2636 587 plus
2662 517 2828 570 nimio
2857 515 3175 571 delectavere
3201 514 3468 583 secunda,

2216 604 2448 659 Mutata?
2462 606 2709 676 quacient
2724 603 2902 675 (377).

2142 690 2345 747 Pacem
2379 710 2497 764 prae
2555 692 2800 747 omnibus
2846 700 2899 747 et
2960 693 3334 747 unanimitatis
3416 692 3761 747 concordiam

2142 796 2326 835 moneo
2351 781 2650 850 tenendam,
2685 788 2766 849 ut,
2796 783 2932 835 sicut
2951 785 3008 835 in
3041 776 3245 835 duobus
3636 783 3759 837 estis

2145 871 2439 939 aggregati,
2472 871 2545 923 ita
2569 870 2782 939 gemina
2818 868 3069 938 ferventis
3104 868 3382 925 dilectione
3424 867 3539 924 Dei
3557 877 3610 923 et
3631 886 3754 940 pro-

2142 958 2295 1024 ximi,
2326 964 2375 1011 et
2392 959 2519 1028 quia
2537 956 2606 1010 ab
2636 973 2740 1010 uno
2755 963 2968 1027 pastore
2993 958 3266 1027 regimini,
3309 972 3613 1029 numquam
3658 958 3757 1012 ali-

2144 1062 2247 1117 quo
2260 1045 2514 1101 scandala
2540 1045 2625 1100 vel
2655 1047 2898 1101 scismate
2934 1047 3148 1116 possitis
3182 1046 3442 1118 disjungi.
3489 1044 3626 1102 Non
3672 1065 3754 1101 vos

2145 1151 2264 1206 quae
2285 1151 2399 1189 ossa
2416 1136 2677 1189 consumit
2693 1142 2917 1206 rumpat
2946 1134 3174 1202 invidia,
3197 1137 3327 1207 quia

2216 1222 2434 1277 Invidus
2463 1222 2678 1278 alterius
2699 1224 2999 1277 maccrescit
3019 1223 3173 1277 rebus
3193 1224 3410 1293 Opimis,

2218 1310 2426 1366 Invidia
2452 1310 2628 1366 Siculi
2645 1319 2715 1353 σιτ
2745 1328 2851 1365 non
2870 1312 3113 1365 invenere
3140 1312 3370 1380 tyranni

2213 1399 2402 1471 Majas
2440 1405 2761 1455 tormentum
2789 1398 2960 1471 (378).

2143 1488 2218 1543 Et
2246 1488 2310 1542 de
2332 1490 2531 1542 minori
2548 1489 2688 1559 forte
2716 1488 3011 1543 substantia
3030 1504 3138 1542 non
3158 1490 3486 1560 queramini,

2214 1577 2437 1649 Pauper
2463 1579 2604 1632 enim
2632 1595 2740 1632 non
2758 1584 2854 1640 est,
2871 1578 2961 1632 cui
2990 1594 3172 1632 rerum
3193 1580 3422 1649 suppetit
3442 1593 3573 1632 usus
3592 1577 3756 1650 (379),

2146 1668 2363 1738 ipsaque
2384 1681 2474 1720 vos
2520 1665 2733 1720 cottidie
2792 1671 2996 1720 natura
3028 1672 3318 1733 ammonet,
3350 1681 3518 1736 quam
3556 1669 3757 1737 paucis,

2147 1771 2305 1826 quam
2326 1752 2540 1819 vilibus,
2567 1770 2728 1825 quam
2744 1754 2932 1823 pravis
2956 1758 3108 1823 egeat
3131 1752 3287 1809 rebus
3336 1752 3514 1824 (380).
3538 1752 3693 1821 Esto,

2071 1842 2123 1901 B
2217 1842 2343 1897 Non
2373 1841 2557 1912 opibus
2571 1847 2767 1895 mentes
2796 1841 3071 1896 hominum
3090 1857 3335 1912 curaeque
3350 1841 3604 1896 levantur
3623 1842 3759 1915 (381)

2147 1929 2284 1985 Haec
2313 1932 2481 2000 igitur
2502 1946 2631 1985 mete
2652 1935 2778 1986 sunt
2805 1929 3200 1985 eahortationis
3218 1931 3442 1997 monita,
3474 1946 3602 2001 que
3614 1931 3758 2001 jam-

2150 2108 2294 2162 vobis
2322 2107 2774 2164 communicatum
2819 2108 3072 2179 oportuit,
3106 2113 3166 2160 ut
3193 2109 3377 2162 vestris
3417 2113 3571 2165 tanta
3595 2111 3761 2162 areius

2151 2197 2536 2267 imprimuntur
2562 2195 2825 2263 cordibus,
2853 2201 3057 2267 quanto
3083 2196 3376 2249 constiterit
3404 2211 3522 2250 meo
3552 2212 3643 2250 vos
3661 2195 3757 2249 dis-

2152 2301 2295 2339 cessu
2317 2287 2540 2354 gravari
2604 2283 2889 2339 molestius.
2914 2282 3053 2349 Quae
3099 2286 3149 2339 si
3190 2284 3424 2356 aliquem
3482 2283 3764 2338 attulerint

2148 2374 2414 2443 fructum,
2439 2372 2493 2426 id
2513 2373 2644 2427 mihi
2688 2374 2788 2428 erit
2825 2372 3161 2443 palmarium
3196 2370 3367 2445 (382),
3425 2372 3484 2425 id
3523 2373 3650 2442 ﬁeri
3698 2381 3762 2414 σοο

2152 2461 2509 2532 triumphabo,
2573 2460 2692 2515 inde
2756 2462 2971 2514 animus
3022 2460 3278 2529 gaudebit
3341 2459 3618 2530 inpendio.
3665 2460 3761 2515 Vos

2148 2566 2375 2623 quoque,
2427 2550 2717 2615 karissimi,
2746 2550 3034 2603 morituros
3061 2551 3265 2612 scitote,
3301 2548 3417 2603 ideo
3437 2551 3758 2619 penitentia-

2149 2646 2351 2709 tempus
2382 2636 2651 2692 indultum
2677 2652 2783 2691 non
2796 2638 3117 2709 paciamini,
3140 2654 3317 2709 queso,
3352 2638 3588 2691 transire
3599 2639 3760 2690 incas-

2146 2742 2285 2780 sum.
2316 2726 2532 2792 Veniet,
2563 2727 2735 2779 veniet
2752 2724 2862 2778 dies
2901 2727 3207 2793 certissime,
3240 2742 3362 2779 cum
3386 2725 3603 2795 frustra
3630 2723 3760 2778 desi-

2149 2814 2340 2868 deretis
2359 2816 2519 2868 unius
2546 2828 2768 2870 usuram
2822 2813 2967 2869 horae
2998 2812 3174 2885 (383).
3232 2813 3382 2867 Dum
3434 2820 3643 2884 tempus
3691 2816 3757 2865 est

2148 2904 2446 2974 operamini
2474 2902 2670 2957 bonum
2688 2901 2761 2955 ad
2774 2919 2973 2971 omnes,
2998 2904 3127 2974 quia
3166 2901 3421 2957 labuntur
3444 2904 3585 2956 anni
3599 2902 3757 2972 fuga-

2148 3009 2229 3049 ces
2257 2991 2441 3064 dieque
2466 2992 2703 3046 truditur
2719 2990 2829 3047 dies
2859 2992 3025 3059 (384).

2217 3079 2559 3135 Immortalia
2574 3088 2647 3123 τοο
2671 3096 2779 3136 non
2806 3081 3067 3151 speranda
3090 3088 3267 3137 monet
3286 3097 3463 3135 annus
3490 3088 3543 3135 et
3582 3079 3756 3135 album

3541 3171 3630 3232 βω

2361 3258 2493 3326 Quae
2513 3260 2655 3330 rapit
2685 3259 2817 3313 hora
2837 3258 2976 3313 diem
2997 3258 3161 3325 (385).

2216 3346 2369 3402 Mors
2389 3347 2578 3402 ultima
2593 3348 2733 3403 linea
2770 3353 2846 3401 est
2860 3347 3031 3417 (386).

2215 3437 2513 3508 Perpetuus
2539 3436 2678 3491 nulli
2695 3436 2852 3490 datus
2874 3452 3022 3505 usus,
3041 3443 3091 3490 et
3114 3436 3262 3489 heres

2217 3526 2482 3583 Heredem
2533 3526 2753 3582 alterius
2806 3527 2950 3582 velut
3019 3525 3163 3580 unda
3211 3527 3519 3596 supervenit
3562 3524 3753 3581 undam

3396 3614 3418 3675 [
3453 3616 3620 3688 (387).

2218 3705 2407 3760 Pulvis
2429 3712 2480 3761 et
2507 3705 2697 3762 umbra
2716 3722 2898 3759 sumus
2925 3707 3092 3776 (388).

2223 3794 2417 3849 Omnes
2437 3812 2547 3849 una
2577 3801 2757 3848 manet
2784 3809 2927 3848 mors

2222 3882 2298 3937 Et
2315 3882 2567 3938 calcanda
2589 3881 2752 3938 semel
2772 3883 2858 3936 via
2890 3880 3004 3937 Laeti
3030 3879 3202 3953 (389).

2146 3971 2219 4029 1n
2251 3972 2382 4028 bono
2400 3978 2581 4028 autem
2627 3988 2777 4043 opere
2820 3970 3079 4041 ﬁnientes,
3114 3969 3256 4024 beati
3284 3970 3506 4039 erimus,
3537 3987 3657 4025 eum
3678 3986 3748 4022 re-

2147 4063 2285 4117 lictis
2311 4061 2621 4134 corporibus
2643 4058 2993 4133 cupiditatem
3038 4060 3276 4118 mnnium
3302 4064 3353 4113 et
3377 4058 3749 4114 emulationum

2146 4157 2377 4223 expertes
2418 4150 2681 4222 fuerimus
2712 4152 2879 4223 (390).

1746 4275 1983 4333 VARle
2032 4273 2432 4332 LECTIONES.

505 4408 577 4445 ωδ
606 4398 777 4472 vestri
797 4398 1063 4455 cordibus
1081 4399 1279 4472 vestris
1300 4403 1353 4459 2.
1380 4399 1581 4455 vestris
1599 4416 1648 4455 c.
1667 4400 1883 4472 vestris,
1907 4403 1959 4457 3.
2019 4399 2507 4472 mrtemptotioui.
2544 4399 2746 4472 σεξ-1118.
2776 4398 2890 4472 inc.
2918 4413 2977 4472 p_.
3006 4413 3087 4472 m.
3116 4400 3171 4453 2.
3193 4396 3257 4472 _3.
3288 4403 3375 4472 ξιτ
3399 4393 3738 4472 celebrando

432 4476 487 4531 3.
547 4471 771 4553 “fdth
792 4474 845 4528 3.
896 4478 967 4553 σεξ
996 4473 1071 4525 ita
1102 4471 1312 4553 videtur
1341 4472 1618 4553 legendum
1646 4489 1659 4526 :
1693 4471 2077 4553 adjudicsptis
2111 4475 2160 4527 1.
2192 4466 2674 4553 adjudieandis
2700 4466 3127 4553 3:_adjuiiic§tis
3146 4468 3245 4522 vit.
3407 4475 3483 4553 0:0
3511 4484 3651 4553 cqrr.
3678 4469 3736 4553 '1’.

431 4553 503 4589 θοι
541 4541 658 4600 edd.
681 4542 824 4598 Hor.
852 4546 1100 4598 rectum.
1173 4551 1244 4585 σθ’
1270 4559 1301 4596 e
1329 4535 1467 4600 corr.
1496 4548 1551 4601 2.
1592 4535 1786 4598 meriti
1812 4547 1861 4597 1.
1929 4550 2001 4585 m
2027 4557 2152 4598 sese
2188 4546 2236 4597 1.
2324 4535 2394 4584 οῖι
2419 4543 2551 4613 pete
2587 4546 2637 4596 1.
2709 4548 2782 4613 ⁸οξ
2814 4535 2890 4595 ita
2933 4544 2953 4594 1
2994 4542 3071 4613 _2.
3099 4542 3150 4595 3.
3183 4537 3603 4613 contepdendo
3633 4535 3738 4613 edd.

431 4615 604 4672 Cicer.

430 4694 501 4733 ’τοι
532 4687 757 4743 almum
795 4684 913 4743 edd.
942 4684 1089 4741 Hor.

682 4622 756 4657 m
782 4613 989 4669 celibet
1012 4618 1063 4670 1.
1138 4622 1212 4657 "7
1242 4631 1269 4667 e
1288 4629 1432 4674 corr.
1463 4618 1519 4672 2.
1595 4622 1667 4657 σου
1698 4613 2144 4670 malefacturum
2168 4617 2218 4669 1.
2297 4619 2369 4656 σου
2420 4611 2571 4669 {serio
2602 4613 2696 4667 vit.
2740 4611 2813 4667 R.

2887 4619 2961 4654 τοο
2983 4611 3113 4666 Jam
3142 4607 3421 4665 mortalia
3482 4614 3535 4666 1.
3594 4613 3643 4665 2.
3696 4612 3739 4662 3.

1945 4802 2171 4865 ΝΟΤιΕ.

525 4906 649 4969 365)
689 4902 884 4959 Horat.
921 4901 1026 4957 Od.
1060 4902 1106 4965 Ι,
1132 4904 1224 4967 24,
1252 4906 1305 4958 6.
1346 4908 1401 4957 7.

523 4976 644 5043 366)
685 4974 1126 5046 Horat.§pp,_1,
1160 4978 1246 5041 16,
1275 4976 1366 5030 24.

522 5050 651 5116 337)
685 5044 824 5117 Virg
872 5042 1119 5117 18mm,
1143 5049 1237 5100 71.

523 5115 646 5182 368)
685 5115 881 5188 Horat.
911 5115 1126 5188 Epp-1,
1159 5118 1362 5181 16,17.

524 5191 653 5259 369)
691 5187 885 5243 Horat.
917 5186 1109 5242 sei‘m.
1142 5188 1184 5253 1,
1221 5190 1271 5249 1,
1303 5189 1422 5243 105.
1461 5186 1583 5242 106.

492 5259 646 5331 (370)
682 5259 879 5331 Horat.
912 5259 1057 5331 Epp.
1086 5259 1132 5327 1,
1165 5263 1216 5331 7,
1247 5260 1337 5313 98.

498 5328 651 5406 (371)
683 5328 1145 5406 ρίοθιξθῐέτιιερ.
1171 5328 1358 5406 Y,_19.

517 5400 642 5469 372)
683 5402 880 5474 Horat.
911 5401 1057 5474 Epp.
1082 5402 1125 5468 Ι,
1159 5400 1440 5474 1,39.40.

520 5476 640 5540 373)
660 5508 663 5511 -
682 5472 942 5528 Cieeron.
956 5471 1198 5528 'Tuscul.
1230 5471 1300 5540 II,
1340 5474 1432 5528 25.

519 5542 644 5605 374)
683 5542 828 5598 Ibid.
860 5544 929 5605 Il,
964 5546 1051 5597 15.

518 5612 643 5686 375)
681 5613 878 5686 ﬂerat.
905 5612 1128 5686 Epp.__l,
1151 5615 1203 5680 1,
1233 5615 1324 5669 88.

510 5629 643 5686 375)
681 5629 878 5669 uorat.
905 5629 1049 5739 κερ.
1081 5629 1128 5682 ι,
1151 5629 1203 5680 1,

510 5689 639 5753 376)
678 5683 910 5739 Sallust.
987 5682 1108 5739 atii.
1144 5686 1231 5739 11.

511 5758 634 5828 377)
665 5753 847 5810 Horat
867 5753 1014 5825 Epp.
1044 5754 1089 5822 Ι,
1123 5755 1213 5824 10,
1242 5755 1333 5810 30.

2061 4905 2115 4965 D

2235 4903 2336 4958 378
2394 4903 2530 4958 Hor.
2565 4903 2733 4975 Epp.,
2759 4903 2803 4958 Ι.
2840 4907 2895 4969 2,
2928 4904 3099 4959 58-60

2235 4903 2362 5054 329i
2400 4973 2539 5054 ator-
2572 4974 2714 5054 EPB-
2748 4974 3046 5054 1.12.3---

2236 5043 2360 5111 380)
2400 5043 2631 5102 Cicero;
2646 5043 2871 5099 Tuscul.
2892 5044 2958 5111 V,
2982 5048 3071 5100 35.

2389 5115 2598 5187 Tibull.
2624 5116 2766 5187 Eleg
2818 5116 2910 5187 111,
2942 5119 2997 5187 3,
3028 5119 3117 5170 21.

2235 5187 2361 5255 382)
2395 5185 2625 5244 Terent.
2656 5185 2911 5241 Eubuch.
2945 5185 3010 5251 V,
3040 5190 3096 5255 4,
3124 5190 3177 5243 8.

2235 5256 2361 5324 383)
2401 5256 2659 5313 Ciceron.
2688 5256 2852 5312 Catil.
2884 5258 2926 5324 1,
2958 5261 3046 5315 12.

2208 5327 2354 5397 (384)
2394 5329 2589 5384 Horat.
2620 5327 2725 5384 Od.
2760 5329 2827 5394 Il,
2870 5331 2956 5395 14,
2987 5328 3135 5397 2.11,
3163 5330 3373 5393 18,

2180 5398 2364 5466 (385')
2396 5398 2602 5455 Horat.
2638 5398 2744 5457 Od.
2775 5398 2866 5467 1v,
2898 5404 2953 5469 7,
2986 5406 3040 5469 7,
3078 5402 3109 5454 8

2232 5473 2352 5543 386)
2390 5470 2531 5543 Epp.
2563 5471 2724 5543 1,16,
2757 5473 2847 5525 79.

2233 5540 2359 5612 387)
2396 5540 2639 5613 epjp._1_1,
2672 5544 2728 5608 2,
2770 5544 2891 5596 175.

2233 5610 2362 5676 388)
2403 5610 2509 5665 021'.
2541 5611 2629 5679 ιν,
2661 5616 2715 5678 7,
2748 5614 2833 5667 16.

2231 5682 2359 5751 389)
2397 5681 2502 5739 Od.
2535 5683 2581 5750 ι,
2602 5685 2694 5751 28,
2729 5681 2930 5751 15,16.

2234 5752 2364 5827 300)
2399 5752 2662 5811 Ciceron.
2686 5752 2911 5813 Tuscul.
2940 5755 2987 5827 Ι,
3014 5757 3103 5815 19.

2210 4903 2336 4967 (378
2394 4901 2530 4958 Hor.
2565 4901 2687 4975 Epp

2211 4974 2337 5116 (379
2400 4973 2539 5032 Hor.
2572 4974 2687 5099 Epp

2236 5046 2340 5100 380
2400 5043 2621 5102 Cicero.

2210 5117 2330 5182 (381
2389 5115 2687 5171 Tibull.El

2236 5119 2330 5171 381

2205 5470 2233 5829 ξ
