3902 6210
167 466 308 533 1065

677 601 765 666 56,
805 605 877 641 ’τοι
918 597 1108 653 Obitus
1147 600 1327 670 iusius.

1047 471 1373 533 HER'IGERI
1395 476 1613 534 GESTA
1639 475 2128 534 EPISCOPORUM
2163 476 2650 541 LEODIE’NSIUM.

3363 489 3500 551 1066

1813 604 1868 662 Α
1894 599 2049 670 quod
2063 599 2182 671 ipse
2198 599 2649 667 condiderat,est
2663 598 3084 671 sepultumllbi
3097 603 3155 660 et
3166 601 3500 675 aliquandiu

236 689 371 742 Post
387 688 492 742 has
513 688 707 743 dulces
733 690 990 759 pateram
1019 687 1249 757 pietatis
1261 687 1724 743 ammonitiones
1738 689 1797 742 et
1888 685 2091 755 jacuit,
2124 691 2185 741 et
2205 704 2263 741 se
2291 703 2423 741 cum
2448 687 2695 742 Domino
2711 687 2898 742 vivere
2914 687 3204 745 miraculis
3229 693 3503 765 attestan-

159 779 423 830 extrema
443 776 697 830 caritatis
707 777 878 830 verba
893 792 1096 830 eorum
1115 792 1287 847 super
1304 784 1374 818 ⁷0³
1395 793 1496 830 suo
1538 775 1746 831 discess
1760 793 1793 830 u

169 879 468 918 mererem
501 863 738 931 sedavit,
771 867 875 919 eta
899 863 1294 919 contionando
1320 863 1551 934 quievit.
1572 863 1792 919 Deinde

168 952 403 1006 modica
430 953 592 1007 febre
644 955 919 1023 pulsatus,
960 957 1018 1006 et
1047 951 1395 1008 sacrosancti
1435 951 1692 1021 corporis
1735 953 1794 1005 et

168 1039 473 1111 sanguinis
497 1041 702 1096 viatico
733 1040 1130 1107 confirmatus,
1162 1040 1316 1094 inter
1343 1039 1790 1095 karissimorum

172 1127 430 1182 filiorum
450 1145 656 1184 manus
675 1131 828 1184 unde
851 1129 1107 1184 animam
1124 1145 1226 1184 suo
1255 1128 1508 1183 reddidit
1527 1136 1597 1170 ’τοι
1630 1143 1792 1183 crea-

173 1216 292 1271 tori
321 1217 489 1287 (circa
510 1235 599 1272 an.
627 1220 782 1288 667),
819 1218 912 1272 ubi
947 1217 1047 1272 Dei
1078 1217 1392 1288 plurimum
1420 1217 1793 1272 insudaverat

170 1304 433 1359 servituti
457 1323 472 1371 ;
505 1321 667 1359 verus
691 1305 986 1359 lsrahelita
1001 1321 1262 1376 egressus
1282 1305 1352 1358 de
1380 1304 1628 1375 Egypto
1655 1319 1791 1374 spo-

166 1392 333 1447 liavit
347 1391 545 1464 (Exod.
586 1411 665 1459 ιιι,
694 1392 781 1462 22)
813 1393 1064 1447 vicinum
1096 1393 1382 1448 conditori
1409 1410 1511 1447 suo
1542 1392 1791 1448 fcenera-

1893 773 2045 828 tibus
2059 774 2352 828 indicavit.
2380 773 2658 830 Successit
2675 774 2756 828 illi
2781 774 3028 830 domnus
3057 777 3400 849 apostolicus
3417 779 3504 832 vir

1895 861 2240 931 Papelonus,
2273 863 2432 932 cujus
2451 869 2522 904 τοι
2550 862 2810 932 superius
2849 864 3212 920 mentionem
3236 866 3499 926 fecimus.

1891 948 2109 1006 Deinde
2127 949 2482 1020 Sigilinus'm
2496 949 2650 1006 beati
2662 950 2842 1022 patris
2869 953 3060 1024 mquej
3071 953 3258 1010 udicio
3289 971 3499 1028 appro-

1890 1037 2082 1094 batur.
2098 1037 2132 1092 S
2143 1038 2353 1094 ubinde
2371 1037 2662 1096 Goduinus
2675 1039 2843 1094 annis
2857 1043 2914 1096 et
2925 1057 3156 1097 morum
3166 1044 3500 1103 maturitate

1889 1126 2213 1196 grandevus
2229 1127 2404 1198 (391),
2423 1128 2521 1198 qui
2535 1127 2712 1182 etiam
2729 1128 3026 1187 sanctiviri
3039 1147 3243 1203 corpus
3255 1135 3504 1190 transtu-

1888 1213 1976 1280 lit,
2005 1213 2151 1268 etin
2187 1215 2444 1270 (ecclesia
2467 1215 2621 1270 beati
2654 1215 2808 1272 Petri
2851 1217 3079 1285 locavit,
3102 1219 3312 1275 lectum
3354 1220 3502 1275 illius

1890 1316 2032 1356 auro
2065 1305 2428 1374 argentoque
2467 1303 2779 1358 decoravit.
2830 1304 2934 1359 Ubi
2969 1322 3072 1377 per
3122 1308 3244 1379 ejus
3290 1308 3502 1366 merita

1890 1390 2074 1444 multa
2101 1391 2384 1448 Dominus
2412 1407 2590 1463 usque
2607 1391 2666 1446 in
2688 1409 2940 1464 praesens
2954 1398 3227 1466 operatur
3252 1397 3500 1452 miracu-

167 1484 298 1535 tum
328 1484 629 1552 reportans
658 1483 963 1536 talentum.
1002 1482 1044 1552 [(
1061 1482 1181 1536 Vita
1205 1480 1268 1536 S.
1304 1480 1546 1549 Renacti,
1589 1498 1641 1536 c.
1672 1481 1786 1551 16.)
1885 1481 2075 1534 lorum
2095 1479 2402 1548 beneﬁcia,
2434 1498 2684 1553 quorum
2719 1482 2936 1538 ibidem
2983 1485 3260 1556 congesta
3305 1487 3364 1538 et
3393 1485 3496 1541 de-

162 1568 388 1641 Corpns
401 1570 451 1640 ej
461 1585 522 1623 us
533 1568 848 1625 honoriﬁce
865 1573 1291 1637 curatum,cum
1319 1571 1506 1624 multa
1529 1569 1787 1624 melodia

160 1657 530 1728 psalmorum
560 1661 617 1712 et
632 1657 1002 1728 hymnorum]
1018 1656 1076 1711 in
1090 1657 1341 1712 oratorio
1366 1658 1518 1712 beati
1532 1656 1782 1725 Martini,

1887 1568 2101 1641 scripta
2157 1573 2530 1625 conservatur
2573 1571 2738 1642 copia
2786 1571 2860 1626 ad
2898 1572 3131 1628 laudem
3163 1575 3221 1629 et
3249 1573 3500 1646 gloriam

1888 1656 2142 1712 nominis
2154 1657 2424 1730 sui,quod
2444 1659 2911 1716 estbenedictum
2925 1660 2985 1715 in
2999 1662 3473 1722 secula.Amen707
3484 1704 3496 1719 .

389 1835 723 1892 CAPITULA
752 1837 934 1893 LIBRI
960 1836 1256 1893 SECUNDI
1286 1836 1654 1892 GESTORUM
1683 1833 2099 1891 PONTIFICUM
2129 1833 2580 1899 TUNGRENSIS,
2605 1836 3104 1894 TRAJECTENSIS
3131 1838 3284 1895 SIVE

1346 1905 1747 1966 LEODIENSIS
1791 1905 2191 1964 IECCLESIzE.
2223 1914 2315 1962 703.

243 2051 295 2102 1.
337 2046 691 2102 Procemium
712 2047 965 2120 epusculi
990 2045 1308 2120 sequentis.

238 2139 295 2191 2.
327 2137 408 2190 De
434 2139 629 2191 sancto
656 2135 1018 2191 Theodardo.

236 2228 293 2279 3.
335 2225 415 2278 De
441 2228 639 2279 sancto
671 2224 1000 2280 Lamberto.

1806 2044 1858 2107 Β
1953 2045 2042 2096 25.
2077 2042 2158 2096 De
2202 2041 2429 2097 Nokero
2491 2041 2783 2116 episcopo,
2842 2047 2901 2100 et
2956 2047 3241 2118 quantum
3292 2049 3493 2108 omnia

1881 2129 2035 2201 apud
2061 2146 2165 2184 nos
2205 2131 2620 2190 melioraverit.

1949 2220 2038 2275 26.
2081 2217 2266 2281 Quam
2290 2218 2580 2290 sapienter
2603 2219 2901 2292 cujusdam
2926 2223 3182 2295 potentis
3201 2225 3462 2298 cupidita

228 2312 290 2367 4.
331 2310 497 2376 Quod
551 2312 742 2382 pulsus
804 2312 874 2367 ab
938 2311 1270 2385 episcopatu
1346 2309 1766 2367 monasterium
1879 2309 1998 2361 tem
2027 2305 2300 2364 aeluserit.

158 2398 398 2455 adierit.

228 2492 282 2544 5.
326 2487 583 2552 Qualiter
613 2489 691 2544 ibi
721 2490 998 2562 probatus
1035 2490 1238 2546 fuerit.

230 2579 284 2631 6.
328 2576 586 2642 Qualiter
611 2579 799 2634 denuo
849 2580 923 2634 ad
976 2581 1369 2653 epiSCOpatum
1397 2583 1595 2652 raptus
1615 2579 1675 2636 in
1705 2597 1772 2636 eo

159 2674 231 2708 τοῦ
259 2665 486 2734 vixerit,
515 2671 573 2721 et
591 2667 924 2722 Texandriae
950 2669 1378 2740 praedicaverit.

230 2759 287 2810 7.
323 2754 580 2818 Qualiter
608 2773 643 2808 a
670 2756 902 2825 perﬁdis
931 2756 1005 2812 sit
1034 2758 1439 2830 interemptus.

237 2845 291 2896 8.
332 2844 477 2897 Item
500 2842 611 2897 alia
637 2843 706 2898 de
738 2844 945 2899 eodem
977 2844 1196 2916 opinio.

238 2933 292 2989 9.
334 2931 500 2996 Quod
548 2933 606 2987 in
638 2933 880 2988 Bawarri
912 2936 969 2987 et
1025 2941 1096 2976 710
1127 2951 1276 3007 pago
1319 2933 1773 3007 Wirzeburgensi

168 3019 241 3074 ad
270 3020 622 3076 memoriam
663 3022 784 3091 ejus
811 3021 1146 3093 frequenter
1165 3023 1312 3076 ﬁunt
1333 3023 1631 3078 miracula.

244 3112 330 3165 10.
374 3108 522 3173 Quid
541 3110 695 3182 apud
716 3110 990 3166 Lovinion
1012 3111 1084 3166 ad
1114 3112 1460 3168 memoriam
1487 3113 1607 3184 ejus
1635 3130 1770 3169 con-

173 3197 390 3270 tigerit.

245 3289 330 3344 11.
371 3287 454 3341 De
478 3303 626 3359 equo
658 3287 716 3342 in
743 3287 965 3343 rabiem
995 3304 1156 3344 verso
1190 3290 1247 3343 et
1275 3293 1525 3344 mortuo.

247 3379 333 3431 12.
371 3376 453 3430 De
479 3377 732 3448 quodam
759 3377 858 3449 qui
885 3377 1094 3449 pedem
1119 3377 1336 3435 foribus
1363 3377 1630 3435 aecclesite
1651 3378 1774 3451 ejus

166 3461 324 3518 illisit
352 3467 411 3519 et
439 3465 823 3534 putrefactum
853 3465 1062 3523 amisit.

243 3551 326 3609 13.
369 3555 448 3608 De
475 3570 543 3608 eo
568 3553 665 3626 qui
687 3554 904 3609 vomitu
935 3555 1152 3610 furtum
1171 3556 1447 3628 prodidit.

246 3644 327 3701 14.
370 3644 449 3697 De
479 3645 773 3698 contracto
793 3643 1098 3699 manifeste
1124 3649 1339 3700 erecto.

247 3735 332 3788 15.
375 3731 570 3787 Oratio
602 3732 673 3786 ad
704 3736 964 3788 sanctum
995 3734 1386 3791 Lambertum.

244 3818 330 3875 16.
373 3822 454 3876 De
487 3823 684 3876 sancto
732 3822 1006 3880 Huberto.

247 3913 328 3965 17.
372 3910 451 3965 De
479 3914 675 3965 sancto
698 3911 1053 3968 Floreberto.

245 4002 330 4056 18.
370 4000 452 4054 De
479 3998 599 4054 aliis
629 4003 850 4072 septem
874 4000 1175 4074 episcopis.

1947 2397 2038 2450 27.
2071 2395 2150 2448 De
2183 2393 2451 2450 ecclesiis
2467 2396 2902 2455 sanctiDionisii
2933 2401 2990 2455 et
3009 2401 3193 2458 sancti
3209 2403 3490 2461 Johannis

1877 2481 2276 2553 azvangelistae.

1946 2571 2036 2628 28.
2079 2569 2304 2634 Quanta
2319 2571 2398 2626 illi
2411 2588 2548 2629 cura
2563 2591 2703 2647 erga
2723 2576 3051 2634 educandos
3065 2594 3274 2652 pueros
3290 2580 3483 2639 fuerit.

1946 2663 2040 2714 29.
2081 2658 2186 2723 Qui
2217 2662 2276 2714 et
2293 2661 2491 2732 quales
2515 2663 2620 2718 sud
2651 2680 2719 2719 eo
2753 2666 3093 2722 coaluerint.

1948 2751 2036 2804 30.
2079 2747 2243 2812 Quod
2291 2750 2448 2805 mitis
2476 2751 2812 2822 humilibus,
2857 2756 3128 2814 terribilis
3175 2758 3352 2816 fuerit
3390 2777 3478 2817 su.

1878 2837 2086 2910 perbis.

1947 2931 2034 2982 31.
2076 2928 2156 2982 De
2185 2927 2444 2984 Baldrico
2471 2945 2762 3004 episcopo.

1841 3019 1843 3021 ’
1946 3019 2032 3072 32.
2081 3017 2156 3070 De
2175 3014 2530 3073 Walbodone
2570 3019 2860 3092 episcopo.

1946 3107 2035 3160 33.
2076 3103 2331 3168 Qualiter
2353 3106 2650 3178 episcopus
2680 3108 2860 3164 factus
2883 3109 3077 3168 fuerit.

1945 3193 2035 3248 34.
2078 3192 2225 3256 Quid
2279 3195 2602 3265 placaturus
2679 3196 3097 3270 imperatorem
3171 3200 3483 3261 Henricum

1795 3306 1842 3367 α
1873 3278 2093 3335 fecerit.

1946 3373 2033 3425 35.
2076 3371 2156 3424 De
2186 3369 2485 3425 vocatione
2509 3370 2650 3441 ejus.

1946 3460 2033 3514 36.
2075 3459 2156 3513 De
2185 3458 2458 3514 Durando
2485 3459 2774 3530 episcopo.

1945 3551 2034 3606 37.
2075 3548 2154 3602 De
2187 3546 2514 3619 Reginardo
2537 3547 2830 3620 episcopo.

1947 3639 2036 3691 38.
2074 3635 2154 3690 De
2185 3634 2458 3690 Nithardo
2485 3634 2774 3708 episcopo.

1945 3727 2031 3780 39.
2073 3725 2155 3779 De
2181 3723 2399 3779 domno
2419 3724 2664 3778 Wazone
2689 3723 2981 3797 episcopo.

1943 3813 2034 3867 40.
2077 3812 2332 3878 Qualiter
2402 3812 2461 3868 in
2511 3813 2797 3869 scalarum
2861 3813 3194 3888 magisterio
3259 3837 3318 3878 se
3376 3821 3482 3879 lia-

1873 3903 2081 3960 buerit.

1943 3993 2034 4051 41.
2077 3993 2476 4050 Controversia
2517 3992 2693 4067 ipsius
2722 3993 2780 4050 in
2832 3995 3160 4056 Iohannem
3204 4002 3481 4075 praeposi-

245 4091 329 4166 19.
371 4091 453 4166 De
482 4090 776 4147 Francone
804 4091 1092 4166 episc0po,
1114 4095 1174 4147 et
1202 4090 1339 4164 quid
1356 4093 1479 4165 ejus
1508 4095 1772 4165 tempore
1873 4085 2018 4140 tum.

166 4159 461 4214 acciderit.

240 4253 330 4307 20.
372 4251 452 4306 De
482 4250 774 4324 Stephano
806 4255 864 4307 et
898 4251 1155 4308 Richario
1189 4252 1486 4325 episcopis.

1945 4173 2035 4228 42.
2079 4171 2226 4237 Quid
2246 4189 2280 4228 a
2305 4172 2530 4228 rusticis
2558 4172 2631 4228 sit
2655 4189 2984 4248 perpessus.

1943 4260 2034 4315 43.
2077 4259 2242 4324 Quod
2299 4262 2626 4334 capellanus
2672 4263 3043 4337 imperatoris
3086 4267 3378 4327 Cuonradi
3409 4271 3484 4329 sit

241 4343 328 4397 21.
362 4341 666 4412 Exemplar
695 4341 1025 4398 testamenti
1055 4341 1249 4415 inzquo
1281 4343 1525 4398 testatur
1568 4339 1776 4396 Richa—
1875 4348 2128 4405 effectus.

158 4428 285 4485 rius
313 4427 673 4502 Stephanum
702 4430 1021 4487 condidisse
1061 4431 1430 4504 responsoria
1468 4431 1539 4487 de
1573 4433 1773 4487 sancta

162 4519 447 4575 trinitate.

237 4611 329 4666 22.
371 4616 439 4651 “Hi
471 4610 613 4664 Item
646 4609 716 4665 de
746 4610 1031 4667 Richario.

237 4703 325 4757 23.
368 4702 448 4756 De
478 4701 600 4757 aliis
627 4706 874 4775 quatuor
904 4703 1202 4777 episcopis.

233 4792 321 4844 24.
363 4791 441 4844 De
497 4791 821 4848 Everhardo
878 4792 1165 4866 episcopo,
1199 4795 1255 4849 et
1287 4793 1429 4868 quid
1468 4794 1569 4851 sub
1608 4809 1675 4848 eo
1707 4791 1764 4848 in

163 4879 424 4936 Calabria
453 4881 781 4952 contigerit.

1941 4439 2034 4496 44.
2076 4437 2241 4501 Quod
2269 4438 2518 4495 Judeum
2555 4442 2844 4498 sententia
2879 4445 3088 4501 veteris
3127 4447 3481 4507 Testamenti

1872 4526 2089 4584 revicit.

1792 4630 1846 4690 D
1941 4621 2009 4672 45
2051 4615 2236 4685 Quod,
2272 4616 2560 4672 defunctis
2583 4619 2906 4692 praepositis
2933 4621 3196 4681 Iohanne
3228 4627 3479 4684 etLam-

1870 4706 2059 4774 berto,
2097 4705 2438 4776 praepositus
2463 4705 2728 4764 efﬁcitur.

1937 4795 2029 4851 46.
2070 4794 2414 4865 Praepositus
2453 4795 2637 4851 factus
2677 4799 2741 4851 ut
2793 4815 2853 4853 se
2908 4797 3199 4871 habuerit,
3231 4806 3289 4858 et
3318 4806 3476 4875 quod

1865 4883 2242 4957 praebendam
2259 4883 2506 4940 fratrum
2533 4885 2946 4948 melioraverit.

1477 5023 1704 5079 VARLE
1735 5023 2026 5079 LECTION
2033 5022 2134 5078 ES.

227 5149 293 5189 702
323 5145 460 5201 deest
488 5162 739 5200 numerus
772 5150 820 5200 1.
845 5144 901 5199 2.
977 5152 1048 5188 τοι
1077 5144 1214 5199 deest
1251 5147 1298 5198 1.

227 5149 293 5189 τοῦ
323 5145 460 5201 deest
488 5162 739 5200 numerus
772 5150 820 5200 1.
845 5144 901 5199 2.
977 5152 1048 5188 τοι
1077 5144 1214 5199 deest
1251 5147 1298 5198 1.
1409 5151 1481 5186 τοι
1506 5143 1718 5198 redidit
1744 5145 1799 5198 2.
1910 5151 1982 5186 705
2014 5143 2104 5198 cui
2138 5147 2187 5197 1.
2249 5147 2301 5198 2.
2363 5147 2416 5200 3.
2494 5151 2565 5186 τοσ
2597 5145 2654 5199 Si
2701 5146 2889 5200 olinus
2915 5146 3015 5206 vit.
3044 5145 3082 5200 1i

159 5219 208 5289 1_.
234 5219 405 5272 Addit
433 5225 484 5274 2.
517 5219 658 5272 hunc
686 5234 922 5289 versum:
950 5216 1119 5289 Libri
1141 5218 1208 5270 ﬁt
1233 5214 1567 5289 primilinis
1594 5231 1748 5269 mors
1773 5230 1935 5289 sacra
1966 5214 2238 5289 Remacli.
2269 5219 2334 5289 3.
2376 5214 2618 5289 Explicit
2659 5162 2811 5272 fiber
2838 5216 3082 5289 primus.

1910 5151 1982 5186 705
2014 5142 2104 5198 cui
2138 5147 2187 5197 1.
2249 5147 2301 5198 2.
2363 5147 2416 5200 3.
2494 5151 2565 5186 τοσ
2597 5145 2889 5208 Sigolinus
2915 5146 3015 5206 vit.
3044 5145 3119 5205 Β.
3229 5157 3301 5192 707
3331 5151 3472 5208 deest

3161 5227 3232 5262 τοε
3286 5223 3468 5279 eccle-

151 5285 245 5360 siae
268 5291 407 5344 deest
439 5293 486 5345 1.
523 5288 808 5360 Incipiunt
835 5287 1086 5359 capitula
1113 5285 1404 5360 sequentis
1428 5285 1555 5341 libri
1580 5290 1632 5341 2.
1669 5290 1720 5341 3.
1797 5294 1867 5329 τοῦ
1892 5288 1968 5342 ita
1993 5287 2046 5342 4.
2081 5285 2344 5341 invixerit
2372 5289 2420 5341 1.
2452 5285 2591 5340 deest
2618 5291 2671 5343 2.
2695 5291 2747 5343 3.
2809 5285 2880 5330 τῖο
2909 5287 3048 5342 deest
3081 5293 3130 5353 1,
3189 5297 3259 5335 τιι
3289 5292 3469 5356 XXIII.

153 5359 209 5412 3.
235 5370 282 5415 et
309 5363 385 5416 ita
411 5359 658 5433 deinceps
683 5376 846 5433 usque
873 5376 992 5431 cap.
1031 5361 1124 5416 45.

1715 5479 1942 5537 NOTIE.

219 5603 357 5677 (391)
386 5603 490 5662 Cui
511 5604 736 5661 litteras
760 5603 917 5661 dedit
940 5605 1012 5660 de
1041 5601 1393 5660 monasterio
1424 5559 1781 5677 Dagobertus
1809 5603 1856 5660 ΙΙ
1882 5618 1981 5659 rex
2012 5618 2066 5660 a.
2091 5605 2216 5663 677.

579 5731 840 5787 PATROL.
867 5728 1118 5786 CXXXIX.

3183 5732 3254 5794 34
