3902 6210
487 501 620 554 1067

552 618 642 674 47.
685 618 939 682 Qualiter
958 619 1244 674 exteriora
1267 618 1802 674 amministraverit.

551 707 643 762 48.
685 706 876 770 Qualis
906 707 1148 761 interius
1177 707 1373 764 fuerit.

455 795 458 798 ’
548 795 638 848 49.
683 793 2087 865 Οιιοάᾶθΐυυοιοῐίθείηειτάοἱῐηρεταιοτϐυοητδ-

480 881 586 938 dus
608 882 769 937 illum
802 883 1133 954 epiSCOpatu
1155 890 1226 924 ἰη
1260 883 1479 936 donare
1509 883 1772 936 voluerit.

552 973 640 1027 50.
679 979 750 1013 ⁷1³
775 971 1034 1035 Qnaliter
1063 970 1121 1024 in
1153 972 1547 1042 episc0patum
1575 973 1786 1025 electus
1819 971 2014 1030 fuerit.

549 1060 636 1114 5i.
678 1069 746 1101 τη
772 1060 934 1123 Quod
968 1059 1268 1131 episcopus
1291 1061 1474 1113 factus
1500 1059 1806 1130 vigilanter
1825 1063 2085 1114 sanctam

477 1149 817 1220 religionem
841 1148 1249 1219 exequebatur.

549 1241 636 1292 5'2.
680 1237 864 1301 Quam
908 1236 1100 1307 largus
1147 1237 1420 1309 cujusque
1480 1237 1708 1306 generis
1752 1236 2084 1292 hominibus

477 1326 648 1381 fuerit
675 1329 937 1396 tempore
970 1324 1302 1379 sterilitatis.

549 1418 638 1470 53.
681 1422 751 1455 τιδ
773 1413 852 1467 De
884 1413 1035 1466 bello
1089 1416 1146 1466 et
1194 1413 1441 1467 karitatc
1495 1413 1965 1468 Wirdunensibus
1994 1414 2080 1467 in-

479 1518 680 1574 pensa.

549 1593 635 1645 54.
675 1590 838 1654 Quod
873 1590 1004 1644 belli
1035 1593 1442 1661 tempestatem
1489 1590 1742 1644 maxima
1799 1607 1864 1644 ex
1917 1593 2081 1661 parte

475 1679 694 1734 sedavit
718 1687 811 1732 ⁷1⁸.

545 1773 633 1822 55.
678 1769 840 1832 Quod
873 1769 1104 1822 castella
1131 1767 1472 1838 praedonum
1505 1767 1796 1822 everterit.

546 1859 633 1913 56.
681 1858 758 1911 De
793 1856 1069 1911 divisione
1097 1857 1413 1925 gratiarum
1437 1855 1570 1909 huic
1594 1855 1816 1909 homini
1848 1855 2078 1910 collata.

543 1947 629 1998 57.
675 1945 744 1998 Ut
774 1943 1113 2014 imperatori
1142 1944 1352 2014 injuste
1376 1946 1668 2015 suspectus
1696 1942 1892 1999 fuerit.

544 2034 632 2088 58.
677 2031 823 2096 Quid
852 2032 909 2086 in
948 2049 1119 2087 causa
1147 2031 1491 2086 Ravennatis
1529 2031 1780 2102 episcopi
1807 2030 2074 2089 senserit.

539 2125 628 2176 89.
673 2121 930 2184 Qualiter
959 2140 992 2176 a
1016 2121 1305 2176 comitissa
1334 2121 1536 2176 Montis
1565 2124 1885 2174 castrorum
1933 2123 2078 2174 tem-

465 2213 658 2282 ptatus
688 2209 879 2264 fuerit.

537 2300 625 2353 60.
670 2295 833 2360 Quod
863 2297 1196 2352 sollicitatus
1228 2297 1301 2351 sit
1339 2312 1442 2366 per
1483 2297 1698 2352 litteras
1730 2299 1793 2350 ut
1821 2296 2077 2367 impera-

466 2386 579 2443 tori
612 2385 924 2440 resisteret.

1045 490 1368 552 HERIGERI
1406 496 1488 550 ET
1528 492 1822 551 ANSELMI
1861 489 2076 550 GESTA
2117 493 2334 552 EPISC.
2373 495 2626 551 TANGR.
2657 496 2843 554 TRAJ.
2878 486 2960 551 ΕΤ
2998 493 3203 553 LEOD.

3676 502 3806 558 I068

2107 623 2162 681 Α
2267 624 2356 674 61.
2399 619 2563 683 Quod
2611 635 2811 690 regem
2859 621 3231 685 Francorum,
3308 621 3394 675 ne‘
3438 621 3812 695 Aquasgrani

2197 706 2496 762 invaderet
2512 723 2614 778 per
2644 708 2864 762 litteras
2885 707 3279 763 absterruerit.

2262 800 2352 850 6'2.
2389 803 2459 838 τιτ
2486 795 2792 866 Episcopus
2824 796 3256 852 Catalaunensis
3317 812 3450 852 eum
3505 814 3615 869 per
3668 799 3811 856 litte-

2189 900 2281 939 ras
2303 884 2566 948 consulit,
2601 885 2738 955 quid
2781 885 2851 939 de
2907 885 3179 940 hereticis
3213 889 3445 941 censeat
3483 895 3803 958 agendum.

2261 976 2350 1028 63.
2393 981 2464 1014 τη
2513 973 2826 1044 Responsio
2874 975 3017 1044 ejus,
3063 990 3192 1045 quae
3240 975 3346 1029 sibi
3378 991 3553 1046 super
3585 976 3698 1031 hoc
3729 994 3809 1033 se-

2189 1060 2324 1115 deat
2353 1061 2661 1117 sententia.

2259 1152 2347 1205 64.
2392 1150 2470 1203 Dc
2502 1149 2769 1204 hereticis
2795 1166 3165 1222 nequaquam
3198 1151 3641 1210 interficiendis.

2256 1241 2346 1292 65.
2390 1239 2469 1292 De
2524 1237 2836 1309 apostolico
2898 1238 3164 1308 eligendo
3196 1239 3335 1311 quid
3379 1239 3487 1294 sibi
3545 1240 3804 1299 videatur

2184 1341 2288 1398 per
2309 1325 2576 1380 nuntium
2609 1326 2947 1397 imperatori
2972 1327 3304 1397 respondet.

2256 1417 2344 1468 66.
2388 1414 2734 1468 lnsimilatus
2747 1414 3186 1484 abimperatore
3215 1414 3355 1486 quid
3371 1414 3578 1471 fecerit
3595 1418 3796 1490 quidve

2184 1502 2568 1574 responderit.

2255 1593 2344 1647 67.
2385 1599 2456 1633 719
2489 1590 2640 1654 Quos
2672 1591 2756 1644 vel
2790 1592 2988 1662 quales
3010 1591 3449 1664 praebendarios
3479 1594 3790 1650 constitue-

2184 1678 2283 1732 rit.

2256 1769 2323 1822 68
2365 1769 2442 1822 De
2476 1767 2726 1839 inpediis
2763 1767 2834 1822 ab
2874 1784 2942 1822 eo
2974 1767 3046 1822 ad
3093 1767 3336 1824 edificia
3372 1769 3524 1824 datis
3557 1774 3618 1825 et
3670 1771 3792 1825 vita!

2183 1856 2306 1927 ejus
2336 1855 2710 1926 perfectione.

2099 1941 2150 2002 B
2250 1948 2339 1998 69.
2379 1945 2460 1997 De
2497 1943 2842 1998 imminente
2891 1945 3148 2016 corporis
3223 1946 3346 2017 ejus
3396 1946 3790 2003 dissolutione.

2249 2037 2338 2089 70.
2383 2034 2459 2086 De
2486 2031 2845 2086 confessione
2877 2032 3001 2102 ejus
3031 2035 3089 2086 et
3120 2033 3417 2091 unctione.

2251 2124 2338 2174 71.
2381 2119 2545 2183 Quod
2576 2119 2754 2174 abbas
2798 2119 3084 2186 Olbertus,
3117 2137 3191 2174 ne
3231 2126 3262 2175 7
3295 2120 3420 2177 dies
3450 2139 3628 2194 super
3667 2141 3792 2180 eum

2177 2207 2414 2272 faceret,
2449 2206 2725 2260 exoravit.

2247 2297 2334 2350 6'2.
2379 2293 2541 2358 Quod
2569 2294 2806 2365 Lethgia
2835 2296 2997 2348 tanto
3024 2297 3254 2366 pastore
3285 2296 3556 2354 orbatur.

2247 2386 2334 2438 73.
2375 2383 2736 2454 Apostrophe
2793 2383 2866 2437 ad
2917 2383 3240 2454 Lethgiam,
3291 2389 3353 2438 ut
3419 2387 3778 2459 relegionem

2175 2474 2373 2530 teneat
2401 2475 2776 2545 sanctamque
2802 2471 3103 2526 Coloniam
3141 2471 3424 2529 imitetur.

1708 2643 2107 2699 EXPLICIUNT
2155 2643 2514 2700 CAPITULA.

1188 2821 1718 2928 INCIPIT
1789 2822 2222 2926 LIBER
2295 2820 3039 2931 SECUNDUS

1820 3033 2433 3124 GESTOBUM

859 3243 1269 3299 PONTIFICUM
1306 3240 1760 3307 TUNGRENSIS,
1795 3238 2294 3294 TRAJECTENSIS
2327 3239 2476 3295 SIVE
2510 3240 2956 3297 LEODICENSIS
2994 3243 3395 3302 IECCLESIIE.

1035 3418 1176 3503 Ι.⁷²⁰
1227 3409 1889 3501 PBO(EMIUM
1944 3408 2513 3497 OPUSCULI
2558 3411 3219 3512 SEQUENTIS.

540 3624 829 3697 Superiori
867 3624 1158 3679 volumine
1194 3625 1356 3693 gesta
1393 3618 1813 3691 Tungrensium
1844 3617 2078 3689 pontiﬁ-
2113 3621 2159 3680 C
2181 3617 2292 3672 Idae
2325 3618 2667 3674 venerabilis
2691 3619 3016 3689 abbatissae,
3050 3639 3177 3696 qua:
3218 3625 3464 3696 regebat
3500 3630 3774 3682 monaste-

467 3731 599 3770 cum
633 3718 765 3767 sunt
809 3712 1052 3784 digesta,
1085 3727 1214 3782 quas
1253 3710 1500 3763 ﬁdeliter
1541 3710 1770 3761 servant
1807 3706 2075 3760 ordinem

469 3820 667 3860 eorum
698 3819 826 3873 quae
873 3803 1056 3855 relatu
1098 3800 1277 3868 digna
1320 3799 1488 3850 erant
1519 3799 1812 3865 gestorum
1861 3796 1974 3850 sive
2004 3804 2073 3838 7H

468 3895 646 3955 dictu,
665 3909 698 3946 a
715 3896 780 3945 27
805 3891 1145 3944 memoratae
1163 3885 1312 3939 sedis
1348 3884 1648 3956 episcopis,
1675 3901 1924 3956 quorum
1953 3884 2078 3955 pri-

468 3999 600 4036 mus
641 3981 840 4034 beatus
885 3978 1172 4031 Maternus
1213 3981 1283 4016 7*!
1328 3972 1387 4028 in
1435 3973 1709 4028 cathedra
1752 3973 2076 4042 Tungrensi

471 4070 592 4124 fere
627 4074 695 4123 20
735 4065 936 4120 habuit
967 4080 1343 4121 successores.
1383 4062 1494 4117 Sed
1539 4063 1741 4118 beatus
1769 4061 2072 4129 Munulfus,

473 4157 570 4229 qui
600 4160 657 4210 2l
706 4152 909 4219 extitit,
935 4171 1022 4230 ex
1067 4151 1406 4208 auctoritate
1457 4165 1748 4205 canonum
1789 4165 1824 4202 a
1859 4148 2076 4220 Tungri

473 4244 670 4300 sedem
688 4241 958 4314 episcopii
978 4251 1048 4284 723
1071 4241 1306 4308 amovit,
1331 4244 1388 4295 et
1409 4239 1655 4294 eandem
1685 4237 1953 4306 Trajecti,
1977 4238 2075 4293 ubi

471 4338 608 4389 tunc
652 4331 928 4401 temporis
983 4330 1174 4403 aptior
1207 4331 1364 4384 locus
1411 4331 1557 4392 erat,
1609 4324 1934 4392 constituit;
1978 4325 2074 4396 qui

473 4423 632 4477 locus
663 4421 898 4475 tandem
934 4418 1208 4492 episcopii
1249 4417 1446 4471 sedem
1487 4430 1661 4485 usque
1698 4412 1772 4468 ad
1809 4418 2072 4468 sanctum

473 4509 794 4564 Hubertum
813 4505 1074 4562 servavit.
1094 4507 1257 4576 Isque
1278 4504 1516 4574 propter
1537 4498 1858 4570 patrocinia
1890 4499 2073 4554 sancti

472 4597 726 4652 martiris
747 4595 1217 4664 Lamberti,aput
1238 4589 1513 4646 Leodium
1538 4588 1725 4643 vicum
1755 4588 2072 4660 publicum,

473 4686 568 4743 ubi
593 4695 663 4730 ἰιι
695 4703 871 4758 usque
902 4683 1073 4739 hodie
1115 4683 1462 4753 perseverat,
1517 4678 1695 4733 voluit
1736 4694 1856 4732 esse
1907 4681 2078 4750 caput

471 4775 765 4852 episcOpii.
802 4774 1082 4842 Deinceps
1113 4786 1242 4841 quo:
1271 4771 1588 4840 sequuntur
1618 4767 1782 4838 jussu
1814 4769 2076 4838 priorum

2178 3706 2332 3760 rium
2353 3709 2566 3762 sanctae
2591 3707 2811 3763 Cecilia:
2833 3709 3066 3782 virginis
3097 3712 3154 3766 in
3181 3711 3446 3784 Colonia,
3469 3715 3602 3770 huic
3628 3715 3771 3788 operi

2178 3797 2310 3848 sunt
2356 3812 2610 3864 annexa;
2643 3797 2802 3867 cujus
2847 3805 2940 3866 717,
2982 3803 3044 3853 ut
3073 3799 3192 3871 ipse
3249 3809 3321 3842 'm
3354 3806 3623 3867 testatur,
3679 3819 3778 3857 sus-

2177 3884 2328 3954 cepti
2358 3884 2568 3939 laboris
2611 3901 2778 3940 causa
2809 3886 2936 3941 talis
2972 3887 3100 3946 fuit.
3137 3889 3463 3962 Requiescit
3494 3892 3554 3946 in
3586 3891 3772 3947 eodem

2177 3977 2388 4026 sanctae
2424 3972 2660 4044 virginis
2694 3976 3048 4031 monasterio
3084 3991 3291 4049 corpus
3337 3979 3496 4035 beati
3525 3988 3599 4024 τεν
3623 3981 3773 4034 Eber-

2175 4060 2304 4131 gisi,
2340 4061 2438 4132 qui
2462 4061 2783 4132 Tungrensi
2815 4065 3082 4121 aacclesiaz
3119 4066 3352 4138 praefuit
3399 4068 3510 4136 24;
3563 4067 3707 4141 quod
3745 4081 3772 4118 ε

2176 4148 2445 4202 Brunone
2493 4149 2942 4222 archiepiscopo,
2999 4153 3095 4224 qui
3136 4153 3248 4208 dux
3293 4154 3469 4211 fuisse
3517 4156 3766 4223 fertur,a

2173 4236 2513 4290 Trutmonia
2559 4237 2918 4293 Leodicensis
2952 4241 3229 4313 episCOpii
3260 4242 3414 4312 villa,
3461 4244 3562 4300 ubi
3606 4243 3764 4314 sepul-

2175 4324 2381 4378 chrum
2429 4325 2550 4395 ejus
2582 4324 2768 4380 adhuc
2810 4325 3086 4394 cernitur,
3127 4327 3258 4385 illuc
3287 4333 3638 4388 translatum
3664 4346 3762 4386 esse

2175 4413 2469 4468 affirmant
2518 4413 2695 4485 (392).
2721 4417 2798 4469 De
2837 4415 2996 4486 cujus
3049 4416 3162 4471 vita
3191 4420 3329 4490 quia
3353 4421 3534 4477 nichil
3573 4421 3763 4478 ibidem

2173 4503 2516 4571 habebatur,
2537 4504 2742 4559 eadem
2765 4506 3107 4562 venerabilis
3128 4508 3416 4566 abbatissa
3441 4512 3542 4566 Ida
3571 4525 3762 4567 memo-

2174 4595 2367 4646 ratum
2399 4592 2760 4647 Leodicensis
2814 4594 3084 4651 (ecclesia:
3131 4597 3479 4653 canonicum
3516 4601 3759 4672 pudicum

2177 4679 2497 4736 admodum
2527 4680 2943 4751 familiaritate,
2973 4685 3184 4756 quippe
3207 4702 3336 4757 qua:
3367 4703 3506 4743 eum
3540 4707 3606 4744 ex
3629 4700 3759 4744 sacro

2175 4767 2338 4822 fonte
2391 4768 2701 4839 spiritualis
2760 4774 2949 4826 mater
2993 4777 3344 4845 susceperat,
3403 4780 3491 4831 est
3539 4791 3759 4851 agressa,

467 4840 579 4923 ldci
617 4840 778 4922 istius
826 4877 979 4916 anno
1018 4840 1343 4914 _Dominica3
1382 4855 1794 4912 incarnationis
1847 4860 1979 4911 1056
2011 4840 2150 4910 exD
2180 4859 2242 4910 ut
2269 4855 2314 4910 si
2346 4857 2483 4928 quid
2514 4857 2572 4912 in
2620 4857 2950 4914 Leodicensi
2973 4840 3226 4916 aecclesia
3251 4840 3757 4920 de'eodemvsancto

469 4955 705 5012 alterius
736 4949 990 5024 opusculi
1019 4948 1236 5016 libello,
1275 4963 1450 5019 quem
1480 4944 1719 5017 quidam
1747 4961 1814 5000 ex
1847 4943 2082 5000 canoni-

469 5045 550 5101 cis
576 5042 761 5101 sancti
777 5039 1068 5096 Lamberti
1089 5046 1160 5080 m
1178 5037 1417 5093 nomine
1430 5033 1840 5106 composuitm
1853 5033 2081 5088 monitu

2180 4943 2510 5014 haberetur,
2545 4946 2934 5002 conscriberet
2969 4952 3027 5002 et
3053 4949 3105 5003 ei
3139 4950 3372 5006 mittere
3409 4960 3484 4994 78°
3540 4969 3652 5008 non
3675 4956 3758 5005 tar-

2184 5033 2366 5088 deret.
2389 5033 2528 5098 Quae
2555 5035 2732 5092 etiam
2756 5053 2889 5109 sepe
2921 5040 2978 5092 et
3005 5039 3257 5094 multum
3288 5039 3360 5096 de
3387 5041 3505 5098 vita
3532 5046 3588 5098 et
3617 5037 3756 5097 mori-

1781 5157 2016 5212 VARUE
2042 5156 2446 5217 LECTIONES.

539 5268 612 5303 m
647 5264 695 5316 1.
718 5257 1307 5332 4.77episcopum__2_.__3.
1339 5327 1360 5332 Α
1388 5260 1460 5332 "Hs
1609 5255 1661 5306 3.
1739 5256 1808 5289 ἰιι
2113 5248 2406 5332 ⁷ιεί
2435 5253 2599 5332 eluito
2627 5269 2791 5332 usque
2809 5252 3011 5332 (LXIII)
3031 5255 3284 5332 pro_LXI.

1012 5319 1082 5371 '718
1111 5326 1303 5380 LXVII.
1334 5327 1385 5380 3.
1407 5330 1457 5377 et
1487 5324 1563 5377 ita
1593 5319 1843 5392 usquead
1872 5319 1994 5372 LXX
2011 5319 2134 5389 (pro
2182 5319 2376 5389 LXVI).
2455 5329 2526 5364 ⁷η
2558 5325 2633 5377 ita
2667 5319 2830 5380 εἶιαηὶ
2859 5329 2910 5380 3.
2987 5319 3061 5368 “lio
3105 5326 3248 5382 decu
3296 5329 3352 5381 2.
3417 5331 3471 5385 4.

1013 5398 1136 5454 1.2.
1169 5414 1306 5451 corr.
1347 5397 1520 5465 mazgt
1547 5411 1559 5448 :
1586 5410 1691 5448 nus
1721 5397 1774 5465 2A.
1879 5398 1950 5432 7”
1980 5407 2090 5461 epu
2126 5395 2145 5445 1
2211 5397 2260 5444 et
2285 5393 2358 5444 sic
2385 5391 2643 5465 deinceps
2715 5403 2786 5437 τε(
2816 5395 2894 5450 ibi
2929 5400 2978 5454 1.
3026 5400 3079 5451 2.
3121 5413 3262 5452 corr.
3311 5397 3410 5455 ubi
3459 5399 3496 5454 2

471 5337 528 5392 2.
602 5339 672 5374 717
713 5331 860 5385 LXV.
887 5334 938 5384 3.

475 5409 525 5459 1.
600 5411 672 5445 7”
700 5400 982 5456 martinus
1013 5405 1059 5454 l.
1083 5398 1136 5452 2.
1169 5414 1306 5451 corr.
1347 5411 1467 5448 ma:
1497 5397 1520 5447 t
1547 5411 1559 5448 :
1586 5410 1691 5448 nus
1721 5397 1774 5446 2.

473 5479 523 5530 1.

469 5546 521 5598 3.

3397 5264 3470 5300 ’δίο
3495 5255 3697 5312 sudavit
3716 5255 3748 5306 l.

3105 5326 3248 5382 decu
3296 5329 3366 5403 2._
3397 5331 3488 5403 _4._
3548 5336 3610 5370 πί
3655 5326 3748 5403 sine

3586 5405 3650 5440 ἠδ
3690 5401 3745 5446 ita

549 5473 603 5528 2.
631 5472 936 5528 Alexandri
959 5474 1008 5526 3.
1038 5472 1090 5524 4.
1120 5469 1422 5545 ΑρεθΙιηιιξ
1454 5463 1555 5522 Ch.
1635 5472 1710 5545 72ft
1731 5463 1869 5545 deest
1903 5466 2033 5545 Lg.
2063 5466 2114 5517 3.
2169 5469 2261 5545 “7-17
2311 5462 2469 5545 cujus
2514 5462 2592 5505 -ῖ
2630 5467 2954 5522 studuimus
2993 5466 3178 5523 desunt
3225 5467 3322 5526 Ch.
3399 5478 3472 5513 7"
3504 5471 3616 5545 ipsa
3642 5472 3680 5524 1.
3707 5467 3744 5516 2-

596 5553 666 5586 71°
705 5545 809 5598 alio
829 5547 1124 5597 atramento
1154 5543 1210 5594 in
1241 5539 1483 5607 margine
1513 5536 1803 5608 oppositum
1840 5537 1888 5587 1.
1965 5541 2038 5574 ⁷³0
2068 5535 2332 5587 emittere
2354 5535 2410 5587 4.

538 5739 682 5810 (392)
732 5738 857 5793 Vid.
911 5734 1167 5791 Anselmi
1230 5735 1451 5790 litteras
1499 5733 1574 5788 ad
1631 5733 1937 5787 Annonem
