3902 6210
138 486 283 546 1069

1006 480 1305 539 ANSELMI
1332 479 1551 537 GESTA
1579 476 2065 535 EPISCOPORUM
2094 474 2578 536 LEODIENSIUM.

3331 484 3466 540 l070

133 606 247 662 bus
278 602 484 660 domni
504 602 784 671 Wazonis,
817 605 1013 659 nostra
1038 610 1108 646 ⁷³³
1159 601 1449 659 memoria
1479 596 1752 670 episcopi,
1773 600 1830 662 Α
1850 598 2294 672 circumquaque
2342 597 2669 664 comitibus,
2729 596 2848 669 ipse
2904 596 3185 653 innocens
3241 596 3463 655 ibidem

137 692 649 765 percunctabatur,
686 694 745 746 et
771 708 1193 764 nonnunquam
1220 692 1372 747 inter
1399 687 1753 746 audiendum

140 782 339 853 aliqua
376 781 464 835 vel
488 782 749 835 extrema
771 779 841 834 de
873 779 1082 834 eodem
1111 779 1281 834 beato
1314 778 1435 833 viro
1458 775 1757 847 religiosos

139 869 401 940 gemitus
426 871 485 922 et
514 867 624 940 piae
649 867 1065 922 recordationis
1094 867 1361 922 lacrimas
1406 865 1577 921 edere
1607 863 1753 918 sole-

136 957 263 1012 bat.
290 955 404 1012 Hac
436 954 716 1010 nimirum
743 955 1046 1028 splendida
1070 955 1292 1009 ancilla:
1320 952 1526 1008 Christi
1558 951 1756 1022 inpor-

138 1043 394 1098 tunitate
419 1043 790 1098 sollicitatum
832 1060 889 1097 se
943 1043 1098 1109 dicit,
1154 1045 1217 1097 ut
1251 1041 1406 1113 quod
1432 1041 1580 1094 ultra
1608 1038 1755 1092 vires

139 1130 367 1199 fuisset,
414 1130 523 1186 hoc
550 1146 695 1202 opus
722 1129 895 1185 nimis
921 1130 1192 1185 audacter
1221 1128 1476 1200 arripere
1506 1128 1754 1197 tempta-

139 1218 313 1274 verit.
346 1218 414 1272 Et
432 1217 688 1289 priorem
714 1217 946 1289 quidem
970 1217 1228 1288 ejusdem
1247 1214 1503 1289 opusculi
1529 1212 1612 1268 sui
1632 1227 1756 1285 par-

142 1312 269 1362 tem
293 1323 359 1362 ex
378 1306 757 1377 prmsentibus
768 1310 833 1360 27
857 1306 1258 1377 episcoporum
1273 1304 1446 1376 gestis
1458 1320 1516 1357 se
1533 1300 1754 1372 compi-

142 1397 295 1450 lasse
316 1410 432 1449 non
448 1398 535 1448 est
547 1392 815 1449 confusus
834 1393 1118 1460 confiteri,
1135 1393 1215 1448 ita
1227 1391 1469 1448 dicendo
1489 1407 1502 1446 :
1522 1389 1757 1459 Expon-

146 1483 360 1552 tiﬁcum
386 1482 784 1552 Tungrensium
831 1483 1006 1553 gestis,
1046 1498 1165 1553 quae
1208 1499 1241 1535 a
1277 1487 1456 1534 sancto
1499 1476 1757 1533 Materno

145 1588 317 1644 usque
364 1570 436 1624 ad
483 1570 693 1626 beatum
744 1569 1054 1624 Remaclum
1095 1575 1220 1623 sunt
1257 1575 1524 1640 porrecta,
1551 1567 1758 1638 placuit

141 1660 309 1733 'quasi
328 1676 393 1714 ex
416 1660 668 1728 ﬂorigera
677 1660 834 1730 prati
856 1660 1140 1713 amenitate
1168 1658 1467 1728 decerptum
1500 1655 1563 1710 de
1582 1654 1757 1708 diver-

145 1748 220 1802 sis
271 1744 496 1813 ﬂoribus
552 1752 720 1800 texere
764 1749 981 1800 sertum.
1042 1742 1152 1800 Cui
1197 1744 1433 1815 deinceps
1483 1748 1761 1797 annectere

1853 686 2174 742 trucidatur
2199 688 2365 760 (circa
2387 705 2478 744 an.
2508 686 2654 757 668).
2684 686 2796 741 Nec
2824 702 3012 751 mora,
3038 686 3238 760 quanti
3267 687 3466 743 meriti

1855 775 2008 845 apud
2032 792 2091 830 se
2123 776 2206 830 vir
2233 776 2336 832 iste
2375 774 2569 843 fuerit,
2602 774 3017 846 omnipotentis
3047 775 3155 830 Dei
3206 776 3462 831 clemen-

1856 862 1937 917 tia
1966 863 2273 920 declaravit
2299 864 2452 934 (Act.
2483 862 2546 918 S.
2581 862 2906 918 Theodardi.
2940 879 2988 918 c.
3044 867 3130 931 12,
3182 864 3288 936 13).
3318 864 3465 921 Nam

1857 953 2047 1023 puella
2060 953 2327 1025 quaedam
2341 953 2481 1008 dum
2498 952 2593 1023 pia
2606 952 2813 1006 temeri
2824 954 2937 1007 tate
2950 952 3047 1007 fila
3058 952 3463 1025 subtegminis,

1856 1040 2009 1094 unde
2037 1040 2094 1095 in
2133 1041 2313 1096 frusta
2345 1040 2773 1096 comminutum
2822 1043 2993 1111 caput
3020 1040 3273 1097 martiris
3298 1041 3460 1099 colli-

1855 1130 2369 1199 garetur,domina3
2384 1128 2774 1195 subtraxisset,
2788 1127 3020 1183 rediens
3034 1145 3165 1184 cum
3175 1138 3460 1201 pecorem

1855 1215 2040 1288 ipsam
2062 1218 2360 1274 dominam
2380 1235 2565 1285 suam,
2580 1234 2649 1273 eo
2672 1218 2827 1290 quod
2849 1233 3095 1288 pensum
3124 1236 3242 1276 non
3260 1220 3463 1277 redde-

1855 1308 1965 1373 ret,
1992 1306 2366 1361 vehementer
2388 1305 2649 1374 offendit,
2673 1305 2817 1361 adeo
2841 1306 3122 1374 ut,furore
3145 1308 3461 1380 exagitata,

1855 1393 2063 1467 pugnis
2114 1398 2171 1449 et
2218 1393 2548 1449 verberibus
2596 1394 2655 1449 in
2701 1393 2885 1466 ipsam
2938 1394 3284 1467 insurgeret.
3344 1396 3458 1452 Sed

1857 1485 2094 1555 repente
2117 1482 2255 1537 dum
2278 1482 2545 1555 percutit,
2567 1481 2691 1553 ipsa
2709 1482 2958 1554 graviori
2977 1491 3048 1525 ⁷³³
3066 1482 3201 1552 ictu,
3221 1483 3458 1541 cecitate

1857 1568 2141 1635 videlicet,
2200 1569 2467 1625 divinitus
2529 1570 2866 1640 percutitur.
2925 1572 3245 1645 Perstrepit
3326 1572 3458 1629 ilico

1856 1656 2061 1727 lugens
2092 1655 2330 1723 familia,
2361 1656 2569 1711 adsunt
2603 1664 2674 1699 ⁷³³
2704 1656 2869 1711 acciti
2896 1665 2967 1700 τω
3006 1658 3460 1716 domesticorum

1858 1744 2141 1816 plangore
2186 1743 2373 1798 vicini.
2424 1743 2714 1816 Exquisita
2759 1743 3068 1817 diligenter
3094 1749 3219 1802 tam
3258 1747 3460 1804 subitas

146 1834 458 1889 studuimus
486 1842 558 1876 ⁷³³
588 1851 705 1905 quae
731 1834 795 1888 de
836 1832 1209 1905 posterioribus
1236 1834 1459 1904 sparsim
1505 1836 1599 1887 aut
1632 1831 1760 1901 legi-
1861 1832 2112 1887 cecitatis
2130 1847 2320 1897 causa,
2351 1832 2424 1886 ad
2449 1831 2691 1886 cadaver
2714 1833 3024 1888 sacerdotis
3077 1834 3234 1890 ocius
3261 1852 3463 1892 cucur-

149 1939 273 1977 mus
325 1928 422 1976 aut
472 1929 613 1978 certa
670 1924 1017 1994 antiquorum
1064 1921 1317 1976 relatione
1372 1912 1834 1987 didicimus,etB
1862 1920 1958 1983 rit,
1984 1937 2084 1975 rea
2113 1920 2243 1975 illuc
2272 1937 2405 1975 cum
2455 1920 2570 1975 fide
2622 1924 2681 1974 et
2722 1920 2987 1991 precibus
3042 1923 3464 1979 conﬂuentium

152 2012 417 2066 breviario
468 2010 696 2084 quodam
740 2013 957 2065 nomina
1020 2011 1358 2081 singulorum
1411 2027 1531 2064 cum
1576 2010 1766 2079 paucis
1864 2008 2223 2081 perducitur,
2253 2009 2314 2063 in
2343 2004 2702 2064 confessione
2731 2008 2987 2064 criminis
3010 2011 3180 2066 venia
3211 2012 3467 2083 postula-

150 2099 508 2173 guorumdam
538 2102 770 2170 ipsorum
797 2101 955 2169 gestis
982 2116 1145 2171 usque
1170 2098 1241 2152 ad
1282 2098 1534 2154 damnum
1572 2096 1764 2153 Wazo-
1866 2101 1961 2152 tur
1986 2100 2044 2151 et
2071 2096 2448 2168 impetratur;
2508 2096 2784 2169 discitque
2832 2097 2903 2152 ab
2942 2114 3010 2153 eo
3041 2105 3111 2141 ³³1
3144 2098 3470 2156 misericor-

149 2205 275 2242 nem
294 2190 731 2260 perstrinximus.
761 2187 844 2242 De
866 2187 1017 2258 cujus
1046 2189 1158 2241 vita
1186 2193 1235 2241 et
1267 2186 1510 2241 moribus
1537 2191 1769 2239 extrema
1870 2184 2027 2241 diam
2050 2200 2311 2256 querere,
2359 2186 2517 2255 cujus
2561 2184 2753 2239 funeri
2800 2183 2971 2256 paulo
3026 2189 3161 2242 ante
3207 2187 3474 2243 noluerat

155 2276 409 2348 quaelibet
459 2275 698 2343 dicendo,
760 2276 928 2347 paulo
989 2275 1194 2331 diutius
1244 2274 1518 2328 immorati
1567 2290 1769 2338 sumus,
1872 2272 2147 2345 pietatem
2178 2274 2248 2328 ab
2278 2273 2486 2328 ancilla
2503 2274 2675 2328 fuisse
2704 2274 3040 2331 exhibitam.
3069 2275 3232 2331 Unde
3256 2276 3479 2348 indige-

155 2370 271 2420 tam
304 2372 366 2419 ut
396 2367 641 2436 posteris,
694 2367 747 2421 si
782 2367 902 2436 quis
950 2364 1059 2418 haec
1107 2363 1358 2433 dignetur
1398 2362 1588 2433 legere,
1638 2358 1778 2416 tanti
1875 2380 2084 2420 narum
2116 2363 2437 2418 sollicitudo
2460 2368 2678 2420 certata
2703 2364 3182 2421 mdevirtutibus
3209 2366 3478 2422 sacerdo-

155 2455 263 2508 viri
312 2469 421 2507 non
472 2459 689 2523 negetur
740 2454 959 2520 noticia,
1008 2458 1121 2506 tum
1163 2452 1440 2523 potissima
1489 2453 1620 2522 quia
1682 2449 1777 2503 hoc
1882 2453 1950 2508 tis
1980 2456 2101 2506 tam
2123 2450 2371 2506 evidenti
2408 2451 2641 2521 indicio,
2668 2453 2791 2525 ejus
2822 2469 2949 2508 ossa
2976 2453 3194 2509 ibidem
3214 2457 3384 2510 terra;
3407 2462 3481 2497 ‘m

157 2539 398 2595 lacrimis
422 2547 605 2595 vestra:
633 2542 853 2611 pietatis
901 2556 1093 2609 negare
1121 2556 1228 2594 non
1272 2541 1434 2610 potui
1442 2567 1461 2607 ε
1487 2538 1676 2610 quibus
1706 2544 1777 2579 ⁷³³
1878 2540 2159 2596 mandare
2172 2540 2407 2595 student
2423 2548 2495 2584 7“
2515 2556 2649 2595 cum
2675 2557 2906 2596 summa
2924 2540 3481 2598 reverentia.Proce-

155 2646 278 2684 cum
330 2628 566 2699 ejusdem
620 2628 928 2683 venerabilis
980 2629 1104 2691 viri,
1136 2644 1409 2699 nunquam
1461 2627 1641 2695 fatiae,
1685 2623 1780 2681 sed

154 2719 314 2789 fama
347 2722 563 2772 tantum
605 2718 831 2787 cogniti,
870 2715 1227 2770 dulcissimam
1271 2714 1596 2771 mentionem
1645 2712 1776 2768 sole-

156 2810 222 2860 tis
253 2804 575 2876 amplexari.
629 2802 840 2870 Quibus
872 2818 989 2860 vere
1016 2802 1157 2876 quod
1186 2807 1443 2873 temptare
1468 2801 1612 2856 ultra
1643 2802 1777 2855 vires

152 2896 289 2965 fuit,
338 2894 447 2946 nisi
495 2906 618 2948 cum
647 2891 847 2945 auxilio
886 2891 1071 2946 divino
1109 2890 1352 2944 voluntas
1382 2888 1781 2961 optemperandi

151 2984 326 3054 foret,
355 2996 393 3036 α
421 2980 569 3035 nobis
597 2986 903 3051 extorquere
939 2981 1210 3050 potuistis.
1270 2977 1421 3033 Unde
1464 2979 1690 3048 contigit
1718 2985 1778 3033 ut

155 3071 229 3125 ad
254 3068 596 3141 pingendum
634 3068 1057 3139 pulcherrimum
1112 3069 1374 3123 hominem
1421 3083 1457 3123 a
1507 3066 1657 3121 vobis
1704 3072 1775 3108 ⁷³³

155 3164 382 3216 coactus
406 3159 505 3212 sim
526 3159 702 3227 pictor
726 3158 964 3225 ignarus,
996 3158 1091 3228 qui
1117 3158 1165 3211 si
1196 3158 1252 3210 in
1282 3156 1461 3227 aliqua
1492 3156 1633 3210 tanti
1660 3154 1778 3208 viri

1879 2628 2052 2684 dente
2078 2636 2149 2671 ³³³
2171 2645 2303 2683 vero
2358 2631 2941 2700 tempore,successor
2980 2630 3103 2701 ejus
3141 2629 3487 2686 venerabilis

1878 2720 2157 2789 patronus
2178 2721 2375 2773 noster
2387 2718 2958 2787 Lambertus,eadem
2975 2718 3238 2791 magistri
3256 2734 3383 2775 ossa
3406 2719 3491 2775 in-

1879 2804 1950 2860 de
1976 2805 2050 2860 ad
2081 2822 2185 2861 nos
2204 2806 2518 2861 transferre
2553 2805 2849 2877 sepissime
2876 2805 3201 2877 temptavit.
3228 2805 3490 2879 Cumque

1877 2894 2129 2947 multum
2155 2894 2509 2948 reclamante
2539 2893 2889 2949 rusticorum
2910 2909 3110 2962 manu,
3141 2895 3201 2950 et
3222 2901 3294 2939 ⁷³³
3313 2892 3491 2957 sui,ut

1879 2979 2134 3046 aiebant,
2170 2979 2423 3035 martiris
2446 2997 2574 3036 ossa
2611 2998 2745 3036 cum
2776 2980 2952 3037 armis
2985 2980 3337 3049 vindicante,
3378 2981 3490 3037 hoc

1881 3068 1980 3123 diu
2010 3069 2222 3123 frustra
2274 3072 2442 3136 esset,
2520 3070 2758 3125 tandem
2823 3070 3014 3125 divina
3095 3068 3491 3126 misericordia

1877 3155 2100 3211 famulo
2129 3172 2230 3211 suo
2263 3156 2321 3210 in
2372 3160 2681 3227 conspectu
2717 3156 2934 3212 ibidem
2987 3156 3490 3214 commanentium

157 3208 373 3216 νν-νηη
1001 3208 1081 3228 ιην
1120 3208 1155 3211 -ν
1285 3208 1311 3212 -τ
1365 3208 1384 3227 ι
1440 3208 1443 3209 ν
1517 3208 1540 3210 -~
2132 3208 2221 3211 κη
2381 3208 2680 3227 -τ-ττ-τ-
2717 3208 2934 3212 ——-—~—~
2996 3208 3490 3214 -νππ-ητπη--η

154 3246 345 3304 laudes
374 3246 532 3301 exilis
564 3247 766 3315 ingenii
790 3262 879 3299 seu
922 3246 1090 3300 tenuis
1138 3243 1250 3299 stili
1283 3245 1422 3300 vitio
1468 3242 1681 3311 detrivi,
1715 3257 1779 3295 ex
1815 3208 2106 3298 C'tantam
2134 3251 2206 3286 “N7
2238 3245 2518 3299 concessit
2546 3244 2817 3316 gratiam,
2843 3248 2907 3299 ut
2936 3243 3073 3299 inde
3103 3244 3492 3301 transferendi

153 3334 473 3390 obcadientia
499 3332 873 3401 favorabiliter
915 3332 1120 3387 Christi
1149 3348 1351 3402 sponse
1389 3332 1604 3401 inpensa
1630 3328 1778 3384 obse-

153 3421 449 3480 eundantis
478 3422 751 3490 ignoretur
774 3422 1104 3492 ignorantia.
1152 3419 1289 3483 Quae
1328 3435 1460 3474 cum
1507 3417 1589 3472 ita
1640 3417 1775 3484 sint,

156 3528 271 3567 nos
300 3525 537 3581 quoque
569 3525 687 3563 non
720 3508 1194 3564 inconvenienter
1241 3508 1493 3579 ejusdem
1520 3504 1777 3579 opusculi

155 3598 353 3671 capite
386 3597 609 3651 sublato
638 3604 732 3664 7³³,
763 3599 827 3650 ut
853 3595 1134 3651 inoffenso
1163 3596 1306 3668 pede
1332 3611 1559 3650 servare
1589 3592 1778 3665 possi-

156 3703 294 3743 mus
320 3684 593 3740 ordinem
618 3686 914 3754 gestorum
947 3683 1388 3755 pontiﬁcalium,
1405 3698 1778 3738 asuccessore

159 3774 355 3831 sancti
386 3772 665 3839 Remacli,
697 3772 867 3827 beato
882 3771 1145 3827 videlicet
1164 3772 1530 3840 Theodardo,
1566 3788 1779 3828 novum

156 3860 571 3936 ingredjamur
596 3860 919 3919 exordium.

595 3957 666 3992 m
699 3948 783 4003 De
809 3954 995 4005 sancto
1026 3948 1364 4007 Theodardo.

239 4038 431 4104 (Circa
456 4056 546 4093 an.
599 4039 743 4108 661.)
795 4039 1000 4093 Beatus
1050 4038 1227 4109 igitur
1261 4038 1631 4095 Theodardus
1677 4040 1782 4095 sub

165 4132 349 4189 beato
380 4127 652 4183 Bemaclo
677 4126 1086 4182 (ecclesiasticis
1109 4126 1184 4182 ad
1197 4144 1453 4199 unguem
1473 4128 1783 4199 disciplinis

167 4218 546 4284 informatus,
586 4214 861 4288 magistro
910 4217 1061 4271 ultro
1102 4216 1467 4287 pontiﬁcatus
1495 4216 1783 4272 honorem

166 4306 467 4365 desiderio
484 4305 710 4360 artioris
727 4305 854 4360 vitae
872 4305 1205 4373 declinanti,
1227 4305 1286 4359 in
1314 4306 1587 4361 cathedra
1628 4306 1780 4360 Tun-

156 4395 367 4469 grensi
399 4394 515 4449 sive
536 4394 887 4465 Trajectensi
917 4393 1183 4449 successit
1211 4397 1280 4450 28
1322 4393 1490 4465 (Acta
1517 4393 1580 4448 S.
1617 4393 1782 4448 Theo-

1878 3331 2026 3387 tanti
2052 3332 2305 3386 thesauri
2326 3331 2533 3386 darent
2553 3332 2782 3404 copiam
2800 3332 3108 3388 sacerdoti.
3130 3332 3389 3397 Quorum
3412 3340 3488 3377 m

1877 3419 2135 3491 singulos
2161 3418 2463 3473 uberrimis
2490 3419 2749 3491 pecunia:
2794 3418 3135 3476 muneribus
3164 3422 3489 3477 cumulatas

1876 3508 2212 3581 relinquens
2238 3516 2331 3577 ⁷³³,
2352 3507 2498 3563 sacri
2548 3507 2765 3564 funeris
2808 3508 3017 3580 pignus
3071 3509 3341 3563 (ecclesiae
3370 3525 3488 3563 sua:

1878 3601 2104 3653 sanctus
2128 3596 2355 3652 advexit
2383 3596 2739 3650 Lambertus.
2793 3595 2964 3667 quus
2992 3595 3180 3651 adhuc
3209 3594 3490 3668 passionis

1879 3685 2032 3741 diem
2062 3685 2320 3757 ejusdem
2352 3683 2655 3755 provintiae
2687 3683 3087 3756 compatriotas
3118 3682 3357 3755 singulis
3381 3698 3485 3740 an-

1880 3775 1970 3830 nis
2001 3791 2134 3830 cum
2160 3789 2391 3829 summa
2413 3772 2744 3827 celebritate
2773 3773 2962 3828 solent
3008 3771 3487 3844 frequentare,et,

1880 3864 2012 3920 licet
2036 3864 2252 3919 ossibus
2282 3862 2604 3928 absentem,
2637 3859 2862 3916 meritis
2888 3862 2946 3915 et
2973 3860 3173 3933 signis,
3206 3876 3336 3934 quas
3374 3860 3487 3916 ibi-

1883 3952 2018 4008 dem
2046 3952 2387 4025 frequenter
2423 3951 2590 4019 fiunt,
2615 3966 2675 4005 se
2708 3948 2967 4022 gaudent
2992 3948 3209 4006 habere
3232 3965 3489 4022 prasen-

1881 4046 2022 4097 tem.

2293 4135 2344 4186 3.
2379 4128 2465 4184 lle
2490 4136 2674 4185 sancto
2701 4127 2985 4185 Lamberto
3015 4136 3111 4187 ⁷³³.

1953 4217 2092 4274 Huic
2124 4217 2391 4273 successit
2418 4234 2644 4290 semper
2698 4218 3116 4274 memorandus
3145 4216 3490 4274 venerabilis

1882 4311 2078 4363 noster
2104 4309 2383 4377 patronus
2413 4306 2754 4361 Lambertus
2790 4306 2850 4362 in
2873 4307 3080 4362 ordine
3106 4310 3174 4363 29
3197 4306 3490 4374 (Goonscs-

1879 4411 1963 4449 ιρι
1996 4395 2107 4449 Vit.
2138 4393 2414 4449 Lamberti
2442 4398 2511 4461 1).
2542 4395 2611 4460 ls,
2645 4398 2707 4449 ut
2729 4395 3030 4467 perpaucis
3058 4395 3242 4451 multa
3269 4394 3342 4449 de
3368 4394 3487 4449 vita

153 4484 348 4552 dardi,
382 4499 433 4538 c.
459 4485 536 4554 8).
572 4482 667 4537 Hic
715 4499 821 4554 pro
866 4482 1036 4537 rebus
1087 4482 1357 4537 ecclesia:
1399 4481 1505 4537 sibi
1548 4482 1780 4537 creditis
1804 4492 1856 4552 D
1879 4483 2002 4555 ejus
2032 4481 2718 4555 perstringamus,beatus
2746 4490 2818 4524 πο
2851 4484 3192 4540 Lambertus
3217 4499 3287 4539 ex
3317 4482 3488 4538 nobi-

157 4575 310 4630 dum
338 4570 529 4642 regias
558 4586 724 4626 aures
748 4569 1321 4642 pergitcompellare,
1345 4573 1402 4625 et
1424 4574 1627 4625 contra
1646 4586 1777 4643 per-

156 4676 402 4718 vaseres
431 4659 783 4731 praediorum
834 4659 1102 4714 ecclesiae
1154 4659 1428 4715 auxilium
1465 4661 1777 4731 postulare,

157 4752 225 4808 in
256 4750 412 4806 saltu
450 4748 703 4820 quodam
735 4747 832 4819 qui
860 4748 1069 4803 dicitur
1099 4749 1295 4804 Hiwalt
1344 4749 1485 4804 haut
1508 4750 1682 4821 longe
1706 4750 1779 4804 ab

160 4840 315 4895 urbe
334 4836 687 4905 Nemetensi,
711 4852 838 4908 quae
855 4836 1065 4893 usitato
1091 4836 1331 4892 nomine
1347 4836 1516 4909 Spira
1534 4845 1606 4880 ⁷³³
1628 4853 1780 4893 nunc

162 4928 404 4994 dicitur,
454 4926 526 4981 ab
583 4925 721 4997 ipsis
773 4941 887 4980 sua:
936 4925 1203 4981 ecclesia).
1276 4926 1645 4997 praedonibus
1712 4943 1781 4981 ex

161 5014 487 5089 improviso
516 5013 773 5087 undique
797 5014 1060 5082 valletur,
1093 5017 1151 5070 et
1180 5013 1612 5088 diffugientibus
1640 5032 1674 5070 a
1720 5033 1779 5071 se

1879 4570 2094 4627 lissima
2107 4573 2245 4625 tunc
2278 4569 2561 4642 temporis
2590 4577 2661 4613 πί
2688 4569 3145 4642 Trajeetensium
3176 4571 3353 4645 stirpe
3382 4587 3488 4627 na-

1879 4665 1990 4729 tus,
2024 4677 2058 4716 a
2087 4658 2362 4733 primmva
2391 4661 2561 4713 aetate
2592 4658 2840 4715 nobilius
2868 4659 2928 4714 in
2985 4663 3184 4717 sancta
3205 4660 3489 4734 religione

1880 4751 2268 4815 conversatus,
2300 4750 2358 4801 et
2410 4746 2484 4803 ob
2538 4746 2813 4802 meritum
2875 4748 3202 4803 excellentis
3254 4749 3386 4805 vita:
3414 4749 3490 4806 ad

1880 4836 2230 4911 supplendas
2245 4837 2370 4907 jam
2395 4835 2529 4890 dicti
2548 4843 2619 4878 ⁷³³
2642 4834 3022 4891 antecessoris
3041 4835 3491 4910 ejusdemque‘m

1881 4925 2341 5000 piipraaceptoris
2356 4924 2503 4979 vices
2522 4925 2720 4995 raptus
2742 4926 2827 4979 est
2875 4922 3066 4994 potius
3083 4939 3257 4994 quam
3279 4928 3494 4982 electus

1884 5017 2180 5084 (STEPHANI
2221 5012 2337 5071 Vit.
2364 5012 2555 5068 Lamb.
2582 5028 2633 5073 c.
2662 5012 2822 5078 3).ln
2844 5026 2959 5083 quo
2984 5009 3248 5066 videlicet
3269 5013 3496 5085 episco-

1488 5155 1723 5211 VARUE
1759 5151 2159 5211 LECTIONES.

236 5288 309 5325 'm
342 5284 530 5336 vestra
556 5286 606 5336 1.
642 5284 694 5353 2.
726 5284 778 5336 3.
829 5288 900 5323 ⁷³³
928 5280 1048 5337 vide
1076 5289 1186 5336 not.
1215 5283 1337 5337 392.
1408 5280 1613 5353 quibus
1639 5309 1712 5321 —
1736 5280 1957 5335 sublato
1987 5279 2175 5353 desunt
2207 5276 2309 5333 Ch.
2387 5285 2459 5320 ⁷³³
2495 5293 2529 5331 a
2557 5274 2715 5353 vobis
2734 5274 2935 5353 desunt
2950 5277 3016 5353 _4.
3068 5281 3179 5353 Α⁷³ξ
3209 5276 3252 5331 Ι.
3282 5275 3318 5330 In
3346 5275 3396 5353 et
3422 5274 3496 5331 sic

164 5353 430 5424 deinceps.

171 5422 305 5495 Ch._
342 5422 425 5465 ‘7"
449 5424 653 5495 lugens
681 5423 902 5477 familia
921 5424 1129 5478 adsunt
1153 5422 1201 5479 l.
1228 5424 1281 5495 2.
1315 5428 1395 5495 3.,
1444 5431 1515 5465 7‘0
1538 5422 1717 5478 occidi
1748 5426 1798 5477 1.

527 5360 600 5395 ’1³³
628 5352 769 5407 deest
792 5356 838 5406 1.
872 5357 924 5407 2.
955 5357 985 5408 3
1059 5361 1128 5395 7³⁷
1159 5368 1397 5423 peccore
1421 5345 1559 5406 corr.
1591 5367 1797 5423 pecore
1824 5355 1878 5408 2.
1909 5349 2275 5423 7°8_graviora
2302 5364 2439 5423 corr:
2460 5346 2699 5423 gravior
2726 5350 2771 5401 1.
2806 5345 3036 5423 gravior
3065 5349 3117 5423 2.
3150 5349 3218 5423 3_._
3232 5345 3497 5423 graviore

1866 5429 1935 5464 ἰιι
1965 5414 2106 5474 (ἰέεει
2138 5423 2187 5474 1.
2212 5425 2337 5489 post
2366 5414 2499 5473 add:
2525 5422 2578 5489 2.
2628 5424 2707 5489 fm
2735 5414 3048 5472 certificata
3075 5414 3261 5489 4701::
3285 5425 3356 5460 7“
3383 5419 3496 5477 ter.

168 5494 249 5549 ib.
277 5493 335 5550 2.
376 5498 429 5550 3.
457 5487 540 5549 4Ϊ
554 5503 624 5536 ἰιι
651 5495 841 5565 studet
868 5495 922 5548 4.
973 5502 1045 5536 ’³³³
1066 5493 1401 5565 procedenti
1443 5498 1496 5551 2.
1542 5498 1593 5550 3.
1653 5502 1725 5536 ⁷³³
1755 5495 1819 5548 ut
1852 5496 1903 5565 l._
1954 5498 2024 5533 7"
2078 5487 2316 5565 tandem
2348 5494 2404 5565 1ἐ
2425 5493 2475 5544 2.
2510 5487 2722 5565 divina
2746 5488 3288 5565 -_-_-_tantamgdesunt
3318 5489 3491 5565 3._fa-

171 5568 329 5621 mulo
354 5594 428 5638 5—
454 5568 681 5620 tantam
696 5564 883 5619 desunt
900 5567 953 5622 4.
1034 5559 1106 5638 τξθ
1136 5566 1393 5638 Quorum
1417 5596 1490 5606 —
1514 5566 1845 5638 relinquens
1867 5563 2063 5638 desunt
2106 5559 2207 5617 Ch.
2277 5568 2349 5638 7f“
2372 5559 2561 5638 Passio
2583 5636 2590 5638 Α
2615 5560 3120 5638 sancti_Lamberti
3149 5560 3489 5638 episcopiet

171 5636 461 5709 martyris.
486 5653 550 5694 in
572 5638 820 5709 margine
842 5640 897 5693 2.
965 5643 1038 5709 τρο
1066 5636 1132 5709 b._
1155 5637 1219 5709 1:.
1246 5653 1502 5709 superscr.
1559 5644 1629 5709 ³³³
1653 5631 1789 5709 tunc
1819 5633 2097 5709 temporis
2119 5649 2269 5689 erasa
2301 5635 2353 5689 2.
2402 5631 2591 5709 desunt
2619 5635 2672 5688 3.
2704 5632 2759 5689 4.
2792 5631 3041 5709 leguntur
3073 5636 3095 5691 1
3135 5631 3239 5695 0h.
3295 5631 3368 5678 ’1³³
3397 5633 3480 5695 ita

178 5711 227 5766 1.
254 5716 304 5766 et
322 5702 443 5767 '01:.
469 5751 485 5768 .
523 5750 538 5767 .
569 5749 583 5765 .
617 5749 637 5768 .
668 5702 786 5763 ,⁷8ιὶ
810 5722 951 5762 corr.
983 5706 1137 5764 beati
1162 5702 1487 5764 Theddardi
1517 5710 1571 5766 '2.
1596 5708 1655 5769 b.
1679 5706 1897 5767 Theod.
1929 5702 1984 5767 3.
2011 5706 2067 5763 4.
2141 5712 2213 5750 ’1³³
2242 5719 2355 5780 que
2387 5702 2528 5762 deest
2560 5706 2612 5764 1.
2839 5702 2855 5709 ⁷
2976 5748 2981 5753 ρ
