3902 6210
454 535 580 589 1071

1041 525 1364 586 HERIGERI
1397 527 1479 583 ET
1517 526 1813 584 ANSELMI
1841 517 2059 584 GESTA
2086 519 2303 588 EPISC.
2332 530 2579 586 TANGR.
2613 531 2801 589 TRAJ.
2835 529 2916 587 ET
2950 529 3154 590 LEOD.

3632 529 3786 596 1072

445 655 615 724 patus
639 650 912 718 culmine,
973 666 1104 706 cum
1154 649 1687 723 inreprehensibilis
1719 649 1848 705 vita:
1878 650 2064 723 gratia
2086 653 2140 713 A
2163 667 2306 721 pora
2333 650 2617 720 (Srspnss.
2657 650 2769 708 Vit.
2796 651 2859 711 S.
2896 653 3082 710 Lamb.
3115 671 3163 709 c.
3203 654 3276 724 6);
3299 655 3494 729 sicque
3524 657 3803 713 alterum

450 743 510 798 in
538 742 658 814 ipso
688 741 856 796 bonis
882 740 1217 796 hominibus
1254 741 1508 795 eluceret
1562 739 1868 807 imitanda,
1923 739 2065 795 adeo

448 831 636 903 pravis
661 830 1050 902 quorumdam
1078 829 1338 883 moribus
1373 831 1498 883 erat
1527 827 1828 894 invidiosa,
1862 829 1959 900 qui
1994 829 2066 883 ad

444 924 671 976 tantam
702 918 1049 991 quandoque
1078 917 1329 971 devoluti
1361 920 1494 970 sunt
1531 916 1840 984 insaniam,
1880 919 1943 970 ut
1973 933 2064 971 re-

449 1025 584 1081 gem
611 1025 776 1063 suum
807 1006 1123 1061 Hildricum
1165 1014 1235 1047 ἰιι
1267 1006 1506 1060 nomine
1539 1006 1918 1059 innocentem
1955 1005 2064 1059 ob-

445 1099 784 1153 truncarent
816 1097 927 1168 (an.
963 1097 1108 1159 673),
1143 1098 1201 1148 et
1256 1094 1410 1148 hunc
1479 1097 1740 1148 sanctum
1787 1094 1970 1147 virum
2031 1110 2064 1147 a

443 1185 576 1240 sede
642 1183 959 1257 pontificali
1029 1182 1276 1253 dejicere
1360 1199 1482 1237 non
1550 1183 2065 1252 perhorrescerent

438 1274 695 1344 (Gonssc.
734 1273 847 1329 Vit.
876 1271 1072 1326 Lamb.
1101 1288 1150 1326 c.
1193 1271 1275 1342 2).

442 1377 456 1388 ‘
476 1365 530 1420 4.
565 1360 720 1428 Quod
740 1359 932 1432 pulsus
967 1359 1035 1414 ab
1068 1361 1372 1430 episcopatu
1396 1360 1778 1413 monasterium
1807 1357 2024 1428 adjecit.

512 1451 626 1504 liae
647 1449 741 1503 ille
769 1448 1198 1519 gratantissime
1243 1447 1600 1502 contumelia
1628 1446 2061 1518 accepta,quip—

440 1553 513 1609 pe
545 1537 641 1608 qui
662 1537 786 1608 jam
818 1536 1034 1590 dudum
1067 1539 1218 1591 ultro
1252 1534 1616 1589 transitorios
1645 1534 1895 1588 honores
1927 1549 2063 1587 eva-

449 1625 592 1680 sisse
623 1626 953 1691 exobtabat,
986 1625 1082 1679 ubi
1114 1624 1475 1696 potissimum
1498 1626 1727 1676 sanctos
1755 1622 1904 1676 viros
1934 1639 2060 1677 mo-

440 1715 672 1769 nastica:
714 1713 1164 1769 conversationis
1214 1712 1403 1766 studio
1463 1712 1682 1766 fervere
1738 1711 2058 1776 constabat,

441 1799 746 1857 Stabulaus
792 1801 1213 1856 monasterium
1248 1816 1280 1853 a
1309 1802 1504 1854 sancto
1539 1801 1806 1854 Remaclo
1840 1806 1910 1840 7"
1943 1799 2058 1852 ins-

436 1888 671 1945 titutum
699 1890 842 1945 adiit
869 1897 960 1945 τεο.
995 1888 1219 1960 Quique
1265 1891 1496 1942 strenue
1548 1890 1789 1942 noverat
1824 1903 2056 1958 prmsse,

2162 743 2527 813 contemptus
2544 741 2693 811 ignis
2712 743 2850 797 caelo
2877 742 3225 811 transmisit,
3253 745 3488 801 alterius
3509 744 3708 802 vitam
3736 749 3815 804 ad

2166 830 2416 899 majores
2443 829 2826 886 certaminum
2856 832 3083 887 labores
3101 832 3332 904 frigoris
3363 834 3701 891 inmanitas
3728 836 3819 892 in-

2163 917 2334 972 terim
2368 919 2658 988 parcendo
2692 917 2960 974 servavit.
2979 919 3084 984 Qui
3110 921 3243 974 licet
3268 925 3510 992 propter
3539 924 3811 979 salutem

2163 1008 2479 1061 multorum
2505 1024 2538 1061 a
2560 1007 2743 1078 gloria
2767 1008 2976 1062 caelesti
2997 1011 3297 1078 paululum
3325 1009 3402 1064 sit
3421 1009 3660 1067 delatus
3689 1029 3812 1068 non

2162 1101 2356 1151 tamen
2382 1098 2677 1151 communi
2699 1099 2907 1152 sanctis
2930 1098 3262 1153 martiribus
3280 1101 3563 1169 praeciosa
3594 1105 3804 1157 morte

2159 1202 2264 1239 nec
2292 1185 2593 1254 multiplici
2611 1186 2943 1240 certaminis
2960 1186 3149 1241 fructu
3169 1187 3409 1242 tandem
3425 1193 3512 1243 est
3535 1189 3804 1246 frauda-

2160 1276 2268 1328 tus.
2321 1273 2554 1343 Tegitur
2591 1272 2718 1327 nive
2763 1273 2947 1345 magis
2993 1290 3169 1346 quam
3220 1278 3394 1340 veste,
3441 1281 3505 1331 ut
3553 1277 3796 1334 dictum

2161 1367 2245 1418 est
2271 1369 2361 1428 768,
2393 1362 2838 1417 sacratissimum
2883 1363 3225 1418 venerabilis
3274 1363 3377 1418 viri
3417 1379 3657 1438 corpus,
3729 1384 3803 1423 eo

2161 1466 2338 1521 usque
2352 1453 2484 1503 ante
2503 1466 2730 1504 crucem
2749 1467 2992 1504 manens
3011 1450 3187 1505 ﬁxum
3205 1455 3262 1507 et
3287 1451 3620 1521 immobile,
3645 1454 3797 1510 dum

2160 1539 2367 1594 fratres
2399 1539 2634 1610 expletis
2656 1539 2861 1610 vigiliis
2885 1542 2945 1593 ut
2968 1539 3246 1611 frigentia
3289 1541 3581 1597 caloribus
3611 1558 3786 1598 cura-

2160 1632 2292 1683 rent
2315 1643 2577 1698 corpora,
2611 1643 2764 1681 nunc
2793 1636 2862 1670 7M
2895 1628 2955 1681 in
2993 1629 3258 1683 conclave
3287 1637 3358 1670 τω
3391 1630 3480 1684 his
3509 1634 3787 1701 aptatum

2160 1717 2354 1772 usibus
2393 1733 2513 1771 sese
2563 1715 2887 1783 conferunt,
2936 1717 3423 1790 consideratisque
3476 1720 3789 1788 omnibus,

2159 1807 2344 1860 solum
2384 1806 2561 1859 abbas
2601 1802 2981 1874 deprehendit
3019 1805 3217 1860 abesse
3249 1805 3486 1860 beatum
3504 1805 3793 1863 Lamber-

2159 1896 2283 1947 tum
2323 1893 2571 1963 (Gonssc.
2605 1892 2714 1948 Vit.
2739 1891 2924 1947 Lamb.
2950 1907 2998 1947 c.
3024 1891 3111 1962 3);
3146 1894 3306 1964 cujus
3331 1894 3608 1950 absentia!
3636 1912 3780 1951 cau-

437 1979 498 2032 ut
528 1978 752 2032 abbatis
775 1982 920 2048 (393)
951 1975 1196 2048 imperio
1228 1976 1458 2029 subesse
1490 1975 1594 2029 sibi
1614 1976 1810 2030 liceret
1825 1974 2060 2046 expetiit
2079 1963 2128 2022 Β
2158 1997 2246 2034 sas
2273 1981 2589 2050 requirens,
2613 1981 2848 2051 agnovit
2876 1997 2909 2036 a
2939 1963 3322 2037 referentibus
3351 1999 3484 2038 eum
3519 1999 3645 2039 esse
3674 1987 3782 2057 qui

435 2070 494 2120 et
514 2065 781 2137 optinuit,
801 2067 971 2136 atque
989 2064 1204 2118 ibidem
1229 2081 1331 2135 per
1351 2067 1574 2133 septem
1599 2080 1784 2118 annos
1801 2065 2058 2117 sanctam

435 2158 494 2209 et
521 2153 844 2225 angelicam
860 2160 932 2195 757
960 2151 1466 2207 conversationem
1486 2151 1543 2204 in
1568 2151 1970 2217 7581aboribus,
1997 2149 2056 2204 in

423 2242 680 2313 jejuniis,
715 2242 771 2295 in
799 2241 1003 2312 vigiliis
1051 2243 1106 2294 et
1154 2239 1540 2305 orationibus,
1586 2241 1644 2293 in
1704 2239 1962 2304 caritate,
1995 2237 2056 2292 in

432 2329 742 2402 pacientia,
773 2329 957 2383 immo
975 2336 1048 2369 ⁷³³
1068 2327 1127 2380 in
1154 2327 1317 2381 omni
1343 2326 1626 2380 virtutum
1650 2325 1840 2396 exegit
1869 2326 2059 2380 obser-

432 2417 630 2472 vantia
657 2416 909 2478 (Geni-25c.
953 2416 1071 2470 Vit.
1105 2413 1294 2470 Lamb.
1323 2428 1380 2469 c.
1405 2416 1480 2479 3).

869 2503 1118 2569 Qualiter
1156 2502 1232 2555 ibi
1250 2501 1507 2571 probatus
1543 2502 1728 2569 fuerit.

503 2576 690 2647 (1bid.)
741 2575 998 2646 Cumque
1042 2575 1210 2626 nocte
1251 2572 1538 2643 quadam,
1578 2587 1692 2641 qua
1741 2574 2054 2642 tempestas

431 2663 696 2720 hiemalis
726 2663 892 2716 solito
923 2661 1184 2732 asperior
1203 2659 1438 2729 frigoris
1462 2662 1519 2712 et
1549 2658 1767 2713 nivium
1809 2659 2052 2715 horrore

433 2749 751 2816 incanduit,
783 2750 868 2804 vir
900 2749 1000 2805 Dei
1043 2765 1109 2802 ex
1161 2746 1456 2801 carissimo
1513 2763 1612 2801 suo
1665 2747 1762 2801 illo
1796 2763 1899 2800 usu
1933 2746 2052 2800 fra-

431 2844 590 2895 trum
614 2839 840 2910 vigilias
866 2839 926 2892 in
963 2837 1064 2890 Dei
1123 2835 1383 2890 laudibus
1416 2837 1684 2905 pergeret
1709 2834 2048 2905 anticipare,

435 2947 471 2984 a
495 2944 673 2984 manu
706 2927 798 2999 pie
825 2924 1148 2980 festinantis
1196 2923 1386 2978 subito
1419 2924 1640 2977 calceus
1677 2926 1761 2977 est
1802 2923 2048 2992 elapsus,

430 3020 602 3088 atque
634 3015 961 3086 aliquantus
986 3012 1225 3084 perinde
1260 3027 1433 3064 sonus
1458 3027 1492 3065 a
1521 3015 1685 3081 patre
1716 3009 2050 3064 monasterii

431 3108 518 3160 est
545 3103 790 3157 auditus.
828 3105 989 3173 Isque
1018 3103 1212 3155 statim
1269 3115 1401 3153 eum
1443 3099 1541 3170 qui
1579 3098 1771 3153 taliter
1800 3099 2048 3152 fratrum

429 3192 697 3263 fregisset
745 3190 1061 3255 silentium,
1112 3187 1472 3258 adjudicatus
1516 3195 1589 3228 πο
1635 3190 1719 3239 est
1763 3186 1913 3241 cruci
1947 3187 2050 3241 sub

431 3281 562 3336 divo
593 3280 793 3351 positas
831 3309 899 3318 —
954 3293 1092 3332 nam
1125 3277 1246 3330 haec
1292 3278 1414 3329 erat
1468 3275 1685 3329 ibidem
1718 3274 2052 3344 bujusmodi

431 3367 792 3440 corrigendis
823 3365 1143 3421 excessibus
1172 3373 1244 3406 τσο
1274 3362 1936 3436 disciplina—nesciens
1965 3366 2050 3416 ta-

432 3473 570 3514 men
587 3459 674 3511 cui
698 3458 804 3512 hoc
828 3457 1164 3527 imperaret,
1189 3451 1488 3508 inflexibili
1506 3451 1721 3506 addicit
1742 3449 2047 3506 sententia.

432 3549 550 3615 Ille,
583 3546 834 3602 velocius
862 3561 1039 3617 quam
1072 3543 1116 3597 si
1147 3538 2053 3613 prosperajuberentur,abbatis

432 3635 620 3690 edicta
644 3633 894 3699 facessit,
951 3635 1007 3686 et
1047 3633 1108 3684 ut
1161 3633 1286 3684 erat
1312 3631 1432 3684 solo
1465 3629 1700 3683 indutus
1726 3627 1931 3694 cilicio,
1962 3642 2055 3697 pe-

436 3724 604 3779 dibus
635 3722 801 3777 nudis
827 3736 1025 3775 coram
1077 3735 1248 3772 cruce
1297 3717 1518 3771 mundo
1575 3715 1874 3770 cruciﬁxus
1928 3731 2053 3768 car-

435 3814 638 3884 nisque
665 3808 980 3873 desideriis,
1030 3822 1203 3861 orans
1251 3807 1309 3858 et
1352 3805 1601 3874 psallens
1648 3803 2053 3873 perseveravit.

413 3902 567 3958 "Stat
590 3900 772 3953 instar
799 3895 982 3950 crucis
1032 3894 1167 3947 ante
1209 3891 1434 3962 positm,
1489 3893 1605 3946 stat
1662 3893 1833 3962 plane
1863 3892 2057 3946 vivens

415 3986 648 4045 'Christi
678 3983 886 4049 hostia,
919 3980 1172 4036 offerens
1200 3980 1340 4034 caelo
1367 3986 1434 4020 τοι
1458 3979 1822 4035 suavissimas
1851 3981 2057 4036 odores

443 4072 829 4137 obmdientim,
863 4070 1002 4124 dum
1030 4071 1088 4123 et
1127 4067 1510 4138 obrigescenti
1551 4085 1671 4141 prae
1703 4071 1900 4141 algore
1931 4085 2058 4124 cor-

445 4162 680 4236 pusculo
708 4157 1112 4214 incumbentes
1139 4155 1366 4212 fortiter
1395 4159 1783 4230 comtempnit
1812 4157 2060 4224 nives,et

447 4248 784 4324 psalmodiec
805 4255 876 4289 τοι
898 4245 1305 4302 nichilominus
1329 4246 1603 4318 persolvit
1619 4249 2060 4318 munus,procul

413 4363 418 4366 ·
451 4337 626 4394 dubio
647 4336 723 4390 sic
746 4333 991 4390 creatori
1014 4351 1115 4388 suo
1137 4335 1320 4389 multo
1353 4334 1659 4405 acceptius.
1684 4335 1824 4388 Vere
1851 4334 2062 4390 eodem

453 4423 658 4496 spiritu
689 4425 842 4478 hunc
876 4425 1139 4478 nostrum
1159 4425 1216 4478 et
1234 4439 1302 4477 ex
1323 4425 1432 4478 hoc
1445 4423 1569 4492 jam
1589 4422 1868 4494 supplicio
1907 4440 2061 4478 mar-

417 4539 433 4548 -
455 4513 628 4569 tirem
653 4511 1082 4567 inﬂammatum
1100 4527 1222 4567 esse
1243 4511 1614 4577 crediderim,
1632 4527 1746 4582 quo
1765 4511 2062 4568 craticula-

2157 2068 2330 2140 ipsius
2353 2069 2514 2139 jussu
2543 2085 2772 2124 crucem
2803 2070 3152 2142 intempesta
3205 2078 3277 2112 τοο
3328 2075 3497 2126 nocte
3535 2072 3783 2140 adierit,

2156 2172 2290 2210 eum
2322 2173 2469 2227 pene
2500 2165 2570 2198 767
2592 2157 2813 2211 nudum
2835 2160 2893 2210 et
2914 2157 3305 2213 discalciatum
3331 2160 3460 2214 nive
3479 2160 3787 2232 etfrigore

2154 2244 2526 2300 intollerabili
2555 2252 2626 2287 τω
2670 2245 2846 2300 etiam
2887 2245 3120 2310 vestitis,
3165 2247 3518 2317 jamdudum
3569 2265 3786 2303 excru-

2155 2332 2315 2387 ciari.
2340 2333 2597 2387 Curritur
2619 2333 2805 2402 ocius;
2839 2334 3104 2389 sacerdos
3134 2335 3234 2389 Dei
3265 2336 3500 2390 vixdum
3535 2338 3783 2408 agnosci

2153 2421 2347 2475 valens
2375 2421 2691 2476 extrahitur
2716 2422 2909 2477 media
2942 2423 3040 2476 illa
3082 2423 3299 2478 nivium
3338 2423 3650 2493 densitate,
3683 2440 3778 2480 ar-

2152 2513 2356 2582 tusque
2378 2517 2448 2552 769
2473 2509 2618 2564 sacri
2648 2511 2760 2564 acsi
2785 2510 2843 2566 in
2877 2513 3126 2566 mortem
3163 2511 3416 2582 rigentes
3441 2529 3563 2585 pra:
3583 2513 3775 2586 ﬁgere

2151 2598 2397 2668 copiosis
2427 2598 2654 2669 ignibus
2687 2597 3089 2668 admoventur,
3137 2615 3256 2654 non
3288 2599 3410 2655 sine
3439 2601 3627 2656 multa
3651 2602 3775 2657 fra-

2149 2688 2305 2740 trum
2333 2689 2390 2741 et
2437 2686 2661 2741 abbatis
2709 2688 2959 2743 maxime
3012 2688 3352 2759 penitentia,
3389 2706 3452 2745 se
3479 2706 3672 2759 reum,
3704 2709 3770 2746 se

2149 2775 2494 2846 sacrilegum
2524 2775 2940 2847 ingeminantis
2965 2785 3058 2844 πο,
3091 2777 3188 2850 qui
3218 2778 3357 2833 talia
3407 2777 3469 2832 in
3495 2784 3768 2836 sanctum

2147 2863 2333 2917 virum
2357 2863 2618 2933 judicare
2650 2865 3121 2936 praesumpsisset.
3172 2867 3284 2920 Nec
3327 2866 3489 2936 prius
3541 2868 3767 2923 abstitit

2148 2951 2418 3006 sedulitas
2441 2951 2715 3008 fraternae
2747 2954 2994 3025 pietatis,
3027 2954 3212 3009 donec
3250 2970 3381 3008 cum
3415 2955 3519 3010 Dei
3552 2957 3766 3010 auxilio

2150 3041 2333 3093 multa
2354 3040 2681 3096 adhibendo
2709 3042 2970 3097 fomenta
2983 3042 3264 3097 afﬂictum
3288 3059 3499 3116 corpus
3521 3044 3767 3116 pristina

2147 3127 2540 3183 incolomitate
2563 3130 2945 3201 redintegrat.

2069 3239 2114 3296 ρ
2149 3219 2201 3271 6.
2237 3215 2478 3282 Qualiter
2503 3217 2674 3296 denu_o
2702 3219 2772 3272 ad
2791 3223 3144 3296 episcopatum
3178 3229 3362 3296 raptus
3392 3223 3458 3274 in
3479 3237 3540 3276 eo
3577 3225 3769 3277 vixerit

2533 3297 2582 3342 et
2621 3291 2929 3344 Texandria?
2962 3291 3360 3362 pra-dicaverit.

2221 3358 2343 3411 Non
2371 3359 2552 3414 multo
2581 3364 2708 3432 post
2731 3358 2983 3433 (Goossc‘.
3022 3362 3131 3417 Vit.
3155 3362 3336 3418 Lamb.
3361 3379 3410 3418 c.
3434 3362 3501 3434 4)
3523 3363 3752 3419 devotio

2148 3444 2399 3501 filiorum
2426 3447 2802 3518 Trajectensis
2864 3451 3101 3506 melesies
3140 3450 3331 3506 amissi
3378 3451 3628 3522 pastoris
3655 3452 3760 3507 sed

2149 3533 2257 3588 vivi
2288 3534 2610 3607 dampnum
2650 3553 2778 3592 sero
2809 3545 2879 3580 ’ττι
2929 3539 3319 3594 reminiscitur
3359 3547 3453 3594 ττι.
3492 3540 3752 3596 Tandem

2152 3622 2475 3678 detrectans
2481 3624 2690 3696 jugum
2709 3625 3032 3698 impiissimi
3053 3629 3508 3699 supplantatoris
3531 3636 3626 3697 τη,
3659 3629 3758 3702 qui

2152 3709 2549 3782 indignissime
2571 3729 2700 3768 oves
2722 3715 3051 3770 Dominicas
3067 3731 3172 3786 per
3195 3718 3425 3787 septem
3456 3733 3638 3772 annos
3662 3733 3760 3772 ve-

2153 3803 2403 3867 xaverat,
2435 3801 2722 3856 domuum
2749 3803 3122 3858 Lambertum
3145 3804 3502 3859 unanimiter
3532 3805 3636 3860 sibi
3666 3821 3762 3860 re-

2154 3891 2396 3958 poscunt
2412 3895 2481 3930 ττι
2503 3888 2856 3962 episcopum.
2873 3890 3057 3954 Quem
3071 3891 3168 3946 diu
3188 3893 3555 3966 multumque
3578 3896 3727 3948 recta
3741 3927 3760 3936 -

2156 3980 2437 4044 mentem,
2459 3977 2666 4048 majori
2691 3978 2960 4034 violentia
2975 3997 3150 4052 quam
3168 3985 3342 4036 antea
3360 3984 3626 4054 expulsus
3640 3983 3756 4036 fue-

2156 4065 2251 4127 rit,
2283 4065 2353 4120 de
2384 4066 2736 4122 monasterio
2783 4070 3103 4123 extractum
3147 4068 3221 4123 ad
3262 4069 3464 4124 sedem
3496 4070 3766 4142 episcopii

2156 4153 2460 4221 reducunt,
2491 4158 2906 4229 exceptumque
2935 4156 3168 4230 egregio
3195 4157 3329 4212 hinc
3363 4159 3484 4214 Deo
3515 4160 3762 4215 servien-

2157 4241 2324 4311 tium,
2343 4243 2476 4298 hinc
2505 4260 2826 4315 pauperum
2856 4246 3062 4301 Christi
3090 4245 3409 4319 triumpho,
3442 4248 3655 4304 iterum
3681 4253 3751 4291 τη

2159 4329 2218 4384 in
2249 4332 2522 4387 cathedra
2550 4333 2866 4404 pontiﬁcali
2896 4333 3229 4390 sublimant.
3259 4335 3407 4390 Tum
3439 4353 3572 4392 vero
3589 4353 3767 4410 quan-

2161 4424 2282 4476 tam
2315 4421 2606 4495 utriusque
2635 4422 2785 4494 vitae,
2811 4425 3274 4495 contemplativaa
3305 4424 3523 4481 scilicet
3551 4431 3610 4482 et
3628 4426 3761 4481 acti-

2166 4527 2268 4578 vae,
2313 4511 2733 4583 perfectionem
2788 4522 3075 4569 assecutus
3121 4513 3315 4584 fuerit,
3364 4531 3399 4570 a
3459 4516 3772 4588 majoribus

457 4609 550 4660 tus
579 4601 672 4656 ille
687 4601 1291 4656 Laurenciuszestuans
1309 4599 1550 4654 interius
1562 4600 1872 4656 exteriores
1899 4601 2068 4656 ﬂam—
2089 4617 2142 4676 D
2168 4600 2374 4655 nostris
2403 4601 2728 4673 conscripta
2765 4601 3066 4658 evidenter
3115 4602 3292 4674 ipsius
3332 4604 3596 4660 declarat
3619 4604 3765 4671 Vita;

461 4707 589 4749 mas
605 4690 844 4746 calcavit
861 4691 1060 4745 victor.
1087 4689 1346 4752 Quorum
1358 4704 1463 4759 par
1481 4687 1730 4744 fidesillo
1745 4689 1878 4760 igne
1895 4707 2069 4762 quem

2168 4706 2344 4763 quam
2373 4691 2462 4745 his
2489 4690 2586 4762 qui
2609 4707 2728 4763 non
2767 4691 2981 4763 legere,
3022 4693 3146 4748 haec
3195 4693 3549 4765 compendio
3589 4694 3773 4749 scribi-

463 4780 736 4838 dominus
763 4781 924 4834 Jesus
952 4779 1011 4832 in
1043 4781 1224 4832 terras
1270 4776 1446 4843 misit,
1487 4777 1862 4832 vehementer
1888 4779 2072 4851 ignita
2169 4796 2318 4848 mus,
2353 4777 2521 4833 simul
2543 4796 2616 4834 ne
2646 4779 3126 4850 gloriosissimum
3148 4784 3464 4853 patronum
3493 4787 3768 4849 nostrum,

464 4871 540 4927 ad
573 4870 830 4942 dispares
867 4882 1065 4940 poenas
1094 4864 1258 4937 quasi
1287 4864 1641 4921 insensibilia
1668 4867 1922 4924 reddidit
1951 4886 2072 4924 cor-

2171 4869 2260 4923 cui
2291 4869 2474 4924 multo
2502 4869 2788 4940 ampliora
2832 4869 3131 4940 debemus,
3163 4871 3390 4926 silentio
3423 4873 3767 4943 praeterisse

1775 4993 2010 5050 VARUE
2039 4995 2437 5052 LECTIONES.

535 5091 603 5128 ποι
637 5086 693 5139 in
716 5087 750 5140 2
771 5088 956 5156 postea
980 5097 1123 5138 corr.
1143 5080 1503 5157 ‘Kildericum
1535 5081 1771 5157 nomine
1797 5082 1985 5157 tilium
2016 5083 2281 5157 Clodovei
2313 5085 2829 5157 ﬁliamADagoberti
2861 5087 3010 5142 obtr.
3043 5095 3115 5130 758
3145 5087 3466 5146 vocabulum
3501 5098 3771 5152 erasum'l.

462 5161 535 5200 ἠσ
563 5157 683 5212 adit
712 5153 794 5209 4.⁷
819 5161 889 5196 τδτ
919 5153 1308 5232 evangelicam
1341 5155 1426 5232 4..Δ
1449 5161 1519 5232 τξθ
1547 5153 1919 5232 ἱῐιηιειιρρτὶβιιε
1946 5186 2018 5232 ——_
2043 5156 2222 5232 immo
2252 5155 2576 5232 desunt_Ch.
2608 5153 2698 5232 ’τεὴ
2723 5157 3080 5232 adjudicatus
3103 5165 3198 5232 est
3231 5165 3278 5217 1.
3303 5161 3659 5232 adjudicatus
3689 5184 3767 5220 su-

454 5245 656 5302 perscr.
690 5232 738 5280 et
767 5232 1056 5302 post‘corr.
1083 5223 1435 5302 adjudicauit
1464 5229 1516 5280 2.
1546 5223 1900 5302 adjudicatus
1939 5230 2023 5279 est
2053 5231 2104 5283 3.
2136 5230 2202 5302 4.-
2239 5228 2377 5302 deest
2408 5227 2509 5285 Ch.
2561 5236 2631 5302 7°?
2651 5231 2738 5283 sic.
2777 5223 2831 5282 4.
2864 5236 2912 5282 et
2943 5227 3045 5286 Ch.
3077 5231 3216 5286 deest
3249 5236 3294 5286 1.
3330 5223 3393 5287 2Ῐ
3417 5237 3472 5301 3,
3549 5244 3612 5278 τοι
3642 5237 3769 5291 deest

548 5303 602 5356 4.
678 5295 1112 5369 mpsalmodiis:
1143 5300 1190 5349 1.
1248 5303 1318 5369 ῖοθ
1339 5312 1594 5364 superscr.
1621 5299 1669 5349 2.
1751 5304 1820 5336 76‘
1845 5313 2052 5369 erasum
2081 5303 2133 5353 2.
2167 5298 2304 5352 deest
2334 5301 2386 5353 4.
2463 5306 2534 5340 ⁷6³
2571 5301 2725 5353 clave
2768 5303 2817 5353 1.
2857 5303 2909 5356 3.
2951 5317 3089 5358 corr.
3121 5303 3399 5358 conclaue
3427 5295 3483 5361 2'.
3516 5309 3767 5362 conclave

459 5375 494 5428 4
525 5370 626 5426 Ch.
705 5365 793 5410 ποθ’
815 5369 1057 5438 impesta
1083 5383 1220 5423 corr.
1251 5365 1600 5438 intempesta
1630 5370 1682 5424 2.
1760 5374 1829 5438 ’τω
1861 5368 2007 5438 pede
2042 5373 2090 5422 1.
2124 5373 2176 5424 2.
2211 5374 2240 5424 3

1310 5444 1382 5478 770
1412 5453 1546 5512 corr.
1581 5437 1990 5512 ingeminantis
2015 5444 2068 5512 2.
2102 5440 2239 5493 idem
2267 5442 2320 5495 4.
2373 5439 2473 5512 Ch.
2523 5441 2891 5512 ingeminans
2939 5447 2983 5498 1.
3045 5447 3096 5500 3.

460 5445 513 5499 3.
544 5444 597 5496 4.
630 5440 727 5498 Ch.
751 5437 968 5494 corr.’2.
1004 5437 1154 5492 arius
1185 5441 1233 5491 1.

2339 5377 2410 5412 768
2437 5369 2805 5424 intollerabili
2828 5388 2967 5425 corr.
2999 5372 3350 5430 intolerabili
3382 5380 3436 5430 2.
3517 5385 3586 5420 πθ
3624 5383 3768 5434 artus

3210 5451 3278 5486 ττι
3344 5462 3482 5502 vero
3537 5452 3585 5506 1.
3635 5453 3685 5505 2.
3713 5452 3762 5504 3.

528 5521 601 5554 ττι
628 5511 903 5591 damnum
933 5525 1068 5564 vero
1098 5524 1307 5592 erasum
1336 5512 1388 5564 2.
1414 5508 1507 5592 ubi
1520 5515 1642 5578 post
1670 5524 1808 5592 corr.
1832 5510 2234 5592 reminiscens;
2267 5511 2572 5567 reminitur
2590 5508 2656 5569 ’3.
2734 5520 2804 5556 ⁷⁷³
2843 5514 3229 5586 supplantoris
3270 5519 3319 5575 1.
3397 5525 3473 5562 ττι
3523 5527 3636 5592 post
3666 5537 3761 5576 cor.

452 5582 704 5655 reposcit
725 5585 780 5636 2.
855 5587 924 5620 ⁷⁷⁵
958 5595 1159 5634 uerum
1196 5583 1248 5634 1.
1278 5583 1330 5634 3.
1349 5585 1471 5650 post
1499 5596 1638 5635 corr.
1674 5579 1888 5635 iterum
1923 5580 1980 5635 2.

519 5766 661 5844 (393)
681 5763 950 5832 Goduini,
977 5768 1024 5821 si
1052 5767 1194 5840 quid
1217 5767 1278 5822 in
1301 5766 1472 5822 rebus
1502 5770 1621 5823 tam
1649 5767 1881 5825 incertis
1911 5697 2349 5832 statigrrdqiicet.
