3902 6210
172 452 320 519 Μ73

1059 422 1359 515 ansam
1393 445 1612 509 casu
1648 444 1848 509 EPISC
1858 444 2147 510 epoauu
2183 448 2666 521 Lsonmusmu.

3376 459 3513 521 1074

189 579 527 643 videamur.
552 572 941 639 Toxandriam
963 578 1213 641 eatenus
1238 574 1518 633 idolatriae
1544 574 1799 635 deditam
1828 576 1885 638 Δ
1914 577 2136 645 autem,
2186 576 2567 642 inmanissimi
2605 578 2970 656 perpetrator
3014 578 3243 639 sceleris
3270 581 3515 655 turpiter

176 665 548 732 constantior
605 681 782 739 quam
835 669 973 723 tunc
1028 682 1161 721 cum
1205 665 1309 721 sub
1365 664 1589 721 nivibus
1624 667 1801 720 staret
1906 666 2114 741 egestis
2157 674 2228 710 ⁷⁸³
2272 667 2575 738 intestinis,
2617 675 2752 727 ante
2802 673 3092 743 expletum
3136 688 3359 731 annum
3398 672 3514 727 vita

170 756 436 830 (Gonasc.
479 754 594 810 Vit.
626 753 817 815 Lamb.
851 770 900 812 c.
937 757 1010 822 6),
1053 753 1220 809 fortis
1256 753 1504 809 bellator
1532 751 1799 825 aggredi-

167 848 269 902 tur
326 841 641 902 confodere
696 858 764 898 eo
810 842 987 899 verbo
1055 842 1212 914 quod
1256 844 1342 897 est
1388 840 1800 915 penetrabilius

169 933 343 997 omni
373 931 569 1005 gladio
600 931 795 1003 (Hebr.
838 948 915 986 1v.
966 931 1086 1003 l2);
1140 947 1247 986 nec
1276 946 1464 998 mora,
1504 932 1797 985 annuente

173 1022 281 1083 Dei
313 1021 525 1095 gratia,
554 1018 828 1079 silvestris
862 1019 965 1077 illa
991 1019 1387 1075 humanorum
1418 1017 1679 1074 cordium
1710 1018 1797 1074 fe-

175 1110 323 1173 ritas
352 1109 726 1176 mansuescit,
769 1111 828 1167 et
857 1111 1017 1166 vasta
1063 1107 1312 1164 solitudo
1350 1123 1477 1180 qua:
1506 1114 1578 1148 77°
1623 1105 1797 1162 nichil

171 1197 339 1257 aliud
366 1200 524 1255 retro
553 1214 729 1271 quam
757 1196 993 1253 miricas
1012 1199 1270 1253 noverat.
1295 1212 1361 1252 ex
1378 1194 1610 1251 Domini
1625 1195 1797 1251 bene-

172 1286 435 1345 dictione
474 1287 733 1343 cedrum
750 1294 844 1355 "7,
874 1284 1148 1352 abietem,
1174 1284 1376 1356 pinum
1401 1292 1473 1328 ἠε
1498 1286 1556 1338 et
1579 1283 1792 1340 buxum

169 1375 341 1448 (Isai.
368 1392 459 1447 1.x,
480 1377 564 1445 13)
581 1393 643 1432 se
671 1373 958 1448 suscipere
980 1375 1247 1443 laetatur;
1278 1372 1595 1446 mediisque
1618 1374 1795 1428 inter-

164 1467 378 1539 jacens
433 1464 738 1538 paludibus
777 1480 917 1535 ager
945 1470 1017 1505 ἰτα
1051 1462 1149 1518 diu
1194 1460 1404 1518 sterilis
1447 1465 1505 1516 et
1542 1461 1796 1517 infecun-

174 1554 309 1622 dus,
336 1552 480 1608 alius
508 1556 802 1619 centenos,
818 1551 960 1607 alius
981 1566 1316 1623 sexagenos,
1350 1548 1491 1605 alius
1512 1549 1796 1621 trigenos,

172 1641 436 1699 Domino
461 1641 731 1697 fertiliter
759 1639 951 1696 reddit
987 1639 1206 1694 fructus
1235 1636 1457 1709 (Matth.
1483 1656 1603 1707 xm,
1625 1638 1698 1709 8).

433 1736 487 1786 '7.
524 1729 768 1798 Qualiter
797 1748 829 1784 a
849 1729 1071 1801 perﬁdis
1094 1730 1162 1783 sit
1187 1730 1546 1799 interemptus.

1902 754 2175 827 privatus,
2208 759 2427 811 aeterna
2447 760 2635 813 morte
2660 761 2748 813 est
2770 758 3103 828 damnatus;
3136 758 3328 815 caeteri
3359 757 3514 815 nihi-

1902 842 2155 899 lominus
2201 860 2425 913 omnes,
2458 845 2555 918 qui
2585 844 2711 901 neci
2750 846 3021 903 antistitis
3050 846 3385 916 interfuere,
3415 847 3509 903 alii

1898 931 2052 989 inter
2075 949 2134 987 se
2166 932 2508 988 dimicantes
2549 950 2608 989 se
2637 932 2793 1006 ipsos
2821 933 3191 1003 interemere,
3225 935 3319 991 alii
3349 952 3381 990 a
3408 936 3506 991 de-

1898 1020 2165 1079 monibus
2200 1020 2385 1078 vexati
2413 1020 2740 1077 miserabile
2771 1023 3158 1094 spectaculum
3193 1023 3399 1078 divinae
3422 1025 3507 1078 ul-

1899 1108 1980 1165 tio
1994 1109 2083 1164 nis
2112 1108 2172 1165 in
2202 1126 2262 1165 se
2289 1109 2624 1165 hominibus
2653 1111 2954 1182 praebuere
2985 1122 3049 1184 (c.
3086 1110 3194 1183 14).
3234 1113 3368 1168 Post
3405 1112 3508 1167 ali-

1897 1200 2039 1270 quot
2051 1201 2245 1253 autem
2264 1214 2448 1255 annos
2465 1197 2854 1255 sacerdotibus
2866 1200 3173 1273 multisque
3187 1200 3310 1257 aliis
3321 1202 3504 1257 Deum

1902 1285 2242 1342 timentibus
2275 1287 2592 1342 revelatum
2623 1290 2707 1343 est
2736 1305 2770 1344 a
2807 1287 3056 1346 Domino
3085 1306 3291 1361 corpus
3316 1307 3504 1345 sacra-

1900 1373 2195 1429 tissimum
2252 1375 2311 1430 in
2354 1376 2547 1431 locum
2588 1375 2889 1448 passionis,
2943 1376 3154 1433 scilicet
3208 1378 3504 1445 Leodium,

1896 1462 2199 1519 transferri
2227 1463 2460 1519 debere.
2480 1464 2644 1528 Quod
2658 1464 2988 1520 ﬁdelissime
3011 1482 3044 1521 a
3065 1466 3233 1521 beato
3254 1467 3505 1521 Huberto

1906 1568 2230 1608 successore
2256 1552 2379 1623 ejus
2412 1555 2497 1608 est
2527 1553 2927 1625 adimpletum.
2963 1554 3105 1609 Nam
3134 1562 3206 1597 79°
3237 1553 3505 1610 effossum

1912 1640 2093 1697 humo
2125 1641 2573 1698 sacratissimum
2594 1659 2821 1716 corpus,
2836 1658 2954 1697 non
2975 1646 3311 1715 corruptum
3328 1646 3384 1698 et
3404 1642 3509 1697 mi-

1907 1729 1988 1785 ris
2017 1729 2291 1785 odoribus
2320 1746 2644 1804 respersum
2675 1735 2971 1804 repertum
2997 1734 3107 1799 est;
3141 1734 3507 1804 levatumque

243 1818 487 1875 Talibus
512 1819 789 1874 virtutum
823 1816 1114 1872 exerciciis
1152 1824 1224 1859 τ’το
1253 1816 1326 1871 ad
1356 1815 1671 1889 gloriosum
1703 1833 1796 1873 ve-
1826 1827 1879 1888 Β
1900 1816 2036 1874 inde
2075 1816 2136 1872 in
2165 1816 2401 1886 feretro,
2435 1818 2494 1873 in
2543 1819 2735 1873 locum
2777 1836 2890 1891 quo
2935 1836 3089 1874 nunc
3116 1820 3343 1886 colitur,
3373 1836 3504 1875 cum

173 1907 345 1965 nitur
377 1905 730 1974 martirium,
763 1923 876 1978 quo
926 1904 1055 1959 vitae
1104 1905 1451 1977 ingressum,
1483 1904 1689 1960 mortis
1711 1922 1801 1961 ex-

174 1998 335 2055 itum
367 1996 550 2052 victor
581 1994 801 2050 invenit
836 1995 1085 2067 (Gonnsc.
1123 1994 1233 2049 Vit.
1266 1993 1454 2050 Lamb.
1489 2010 1537 2048 c.
1568 1999 1638 2061 7).
1667 1994 1797 2050 Vio-

171 2086 399 2142 latores
457 2086 515 2140 et
561 2099 893 2156 pervasores
921 2089 994 2125 τεο
1030 2098 1229 2138 rerum
1270 2080 1797 2138 mcclesiasticarum

183 2176 341 2237 duos
366 2173 575 2229 fratres
605 2170 776 2244 aliqui
806 2188 873 2226 ex
903 2170 1247 2243 propinquis
1274 2170 1455 2225 sancti
1478 2169 1795 2241 Lamberti,

176 2264 312 2336 ipso
340 2260 655 2328 nesciente,
682 2259 1062 2329 interfecere;
1100 2259 1257 2332 quod
1275 2258 1460 2327 Dodo,
1502 2258 1799 2329 proximus

178 2367 418 2418 eorum,
437 2348 646 2406 eodem
675 2351 942 2421 tempore
960 2351 1290 2420 praepotens
1316 2346 1376 2401 in
1404 2347 1580 2402 domo
1611 2346 1795 2419 regia,

171 2436 304 2496 non
333 2438 476 2495 alias
521 2453 695 2510 quam
733 2436 795 2492 in
834 2437 1023 2510 ipsum
1055 2435 1389 2508 episcopum
1426 2434 1647 2491 censuit
1675 2451 1797 2491 esse

171 2527 600 2584 vindicandum
631 2534 726 2581 ται.
785 2525 1161 2598 Collectisque
1202 2541 1322 2580 non
1359 2524 1555 2597 paucis
1591 2524 1665 2580 ad
1688 2525 1799 2579 hoc

172 2615 410 2673 facinus
427 2612 681 2670 militum
708 2614 909 2687 copiis,
933 2613 993 2669 in
1014 2612 1350 2688 pontificem
1380 2630 1510 2668 cum
1533 2629 1664 2669 rara
1694 2613 1795 2669 do-

172 2703 570 2761 mesticorum
589 2718 767 2757 manu
781 2705 919 2757 tunc
932 2702 1083 2757 forte
1095 2701 1206 2757 Leo
1214 2700 1290 2756 dii
1309 2703 1795 2771 commorantem,

1898 1905 2063 1962 omni
2093 1905 2315 1961 honore
2338 1909 2423 1961 est
2439 1906 2808 1978 deportatum
2833 1915 2924 1962 790.
2941 1907 3048 1963 Ubi
3068 1907 3221 1963 inter
3250 1908 3505 1963 eundum

1896 2010 2003 2068 per
2019 1992 2507 2050 illuminationem
2527 1994 2644 2050 ceci
2657 1994 2911 2050 etclaudi
2924 1994 3509 2064 curationem,marti-

1897 2082 1976 2138 ris
1994 2081 2077 2137 sui
2097 2081 2371 2138 virtutem
2391 2082 2671 2139 Dominus
2681 2083 3105 2139 confluentibus
3121 2083 3375 2156 undique
3392 2087 3509 2139 tur-

1896 2170 1985 2228 bis
2007 2171 2278 2243 dignatus
2295 2174 2380 2227 est
2393 2171 2640 2244 amplius
2654 2172 2966 2227 declarare.
2982 2173 3058 2228 Ex
3071 2189 3183 2244 quo
3199 2172 3509 2235 innumera

1897 2260 1972 2317 ad
1988 2262 2280 2319 tumulum
2302 2261 2445 2335 ejus,
2477 2264 2601 2316 tum
2626 2264 2761 2316 ante
2780 2277 2906 2329 nos,
2929 2263 3053 2316 tum
3072 2263 3271 2316 nostra
3287 2277 3509 2315 memo-

1896 2349 1985 2409 ria
2015 2354 2240 2406 ostensa
2272 2354 2405 2407 sunt
2435 2351 2736 2419 miracula,
2771 2368 2898 2423 qua:
2927 2367 3032 2422 pro
3066 2351 3151 2407 sui
3182 2350 3506 2406 numerosi-

1900 2440 2017 2495 tate
2035 2438 2281 2495 minime
2301 2443 2434 2495 sunt
2455 2439 2801 2514 conscripta.
2820 2439 2942 2506 Quo
2958 2448 3027 2482 πί
3044 2439 3221 2495 modo
3244 2439 3379 2495 vivit
3395 2439 3509 2495 illic

1896 2526 1997 2584 ubi
2037 2526 2192 2595 vivit,
2230 2528 2327 2600 qui
2357 2531 2444 2584 tot
2474 2528 2766 2584 miraculis
2793 2527 2948 2595 vivit,
2984 2526 3083 2584 ubi
3115 2544 3321 2600 corpus
3347 2545 3511 2584 mor-

1895 2618 2064 2672 tuum
2092 2615 2441 2688 requiescit?
2487 2617 2611 2672 Non
2639 2632 2778 2688 ergo
2824 2616 3020 2688 pigeat
3055 2618 3313 2671 sanctam
3343 2616 3509 2672 Colo-

1899 2704 2082 2772 niam,
2108 2704 2306 2759 multis
2330 2703 2637 2761 martirum
2682 2703 2914 2760 milibus
2943 2702 3300 2777 insignitam,
3333 2702 3509 2759 etiam

188 2796 258 2850 ut
290 2793 462 2865 lupus
494 2791 555 2847 in
580 2807 711 2846 oves
737 2789 935 2845 insilit.
967 2791 1036 2847 Et
1066 2789 1256 2861 primo
1285 2789 1531 2845 diluculo
1555 2790 1796 2845 domum
1893 2793 2049 2853 hunc
2078 2791 2211 2848 illia:
2256 2808 2372 2849 suae
2415 2790 2676 2847 venerari
2724 2794 3059 2864 patronum,
3098 2793 3162 2844 ut
3191 2793 3422 2845 censeat
3451 2806 3509 2846 se

179 2879 475 2955 praesulis,
511 2895 684 2952 quam
714 2878 908 2934 videre
929 2877 1194 2934 nonnulli
1223 2880 1346 2934 tota
1374 2877 1471 2933 illa
1496 2881 1663 2934 nocte
1694 2894 1799 2933 cae-

180 2968 321 3024 lesti
345 2966 568 3023 lumine
591 2966 772 3021 instar
792 2966 1109 3021 Dominicae
1123 2966 1308 3022 crucis
1327 2965 1611 3039 insigniri,
1626 2966 1797 3023 auda-

180 3055 453 3112 cissimus
480 3056 871 3127 praesumptor
891 3056 1250 3109 armatorum
1277 3053 1454 3109 cinxit
1474 3053 1795 3110 obsidione.

1892 2880 1949 2937 ei
1978 2880 2303 2937 debitorem
2336 2879 2489 2952 apud
2508 2879 2692 2935 Deum
2710 2879 2769 2934 in
2791 2895 2963 2951 prece
2979 2887 3074 2947 τοί,
3094 2878 3193 2952 qui
3222 2878 3369 2941 tanti
3392 2878 3512 2935 fue-

1895 2968 1972 3025 rit
2000 2970 2154 3043 apud
2184 2985 2315 3025 eam
2343 2985 2470 3041 quae
2500 2985 2616 3023 suae
2636 2976 2707 3011 m
2730 2968 2858 3025 urbi
2876 2967 3144 3040 praesidet
3164 2967 3506 3025 (ecclesiam.

2217 3063 2269 3115 8.
2322 3056 2450 3113 Item
2483 3057 2592 3112 alia
2612 3057 2676 3112 de
2694 3057 2871 3115 eodem
2890 3059 3065 3129 opinio
3091 3064 3184 3111 τοι.

177 3148 260 3202 At
277 3143 1327 3217 virDeiintrinsecussomno,cuipost
1343 3142 1563 3216 vigilias
1582 3145 1801 3200 defessa
1830 3137 1877 3200 C
1972 3146 2125 3203 Huic
2152 3146 2484 3202 beatissimo
2531 3145 3087 3202 viro‘testimonium
3117 3143 3384 3217 perhibet
3408 3145 3512 3202 Re-

179 3231 1186 3304 membrareclinavarat,improviso
1200 3232 1680 3287 tumultuantium
1692 3232 1804 3288 fra-

177 3338 333 3397 gore
365 3318 809 3393 expergiscitur;
841 3318 1151 3392 statimque
1170 3320 1346 3375 nichil
1365 3319 1534 3374 reniti
1556 3321 1645 3375 vel
1664 3337 1804 3376 con-

178 3408 479 3468 tramorili
511 3424 782 3480 querens,
814 3424 946 3463 cum
987 3412 1045 3463 et
1066 3411 1361 3480 posset,—
1400 3407 1615 3463 sciebat
1643 3408 1802 3464 enim

178 3500 329 3574 quia
358 3506 432 3541 m
472 3497 781 3554 bellatores
822 3496 1030 3554 Christi
1081 3499 1346 3570 exemplo
1391 3497 1652 3570 magistri
1681 3516 1801 3557 mo.

1902 3234 2040 3307 gino
2067 3235 2245 3291 abbas
2275 3233 2650 3301 Prumiensis,
2666 3233 2747 3289 ita
2776 3234 3031 3290 scribens
3060 3234 3213 3288 inter
3226 3232 3508 3289 casterain

1902 3321 2187 3378 chronicis
2215 3321 2350 3389 suis,
2363 3337 2491 3392 qum
2506 3320 2740 3393 aprimo
2761 3321 3176 3377 incarnationis
3194 3321 3509 3381 Dominicae

1901 3427 2054 3467 anno
2071 3426 2245 3482 usque
2261 3409 2316 3464 in
2330 3409 2734 3480 nongentesim
2742 3425 2840 3464 um
2854 3413 3118 3465 octavum
3131 3410 3390 3480 ejusdem
3403 3409 3512 3464 Do-

1900 3499 2044 3555 mini
2059 3514 2279 3554 annum
2293 3497 2604 3553 extenditm
2615 3496 2894 3568 Tempore,
2908 3496 3200 3568 inquitm,
3214 3496 3510 3567 Vigiliipa-

180 3589 402 3646 riendo
435 3604 613 3660 quam
650 3587 968 3660 pugnando
1023 3592 1239 3643 norunt
1265 3586 1493 3643 vincere
1515 3618 1586 3629 —
1615 3590 1801 3645 totum
1889 3604 1980 3661 ραι
1995 3586 2178 3642 habita
2199 3591 2275 3642 est
2298 3584 2529 3656 synodus
2548 3592 2620 3626 τοο
2644 3583 2911 3656 Aquileiae
2932 3590 3116 3639 contra
3134 3583 3512 3656 hereticos,qui

180 3693 400 3749 corpus
432 3676 492 3732 in
552 3675 816 3732 oratione
863 3677 1254 3747 prosternens,
1296 3675 1633 3748 praeciosam
1662 3692 1801 3732 con-

170 3764 545 3824 stantissime
575 3766 831 3821 mortem
858 3763 1135 3835 aperitur.
1176 3764 1289 3818 Nec
1311 3780 1497 3834 mora,
1537 3764 1800 3822 adversa-

1907 3677 2116 3733 beatam
2136 3673 2378 3730 Mariam
2400 3672 2570 3729 solum
2598 3680 2669 3715 τοτ
2693 3673 2984 3740 hominem,
3014 3688 3121 3726 non
3150 3670 3307 3726 deum
3334 3672 3508 3727 homi-

1900 3783 2022 3821 nem
2045 3765 2285 3836 genuisse
2317 3759 2687 3832 afﬁrmabant.
2712 3758 2781 3813 In
2810 3776 2918 3833 qua
2936 3759 3118 3814 sinodo
3139 3758 3391 3814 catholice
3416 3760 3509 3814 in-

320 3870 388 3910 ex
418 3851 583 3909 omni
603 3854 770 3924 parte
799 3850 1050 3923 parietes
1082 3851 1289 3908 domus
1310 3851 1797 3926 inrumpentibus,
1894 3858 2146 3913 stitutum
2175 3860 2253 3910 est
2278 3860 2337 3907 ut
2360 3851 2555 3907 Maria
2584 3867 2790 3923 semper
2812 3850 2963 3921 virgo
2994 3847 3293 3904 Theodocos
3309 3848 3509 3906 dicere-

186 3941 368 4021 multi
397 3945 533 3999 ante
560 3922 631 3985 ’δεῖ
662 3922 958 4012 pastorem
984 3940 1396 3997 trucidantium
1416 3922 1571 3998 ferro
1606 3943 1680 3998 ad
1699 3922 1802 4000 cm-

186 4033 317 4089 lum
366 4028 807 4103 prmmittuntur
843 4030 1129 4101 martyres
1165 4035 1256 4096 78‘,
1287 4030 1642 4104 tandemque
1680 4031 1803 4104 ipse

188 4123 366 4194 pater
392 4117 778 4187 venerandus,
808 4119 872 4173 ut
899 4119 1025 4172 erat
1044 4116 1164 4173 solo
1187 4115 1538 4185 ﬁxus,laetali
1567 4120 1803 4176 vulnere

1898 3952 2011 4014 tur,
2042 3945 2169 4019 quia
2214 3958 2323 3998 non
2355 3940 2524 3997 solum
2574 3941 2862 4008 hominem,
2902 3938 2992 3995 sed
3028 3955 3219 3994 verum
3258 3936 3434 3994 Deum
3457 3947 3508 3995 et

1900 4034 2167 4091 hominem
2212 4033 2397 4104 genuit
2420 4038 2514 4085 ποθ.
2553 4029 2643 4086 Εα
2696 4036 2998 4102 tempestate
3022 4037 3092 4072 τοο
3121 4028 3311 4085 claruit
3346 4027 3508 4084 Lam-

1904 4123 2081 4180 bertus
2103 4122 2428 4191 Tungrensis
2470 4119 2714 4175 ecclesia
2741 4118 3013 4191 episcopus
3036 4118 3197 4191 (394).
3233 4116 3342 4185 Qui
3376 4118 3508 4175 dum

166 4212 285 4269 est
317 4207 640 4275 confectus;
668 4205 862 4279 sicque
883 4222 1016 4262 cum
1033 4204 1295 4262 oratione
1306 4207 1573 4279 spiritum
1588 4208 1807 4264 afﬂavit
1902 4213 2106 4283 regiam
2124 4210 2340 4265 domum
2366 4208 2471 4264 zelo
2497 4208 2775 4280 religionis
2816 4224 3061 4264 accensus
3084 4210 3402 4280 increpasset
3436 4241 3504 4249 —

201 4296 337 4354 vita
357 4294 521 4369 (circa
552 4313 644 4350 an.
676 4294 824 4367 709).
858 4295 971 4350 Nec
1013 4296 1100 4350 est
1134 4294 1517 4351 dubitandum
1548 4296 1802 4369 (Goossc.

212 4385 329 4441 Vit.
353 4384 545 4440 Lamb.
580 4399 630 4438 c.
651 4382 740 4455 11)
778 4383 918 4456 quin
959 4384 1219 4439 sanctam
1261 4383 1516 4440 martiris
1544 4385 1805 4443 animam

1913 4299 1991 4355 sic
2010 4299 2187 4355 habet
2210 4296 2442 4352 alterius
2491 4297 2677 4352 adhuc
2705 4296 3003 4369 scripturae
3034 4296 3237 4353 relatio
3276 4296 3443 4353 nobis
3473 4315 3508 4352 a

1903 4386 2191 4461 prioribus
2219 4384 2420 4440 relicta
2449 4383 2685 4457 (395)—
2709 4402 2801 4441 res:
2828 4386 3096 4463 Pippinus
3121 4395 3192 4430 δυο
3221 4390 3352 4445 tunc
3374 4394 3508 4443 tem-

190 4471 536 4546 exceperint
565 4478 638 4514 τοι
672 4471 870 4528 laudes
897 4470 1198 4544 angelicae,
1223 4472 1384 4544 cujus
1397 4473 1657 4531 cadaveri
1686 4492 1806 4533 non
1831 4486 1885 4549 1)
1896 4476 2047 4550 poris
2094 4472 2460 4527 monarchiam
2522 4474 2674 4542 regni
2724 4478 2925 4541 tenens,
2966 4490 3194 4530 sororem
3234 4478 3513 4531 memorati

170 4562 510 4620 defuerunt
533 4566 607 4603 ’ω
645 4561 900 4617 caelestes
928 4560 1353 4633 exequiae,qute
1373 4578 1441 4618 eo
1466 4569 1537 4604 787
1566 4564 1678 4620 loci
1707 4565 1806 4623 ubi

190 4650 457 4727 primum
490 4649 844 4720 sepulturam
884 4648 1109 4717 habuit,
1138 4648 1404 4705 videlicet
1439 4650 1703 4724 Traiecti,
1730 4656 1804 4711 ab

188 4736 419 4799 idoneis
474 4735 716 4794 testibus
756 4739 892 4792 sunt
928 4740 1240 4809 comperta;
1287 4738 1353 4810 (ι’.
1407 4739 1514 4811 13).
1546 4741 1706 4798 Dodo
1732 4750 1804 4787 ⁷⁸⁸

1902 4562 2162 4629 Dodonis,
2196 4560 2443 4631 legitimae
2471 4560 2693 4633 confugi
2720 4561 2944 4634 pelicem
2970 4561 3271 4631 induxerat,
3311 4568 3359 4621 et
3382 4581 3511 4618 sua-

1904 4651 2056 4708 dente
2097 4647 2306 4705 diabolo
2334 4647 2503 4703 licitos
2532 4665 2737 4705 amores
2763 4648 2965 4706 illicitis
2977 4657 3369 4722 postposuerat.
3396 4653 3509 4709 Pro

1904 4757 2013 4816 qua
2058 4755 2115 4793 re
2164 4738 2261 4813 hic
2288 4736 2428 4792 solus
2479 4739 2795 4794 auctoritate
2839 4738 3164 4799 sacerdotali
3212 4742 3511 4815 principem

1541 4863 1775 4919 νΑΒΙιΕ
1834 4858 2231 4919 LECTIONES.

266 4939 340 5013 ἰτς
360 4946 490 5013 qua:
528 4958 597 4973 —
622 4946 762 5013 ager
786 4930 973 5013 desunt
1001 4928 1102 4986 Ch.
1159 4938 1231 4973 777
1269 4932 1549 5013 credrurn
1571 4938 1652 5013 l.__
1679 4943 1750 4978 ωε
1780 4938 1855 5013 ita
1880 4932 2153 5013 legendum
2183 4928 2471 5013 eruulgat‘.
2508 4931 2739 5013 spinam
2773 4935 2822 5013 1ς
2855 4934 2908 4987 2.
2930 4933 3205 5013 ,ἆῤ-,⁸⁷⁷9
3235 4932 3512 5013 exercitus

198 5008 251 5060 1.
285 5001 497 5076 ciciis_e
532 5016 669 5056 corr.
700 5004 749 5057 2.
830 5008 902 5076 ἠεξ
922 5015 1287 5071 persuasores
1321 5007 1369 5061 1.
1431 5012 1501 5047 ἰθί
1528 5004 1859 5076 judicandui

1900 5001 1983 5076 ll,
2014 5008 2066 5059 2.
2091 5004 2167 5076 β.
2216 5007 2290 5076 7⁸³
2318 5001 2473 5072 quod
2497 5001 2559 5056 4.
2628 5009 2698 5044 788
2728 5004 2900 5057 antea
2919 5005 2971 5076 1.
3000 5006 3054 5076 2.
3088 5003 3140 5056 3.
3168 5004 3301 5055 ante
3321 5003 3374 5057 4.
3396 5002 3509 5076 Ch.

192 5083 267 5117 ται
290 5071 562 5128 martires
587 5088 727 5143 corr.
759 5074 1043 5143 martyres
1071 5076 1127 5129 2.
1202 5080 1274 5115 πει
1296 5089 1429 5130 exce

1433 5071 1716 5147 parum.
1793 5084 1859 5119 τοι

1900 5073 2179 5147 defuerint
2200 5075 2255 5127 4η.
2307 5071 2375 5114 757
2405 5088 2542 5127 eum
2576 5077 2624 5127 1.
2650 5076 2702 5129 2.
2737 5076 2791 5147 3.
2821 5080 2892 5115 τοι
2917 5072 3168 5147 Dolo_l._
3218 5079 3288 5115 τοο
3320 5071 3513 5147 egistis

196 5151 248 5218 1.
324 5152 397 5187 τοο
421 5143 664 5218 N_a_m_—
700 5142 1067 5215 deportatum
1105 5143 1293 5218 desunt
1324 5142 1452 5200 Ch.‘
1480 5153 1560 5218 τῇ
1584 5146 1785 5218 reliqua
1814 5147 1859 5218 ἀι

1900 5153 2001 5200 unt
2024 5143 2139 5218 Ch.
2214 5150 2286 5218 Ψ
2316 5159 2570 5215 presens
2599 5158 2719 5197 esse
2768 5145 2845 5218 4._
2867 5150 2971 5218 _'{°8
3002 5142 3108 5200 sui.
3144 5144 3195 5197 4.
3274 5142 3513 5218 ’τυ-(τιθεί-

193 5217 416 5270 deratur
444 5212 547 5285 Ch.
571 5213 667 5267 hoc
685 5212 878 5285 caput.
896 5220 968 5285 ῖοι
998 5214 1295 5285 quondam

1389 5223 1436 5271 st
1453 5216 1580 5271 add.
1611 5220 1665 5273 2.
1684 5212 1756 5260 τίοι
1768 5217 1871 5272 sub
1899 5216 2216 5272 Iustiniano
2246 5212 2600 5285 imperatore
2620 5218 2744 5285 post
2774 5212 2882 5268 add
2904 5217 2958 5272 2.
3001 5220 3081 5285 Ἰοῖ
3103 5229 3222 5268 non
3249 5215 3435 5268 solum
3460 5219 3510 5272 1.

194 5293 271 5359 ’τι
302 5285 368 5340 Et
392 5284 651 5359 sequitur
668 5283 791 5356 post
809 5283 935 5341 add.
962 5283 1035 5341 2f
1070 5292 1144 5328 ’τον
1173 5286 1278 5341 sub
1298 5283 1618 5343 Iustiniano
1649 5287 1877 5344 minore
1902 5288 2092 5343 Leone
2116 5288 2175 5341 et
2198 5283 2442 5358 Tybério
2470 5290 2595 5358 post
2618 5283 2741 5339 add.
2774 5288 2828 5341 2.
2878 5291 2950 5329 800
2968 5283 3198 5357 pipinus
3221 5298 3360 5342 corr.
3394 5286 3515 5358 pip-

240 5498 623 5581 “(39blﬂinus
644 5496 1271 5581 accurate‘R‘eginonis
1317 5499 1494 5581 verba
1532 5427 2214 5581 reddidiggrﬁctorqm,
2258 5494 2358 5581 qui
2406 5496 2835 5581 Aquileiensem
2877 5496 3165 5581 synodum
3206 5516 3239 5581 ᾳ
3266 5501 3392 5581 698,
3422 5498 3514 5581 Vi-

259 5570 319 5645 lii
345 5586 520 5645 papae
534 5567 895 5645 temporibus
922 5567 1184 5624 habitam
1212 5586 1336 5625 esse
1364 5571 1675 5644 scripserit,
1697 5573 1825 5645 jam
1851 5571 2085 5631 monuit
2112 5567 2405 5645 SuysEens
2431 5567 2493 5624 in
2531 5567 2953 5627 commentario
2989 5570 3059 5626 de
3092 5569 3150 5627 S.
3213 5567 3516 5629 Lamberto

195 5356 364 5432 pinus
381 5360 435 5414 2.

247 5644 321 5708 ct,
345 5638 453 5697 ‘SS'.
479 5639 650 5712 ASAept.
674 5638 738 5704 V,
772 5641 895 5712 541,

271 5700 428 5784 (398)
462 5700 585 5771 αςκζ
618 5700 749 5782 Qui
775 5709 849 5768 de
878 5710 967 5771 hs
984 5708 1176 5771 docuit
1200 5709 1401 5777 Hirsch
1426 5712 1492 5773 in
1524 5715 2120 5779 mmmentationesde
2152 5715 2454 5791 Siaeberto
2474 5711 2704 5774 .Gembl.
2732 5729 2799 5790 ρ,
2818 5700 2952 5773 298.
