3902 6210
452 467 472 527 1
483 469 588 527 0'15

1037 459 1369 526 HERIGERI
1395 461 1482 524 er
1507 443 1806 526 assem!
1831 462 2050 526 casu
2075 462 2296 528 EPISC.
2329 463 2580 530 rauca.
2612 461 2798 529 m1.
2830 465 2916 530 ar
2947 468 3152 535 LEOD.

3635 478 3774 543 1076

439 593 654 668 publice
681 589 943 650 adulterii
995 608 1222 666 arguere
1248 610 1354 648 non
1396 593 1799 664 reformidabat,
1829 599 1880 648 et
1908 609 2052 650 nunc
2074 595 2128 656 Α
2149 611 2301 651 nore
2329 597 2590 668 ejusdem
2624 597 2806 654 sancti
2833 599 3109 668 martius,
3127 599 3201 657 ad
3220 593 3396 676 quam
3416 601 3478 660 in
3507 604 3776 664 anniver-

446 683 746 741 minitando
771 690 968 738 terrore
985 682 1158 736 divini
1167 681 1380 752 iudicii,
1403 699 1546 736 nunc
1563 683 1890 738 honestatem
1905 683 2050 753 lega-

446 773 510 829 lis
557 771 784 829 thalami
825 771 1262 838 commendando,
1313 777 1362 824 et
1422 776 1608 826 contra
1665 771 2049 842 turpitudinem

445 861 701 917 adulterii
717 859 1048 926 detestando,
1094 859 1190 914 hoc
1220 858 1364 930 apud
1389 860 1617 930 ferocem.
1657 860 1770 930 eius
1799 861 2050 915 animum

447 953 530 1006 vir
555 951 869 1022 apostolicus
897 951 1160 1020 effecerat,
1189 954 1248 1002 ut
1263 949 1386 1018 jam
1407 949 1632 1020 jamque
1659 951 1836 1002 minus
1860 950 1914 1002 in
1931 949 2047 1019 for-

446 1039 666 1095 nicaria
687 1041 962 1094 insaniret.
999 1035 1155 1104 Quod
1181 1036 1277 1090 ubi
1299 1036 1393 1092 illa
1405 1039 1646 1108 primum
1668 1037 2052 1109 persentiscere

437 1130 642 1200 potuit,
672 1129 857 1199 furore
885 1125 1050 1182 simul
1073 1132 1123 1180 et
1153 1125 1388 1181 libidine
1429 1133 1666 1193 estuans,
1714 1126 1886 1198 qualis
1917 1126 2050 1181 Hie-

443 1215 594 1272 zabel
614 1218 670 1272 in
699 1215 940 1282 Heliam,
971 1213 1060 1271 vel
1085 1212 1358 1268 Herodias
1383 1216 1439 1267 in
1467 1213 1788 1281 Johannem,
1823 1215 2052 1284 fratrem

445 1305 776 1378 gemebunda
801 1304 942 1372 adit,
972 1305 1148 1374 fratri
1170 1302 1545 1358 contumeliam
1575 1318 1610 1359 a
1646 1302 1914 1358 sacerdote
1953 1303 2056 1358 sibi

447 1393 661 1450 illatam
695 1399 976 1461 memorat,
1002 1393 1166 1464 ipsius
1203 1391 1463 1448 instinctu
1495 1407 1736 1446 aversum
1765 1409 1797 1444 a
1841 1409 1893 1446 se
1917 1393 2053 1460 regis

450 1483 712 1550 animum,
737 1482 879 1536 mori
901 1481 1081 1536 sacius
1112 1497 1216 1535 esse
1253 1497 1416 1552 quam
1447 1486 1557 1534 tam
1587 1480 1820 1536 honestis
1844 1479 2053 1552 ignibus

443 1573 657 1644 privari
699 1588 820 1627 cum
880 1570 1160 1636 dedecore;
1216 1570 1362 1638 faxit
1399 1575 1462 1623 ut
1511 1568 1748 1624 sacerdos
1789 1571 2010 1624 intereat
2031 1597 2050 1636 ,-

448 1659 626 1715 nullus
663 1658 885 1732 posthac
921 1659 1116 1727 regalis
1145 1659 1372 1714 thalami
1408 1659 1528 1728 fore
1559 1658 1861 1718 discidium.
1895 1657 2053 1714 Bibit

449 1747 543 1805 ille
573 1750 910 1819 transfusum
956 1766 988 1802 a
1020 1764 1231 1818 viperea
1256 1749 1454 1803 sororis
1477 1748 1662 1818 lingua
1693 1749 1802 1803 alto
1840 1754 2052 1820 pectore

449 1853 726 1904 venenum,
761 1843 941 1891 armat
961 1837 1144 1892 statim
1168 1853 1234 1892 ex
1259 1836 1564 1892 domesticis
1593 1839 1750 1907 regia
1779 1837 1964 1892 domus
1983 1835 2054 1890 ad

461 1943 635 1980 necem
686 1925 914 1997 episcopi
958 1925 1148 1980 milites
1195 1925 1529 1990 auxiliarios,
1562 1930 1611 1980 et
1659 1927 1817 1981 miser
1838 1926 1966 1979 dum
1997 1927 2053 1978 in

457 2012 740 2070 sacerdotis
768 2028 945 2070 neaem
973 2013 1258 2071 crudeliter
1274 2020 1570 2082 grassatur,
1606 2015 1772 2068 nescit
1801 2031 1929 2086 quia
1953 2015 2056 2069 sibi

448 2108 707 2157 etcrnam
753 2108 997 2170 mortem,
1040 2102 1122 2156 illi
1159 2102 1319 2170 ﬁnem
1373 2102 1616 2157 laborum
1663 2109 1714 2156 et
1740 2109 2055 2174 perpetuam

439 2191 628 2263 pariat
655 2193 846 2246 vitam.
879 2191 1036 2246 Hanc
1069 2190 1348 2262 passionis
1382 2191 1504 2261 ejus
1547 2206 1780 2244 causam
1811 2190 2051 2264 scripto-

447 2295 570 2334 rem
599 2277 730 2334 vitaz
776 2277 954 2350 ipsius
996 2278 1126 2334 ideo
1172 2277 1416 2334 tacuisse
1447 2277 1716 2346 arbitror,
1751 2295 1846 2346 ne,
1879 2281 1941 2334 ut
1965 2279 2050 2346 ﬁt,

448 2383 654 2438 eorum
673 2367 993 2423 incurreret
1009 2367 1290 2422 oﬂ'ensam
1307 2374 1398 2432 θοι,
1420 2382 1670 2437 quorum
1690 2366 1940 2436 majores
1952 2365 2053 2422 tali

449 2456 635 2513 notati
655 2457 845 2512 essent
859 2454 1120 2511 infamia.
1138 2454 1311 2524 Cujus
1329 2453 1457 2508 vitta
1481 2455 1841 2508 sanctitatem
1858 2457 1915 2508 et
1935 2456 2056 2526 glo-

445 2543 614 2600 riosae
646 2542 926 2616 passionis
966 2542 1308 2615 dignitatem
1357 2557 1487 2596 cum
1519 2548 1576 2596 et
1602 2559 1797 2597 rerum
1831 2542 2054 2614 experi-

446 2633 672 2694 mento,
690 2633 748 2686 et
778 2629 1118 2686 auctoritate
1149 2633 1236 2686 tot
1265 2632 1744 2685 testamentorum
1768 2630 2056 2702 approbe-

450 2723 729 2788 mus,tum
743 2726 815 2760 δοῖ
828 2717 1188 2773 conﬁdenter
1201 2716 1537 2772 Christianae
1550 2717 1816 2789 religioni
1827 2735 2056 2790 persua-

446 2809 586 2865 dere
605 2807 887 2864 audemus
901 2807 1055 2862 hunc
1077 2823 1208 2862 vere
1231 2823 1353 2861 esse
1382 2808 1725 2878 angelorum
1755 2807 2053 2866 concivem

443 2899 504 2952 et
519 2897 842 2969 martyrum
858 2894 1408 2966 coheredem,quem
1431 2895 1681 2967 gloriosa
1694 2895 1791 2951 Dei
1805 2895 2052 2967 genitrix

443 2983 599 3058 apud
627 2999 734 3039 nos
754 2981 812 3038 in
832 2982 1041 3056 majori
1067 2982 1344 3050 aecclesia,
1359 2982 1533 3056 inque
1551 2983 1826 3039 omnibus
1839 3001 1966 3056 quae
1979 2985 2054 3040 ad

443 3073 605 3128 illam
645 3071 914 3127 videntur
960 3070 1276 3143 apenditia,
1299 3087 1402 3127 suo
1440 3071 1712 3143 dignatur
1735 3073 2048 3128 consortio.

443 3165 498 3219 9.
533 3169 606 3203 ⁸⁰⁸
635 3158 790 3227 Quod
838 3161 894 3214 in
952 3157 1183 3215 Bawari
1223 3166 1272 3213 et
1314 3175 1459 3232 pago
1505 3158 1939 3230 Wirzeburgensi
1983 3160 2055 3216 ad
2077 3171 2130 3236 ε

604 3249 919 3304 memoriam
943 3249 1058 3320 ejus
1083 3250 1395 3321 frequenter
1421 3248 1562 3317 ﬁunt
1593 3249 1878 3304 miracula.

515 3339 576 3392 In
597 3345 667 3380 θοι
690 3336 926 3393 diversis
953 3336 1214 3409 profecto
1248 3339 1536 3392 terrarum
1568 3336 1962 3410 partibus,ubi
1989 3337 2050 3394 in

439 3426 665 3482 honore
689 3428 748 3482 et
767 3424 1053 3481 memoria
1071 3425 1391 3482 venerandi
1407 3424 1662 3481 martiris
1681 3425 1936 3482 oratoria
1951 3427 2050 3482 ha-

439 3515 652 3571 bentur
680 3515 1151 3586 constructa,pro
1175 3515 1298 3588 ejus
1315 3513 1539 3570 meritis
1555 3514 2050 3588 frequenterﬁunt

438 3602 542 3658 Dei
558 3611 630 3646 θοι
648 3601 949 3670 miracula,
981 3605 1046 3658 ut
1074 3602 1293 3676 liquido
1324 3606 1546 3658 constet
1575 3603 1839 3659 fidelibus
1864 3602 2046 3659 nichi-

438 3691 692 3748 lominus
721 3691 842 3764 ejus
872 3707 1072 3764 preces
1089 3691 1282 3763 vigere
1304 3691 1398 3746 ubi
1423 3690 1645 3746 cineres
1669 3692 1792 3763 ejus
1807 3708 2050 3749 cernun-

439 3785 534 3837 tur
554 3781 772 3847 abesse,
787 3796 965 3854 quam
983 3779 1284 3836 nobiscum
1299 3779 1394 3834 ubi
1410 3795 1666 3851 praesens
1679 3784 1765 3836 est
1781 3797 2044 3854 corpore.

2148 685 2304 740 sario
2323 685 2606 757 passionis
2637 687 2760 758 ejus
2795 688 3048 760 undique
3081 690 3371 746 confluere
3397 695 3776 750 consuetudi-

2149 774 2519 828 nemhabent
2538 775 2976 847 provincialium
2993 777 3522 854 frequentia,atque
3542 783 3655 838 huc
3673 801 3778 840 co-

2149 860 2312 933 piosa
2341 861 2769 930 frumenti,vini
2798 866 2855 918 et
2882 879 3191 936 peccorum
3214 883 3537 925 convenere
3570 875 3772 928 sancto

2150 951 2373 1006 martiri
2389 951 2575 1006 xenia.
2596 953 2860 1026 Dumque
2874 954 3077 1010 devote
3091 956 3323 1012 student
3334 966 3406 1000 θοο
3425 959 3635 1016 offerre
3649 977 3778 1016 car-

2152 1039 2543 1111 nalia,praater
2555 1040 2861 1096 invisibilia
2873 1041 3190 1099 animarum
3206 1046 3587 1102 amminicula
3597 1049 3780 1120 sepis-

2151 1127 2297 1183 sime
2313 1129 2581 1183 laesorum
2595 1145 2962 1202 quacumque
2978 1135 3141 1203 parte
3162 1149 3473 1206 corporum
3493 1136 3672 1192 etiam
3689 1154 3780 1193 se-

2152 1233 2211 1272 se
2241 1217 2500 1288 gaudent
2528 1217 2663 1272 inde
2685 1225 2757 1260 οοτ
2780 1218 2998 1275 referre
3012 1220 3657 1282 medicamenta.Testis
3684 1228 3778 1282 est

2153 1305 2402 1360 domnus
2411 1306 2754 1362 Thietwinus
2765 1315 2836 1350 θοι
2851 1309 3306 1384 episcopus(397)
3319 1316 3377 1368 et
3400 1305 3689 1388 quotquot
3701 1325 3782 1371 ex‘

2151 1391 2260 1449 illis
2290 1394 2550 1468 partibus
2579 1395 2652 1450 ad
2683 1413 2788 1451 nos
2819 1397 3016 1452 venire
3046 1399 3233 1454 solent
3259 1401 3451 1456 clerici
3473 1401 3588 1458 sive
3607 1401 3774 1461 laici.

2227 1502 2312 1556 10.
2349 1510 2420 1544 οοο
2463 1501 2619 1568 Quod
2640 1511 2711 1545 διο
2737 1502 2884 1575 apud
2915 1503 3176 1560 Lovinion
3200 1514 3270 1549 ιιι
3303 1507 3376 1562 ad
3397 1517 3468 1552 ω
3492 1526 3697 1566 memo-

2601 1593 2741 1648 riam
2771 1593 2884 1664 ejus
2908 1596 3191 1666 contigerit
3211 1603 3302 1652 ³1³.

2225 1696 2338 1750 Nec
2352 1695 2504 1752 inter
2519 1697 2642 1751 haec
2665 1700 3070 1771 praetereunda
3088 1717 3212 1757 esse
3233 1701 3779 1776 arbitrorquaedam

2153 1784 2224 1839 de
2248 1783 2539 1840 miraculis
2565 1787 2824 1856 ejusdem
2850 1789 3034 1843 sancti
3060 1789 3333 1857 martiris,
3359 1808 3488 1862 quas
3506 1809 3598 1847 me
3626 1799 3777 1851 ante

2073 1886 2124 1944 Β
2153 1872 2454 1928 biennium
2479 1893 2514 1930 a
2545 1875 2866 1946 presbitero
2893 1877 3151 1948 quodam
3183 1878 3423 1934 nomine
3441 1887 3510 1922 ³η
3544 1882 3776 1940 Wirino

2153 1969 2224 2004 οη
2245 1962 2491 2034 contigit
2511 1963 2754 2018 audisse.
2786 1964 3250 2022 Possessiuncula
3275 1967 3542 2038 quaedam
3573 1974 3666 2024 est
3696 1978 3776 2013 ιιι

2152 2049 2323 2121 hujus
2347 2051 2617 2106 (ecclesias
2649 2051 2820 2106 nimis
2849 2052 3126 2124 contigua
3150 2055 3386 2127 oppido,
3415 2057 3568 2127 quod
3591 2057 3780 2114 Lova-

2153 2137 2314 2192 nium
2336 2139 2575 2195 nomine
2597 2140 3002 2196 diminutivum
3017 2159 3084 2196 ex
3097 2158 3198 2196 suo
3212 2143 3452 2198 nomine
3464 2144 3658 2201 eidem
3672 2147 3782 2203 vil-

2151 2226 2282 2282 lulae
2315 2227 2517 2284 indicit
2545 2229 2921 2297 vocabulum;
2954 2230 3402 2302 cognominatur
3423 2232 3581 2288 enim
3605 2234 3782 2291 Levi-

2154 2316 2292 2372 niol.
2310 2317 2719 2374 Conlineturin
2737 2319 2944 2374 eadem
2967 2319 3324 2392 possessione
3362 2323 3605 2390 aaclesia,
3633 2341 3778 2396 quae

2155 2409 2217 2461 ut
2240 2423 2308 2462 ea
2335 2407 2528 2479 lignea
2557 2407 2796 2480 antiqua
2820 2412 3052 2480 patrum
3082 2407 3367 2480 religione
3403 2410 3502 2466 diu
3531 2415 3617 2466 est
3643 2429 3778 2468 ser-

2153 2496 2302 2562 vata,
2329 2495 2430 2550 sed
2459 2503 2528 2538 διτ
2563 2496 2686 2566 ejus
2709 2496 2960 2568 parietes
2982 2513 3137 2552 nunc
3166 2497 3426 2554 minores
3456 2501 3778 2560 meliorare

2153 2581 2387 2636 student
2415 2582 2667 2637 cernenti
2714 2584 2773 2638 et
2821 2581 3082 2654 lapidum
3114 2587 3422 2643 structura.
3457 2587 3778 2645 Referebat

2154 2673 2514 2725 memoratus
2530 2671 2812 2744 presbiter
2840 2688 2900 2726 se
2926 2673 3112 2727 multa
3133 2674 3358 2731 audisse
3381 2678 3441 2730 et
3474 2676 3682 2733 vidisse
3713 2678 3776 2734 in

2153 2758 2362 2813 eodem
2404 2759 2529 2814 loco
2579 2763 2740 2831 gesta
2792 2759 3000 2814 Christi
3031 2760 3254 2816 domini
3287 2762 3590 2821 miracula.
3628 2767 3777 2832 Quae

2153 2861 2284 2900 cum
2305 2846 2518 2918 majori
2531 2863 2597 2901 ex
2613 2851 2776 2919 parte
2793 2847 3080 2902 memoria
3095 2848 3626 2922 exciderint,pauca
3640 2871 3777 2927 qua

2152 2931 2213 2987 in
2239 2937 2438 2989 mente
2464 2933 2723 2998 veniunt,
2739 2935 2984 2990 strictim
3013 2944 3085 2978 διε
3101 2937 3274 2992 statui
3313 2945 3384 2981 δίο
3406 2957 3774 3000 memorare.

2332 3026 2418 3077 11.
2452 3031 2524 3064 820
2543 3023 2626 3076 De
2650 3040 2780 3094 equo
2810 3025 2866 3077 in
2893 3023 3097 3079 rabiem
3112 3032 3181 3067 ιιι
3206 3042 3460 3084 converso
3489 3037 3584 3084 m.

2223 3110 2418 3165 Pullus
2444 3111 2577 3182 equi
2622 3110 2940 3166 indomitus
2997 3113 3309 3185 aliquando
3353 3115 3427 3170 ad
3476 3118 3770 3189 parietem

2151 3198 2327 3271 ipsius
2380 3199 2650 3256 mcclesim
2703 3201 2884 3255 latera
2915 3207 2986 3242 8η
3018 3201 3397 3270 confricabat,
3446 3206 3772 3282 statimque

2150 3294 2220 3328 δη
2247 3286 2306 3342 in
2335 3287 2562 3344 rabiem
2583 3303 2800 3356 versus,
2833 3304 2952 3344 non
2987 3289 3170 3345 multo
3199 3294 3330 3363 post
3358 3291 3574 3351 cecidit
3606 3312 3772 3353 mor-

2147 3377 2296 3431 tuus.

2152 3503 2238 3556 12.
2269 3498 2353 3554 De
2389 3499 2618 3572 quodam
2649 3500 2744 3571 qui
2778 3498 2970 3571 pedem
3009 3501 3222 3571 foribus
3263 3502 3515 3559 ecclesia
3552 3505 3670 3578 ejus
3701 3515 3771 3550 ιιι

2527 3587 2679 3643 illisit
2703 3595 2754 3643 et
2777 3589 3150 3660 putrefactum
3180 3593 3384 3647 amisit.

2137 3701 2152 3708 ’
2217 3695 2562 3751 Adolescens
2590 3693 2934 3750 temerarius
2962 3697 3216 3767 puellam
3248 3698 3550 3768 quandam
3571 3703 3769 3776 oppri-

2146 3800 2304 3840 mere
2329 3783 2548 3850 volens,
2578 3781 2783 3853 rapido
2810 3799 2976 3838 cursu
2991 3787 3123 3856 post
3147 3783 3304 3840 illam
3335 3785 3670 3858 fugientem
3686 3792 3768 3848 fe-

440 3870 536 3926 Est
551 3868 610 3924 in
627 3867 867 3924 Bavaria
892 3868 1070 3934 lacus,
1099 3867 1200 3939 qui
1227 3867 1523 3940 quandam
1549 3867 1700 3924 infra
1721 3886 1780 3925 se
1796 3869 2044 3928 insulam
2147 3873 2404 3928 rebatur.
2433 3871 2539 3925 Illa
2562 3870 2894 3944 pernicibus
2917 3871 3130 3944 plantis
3151 3872 3566 3946 insequentem
3579 3885 3652 3921 ⁸³⁸
3670 3879 3766 3935 diu

437 3957 654 4014 blando
683 3953 1005 4028 stagnantis
1053 3970 1218 4026 aquae
1258 3955 1522 4012 allambit
1553 3957 1809 4014 circuitu.
1846 3961 1907 4014 In
1938 3959 2047 4016 hac
2144 3961 2398 4033 fatigans
2413 3960 2691 4032 juvenem
2705 3959 2993 4026 m,alium
3011 3960 3503 4018 evadendilocuin
3525 3967 3764 4024 minime

438 4045 498 4100 in
529 4045 753 4100 honore
781 4041 960 4097 sancti
979 4041 1272 4098 Lamberti
1295 4042 1466 4099 situm
1489 4048 1574 4100 est
1601 4047 2043 4116 monasterium,
2146 4047 2467 4115 inveniens,
2501 4047 2559 4102 in
2589 4055 2660 4090 m
2687 4049 3075 4103 memoratam
3108 4049 3430 4106 ascclesiam
3481 4055 3764 4128 confugit,

439 4130 596 4203 quod
615 4130 687 4186 ab
701 4129 1160 4186 antecessoribus
1182 4131 1384 4188 domui
1411 4132 1672 4206 Piligrini
1691 4135 2046 4191 Coloniensis
2146 4138 2300 4193 fores
2316 4135 2627 4208 diligenter
2643 4135 2900 4191 exclusit.
2929 4135 3111 4200 Quam
3128 4136 3222 4192 ille
3245 4138 3520 4196 celeriter
3543 4141 3764 4200 insecu-

439 4216 851 4290 archiepiscopi
881 4216 1102 4274 ibidem
1129 4235 1263 4276 cum
1291 4223 1538 4277 claustro
1567 4225 1624 4277 et
1649 4222 1892 4277 officinis
1917 4240 2047 4278 mo-
2147 4229 2255 4292 lus,
2286 4227 2350 4279 ut
2373 4227 2500 4280 erat
2529 4240 2731 4279 amore
2760 4224 2937 4278 simul
2967 4227 3027 4279 et
3055 4224 3250 4280 furore
3279 4231 3763 4299 exestuans,cnm

439 4304 690 4362 nasterio
718 4303 1051 4361 necessariis
1080 4310 1498 4372 constructum,
1519 4311 1576 4364 et
1598 4309 2047 4380 opulentissimis
2147 4313 2403 4370 maximo
2417 4313 2640 4384 impetu
2659 4313 2871 4385 pedem
2882 4313 3142 4384 ejusdem
3155 4312 3332 4368 sacris
3349 4314 3582 4373 foribus
3605 4319 3766 4392 inpe-

436 4392 803 4498 praediorum.
823 4392 1102 4498 reditibus
1132 4396 1205 4452 ab
1235 4395 1458 4496 eisdem
1488 4400 1575 4498 est
1603 4396 1850 4498 ditatum
1881 4417 1896 4466 ;
1943 4399 2038 4498 ubi
2064 4433 2126 4498 Β
2145 4401 2732 4475 git.Ignotomest8”
2747 4417 2821 4456 an
2841 4399 3396 4498 fores-praefregerit,
3425 4404 3531 4459 sed
3548 4421 3650 4476 pes
3665 4423 3766 4480 pro

435 4481 593 4556 quod
607 4480 904 4556 sepissime
921 4482 994 4538 ad
1007 4484 1355 4541 memoriam
1377 4485 1560 4540 sancti
1583 4486 1838 4542 martiris
1855 4491 1913 4543 et
1929 4488 2047 4560 epi-
2064 4480 2122 4498 ν
2145 4493 2310 4546 tanta
2340 4489 2672 4545 temeritate
2702 4493 2824 4543 tam
2852 4488 3106 4560 graviter
3132 4489 3362 4544 collisus
3379 4495 3490 4559 est,
3517 4495 3582 4548 ut
3607 4493 3767 4550 dein-

435 4569 592 4644 scopi
622 4569 802 4627 nostri
821 4569 1103 4628 miracula
1117 4571 1322 4628 Christi
1345 4572 1509 4640 flant,
1529 4573 1864 4646 frequenter
1881 4577 2043 4632 audi-
2146 4595 2279 4650 ceps
2305 4593 2409 4649 per
2456 4594 2678 4633 annum
2710 4577 3004 4649 integrum
3033 4575 3268 4632 cottidie
3293 4584 3670 4637 excrescente
3697 4591 3766 4625 ⁸³·

433 4659 639 4718 vimus.
652 4659 816 4715 Haud
837 4661 1011 4732 longe
1032 4659 1106 4716 ab
1123 4660 1266 4716 urbe
1297 4657 1630 4734 Wirzeburg
1646 4662 1800 4722 vicus
1824 4681 2044 4736 cogno-
2145 4667 2383 4722 affectus
2408 4666 2630 4733 dolore,
2649 4665 2886 4720 tandem
2906 4665 3261 4737 putrefactus
3281 4668 3342 4721 et
3359 4666 3764 4726 miserabiliter

433 4749 633 4805 mento
663 4747 1129 4806 Duckelinhusen
1146 4749 1290 4820 (396)
1311 4748 1628 4806 ecclesiam
1649 4751 1826 4808 habet
1853 4752 1914 4808 in
1935 4754 2043 4810 ho-
2146 4771 2181 4810 a
2201 4755 2484 4827 junctura
2510 4752 2668 4810 tibia:
2695 4753 2986 4826 sejunctas
3018 4753 3310 4811 ceciderit.
3345 4753 3566 4829 Sicque
3590 4758 3762 4814 miser

1731 4931 1965 4986 VARIIE
2005 4931 2406 4990 LECTIONES.

499 5058 568 5094 m
599 5049 1168 5126 incurreritoﬂ‘ensa
1176 5056 1240 5126 1.
1272 5055 1414 5126 2._3.
1455 5060 1527 5096 θοι
1557 5070 1693 5109 eum
1721 5056 1776 5126 4.
1818 5063 1889 5098 θοι
1911 5055 2051 5111 deest
2086 5062 2132 5113 1.
2167 5061 2221 5112 2.
2247 5061 2298 5114 3.
2341 5065 2411 5100 θοι
2439 5055 2590 5126 longe
2619 5054 2780 5126 aliter
2806 5051 3022 5126 011.393
3059 5051 3205 5126 deest
3225 5055 3278 5108 3.
3310 5053 3366 5108 4.
3409 5061 3484 5098 θοι
3513 5059 3746 5112 stustent

431 5125 483 5180 1.
558 5129 629 5164 ⁸0⁷
655 5120 790 5177 inde
820 5137 880 5177 se
903 5123 958 5178 4.
1035 5130 1105 5166 ωε
1127 5121 1469 5180 Thicuvinus
1495 5128 1546 5180 4.
1626 5133 1698 5168 οοο
1738 5125 1877 5181 deest
1925 5131 1980 5184 4.
2045 5135 2118 5171 δίο
2142 5128 2282 5184 auid
2310 5133 2360 5183 1.
2435 5135 2505 5170 ³11
2527 5120 2792 5182 ἰιονίοἰοὶ
2820 5127 2874 5179 4.
2911 5122 3013 5179 Ch.
3089 5130 3161 5165 ω
3191 5121 3273 5178 in.
3301 5127 3334 5178 2
3366 5127 3427 5182 3.
3466 5128 3502 5182 4
3555 5127 3628 5183 ad
3650 5126 3745 5184 Ch.

427 5200 498 5236 us
526 5197 686 5268 gaput
715 5191 867 5268 longe
893 5193 1096 5268 brevius
1114 5211 1204 5266 ap.
1234 5193 1334 5252 Ch.
1405 5202 1475 5268 81f
1504 5194 1626 5268 sine
1657 5197 1896 5252 nomine
1925 5203 1976 5254 2Δ
2055 5207 2127 5242 εει
2151 5191 2380 5254 Warino
2404 5202 2456 5255 3.
2479 5196 2717 5268 Ψειζίιὶο
2742 5198 2796 5251 4.
2841 5203 2912 5268 Ψ
2935 5195 3068 5268 ejus
3091 5199 3167 5268 i_._
3200 5201 3270 5236 ⁸1⁷
3295 5194 3401 5268 sed
3420 5197 3547 5268 ejus
3573 5198 3748 5254 desunt

426 5268 479 5320 3.
519 5263 599 5324 4.“
633 5271 706 5308 ⁸1³
734 5263 998 5320 structim
1025 5268 1076 5320 1.
1101 5263 1158 5322 3ῖ
1188 5282 1330 5323 corr.
1363 5265 1607 5322 strictim
1639 5272 1693 5325 2.
1741 5275 1812 5311 “9
1843 5272 1972 5324 stat.
2011 5273 2060 5324 1.
2101 5274 2154 5327 2.
2197 5275 2247 5326 3.
2283 5269 2456 5325 statui
2490 5271 2544 5326 4.
2587 5267 2690 5323 Ch.
2737 5275 2809 5309 οπο
2830 5267 2894 5321 IX
2920 5263 2992 5335 4(
3006 5271 3057 5320 et
3080 5263 3319 5335 deinceps
3347 5263 3558 5323 duo'bus
3585 5271 3746 5323 minor

423 5336 610 5406 capitis
638 5352 904 5418 numerus.
961 5344 1030 5379 εει
1063 5335 1222 5391 rabie
1254 5342 1309 5394 2.
1369 5345 1440 5380 ⁸³³
1472 5343 1721 5420 uerso_3.
1753 5342 1804 5396 4.
1859 5349 1930 5383 ⁸³⁸
1960 5341 2137 5396 latam
2168 5345 2220 5396 2.
2253 5344 2304 5398 3.
2363 5349 2434 5383 8N
2463 5357 2574 5413 que
2597 5339 2734 5394 deest
2765 5342 2812 5393 1.
2861 5343 2934 5380 ⁸η
2963 5333 3103 5392 deest
3131 5339 3184 5392 3.
3213 5333 3269 5390 4:
3313 5343 3388 5380 m
3415 5338 3741 5412 insequente

428 5409 475 5464 1.
507 5409 562 5463 2.
597 5409 650 5464 3.
671 5408 724 5463 4.
749 5409 1153 5480 insequentem
1185 5405 1287 5466 Ch.
1341 5415 1410 5452 ⁸³⁷
1429 5409 1912 5482 fatigatisjuvene
1929 5412 1984 5468 4.
2024 5419 2098 5456 m
2117 5412 2275 5470 deest.
2298 5413 2353 5468 4.
2397 5419 2470 5455 διο
2501 5413 2886 5484 Ignotumque
2918 5410 2970 5465 3.
2993 5409 3050 5464 4.
3090 5414 3163 5449 διο
3192 5413 3528 5466 excrescent
3551 5414 3662 5467 L2.
3683 5411 3731 5465 3.

491 5643 640 5717 (.396)
665 5642 1137 5717 Dantelhausen.
1969 5578 2198 5638 ΝΟΤᾸΈ·

485 5713 629 5782 (39η
666 5714 1014 5786 ιιοοᾶεθηεὶε,
1035 5731 1323 5774 successor
1345 5718 1630 5788 Wuonis,
1660 5719 1896 5778 natione
1925 5720 2161 5778 Noricus
2191 5721 2263 5778 de
2293 5719 2550 5789 Bavaria,
2577 5723 2641 5776 ut
2673 5715 2872 5775 scribit
2896 5713 3212 5778 Albericus.
3244 5720 3529 5780 nam.
