3902 6210
270 365 420 434 10⁸17

1142 362 1444 426 ANSELMI
1485 365 1702 426 GESTA
1741 362 2225 426 EPISCOPORUM
2263 363 2745 431 LEODIENSIUM.

3460 369 3596 431 1078

274 491 389 551 ille
420 489 658 550 evidens
686 489 955 549 omnibus
977 491 1365 564 spectaculum
1383 491 1560 560 dedit,
1590 506 1749 545 sacra
1774 491 1898 545 loca
1919 493 1975 553 Α
1997 494 2301 547 ternarum
2371 492 2516 565 stipe
2603 490 3055 549 elemosinarum
3133 491 3412 559 alebatur,
3489 507 3596 547 nec

275 600 407 639 non
445 581 699 638 revereri
730 584 1012 652 quantum
1043 579 1117 634 sit
1135 579 1390 650 periculi.

515 676 600 728 13.
633 671 716 725 De
744 687 801 724 eo
839 671 936 741 qui
969 670 1169 722 vomitu
1193 668 1403 737 furtum
1418 666 1676 738 prodidit.

360 763 528 833 Pleps
544 759 805 830 ejusdem
822 756 1158 830 parrochias,
1183 755 1327 810 sicut
1343 759 1400 809 et
1412 755 1728 811 vicinarum
1742 757 1893 812 circa

282 851 629 924 regionum,
665 848 855 903 solent
893 861 1271 918 quaecumque
1294 847 1529 916 possunt
1553 845 1697 899 alter
1725 845 1889 900 alteri

278 938 613 1009 subripere,
642 951 963 996 annonam,
1000 937 1215 988 vestem
1241 949 1341 987 seu
1366 932 1686 1004 quamlibet
1715 934 1888 988 aliam

275 1027 509 1099 subpell
519 1025 777 1092 ectilem;
806 1023 901 1077 ubi
923 1025 1123 1093 aperte
1135 1023 1452 1092 nequeunt,
1469 1021 1716 1075 latenter
1734 1021 1888 1077 invo-

273 1119 424 1183 lare,
453 1113 701 1186 pecudes
731 1110 838 1168 sibi
867 1109 1133 1181 abigere;
1159 1109 1230 1164 de
1250 1111 1459 1163 caetero
1493 1126 1598 1163 nec
1625 1109 1885 1164 bannum

275 1199 619 1267 sacerdotis,
672 1215 778 1254 nec
816 1202 1102 1254 terrorem
1144 1197 1386 1269 alicujus
1425 1199 1742 1268 potestatis,
1788 1200 1885 1272 qui

274 1287 570 1361 eiusmodi
585 1287 892 1343 sceleribus
904 1286 1296 1359 prohibendis,
1327 1303 1398 1341 ne
1413 1287 1602 1342 dicam
1618 1295 1686 1330 ³³1
1699 1304 1884 1355 rarus,

273 1378 465 1434 immo
479 1377 665 1432 nullus
683 1377 788 1443 est,
812 1374 1194 1430 reformidare
1211 1383 1301 1430 δι’.
1336 1375 1620 1430 Factiosus
1648 1376 1885 1448 quidam

272 1484 430 1522 unus
459 1465 530 1520 de
560 1463 769 1520 talibus
790 1478 1031 1535 porcum
1063 1462 1250 1518 vicino
1279 1464 1568 1519 sublatum
1602 1481 1730 1519 cum
1765 1465 1887 1520 aliis

273 1553 495 1610 similia
521 1568 716 1608 secum
743 1551 980 1606 actitare
1004 1550 1184 1606 solitis
1207 1555 1436 1606 coxerat
1456 1555 1513 1606 et
1529 1553 1881 1608 comederat.

273 1644 520 1700 Postera
549 1641 663 1707 die,
699 1657 824 1712 quas
854 1640 1157 1695 Dominica
1193 1641 1535 1708 habebatur,
1570 1642 1782 1712 populo
1813 1642 1886 1697 ad

271 1730 598 1788 ecclesiam
615 1730 1018 1795 concurrente,
1035 1727 1162 1795 iste,
1179 1728 1310 1784 licet
1320 1729 1454 1784 facti
1467 1729 1790 1800 conscius,p
1800 1746 1886 1784 ro-

1995 579 2228 634 aliunde
2251 581 2437 635 vivere
2470 585 2727 636 noverat.
2752 582 2913 636 Unde
2945 580 3253 652 contingit,
3280 598 3411 635 cum
3443 581 3594 635 inter

1992 666 2201 722 fratres
2264 685 2454 723 sermo
2523 669 2800 724 incideret
2866 671 2935 723 de
2997 669 3300 740 gyrovagis
3358 668 3592 740 quibus-

1993 754 2146 820 dam,
2179 756 2417 826 signain
2440 775 2562 812 sese
2588 767 2658 799 ⁸³⁸
2691 759 2842 811 facta
2869 757 3302 822 mentientibus,
3329 760 3391 811 ut
3418 756 3461 809 si
3486 755 3590 811 iste

1991 848 2212 898 erectus
2234 845 2403 911 foret,
2425 845 2545 900 sine
2577 846 2748 900 dubio
2778 847 2884 899 hoc
2903 845 3057 899 credi
3080 846 3290 900 debere
3312 862 3592 900 assevera-

1988 934 2168 997 retur,
2200 933 2412 1004 quippe
2458 933 2555 1004 qui
2592 949 2708 1004 prae
2741 933 2921 987 nimia
2951 933 3338 1004 simplicitate,
3373 934 3591 990 nedum

1986 1019 2204 1090 aliquid
2232 1020 2497 1092 fingeret,
2519 1023 2691 1092 longe
2721 1020 2878 1093 prius
2903 1021 3019 1075 falli
3042 1039 3217 1093 quam
3244 1022 3439 1076 fallere
3457 1038 3590 1093 pos-

1987 1109 2091 1162 set.
2117 1107 2327 1162 Taliter
2373 1108 2525 1179 apud
2561 1125 2663 1163 nos
2693 1110 3122 1180 septem‘paulo
3165 1111 3290 1181 plus
3332 1110 3588 1166 minusve

1986 1201 2352 1250 conversatus
2383 1197 2568 1263 annis,
2588 1197 2839 1268 quadam
2860 1197 2997 1264 vice,
3014 1198 3155 1252 sicut
3177 1203 3301 1252 erat
3315 1198 3513 1254 hilaris
3531 1201 3590 1254 et

1988 1284 2060 1338 ad
2093 1283 2416 1338 exhibenda
2441 1285 2576 1338 talia
2603 1284 2786 1355 agilis,
2806 1286 2905 1339 sed
2935 1290 3142 1340 cratera
3168 1287 3407 1342 omnino
3433 1289 3586 1342 clau-

1988 1371 2093 1426 dus
2115 1374 2172 1426 et
2193 1371 2416 1438 debilis,
2441 1373 2514 1426 ad
2545 1389 2809 1427 mensam
2838 1374 3111 1428 fratribus
3136 1392 3438 1430 occurrere
3475 1377 3587 1430 fes-

1988 1459 2197 1526 tinans,
2230 1461 2478 1532 criptam
2510 1461 2569 1514 in
2609 1479 2723 1534 qua
2757 1461 2936 1516 sancti
2969 1463 3219 1517 martiris
3249 1466 3333 1517 est
3357 1480 3587 1519 mauso-

1987 1549 2141 1603 leum
2172 1549 2362 1620 pergit
2392 1550 2683 1605 claudere.
2735 1551 2972 1606 Venitur
3035 1553 3108 1606 ad
3131 1552 3344 1607 sinistri
3397 1553 3590 1608 lateris

1985 1636 2237 1690 hostium
2269 1637 2357 1690 cui
2396 1639 2534 1692 dum
2567 1639 2805 1693 summis
2837 1640 3063 1694 innixus
3093 1641 3363 1707 articulis,
3398 1659 3590 1713 pessu-

1989 1725 2108 1778 lum
2149 1725 2364 1779 obdere
2400 1727 2684 1788 tenderet,
2732 1729 2908 1782 sensit
2948 1729 3225 1798 paulatim
3269 1746 3473 1784 nervos
3517 1739 3589 1772 διο

271 1821 408 1894 pius
432 1819 597 1875 altari
621 1818 1291 1891 cancellosinpudenter,
1309 1819 1462 1873 unde
1482 1819 1742 1873 omnium
1758 1836 1887 1874 ocu-
1914 1817 1961 1874 Β
1986 1812 2184 1879 laxari.
2243 1813 2424 1883 lybias
2457 1830 2491 1866 ἃ
2531 1815 2683 1869 Coxis
2732 1816 2832 1886 disj
2847 1817 3004 1887 ungi,
3051 1819 3195 1872 adeo
3233 1822 3292 1872 ut
3321 1835 3436 1872 non
3460 1818 3588 1888 jam

271 1910 347 1965 lis
373 1907 679 1979 contiguus
708 1910 875 1973 esset,
919 1907 1121 1963 astitit.
1154 1907 1534 1963 Proclamatio
1566 1908 1638 1962 ad
1664 1907 1883 1979 presbi-

276 2003 472 2054 terum
509 1997 580 2052 de
605 1997 811 2051 sublati
830 1995 988 2068 porci
1019 1996 1274 2069 dampno
1308 1997 1632 2068 perfertur;
1660 1997 1886 2051 statim-

273 2103 394 2158 que
426 2086 497 2140 ab
527 2102 617 2151 eo,
639 2085 683 2139 si
712 2085 836 2157 quis
861 2085 983 2155 ejus
1021 2085 1100 2138 rei
1135 2085 1194 2138 in
1215 2086 1364 2139 facto
1394 2101 1491 2139 seu
1529 2085 1886 2140 conscientia

271 2192 410 2231 reus
433 2174 526 2242 sit,
558 2174 852 2229 bannitur.
881 2173 1287 2229 Dissimulante
1319 2173 1413 2228 illo
1445 2173 1707 2228 videlicet
1733 2191 1884 2246 prae-

275 2262 434 2319 done
464 2265 520 2318 et
553 2261 676 2317 aliis
706 2261 840 2316 facti
866 2261 1128 2329 consciis,
1155 2263 1482 2316 conclamat
1513 2263 1672 2334 pleps
1698 2262 1886 2317 omnis

274 2368 412 2407 cum
445 2351 766 2418 sacerdote,
794 2367 965 2406 orans
993 2353 1056 2405 ut
1085 2350 1503 2421 omnipotentis
1527 2351 1628 2405 Dei
1661 2351 1884 2406 miseri-
1933 2375 1936 2377 *

273 2439 474 2496 cordia
486 2443 725 2512 propter
741 2442 1086 2512 prasentem
1099 2443 1428 2494 sanctorum
1446 2439 1790 2494 memoriam
1804 2443 1885 2494 ta-

273 2530 418 2585 lium
439 2529 781 2601 praedonum
806 2528 902 2582 diu
921 2544 1037 2582 non
1065 2527 1277 2582 sineret
1298 2528 1564 2582 homines
1585 2528 1762 2582 latere
1781 2545 1880 2583 ne-

273 2617 645 2690 quitiam.Vix
663 2616 800 2670 dum
820 2617 942 2671 haec
956 2615 1127 2670 verba
1139 2617 1588 2688 compleverant,
1605 2633 1737 2671 cum
1751 2633 1880 2672 ecce

271 2706 472 2780 praedo
504 2706 598 2760 ille
628 2704 969 2760 temerarius
993 2706 1319 2775 abjuratam
1352 2721 1482 2759 cum
1511 2706 1758 2760 obsceno
1781 2722 1878 2759 vo-

274 2795 419 2850 mitu
445 2795 601 2865 cepit
632 2794 888 2865 praedam
913 2793 1149 2848 reicere.
1187 2795 1443 2864 Namque
1475 2794 1669 2848 ferunt
1693 2794 1790 2866 qui
1807 2802 1878 2837 8⁸³

272 2883 486 2950 videre,
525 2884 708 2937 multa
735 2882 915 2936 suillae
946 2881 1134 2936 carnis
1157 2882 1338 2936 frusta
1365 2898 1494 2934 cum
1520 2885 1684 2952 parte
1718 2882 1878 2953 pedis

272 2989 423 3044 quat,
445 2971 631 3044 pridie
660 2973 1019 3042 consumpta,
1038 2970 1162 3041 jam
1190 2969 1408 3041 digesta
1432 2986 1552 3024 esse
1584 2973 1874 3042 poterant,

271 3076 372 3115 ore
407 3061 532 3130 ejus
564 3060 823 3118 efﬂuere.
839 3058 1080 3130 Turpius
1098 3058 1313 3113 factum
1346 3058 1496 3130 turpi
1531 3059 1876 3129 prodentem
1902 3074 1949 3133 α

273 3164 490 3204 nausea
521 3149 814 3218 expellunt
843 3147 914 3201 ab
936 3146 1210 3213 azcclesia,
1243 3163 1349 3202 nec
1386 3146 1667 3201 absistunt
1694 3146 1876 3203 donec

272 3235 594 3291 evidentius
605 3236 818 3290 fatetur
830 3235 1206 3306 ubi,quando,
1227 3234 1586 3306 quicumeun
1596 3234 1728 3288 dem
1745 3251 1874 3306 por-

271 3341 403 3379 cum
420 3324 683 3395 abegerit
711 3333 801 3378 εει.
837 3326 946 3378 Pro
972 3323 1303 3394 hujusmodi
1330 3323 1620 3377 miraculis
1642 3323 1874 3379 Domini

270 3430 388 3469 non
402 3430 580 3486 parva
597 3415 784 3469 eidem
804 3415 928 3469 loco
946 3417 1204 3468 servatur
1221 3411 1562 3479 reverentia,
1583 3411 1873 3485 nichilque

271 3502 568 3569 indecens,
585 3502 740 3575 quod
751 3502 997 3557 inultum
1011 3500 1102 3569 sit,
1119 3503 1270 3556 circa
1283 3501 1533 3556 eandem
1556 3501 1871 3556 mcclesiam

269 3591 382 3646 sive
414 3590 627 3646 atrium
646 3591 693 3662 ej
704 3607 768 3645 us
787 3591 1028 3646 credunt
1051 3607 1215 3662 posse
1236 3589 1574 3660 contingere
1601 3598 1690 3644 ³³⁸.
1710 3590 1871 3646 Idem

267 3678 555 3750 presbiter
606 3679 802 3734 ovibus
844 3678 1177 3750 ceterisque
1207 3677 1518 3750 pecudibus
1560 3678 1674 3733 suis
1715 3678 1869 3734 idem

269 3767 482 3823 atrium
516 3771 756 3838 propter
783 3768 1054 3822 timorem
1085 3767 1403 3822 vicinorum
1433 3767 1640 3840 praedis
1669 3768 1872 3824 inhan-

267 3855 440 3923 tium,
475 3856 549 3911 ad
578 3872 786 3927 pascua
818 3855 1075 3928 pervium
1113 3856 1347 3923 fecerat,
1373 3856 1473 3911 sed
1507 3873 1709 3912 eorum
1744 3857 1872 3913 ani-

269 3944 514 4000 malium
527 3943 762 4016 aliquod
782 3944 878 3998 diu
900 3943 1088 3998 vivere
1109 3960 1295 4015 posse,
1316 3947 1552 4016 propter
1577 3947 1731 4017 quod
1747 3947 1870 4001 cal-

265 4025 385 4079 lem
418 4023 684 4080 illicitum
716 4025 902 4096 sepius
919 4041 1022 4096 per
1038 4024 1248 4078 atrium
1270 4023 1573 4092 trivissent,
1600 4027 1867 4098 negabat.

538 4116 620 4168 14.
662 4112 744 4167 De
794 4119 1064 4167 contracto
1105 4109 1391 4181 mutii/este
1432 4120 1619 4170 erecto.

341 4203 536 4258 Liceat
570 4208 641 4243 ⁸³⁸
671 4202 856 4257 adhuc
887 4201 961 4256 ad
999 4201 1231 4256 laudem
1271 4205 1329 4257 et
1367 4201 1609 4272 gloriam
1639 4203 1870 4259 Domini

265 4290 641 4364 martirisque
684 4290 806 4360 ejus
858 4289 1102 4361 preciosi
1152 4306 1332 4344 unum
1362 4307 1660 4357 enarrare,
1713 4292 1872 4362 cujus

1987 1901 2361 1956 articulorum
2403 1902 2778 1958 amminiculo
2824 1905 3064 1976 subrigi,
3108 1907 3207 1960 sed
3240 1906 3282 1960 si
3318 1916 3384 1948 θιι
3419 1924 3478 1961 se
3509 1907 3590 1962 ita

1987 2005 2153 2058 posse
2177 1991 2460 2057 crederet,
2492 1994 2642 2045 totus
2682 1991 2741 2045 in
2788 1992 3070 2046 directum
3119 1995 3192 2048 ad
3235 1995 3343 2048 hoc
3375 1997 3590 2048 valeret

1986 2094 2303 2148 assurgere.
2336 2079 2568 2134 Miratur
2587 2095 2652 2132 ac
2683 2083 2873 2150 stupet
2894 2079 3233 2151 simplicitas
3257 2082 3587 2136 adolescen-

1987 2165 2089 2219 tuli
2115 2183 2322 2220 novam
2357 2167 2415 2221 in
2446 2184 2505 2222 se
2538 2171 2690 2222 recte
2731 2167 3037 2222 incedendi
3083 2170 3431 2240 potentiam,
3483 2187 3589 2224 nec

1989 2253 2141 2307 unde
2165 2253 2269 2308 sibi
2288 2256 2394 2308 hoc
2408 2255 2715 2326 contigerit
2734 2265 2804 2296 842
2820 2256 3143 2326 intelligere
3166 2261 3378 2324 valens,
3397 2259 3586 2313 nescio

1987 2339 2197 2396 timore
2225 2360 2297 2396 an
2327 2344 2569 2413 pudore,
2591 2361 2714 2398 rem
2745 2345 3186 2416 nullipublicat;
3218 2346 3260 2400 it
3290 2355 3360 2388 8η
3393 2347 3588 2419 itaque

1986 2428 2272 2484 incassum
2308 2432 2568 2486 scabellis
2613 2433 2969 2504 aliquandiu,
3012 2435 3195 2488 multo
3227 2452 3380 2489 nunc
3410 2452 3586 2507 quam

1985 2522 2117 2572 ante
2150 2536 2280 2574 vere
2307 2520 2510 2575 debilis
2533 2521 2911 2592 inpotentior.
2939 2524 3010 2575 At
3037 2531 3105 2563 ιιι
3129 2523 3362 2578 tandem
3380 2541 3444 2578 ex
3468 2541 3589 2578 ma-

1982 2606 2284 2662 triculariis
2306 2610 2620 2680 quemdam
2653 2611 2726 2664 ad
2751 2627 2808 2664 se
2828 2615 3048 2666 secreto
3067 2612 3372 2679 advocans,
3397 2613 3586 2668 eidem

1983 2696 2120 2766 quid
2171 2697 2426 2752 donante
2467 2699 2581 2752 Deo
2639 2703 2832 2770 posset
2877 2699 3150 2755 ostendit.
3201 2701 3297 2754 llle
3329 2700 3586 2772 primum

1981 2799 2099 2854 prae
2133 2801 2343 2855 pavore
2370 2787 2451 2841 rei
2488 2787 2774 2842 inusitatae
2809 2789 3057 2860 fugiens,
3094 2790 3193 2844 sed
3229 2789 3470 2844 subinde
3502 2807 3587 2843 re-

1980 2874 2223 2946 sumptis
2252 2875 2464 2929 viribus
2487 2877 2729 2934 rediens.
2769 2882 2998 2948 tempus
3031 2883 3089 2933 et
3115 2879 3384 2934 ordinem
3415 2896 3582 2934 cura-

1978 2960 2151 3014 tionis
2179 2962 2492 3033 inquisivit,
2526 2964 2622 3018 illo
2655 2965 2942 3035 simpliter
2980 2971 3255 3021 narrante
3285 2967 3581 3039 cognovit,

1980 3048 2145 3103 nobis
2177 3051 2450 3118 narravit,
2486 3056 2543 3106 et
2573 3069 2639 3106 ex
2663 3053 2758 3107 illo
2795 3055 3056 3109 scabellis
3087 3055 3143 3109 ia
3174 3055 3395 3109 virtutis
3426 3055 3582 3109 testi-

1978 3135 2176 3190 monio
2209 3143 2343 3192 ante
2376 3139 2631 3194 martiris
2663 3142 2947 3196 tumulum
2991 3143 3298 3211 derelictis,
3329 3144 3584 3198 novellos

1977 3223 2180 3277 baculo
2215 3229 2572 3280 sustentante
2605 3227 2802 3283 didicit
2830 3247 3032 3301 regere
3056 3248 3300 3302 gressus.
3338 3232 3581 3286 Contra-

1977 3315 2131 3365 ctum
2181 3313 2336 3383 prius
2377 3317 2435 3367 et
2479 3320 2608 3386 post
2653 3321 2909 3372 erectum
2957 3319 3224 3387 vidimus,
3275 3321 3582 3394 aliquantis

1976 3414 2108 3452 cum
2132 3405 2333 3472 postea
2353 3403 2522 3457 annis
2551 3404 2749 3459 vixisse
2772 3406 3039 3472 vidimus,
3063 3409 3310 3464 scabella
3328 3409 3386 3464 in
3421 3409 3582 3464 testi-

1975 3487 2240 3543 monium
2274 3489 2846 3547 virtutisretinemus.
2875 3494 3003 3548 [lese
3021 3494 3147 3550 ideo
3177 3512 3292 3550 non
3312 3497 3577 3565 dicimus,

1975 3579 2036 3630 ut
2065 3577 2380 3633 cottidiana
2411 3579 2510 3634 Dei
2541 3579 2599 3632 in
2613 3595 2711 3634 eos
2737 3581 2810 3635 ob
2823 3583 3271 3637 sanctimartiris
3302 3583 3577 3639 meritum

1973 3665 2254 3720 beneficia
2283 3671 2597 3722 extenuare
2628 3668 2890 3737 velimus,
2906 3687 3033 3742 qua:
3067 3674 3150 3726 tot
3172 3688 3235 3725 ac
3266 3674 3424 3725 tanta
3446 3677 3578 3726 sunt

1973 3758 2034 3810 ut
2072 3756 2359 3810 humanus
2389 3773 2458 3810 ea
2481 3756 2569 3811 vix
2593 3758 3088 3830 comprehendere
3110 3761 3296 3815 valeat
3325 3759 3574 3828 animus,

1971 3846 2070 3901 sed
2104 3849 2166 3900 ut
2195 3846 2280 3901 his
2312 3845 2407 3919 qui
2432 3863 2580 3901 nova
2609 3849 2667 3901 et
2692 3846 2968 3903 inusitata
3000 3848 3197 3903 mirari
3231 3866 3574 3905 consuevere

1972 3934 2109 3989 satis
2139 3935 2478 4001 faceremus,
2503 3938 2559 3989 et
2585 3937 2646 3990 ut
2674 3952 2822 3990 nova
2846 3938 3227 3993 memorando
3261 3939 3332 3993 ad
3356 3938 3578 4010 disque-

1971 4024 2156 4079 reuda
2189 4023 2503 4080 cottidiana
2545 4025 2942 4080 studiosorum
2991 4026 3317 4083 sollicitudo
3371 4027 3577 4082 excita.

1972 4117 2148 4168 retur.

2224 4206 2307 4256 15.
2353 4200 2544 4259 Oratio
2581 4203 2655 4260 ad
2687 4211 2932 4260 sanctum
2963 4203 3325 4261 Lambertum.

2042 4289 2169 4342 Jam
2219 4290 2293 4344 ad
2337 4293 2392 4344 te
2434 4295 2631 4348 noster
2689 4297 2947 4349 vertatur
2991 4302 3060 4335 ⁸η
3109 4312 3324 4363 sermo,
3374 4296 3581 4351 martir

264 4384 471 4437 nostra
511 4377 800 4434 memoria
841 4377 986 4450 gesti
1022 4377 1078 4432 in
1133 4377 1405 4450 praesenti
1457 4378 1732 4446 (ecclesia,
1773 4378 1871 4434 ubi
1895 4382 1946 4441 D
1975 4376 2184 4432 Christi
2212 4377 2430 4446 inclite,
2464 4382 2820 4437 servulorum
2851 4399 3048 4454 preces
3070 4399 3142 4437 ne
3167 4384 3480 4438 adverseris
3510 4393 3581 4426 δια

259 4467 668 4525 venerandum
696 4467 818 4538 ejus
856 4465 1162 4538 requiescit
1198 4482 1425 4538 corpus,
1462 4469 1550 4522 tot
1595 4483 1716 4522 esse
1742 4483 1874 4538 pos-

261 4561 398 4612 sunt
426 4558 623 4622 testes,
653 4558 793 4627 quot
817 4555 915 4627 qui
953 4557 1061 4610 hoc
1091 4555 1248 4609 idem
1278 4554 1472 4610 videre
1491 4558 1623 4610 sunt
1655 4573 1874 4627 supers-

258 4646 414 4702 tites.
462 4644 936 4699 Adolescentulus
987 4643 1222 4716 quidam
1281 4661 1314 4698 a
1355 4643 1558 4716 primis
1605 4645 1873 4716 puericiae

260 4733 435 4790 annis
456 4733 692 4788 claudus
721 4740 790 4774 ³³⁷
823 4732 1140 4788 (ecclesiam
1187 4735 1245 4786 et
1274 4747 1640 4804 quocumque
1673 4749 1875 4804 proce-

259 4823 532 4879 deremus
561 4838 694 4876 cum
716 4821 977 4877 scabellis
1009 4823 1342 4894 perreptare
1375 4828 1465 4888 ⁸³⁸,
1499 4823 1555 4875 et
1586 4821 1872 4876 continuis

258 4916 486 4984 septem
526 4909 694 4966 annis
720 4927 858 4982 erga
889 4911 1054 4982 signa
1086 4909 1385 4982 pulsanda,
1415 4909 1602 4965 hostia
1625 4911 1872 4967 seranda

257 5003 317 5055 et
354 4999 690 5069 reseranda,
716 4999 950 5054 sedulus
977 5015 1096 5054 esse
1119 4999 1339 5054 solebat
1362 5015 1375 5066 ;
1403 4998 1638 5053 cottidie
1671 5015 1739 5053 ex
1759 4999 1871 5054 fra-

1977 4465 2234 4521 obsecro.
2267 4465 2348 4519 Tu
2374 4467 2537 4521 fonte
2568 4470 2898 4540 evangelico
2923 4471 3213 4542 majorum
3245 4471 3438 4543 rigans
3472 4489 3582 4544 pe-

1974 4557 2155 4621 ctora,
2197 4557 2415 4609 terram
2447 4555 2616 4610 simul
2639 4558 2901 4628 precioso
2925 4559 3173 4630 irrigasti
3199 4561 3480 4632 sanguine
3511 4570 3580 4603 ειτ

1976 4641 2222 4714 Spiritus
2250 4644 2456 4698 caelum
2489 4645 2761 4716 possidet,
2807 4651 2961 4701 terra
2989 4653 3177 4703 servat
3203 4650 3441 4717 cineres,
3479 4666 3585 4704 nos

1977 4733 2216 4788 eosdem
2253 4750 2618 4801 veneramur,
2650 4735 2746 4807 qui
2797 4738 2952 4790 terra
2993 4741 3050 4791 et
3077 4739 3221 4793 cinis
3250 4757 3462 4806 sumus,
3523 4747 3585 4795 ut

1979 4825 2214 4894 peccata
2260 4823 2614 4878 servulorum
2667 4840 2794 4895 quae.
2853 4831 2924 4865 διε
2971 4830 3587 4896 exsuperantharenas

1977 4926 2225 4966 numero
2278 4915 2334 4966 et
2375 4913 2633 4984 pondere
2677 4920 2770 4976 3‘8,
2823 4915 2920 4966 tuo
2954 4919 3192 4985 precatu
3239 4916 3446 4972 deleas.
3482 4919 3590 4973 Per

1973 5003 2140 5055 tuum
2171 5009 2249 5045 διο
2282 5019 2395 5075 quo
2419 5002 2569 5057 hanc
2589 4999 2905 5057 (ecclesiam
2919 5001 3196 5074 fundasti,
3219 5008 3433 5076 pastor,
3458 5024 3587 5062 san-

1605 5133 1838 5189 VARIIE
1874 5134 2272 5193 LECTIONES.

323 5264 396 5330 ἐξ
425 5272 501 5312 ne
547 5255 739 5311 dicam
783 5255 967 5330 des-unt
1015 5258 1075 5330 4.
1127 5262 1216 5330 ἐν
1245 5254 1515 5330 hucusque
1551 5252 1740 5330 desypt
1770 5255 1948 5330 omnia
1997 5272 2084 5324 ap.
2124 5254 2233 5330 Ch.
2270 5263 2382 5330 f8!
2433 5255 2584 5326 quod
2619 5257 2675 5310 4.
2743 5261 2828 5330 fu
2861 5255 3068 5330 abierit
3101 5260 3147 5310 1.
3227 5261 3597 5330 ιιινεεᾳυεηγιία

255 5325 623 5382 desiderantur
648 5344 732 5397 ap.
772 5326 874 5382 Ch.
952 5333 1022 5369 ⁸⁸⁸
1055 5325 1277 5380 initium
1302 5323 1440 5378 deest
1470 5341 1559 5398 ap.
1615 5323 1716 5382 Ch.
1751 5327 1954 5398 reliqua
1983 5323 2198 5398 omnino
2247 5323 2534 5398 diﬂ‘eruht.
2602 5335 2672 5369 ⁸³⁷
2722 5325 2864 5381 deest
2905 5331 2957 5384 3.
3011 5329 3066 5382 4.
3143 5334 3223 5373 ⁸³⁸
3267 5329 3362 5386 sic.
3386 5323 3450 5382 ’4
3491 5329 3594 5385 Ch.

261 5402 653 5471 pertemptare
678 5396 735 5451 ⁷1.
779 5401 832 5454 2.
860 5401 909 5471 3.
988 5404 1060 5440 m
1091 5413 1155 5450 se
1185 5399 1241 5450 4.
1355 5404 1426 5471 °_‘0
1451 5396 1609 5451 deest.
1644 5401 1696 5453 3.
1729 5398 1782 5452 4.

259 5541 503 5609 afﬁrmat
530 5539 633 5596 Ch.
712 5547 782 5581 δια
814 5538 1131 5594 adversaria
1165 5544 1214 5594 1.
1292 5545 1361 5580 847
1393 5554 1436 5594 s.
1470 5536 1506 5594 i.
1536 5538 1588 5592 4.

259 5611 314 5668 Β.
352 5616 479 5669 Ι.2.

261 5402 653 5471 pertemptare
690 5401 735 5451 1.
779 5401 832 5454 2.
860 5401 909 5454 3.
988 5404 1060 5440 m
1091 5413 1155 5450 se
1185 5399 1241 5450 4.
1355 5404 1426 5436 διο
1451 5397 1609 5451 deest.
1644 5401 1696 5453 3.
1729 5398 1782 5452 4.
1855 5397 1867 5398 ί
1896 5405 1964 5440 8H
1994 5397 2091 5452 sic.
2121 5397 2173 5452 4.
2287 5397 2358 5440 δι’
2385 5397 2712 5468 contigeret
2746 5401 2792 5452 1.
2819 5401 2872 5452 2.
2986 5407 3056 5440 διε
3085 5416 3119 5453 s:

259 5477 324 5510 ⁸η
349 5487 413 5524 ac
443 5472 496 5524 4.
550 5476 648 5540 κω
674 5471 747 5522 sic
775 5471 829 5522 4.
865 5470 904 5540 Β
959 5473 1006 5522 1.
1053 5471 1106 5540 2.
1148 5469 1455 5523 veneratur
1473 5471 1632 5540 _l._2.
1677 5472 1728 5524 3.
1771 5471 1947 5540 capita
1997 5472 2202 5524 15-18
2246 5469 2544 5540 deﬁciente,
2575 5469 2693 5524 cod.
2729 5469 2769 5522 C
2798 5486 2862 5523 ex
2892 5471 2931 5524 Β
2977 5474 3024 5526 1.
3067 5474 3119 5526 2.

1666 5546 1735 5580 N8
1767 5539 1893 5611 qua:
1923 5569 1994 5585 —
2022 5541 2279 5612 pondere
2311 5541 2498 5595 desunt
2531 5539 2590 5595 Β.
2627 5545 2676 5597 1.
2704 5544 2755 5600 2.

2287 5396 2358 5484 si:
2385 5396 2792 5484 contigeret
2819 5401 2872 5452 2.
2892 5471 2930 5484 ἢ
2983 5400 3160 5484 ξιηξίσ
3191 5401 3244 5456 4.
3279 5402 3342 5453 ut
3373 5401 3519 5484 1.02..
3545 5405 3596 5457 3.

3231 5489 3284 5527 se
3313 5479 3594 5526 restituisse

2840 5549 2911 5586 ω
2938 5545 3012 5598 sic
3040 5544 3090 5601 4.
3124 5547 3179 5603 te
3222 5549 3268 5600 1.
3297 5548 3349 5599 2.
3377 5548 3428 5602 3.
3462 5559 3598 5599 eum
